  <div class='ocr_page' id='page_1' title='image "/cluster/home/n/w/nwhite01/storage/ocr_20150623/63/hvd.32044013655725/396.png"; bbox 0 0 4064 6516; ppageno 0'>
   <div class='ocr_carea' id='block_1_1' title="bbox 238 349 340 403">
    <p class='ocr_par' dir='ltr' id='par_1_1' title="bbox 238 349 340 403">
     <span class='ocr_line' id='line_1_1' title="bbox 238 349 340 403; baseline 0 0"><span class='ocrx_word' id='word_1_1' title='bbox 238 349 340 403; x_wconf 66' lang='grc'>899</span> 
     </span>
    </p>
   </div>
   <div class='ocr_carea' id='block_1_2' title="bbox 232 471 1903 553">
    <p class='ocr_par' dir='ltr' id='par_1_2' title="bbox 232 471 1903 553">
     <span class='ocr_line' id='line_1_2' title="bbox 232 471 1903 553; baseline 0.008 -29"><span class='ocrx_word' id='word_1_2' title='bbox 232 475 322 523; x_wconf 79' lang='grc' dir='ltr'>καὶ</span> <span class='ocrx_word' id='word_1_3' title='bbox 360 471 463 526; x_wconf 90' lang='grc' dir='ltr'>οὐκ</span> <span class='ocrx_word' id='word_1_4' title='bbox 500 471 681 529; x_wconf 74' lang='grc' dir='ltr'>ιῶσαν</span> <span class='ocrx_word' id='word_1_5' title='bbox 706 473 816 529; x_wconf 86' lang='grc' dir='ltr'>τῶν</span> <span class='ocrx_word' id='word_1_6' title='bbox 848 476 1167 547; x_wconf 78' lang='grc' dir='ltr'>πειρασμῶν</span> <span class='ocrx_word' id='word_1_7' title='bbox 1200 477 1263 531; x_wconf 82' lang='grc' dir='ltr'>τὸ</span> <span class='ocrx_word' id='word_1_8' title='bbox 1291 479 1493 549; x_wconf 82' lang='grc' dir='ltr'>πλῆθος</span> <span class='ocrx_word' id='word_1_9' title='bbox 1524 483 1903 553; x_wconf 78' lang='grc' dir='ltr'>περιγενέσθαι</span> 
     </span>
    </p>
   </div>
   <div class='ocr_carea' id='block_1_3' title="bbox 230 558 1903 633">
    <p class='ocr_par' dir='ltr' id='par_1_3' title="bbox 230 558 1903 633">
     <span class='ocr_line' id='line_1_3' title="bbox 230 558 1903 633; baseline 0.008 -23"><span class='ocrx_word' id='word_1_10' title='bbox 230 558 336 611; x_wconf 86' lang='grc' dir='ltr'>τῶν</span> <span class='ocrx_word' id='word_1_11' title='bbox 365 561 765 631; x_wconf 79' lang='grc' dir='ltr'>κηρυττόντων,</span> <span class='ocrx_word' id='word_1_12' title='bbox 790 565 884 616; x_wconf 80' lang='grc' dir='ltr'>καὶ</span> <span class='ocrx_word' id='word_1_13' title='bbox 912 564 1085 617; x_wconf 87' lang='grc' dir='ltr'>ταῦτα</span> <span class='ocrx_word' id='word_1_14' title='bbox 1105 565 1301 633; x_wconf 79' lang='grc' dir='ltr'><strong>ὀλίγων</strong></span> <span class='ocrx_word' id='word_1_15' title='bbox 1323 566 1511 629; x_wconf 75' lang='grc' dir='ltr'>ὄντων,</span> <span class='ocrx_word' id='word_1_16' title='bbox 1527 568 1617 621; x_wconf 91' lang='grc' dir='ltr'>διά</span> <span class='ocrx_word' id='word_1_17' title='bbox 1633 569 1903 623; x_wconf 78' lang='grc' dir='ltr'>τοσούτων</span> 
     </span>
    </p>
   </div>
   <div class='ocr_carea' id='block_1_4' title="bbox 232 644 1903 726">
    <p class='ocr_par' dir='ltr' id='par_1_4' title="bbox 232 644 1903 726">
     <span class='ocr_line' id='line_1_4' title="bbox 232 644 1903 726; baseline 0.01 -31"><span class='ocrx_word' id='word_1_18' title='bbox 232 644 499 715; x_wconf 85' lang='grc' dir='ltr'>κρατῆσαι</span> <span class='ocrx_word' id='word_1_19' title='bbox 541 646 901 717; x_wconf 87' lang='grc' dir='ltr'>κωλυμάτων.</span> <span class='ocrx_word' id='word_1_20' title='bbox 924 650 993 702; x_wconf 68' lang='lat' dir='ltr'>Et</span> <span class='ocrx_word' id='word_1_21' title='bbox 1012 668 1095 713; x_wconf 92' lang='grc' dir='ltr'>τις</span> <span class='ocrx_word' id='word_1_22' title='bbox 1128 647 1220 704; x_wconf 80' lang='grc' dir='ltr'>οὖν</span> <span class='ocrx_word' id='word_1_23' title='bbox 1249 651 1488 721; x_wconf 82' lang='grc' dir='ltr'>βούλοιτο</span> <span class='ocrx_word' id='word_1_24' title='bbox 1520 657 1665 726; x_wconf 89' lang='grc' dir='ltr'>σαφῆ</span> <span class='ocrx_word' id='word_1_25' title='bbox 1695 656 1903 726; x_wconf 87' lang='grc' dir='ltr'>λαμϐά-</span> 
     </span>
    </p>
   </div>
   <div class='ocr_carea' id='block_1_5' title="bbox 230 730 1905 813">
    <p class='ocr_par' dir='ltr' id='par_1_5' title="bbox 230 730 1905 813">
     <span class='ocr_line' id='line_1_5' title="bbox 230 730 1905 813; baseline 0.009 -33"><span class='ocrx_word' id='word_1_26' title='bbox 230 746 338 781; x_wconf 90' lang='grc' dir='ltr'>νειν</span> <span class='ocrx_word' id='word_1_27' title='bbox 366 730 646 797; x_wconf 78' lang='grc' dir='ltr'>ἀπόδειξιν</span> <span class='ocrx_word' id='word_1_28' title='bbox 672 734 765 787; x_wconf 82' lang='grc' dir='ltr'>τοῦ</span> <span class='ocrx_word' id='word_1_29' title='bbox 796 734 946 789; x_wconf 81' lang='grc' dir='ltr'>Θείαν</span> <span class='ocrx_word' id='word_1_30' title='bbox 968 732 1107 789; x_wconf 79' lang='grc' dir='ltr'>εἶναι</span> <span class='ocrx_word' id='word_1_31' title='bbox 1138 736 1366 809; x_wconf 89' lang='grc' dir='ltr'>δύναμιν</span> <span class='ocrx_word' id='word_1_32' title='bbox 1394 739 1491 812; x_wconf 79' lang='grc' dir='ltr'>τὴν</span> <span class='ocrx_word' id='word_1_33' title='bbox 1517 741 1648 811; x_wconf 86' lang='grc' dir='ltr'>ήμῖν</span> <span class='ocrx_word' id='word_1_34' title='bbox 1678 742 1905 813; x_wconf 84' lang='grc' dir='ltr'>ἐνηχοῦ-</span> 
     </span>
    </p>
   </div>
   <div class='ocr_carea' id='block_1_6' title="bbox 234 824 1905 899">
    <p class='ocr_par' dir='ltr' id='par_1_6' title="bbox 234 824 1905 899">
     <span class='ocr_line' id='line_1_6' title="bbox 234 824 1905 899; baseline 0.007 -25"><span class='ocrx_word' id='word_1_35' title='bbox 234 838 347 883; x_wconf 88' lang='grc' dir='ltr'>σαν,</span> <span class='ocrx_word' id='word_1_36' title='bbox 376 824 507 887; x_wconf 79' lang='grc' dir='ltr'>τοὺς</span> <span class='ocrx_word' id='word_1_37' title='bbox 548 827 891 897; x_wconf 81' lang='grc' dir='ltr'>πειρασμοὺς</span> <span class='ocrx_word' id='word_1_38' title='bbox 932 826 1280 898; x_wconf 87' lang='grc' dir='ltr'>λαμϐανέτω,</span> <span class='ocrx_word' id='word_1_39' title='bbox 1310 830 1435 893; x_wconf 84' lang='grc' dir='ltr'>τοὺς</span> <span class='ocrx_word' id='word_1_40' title='bbox 1478 830 1774 896; x_wconf 78' lang='grc' dir='ltr'><strong>κινδύνους,</strong></span> <span class='ocrx_word' id='word_1_41' title='bbox 1806 834 1905 899; x_wconf 70' lang='grc' dir='ltr'>τὰς</span> 
     </span>
    </p>
   </div>
   <div class='ocr_carea' id='block_1_7' title="bbox 233 908 1906 989">
    <p class='ocr_par' dir='ltr' id='par_1_7' title="bbox 233 908 1906 989">
     <span class='ocr_line' id='line_1_7' title="bbox 233 908 1906 989; baseline 0.008 -30"><span class='ocrx_word' id='word_1_42' title='bbox 233 908 463 973; x_wconf 80' lang='grc' dir='ltr'>ἁλύσεις,</span> <span class='ocrx_word' id='word_1_43' title='bbox 498 910 567 962; x_wconf 82' lang='grc' dir='ltr'>τὰ</span> <span class='ocrx_word' id='word_1_44' title='bbox 590 910 959 983; x_wconf 78' lang='grc' dir='ltr'>δεσμωτήρια.</span> <span class='ocrx_word' id='word_1_45' title='bbox 987 914 1061 967; x_wconf 87' lang='grc' dir='ltr'>Οὐ</span> <span class='ocrx_word' id='word_1_46' title='bbox 1099 914 1208 985; x_wconf 83' lang='grc' dir='ltr'>γὰρ</span> <span class='ocrx_word' id='word_1_47' title='bbox 1246 916 1396 968; x_wconf 77' lang='grc' dir='ltr'>ἐστὶν</span> <span class='ocrx_word' id='word_1_48' title='bbox 1428 917 1772 989; x_wconf 78' lang='grc' dir='ltr'>ἀνθρωπίνης</span> <span class='ocrx_word' id='word_1_49' title='bbox 1815 920 1906 973; x_wconf 84' lang='grc' dir='ltr'>δυ-</span> 
     </span>
    </p>
   </div>
   <div class='ocr_carea' id='block_1_8' title="bbox 231 995 1907 1073">
    <p class='ocr_par' dir='ltr' id='par_1_8' title="bbox 231 995 1907 1073">
     <span class='ocr_line' id='line_1_8' title="bbox 231 995 1907 1073; baseline 0.005 -23"><span class='ocrx_word' id='word_1_50' title='bbox 231 996 444 1064; x_wconf 76' lang='grc' dir='ltr'>νάμεως</span> <span class='ocrx_word' id='word_1_51' title='bbox 473 995 567 1049; x_wconf 84' lang='grc' dir='ltr'>διά</span> <span class='ocrx_word' id='word_1_52' title='bbox 603 997 873 1051; x_wconf 82' lang='grc' dir='ltr'>τοσούτων</span> <span class='ocrx_word' id='word_1_53' title='bbox 898 997 1169 1071; x_wconf 77' lang='grc' dir='ltr'>κρατῆσαι</span> <span class='ocrx_word' id='word_1_54' title='bbox 1200 1002 1482 1073; x_wconf 82' lang='grc' dir='ltr'><strong>κρημνῶν,</strong></span> <span class='ocrx_word' id='word_1_55' title='bbox 1522 1003 1609 1056; x_wconf 84' lang='grc' dir='ltr'>διά</span> <span class='ocrx_word' id='word_1_56' title='bbox 1638 1006 1907 1059; x_wconf 81' lang='grc' dir='ltr'>τοσούτων</span> 
     </span>
    </p>
   </div>
   <div class='ocr_carea' id='block_1_9' title="bbox 236 1082 1906 1160">
    <p class='ocr_par' dir='ltr' id='par_1_9' title="bbox 236 1082 1906 1160">
     <span class='ocr_line' id='line_1_9' title="bbox 236 1082 1906 1160; baseline 0.008 -27"><span class='ocrx_word' id='word_1_57' title='bbox 236 1082 457 1135; x_wconf 78' lang='grc' dir='ltr'>πλεῦσαι</span> <span class='ocrx_word' id='word_1_58' title='bbox 493 1085 779 1154; x_wconf 82' lang='grc' dir='ltr'>κυμάτων,</span> <span class='ocrx_word' id='word_1_59' title='bbox 825 1086 914 1139; x_wconf 90' lang='grc' dir='ltr'>διά</span> <span class='ocrx_word' id='word_1_60' title='bbox 947 1087 1218 1141; x_wconf 90' lang='grc' dir='ltr'>τοσούτων</span> <span class='ocrx_word' id='word_1_61' title='bbox 1259 1091 1508 1160; x_wconf 78' lang='grc' dir='ltr'>χωρῆσαι</span> <span class='ocrx_word' id='word_1_62' title='bbox 1545 1090 1735 1160; x_wconf 84' lang='grc' dir='ltr'>βελῶν,</span> <span class='ocrx_word' id='word_1_63' title='bbox 1771 1093 1906 1147; x_wconf 89' lang='grc' dir='ltr'>ἀλλά</span> 
     </span>
    </p>
   </div>
   <div class='ocr_carea' id='block_1_10' title="bbox 236 1168 1905 1247">
    <p class='ocr_par' dir='ltr' id='par_1_10' title="bbox 236 1168 1905 1247">
     <span class='ocr_line' id='line_1_10' title="bbox 236 1168 1905 1247; baseline 0.008 -26"><span class='ocrx_word' id='word_1_64' title='bbox 236 1168 378 1231; x_wconf 85' lang='grc' dir='ltr'>θείας</span> <span class='ocrx_word' id='word_1_65' title='bbox 418 1170 513 1222; x_wconf 78' lang='grc' dir='ltr'>καὶ</span> <span class='ocrx_word' id='word_1_66' title='bbox 544 1170 759 1241; x_wconf 92' lang='grc' dir='ltr'>ἀμάχου</span> <span class='ocrx_word' id='word_1_67' title='bbox 803 1173 978 1227; x_wconf 90' lang='grc' dir='ltr'>ταῦτα</span> <span class='ocrx_word' id='word_1_68' title='bbox 1020 1174 1221 1245; x_wconf 85' lang='grc' dir='ltr'>ἰσχύος.</span> <span class='ocrx_word' id='word_1_69' title='bbox 1267 1177 1428 1229; x_wconf 85' lang='grc' dir='ltr'>Ὥστε</span> <span class='ocrx_word' id='word_1_70' title='bbox 1474 1177 1766 1247; x_wconf 89' lang='grc' dir='ltr'>βεϐαίωσις</span> <span class='ocrx_word' id='word_1_71' title='bbox 1811 1181 1905 1234; x_wconf 88' lang='grc' dir='ltr'>τοῦ</span> 
     </span>
    </p>
   </div>
   <div class='ocr_carea' id='block_1_11' title="bbox 236 1255 1907 1338">
    <p class='ocr_par' dir='ltr' id='par_1_11' title="bbox 236 1255 1907 1338">
     <span class='ocr_line' id='line_1_11' title="bbox 236 1255 1907 1338; baseline 0.008 -31"><span class='ocrx_word' id='word_1_72' title='bbox 236 1255 551 1324; x_wconf 70' lang='grc' dir='ltr'>εὐαγγελίου</span> <span class='ocrx_word' id='word_1_73' title='bbox 579 1258 613 1328; x_wconf 83' lang='grc' dir='ltr'>ή</span> <span class='ocrx_word' id='word_1_74' title='bbox 647 1257 860 1325; x_wconf 74' lang='grc' dir='ltr'>ἅλυσις,</span> <span class='ocrx_word' id='word_1_75' title='bbox 885 1261 985 1313; x_wconf 86' lang='grc' dir='ltr'>οὐκ</span> <span class='ocrx_word' id='word_1_76' title='bbox 1012 1262 1241 1326; x_wconf 84' lang='grc' dir='ltr'>ἐκείνοις</span> <span class='ocrx_word' id='word_1_77' title='bbox 1271 1264 1452 1333; x_wconf 89' lang='grc' dir='ltr'>μόνον,</span> <span class='ocrx_word' id='word_1_78' title='bbox 1486 1265 1623 1319; x_wconf 90' lang='grc' dir='ltr'>ἀλλά</span> <span class='ocrx_word' id='word_1_79' title='bbox 1655 1268 1749 1321; x_wconf 72' lang='grc' dir='ltr'>καὶ</span> <span class='ocrx_word' id='word_1_80' title='bbox 1778 1270 1907 1338; x_wconf 83' lang='grc' dir='ltr'>ήμῖν</span> 
     </span>
    </p>
   </div>
   <div class='ocr_carea' id='block_1_12' title="bbox 237 1345 1910 1428">
    <p class='ocr_par' dir='ltr' id='par_1_12' title="bbox 237 1345 1910 1428">
     <span class='ocr_line' id='line_1_12' title="bbox 237 1345 1910 1428; baseline 0.009 -32"><span class='ocrx_word' id='word_1_81' title='bbox 237 1346 339 1407; x_wconf 82' lang='grc' dir='ltr'>τοίς</span> <span class='ocrx_word' id='word_1_82' title='bbox 363 1345 669 1415; x_wconf 86' lang='grc' dir='ltr'>πάσχουσι·</span> <span class='ocrx_word' id='word_1_83' title='bbox 693 1347 1093 1421; x_wconf 86' lang='grc' dir='ltr'>δοκιμωτέρους</span> <span class='ocrx_word' id='word_1_84' title='bbox 1114 1351 1226 1425; x_wconf 90' lang='grc' dir='ltr'>γάρ</span> <span class='ocrx_word' id='word_1_85' title='bbox 1243 1354 1391 1423; x_wconf 80' lang='grc' dir='ltr'>ήμᾶς</span> <span class='ocrx_word' id='word_1_86' title='bbox 1420 1355 1731 1425; x_wconf 82' lang='grc' dir='ltr'>ἐργάζεται,</span> <span class='ocrx_word' id='word_1_87' title='bbox 1770 1358 1910 1428; x_wconf 83' lang='grc' dir='ltr'>ἰσχυ-</span> 
     </span>
    </p>
   </div>
   <div class='ocr_carea' id='block_1_13' title="bbox 240 1431 1909 1508">
    <p class='ocr_par' dir='ltr' id='par_1_13' title="bbox 240 1431 1909 1508">
     <span class='ocr_line' id='line_1_13' title="bbox 240 1431 1909 1508; baseline 0.009 -25"><span class='ocrx_word' id='word_1_88' title='bbox 240 1431 508 1504; x_wconf 79' lang='grc' dir='ltr'>ροτέρους,</span> <span class='ocrx_word' id='word_1_89' title='bbox 536 1434 738 1505; x_wconf 75' lang='grc' dir='ltr'>μάλλον</span> <span class='ocrx_word' id='word_1_90' title='bbox 770 1440 1131 1508; x_wconf 83' lang='grc' dir='ltr'>καταφρονεῖν</span> <span class='ocrx_word' id='word_1_91' title='bbox 1166 1443 1311 1492; x_wconf 82' lang='grc' dir='ltr'>ποιεί</span> <span class='ocrx_word' id='word_1_92' title='bbox 1334 1441 1442 1493; x_wconf 90' lang='grc' dir='ltr'>τῶν</span> <span class='ocrx_word' id='word_1_93' title='bbox 1476 1442 1801 1497; x_wconf 83' lang='grc' dir='ltr'>ἐπιϐούλων.</span> <span class='ocrx_word' id='word_1_94' title='bbox 1819 1445 1909 1498; x_wconf 82' lang='grc' dir='ltr'>Διὸ</span> 
     </span>
    </p>
   </div>
   <div class='ocr_carea' id='block_1_14' title="bbox 239 1519 1911 1601">
    <p class='ocr_par' dir='ltr' id='par_1_14' title="bbox 239 1519 1911 1601">
     <span class='ocr_line' id='line_1_14' title="bbox 239 1519 1911 1601; baseline 0.008 -30"><span class='ocrx_word' id='word_1_95' title='bbox 239 1519 327 1572; x_wconf 76' lang='grc' dir='ltr'>καὶ</span> <span class='ocrx_word' id='word_1_96' title='bbox 352 1519 556 1589; x_wconf 77' lang='grc' dir='ltr'>ἐλεγεν,</span> <span class='ocrx_word' id='word_1_97' title='bbox 594 1521 666 1576; x_wconf 83' lang='grc' dir='ltr'><em>Ἠ</em></span> <span class='ocrx_word' id='word_1_98' title='bbox 691 1522 896 1592; x_wconf 68' lang='grc' dir='ltr'>θλῖψις</span> <span class='ocrx_word' id='word_1_99' title='bbox 937 1524 1257 1593; x_wconf 81' lang='grc' dir='ltr'>ὑπομονὴν</span> <span class='ocrx_word' id='word_1_100' title='bbox 1294 1528 1719 1598; x_wconf 65' lang='grc' dir='ltr'>κατεργάζεται,</span> <span class='ocrx_word' id='word_1_101' title='bbox 1769 1533 1807 1601; x_wconf 79' lang='grc' dir='ltr'><strong><em>ἠ</em></strong></span> <span class='ocrx_word' id='word_1_102' title='bbox 1841 1532 1911 1585; x_wconf 77' lang='grc' dir='ltr'>δὲ</span> 
     </span>
    </p>
   </div>
   <div class='ocr_carea' id='block_1_15' title="bbox 240 1606 1909 1685">
    <p class='ocr_par' dir='ltr' id='par_1_15' title="bbox 240 1606 1909 1685">
     <span class='ocr_line' id='line_1_15' title="bbox 240 1606 1909 1685; baseline 0.007 -24"><span class='ocrx_word' id='word_1_103' title='bbox 240 1608 508 1676; x_wconf 74' lang='grc' dir='ltr'>ὑπομονὴ</span> <span class='ocrx_word' id='word_1_104' title='bbox 532 1606 811 1677; x_wconf 78' lang='grc' dir='ltr'>δοκιμὴν,</span> <span class='ocrx_word' id='word_1_105' title='bbox 830 1612 868 1679; x_wconf 79' lang='grc' dir='ltr'><strong><em>ἠ</em></strong></span> <span class='ocrx_word' id='word_1_106' title='bbox 889 1610 958 1665; x_wconf 82' lang='grc' dir='ltr'>δὲ</span> <span class='ocrx_word' id='word_1_107' title='bbox 972 1611 1187 1681; x_wconf 75' lang='grc' dir='ltr'>δοκιμὴ</span> <span class='ocrx_word' id='word_1_108' title='bbox 1216 1613 1456 1681; x_wconf 69' lang='grc' dir='ltr'>ἐλπίδα,</span> <span class='ocrx_word' id='word_1_109' title='bbox 1480 1618 1518 1685; x_wconf 74' lang='grc' dir='ltr'><strong><em>ἡ</em></strong></span> <span class='ocrx_word' id='word_1_110' title='bbox 1545 1616 1613 1671; x_wconf 78' lang='grc' dir='ltr'>δὲ</span> <span class='ocrx_word' id='word_1_111' title='bbox 1634 1616 1812 1685; x_wconf 68' lang='grc' dir='ltr'>ἐλπὶς</span> <span class='ocrx_word' id='word_1_112' title='bbox 1837 1621 1909 1673; x_wconf 85' lang='grc' dir='ltr'>οὐ</span> 
     </span>
    </p>
   </div>
   <div class='ocr_carea' id='block_1_16' title="bbox 242 1695 643 1763">
    <p class='ocr_par' dir='ltr' id='par_1_16' title="bbox 242 1695 643 1763">
     <span class='ocr_line' id='line_1_16' title="bbox 242 1695 643 1763; baseline 0.01 -18"><span class='ocrx_word' id='word_1_113' title='bbox 242 1695 643 1763; x_wconf 80' lang='grc' dir='ltr'>καταισχύνει.</span> 
     </span>
    </p>
   </div>
   <div class='ocr_carea' id='block_1_17' title="bbox 305 1786 1911 1866">
    <p class='ocr_par' dir='ltr' id='par_1_17' title="bbox 305 1786 1911 1866">
     <span class='ocr_line' id='line_1_17' title="bbox 305 1786 1911 1866; baseline 0.007 -29"><span class='ocrx_word' id='word_1_114' title='bbox 305 1791 365 1840; x_wconf 85' lang='grc' dir='ltr'>ε’.</span> <span class='ocrx_word' id='word_1_115' title='bbox 408 1786 571 1857; x_wconf 74' lang='grc' dir='ltr'>Ὁρᾷς</span> <span class='ocrx_word' id='word_1_116' title='bbox 600 1786 719 1851; x_wconf 86' lang='grc' dir='ltr'>πῶς</span> <span class='ocrx_word' id='word_1_117' title='bbox 744 1788 778 1859; x_wconf 84' lang='grc' dir='ltr'>ή</span> <span class='ocrx_word' id='word_1_118' title='bbox 817 1787 995 1858; x_wconf 78' lang='grc' dir='ltr'>θλῖψις</span> <span class='ocrx_word' id='word_1_119' title='bbox 1024 1787 1236 1860; x_wconf 83' lang='grc' dir='ltr'>βεϐαιοῖ</span> <span class='ocrx_word' id='word_1_120' title='bbox 1258 1791 1320 1844; x_wconf 81' lang='grc' dir='ltr'>τὸ</span> <span class='ocrx_word' id='word_1_121' title='bbox 1346 1792 1697 1861; x_wconf 76' lang='grc' dir='ltr'>εὐαγγέλιονς</span> <span class='ocrx_word' id='word_1_122' title='bbox 1728 1794 1826 1848; x_wconf 84' lang='grc' dir='ltr'>Διά</span> <span class='ocrx_word' id='word_1_123' title='bbox 1846 1802 1911 1866; x_wconf 81' lang='grc' dir='ltr'>οη</span> 
     </span>
    </p>
   </div>
   <div class='ocr_carea' id='block_1_18' title="bbox 243 1869 1912 1951">
    <p class='ocr_par' dir='ltr' id='par_1_18' title="bbox 243 1869 1912 1951">
     <span class='ocr_line' id='line_1_18' title="bbox 243 1869 1912 1951; baseline 0.006 -27"><span class='ocrx_word' id='word_1_124' title='bbox 243 1869 385 1944; x_wconf 75' lang='lat'><strong>[370]</strong></span> <span class='ocrx_word' id='word_1_125' title='bbox 422 1872 581 1925; x_wconf 86' lang='grc' dir='ltr'>τοῦτο</span> <span class='ocrx_word' id='word_1_126' title='bbox 615 1874 711 1926; x_wconf 76' lang='grc' dir='ltr'>καὶ</span> <span class='ocrx_word' id='word_1_127' title='bbox 739 1873 975 1945; x_wconf 82' lang='grc' dir='ltr'>ἀλλαχοῦ</span> <span class='ocrx_word' id='word_1_128' title='bbox 1007 1876 1247 1930; x_wconf 83' lang='grc' dir='ltr'>αἰτοῦντι</span> <span class='ocrx_word' id='word_1_129' title='bbox 1275 1878 1425 1949; x_wconf 88' lang='grc' dir='ltr'>αὐτῷ</span> <span class='ocrx_word' id='word_1_130' title='bbox 1450 1879 1559 1933; x_wconf 91' lang='grc' dir='ltr'>τῶν</span> <span class='ocrx_word' id='word_1_131' title='bbox 1592 1880 1912 1951; x_wconf 81' lang='grc' dir='ltr'>πειρασμῶν</span> 
     </span>
    </p>
   </div>
   <div class='ocr_carea' id='block_1_19' title="bbox 238 1958 1911 2036">
    <p class='ocr_par' dir='ltr' id='par_1_19' title="bbox 238 1958 1911 2036">
     <span class='ocr_line' id='line_1_19' title="bbox 238 1958 1911 2036; baseline 0.004 -24"><span class='ocrx_word' id='word_1_132' title='bbox 238 1958 589 2029; x_wconf 79' lang='grc' dir='ltr'>ἀπαλλαγὴν,</span> <span class='ocrx_word' id='word_1_133' title='bbox 624 1958 718 2012; x_wconf 78' lang='grc' dir='ltr'>καὶ</span> <span class='ocrx_word' id='word_1_134' title='bbox 765 1960 1029 2025; x_wconf 82' lang='grc' dir='ltr'>πολλάκις</span> <span class='ocrx_word' id='word_1_135' title='bbox 1068 1962 1215 2033; x_wconf 79' lang='grc' dir='ltr'>ὑπὲρ</span> <span class='ocrx_word' id='word_1_136' title='bbox 1267 1963 1473 2018; x_wconf 89' lang='grc' dir='ltr'>τούτων</span> <span class='ocrx_word' id='word_1_137' title='bbox 1526 1965 1911 2036; x_wconf 85' lang='grc' dir='ltr'>προσελθόντι,</span> 
     </span>
    </p>
   </div>
   <div class='ocr_carea' id='block_1_20' title="bbox 236 2044 1914 2122">
    <p class='ocr_par' dir='ltr' id='par_1_20' title="bbox 236 2044 1914 2122">
     <span class='ocr_line' id='line_1_20' title="bbox 236 2044 1914 2122; baseline 0.005 -25"><span class='ocrx_word' id='word_1_138' title='bbox 236 2045 427 2115; x_wconf 75' lang='grc' dir='ltr'>ήκουεν</span> <span class='ocrx_word' id='word_1_139' title='bbox 446 2060 461 2074; x_wconf 92' lang='grc'><strong>·</strong></span> <span class='ocrx_word' id='word_1_140' title='bbox 497 2044 692 2113; x_wconf 80' lang='grc' dir='ltr'>Ἀρκεῖ</span> <span class='ocrx_word' id='word_1_141' title='bbox 713 2060 814 2100; x_wconf 88' lang='grc' dir='ltr'>σοι</span> <span class='ocrx_word' id='word_1_142' title='bbox 844 2047 884 2115; x_wconf 77' lang='grc' dir='ltr'><strong><em>ἠ</em></strong></span> <span class='ocrx_word' id='word_1_143' title='bbox 916 2047 1091 2116; x_wconf 79' lang='grc' dir='ltr'>χάρις</span> <span class='ocrx_word' id='word_1_144' title='bbox 1103 2064 1257 2118; x_wconf 82' lang='grc' dir='ltr'>μου’</span> <span class='ocrx_word' id='word_1_145' title='bbox 1292 2050 1332 2118; x_wconf 80' lang='grc' dir='ltr'>ή</span> <span class='ocrx_word' id='word_1_146' title='bbox 1371 2050 1482 2121; x_wconf 82' lang='grc' dir='ltr'>γὰρ</span> <span class='ocrx_word' id='word_1_147' title='bbox 1508 2050 1762 2120; x_wconf 79' lang='grc' dir='ltr'>δύναμίς</span> <span class='ocrx_word' id='word_1_148' title='bbox 1793 2070 1914 2122; x_wconf 77' lang='grc' dir='ltr'>μου</span> 
     </span>
    </p>
   </div>
   <div class='ocr_carea' id='block_1_21' title="bbox 234 2132 1914 2202">
    <p class='ocr_par' dir='ltr' id='par_1_21' title="bbox 234 2132 1914 2202">
     <span class='ocr_line' id='line_1_21' title="bbox 234 2132 1914 2202; baseline 0.004 -17"><span class='ocrx_word' id='word_1_149' title='bbox 234 2132 305 2185; x_wconf 78' lang='grc' dir='ltr'>ἐν</span> <span class='ocrx_word' id='word_1_150' title='bbox 330 2132 619 2199; x_wconf 76' lang='grc' dir='ltr'>ἀσθενείᾳ</span> <span class='ocrx_word' id='word_1_151' title='bbox 653 2133 1007 2189; x_wconf 70' lang='grc' dir='ltr'>τελειοῦται.</span> <span class='ocrx_word' id='word_1_152' title='bbox 1046 2136 1351 2192; x_wconf 78' lang='grc' dir='ltr'>’Δσθένειαν</span> <span class='ocrx_word' id='word_1_153' title='bbox 1379 2136 1611 2191; x_wconf 80' lang='grc' dir='ltr'>ἐνταῦθα</span> <span class='ocrx_word' id='word_1_154' title='bbox 1637 2138 1765 2202; x_wconf 83' lang='grc' dir='ltr'>τοὺς</span> <span class='ocrx_word' id='word_1_155' title='bbox 1788 2138 1914 2191; x_wconf 88' lang='grc' dir='ltr'>διω-</span> 
     </span>
    </p>
   </div>
   <div class='ocr_carea' id='block_1_22' title="bbox 234 2219 1916 2296">
    <p class='ocr_par' dir='ltr' id='par_1_22' title="bbox 234 2219 1916 2296">
     <span class='ocr_line' id='line_1_22' title="bbox 234 2219 1916 2296; baseline -0.004 -9"><span class='ocrx_word' id='word_1_156' title='bbox 234 2219 411 2291; x_wconf 74' lang='grc' dir='ltr'>γμοὺς</span> <span class='ocrx_word' id='word_1_157' title='bbox 461 2220 661 2289; x_wconf 74' lang='grc' dir='ltr'>καλεῖ,</span> <span class='ocrx_word' id='word_1_158' title='bbox 707 2222 837 2286; x_wconf 76' lang='grc' dir='ltr'>τοὺς</span> <span class='ocrx_word' id='word_1_159' title='bbox 868 2226 1243 2296; x_wconf 82' lang='grc' dir='ltr'>πειρασμοὺς,</span> <span class='ocrx_word' id='word_1_160' title='bbox 1287 2226 1411 2292; x_wconf 81' lang='grc' dir='ltr'>τοὺς</span> <span class='ocrx_word' id='word_1_161' title='bbox 1460 2227 1770 2291; x_wconf 84' lang='grc' dir='ltr'>κινδύνους,</span> <span class='ocrx_word' id='word_1_162' title='bbox 1815 2227 1916 2291; x_wconf 84' lang='grc' dir='ltr'>τὰς</span> 
     </span>
    </p>
   </div>
   <div class='ocr_carea' id='block_1_23' title="bbox 233 2308 1913 2382">
    <p class='ocr_par' dir='ltr' id='par_1_23' title="bbox 233 2308 1913 2382">
     <span class='ocr_line' id='line_1_23' title="bbox 233 2308 1913 2382; baseline 0.004 -22"><span class='ocrx_word' id='word_1_163' title='bbox 233 2308 556 2374; x_wconf 80' lang='grc' dir='ltr'>ἐπιϐουλάς,</span> <span class='ocrx_word' id='word_1_164' title='bbox 594 2309 695 2375; x_wconf 81' lang='grc' dir='ltr'>τὰς</span> <span class='ocrx_word' id='word_1_165' title='bbox 717 2310 1002 2382; x_wconf 78' lang='grc' dir='ltr'>ἐπηρείας.</span> <span class='ocrx_word' id='word_1_166' title='bbox 1040 2313 1109 2366; x_wconf 82' lang='grc' dir='ltr'>ὐ</span> <span class='ocrx_word' id='word_1_167' title='bbox 1144 2311 1201 2365; x_wconf 78' lang='grc' dir='ltr'>δὲ</span> <span class='ocrx_word' id='word_1_168' title='bbox 1237 2312 1407 2381; x_wconf 80' lang='grc' dir='ltr'>λέγει,</span> <span class='ocrx_word' id='word_1_169' title='bbox 1447 2315 1687 2368; x_wconf 89' lang='grc' dir='ltr'>τοιοῦτόν</span> <span class='ocrx_word' id='word_1_170' title='bbox 1730 2317 1876 2368; x_wconf 84' lang='grc' dir='ltr'>ἐστιν</span> <span class='ocrx_word' id='word_1_171' title='bbox 1897 2329 1913 2346; x_wconf 78' lang='grc' dir='ltr'><strong>ο</strong></span> 
     </span>
    </p>
   </div>
   <div class='ocr_carea' id='block_1_24' title="bbox 237 2393 1913 2472">
    <p class='ocr_par' dir='ltr' id='par_1_24' title="bbox 237 2393 1913 2472">
     <span class='ocr_line' id='line_1_24' title="bbox 237 2393 1913 2472; baseline 0.003 -21"><span class='ocrx_word' id='word_1_172' title='bbox 237 2393 726 2467; x_wconf 77' lang='grc' dir='ltr'>Ἦδυνάμηνταῦτα</span> <span class='ocrx_word' id='word_1_173' title='bbox 744 2397 1008 2463; x_wconf 89' lang='grc' dir='ltr'>κωλῦσαι,</span> <span class='ocrx_word' id='word_1_174' title='bbox 1032 2399 1188 2471; x_wconf 79' lang='grc' dir='ltr'>φησὶ,</span> <span class='ocrx_word' id='word_1_175' title='bbox 1208 2400 1304 2453; x_wconf 82' lang='grc' dir='ltr'>καὶ</span> <span class='ocrx_word' id='word_1_176' title='bbox 1333 2400 1523 2454; x_wconf 83' lang='grc' dir='ltr'>σϐέσαι</span> <span class='ocrx_word' id='word_1_177' title='bbox 1548 2401 1639 2454; x_wconf 78' lang='grc' dir='ltr'>τὸν</span> <span class='ocrx_word' id='word_1_178' title='bbox 1659 2402 1913 2472; x_wconf 89' lang='grc' dir='ltr'>πόλεμον,</span> 
     </span>
    </p>
   </div>
   <div class='ocr_carea' id='block_1_25' title="bbox 226 2482 1915 2561">
    <p class='ocr_par' dir='ltr' id='par_1_25' title="bbox 226 2482 1915 2561">
     <span class='ocr_line' id='line_1_25' title="bbox 226 2482 1915 2561; baseline 0.007 -28"><span class='ocrx_word' id='word_1_179' title='bbox 226 2482 326 2534; x_wconf 77' lang='grc' dir='ltr'>καὶ</span> <span class='ocrx_word' id='word_1_180' title='bbox 365 2482 686 2538; x_wconf 76' lang='grc' dir='ltr'>ἀναστεῖλαι</span> <span class='ocrx_word' id='word_1_181' title='bbox 718 2484 789 2539; x_wconf 83' lang='grc' dir='ltr'>τὰ</span> <span class='ocrx_word' id='word_1_182' title='bbox 826 2483 1067 2556; x_wconf 90' lang='grc' dir='ltr'>κύματα,</span> <span class='ocrx_word' id='word_1_183' title='bbox 1100 2485 1217 2539; x_wconf 86' lang='grc' dir='ltr'>ἀλλ’</span> <span class='ocrx_word' id='word_1_184' title='bbox 1250 2487 1353 2541; x_wconf 88' lang='grc' dir='ltr'>οὐκ</span> <span class='ocrx_word' id='word_1_185' title='bbox 1387 2488 1641 2558; x_wconf 84' lang='grc' dir='ltr'>ἐποίησα,</span> <span class='ocrx_word' id='word_1_186' title='bbox 1672 2490 1764 2553; x_wconf 12' lang='grc' dir='ltr'>,ἴνα</span> <span class='ocrx_word' id='word_1_187' title='bbox 1794 2507 1915 2561; x_wconf 87' lang='grc' dir='ltr'>μει-</span> 
     </span>
    </p>
   </div>
   <div class='ocr_carea' id='block_1_26' title="bbox 223 2570 1919 2646">
    <p class='ocr_par' dir='ltr' id='par_1_26' title="bbox 223 2570 1919 2646">
     <span class='ocr_line' id='line_1_26' title="bbox 223 2570 1919 2646; baseline 0.007 -25"><span class='ocrx_word' id='word_1_188' title='bbox 223 2570 401 2633; x_wconf 78' lang='grc' dir='ltr'>ζόνως</span> <span class='ocrx_word' id='word_1_189' title='bbox 433 2573 469 2641; x_wconf 80' lang='grc' dir='ltr'>ή</span> <span class='ocrx_word' id='word_1_190' title='bbox 508 2571 743 2643; x_wconf 83' lang='grc' dir='ltr'>δύναμίς</span> <span class='ocrx_word' id='word_1_191' title='bbox 783 2590 889 2643; x_wconf 89' lang='grc' dir='ltr'>μου</span> <span class='ocrx_word' id='word_1_192' title='bbox 923 2573 1131 2646; x_wconf 76' lang='grc' dir='ltr'>δειχθῇ.</span> <span class='ocrx_word' id='word_1_193' title='bbox 1181 2575 1256 2629; x_wconf 80' lang='grc' dir='ltr'>Οὐ</span> <span class='ocrx_word' id='word_1_194' title='bbox 1287 2575 1397 2646; x_wconf 81' lang='grc' dir='ltr'>γάρ</span> <span class='ocrx_word' id='word_1_195' title='bbox 1446 2576 1619 2642; x_wconf 78' lang='grc' dir='ltr'>οὕτως</span> <span class='ocrx_word' id='word_1_196' title='bbox 1646 2578 1919 2633; x_wconf 75' lang='grc' dir='ltr'>ἐδείκνυτο</span> 
     </span>
    </p>
   </div>
   <div class='ocr_carea' id='block_1_27' title="bbox 219 2658 1918 2735">
    <p class='ocr_par' dir='ltr' id='par_1_27' title="bbox 219 2658 1918 2735">
     <span class='ocr_line' id='line_1_27' title="bbox 219 2658 1918 2735; baseline 0.005 -24"><span class='ocrx_word' id='word_1_197' title='bbox 219 2658 396 2712; x_wconf 77' lang='grc' dir='ltr'>αὐτοῦ</span> <span class='ocrx_word' id='word_1_198' title='bbox 431 2661 465 2730; x_wconf 89' lang='grc' dir='ltr'>ή</span> <span class='ocrx_word' id='word_1_199' title='bbox 502 2658 752 2731; x_wconf 87' lang='grc' dir='ltr'>δύναμις,</span> <span class='ocrx_word' id='word_1_200' title='bbox 792 2660 1000 2715; x_wconf 85' lang='grc' dir='ltr'>τούτων</span> <span class='ocrx_word' id='word_1_201' title='bbox 1044 2662 1121 2733; x_wconf 77' lang='grc' dir='ltr'>μὴ</span> <span class='ocrx_word' id='word_1_202' title='bbox 1154 2664 1476 2735; x_wconf 79' lang='grc' dir='ltr'>γινομένων,</span> <span class='ocrx_word' id='word_1_203' title='bbox 1517 2665 1591 2729; x_wconf 85' lang='grc' dir='ltr'>ὡς</span> <span class='ocrx_word' id='word_1_204' title='bbox 1620 2666 1918 2735; x_wconf 79' lang='grc' dir='ltr'>γινομένων</span> 
     </span>
    </p>
   </div>
   <div class='ocr_carea' id='block_1_28' title="bbox 218 2747 1917 2824">
    <p class='ocr_par' dir='ltr' id='par_1_28' title="bbox 218 2747 1917 2824">
     <span class='ocr_line' id='line_1_28' title="bbox 218 2747 1917 2824; baseline 0.004 -25"><span class='ocrx_word' id='word_1_205' title='bbox 218 2747 350 2814; x_wconf 77' lang='grc' dir='ltr'>μὲν,</span> <span class='ocrx_word' id='word_1_206' title='bbox 380 2748 486 2800; x_wconf 90' lang='grc' dir='ltr'>οὐκ</span> <span class='ocrx_word' id='word_1_207' title='bbox 532 2747 828 2817; x_wconf 80' lang='grc' dir='ltr'>ἰσχυόντων</span> <span class='ocrx_word' id='word_1_208' title='bbox 871 2748 952 2804; x_wconf 88' lang='grc' dir='ltr'>δέ.</span> <span class='ocrx_word' id='word_1_209' title='bbox 998 2749 1153 2803; x_wconf 83' lang='grc' dir='ltr'>Ἑπεί</span> <span class='ocrx_word' id='word_1_210' title='bbox 1198 2752 1290 2804; x_wconf 67' lang='grc' dir='ltr'>καί⁵</span> <span class='ocrx_word' id='word_1_211' title='bbox 1322 2752 1668 2824; x_wconf 88' lang='grc' dir='ltr'>κυϐερνήτην</span> <span class='ocrx_word' id='word_1_212' title='bbox 1711 2754 1917 2807; x_wconf 86' lang='grc' dir='ltr'>ἐκεῖνον</span> 
     </span>
    </p>
   </div>
   <div class='ocr_carea' id='block_1_29' title="bbox 214 2828 1917 2910">
    <p class='ocr_par' dir='ltr' id='par_1_29' title="bbox 214 2828 1917 2910">
     <span class='ocr_line' id='line_1_29' title="bbox 214 2828 1917 2910; baseline 0.004 -23"><span class='ocrx_word' id='word_1_213' title='bbox 214 2832 453 2903; x_wconf 75' lang='grc' dir='ltr'>ἄριστον</span> <span class='ocrx_word' id='word_1_214' title='bbox 483 2828 627 2887; x_wconf 81' lang='grc' dir='ltr'>εἶναί</span> <span class='ocrx_word' id='word_1_215' title='bbox 651 2851 856 2906; x_wconf 88' lang='grc' dir='ltr'>φαμεν,</span> <span class='ocrx_word' id='word_1_216' title='bbox 877 2836 938 2889; x_wconf 87' lang='grc' dir='ltr'>οὐ</span> <span class='ocrx_word' id='word_1_217' title='bbox 960 2835 1052 2888; x_wconf 81' lang='grc' dir='ltr'>τὸν</span> <span class='ocrx_word' id='word_1_218' title='bbox 1084 2836 1144 2889; x_wconf 78' lang='grc' dir='ltr'>έν</span> <span class='ocrx_word' id='word_1_219' title='bbox 1174 2836 1392 2909; x_wconf 85' lang='grc' dir='ltr'>γαληνῷ</span> <span class='ocrx_word' id='word_1_220' title='bbox 1423 2837 1602 2910; x_wconf 83' lang='grc' dir='ltr'>πόντῳ</span> <span class='ocrx_word' id='word_1_221' title='bbox 1620 2838 1917 2909; x_wconf 79' lang='grc' dir='ltr'>δυνάμενον</span> 
     </span>
    </p>
   </div>
   <div class='ocr_carea' id='block_1_30' title="bbox 212 2920 1916 2995">
    <p class='ocr_par' dir='ltr' id='par_1_30' title="bbox 212 2920 1916 2995">
     <span class='ocr_line' id='line_1_30' title="bbox 212 2920 1916 2995; baseline 0.004 -21"><span class='ocrx_word' id='word_1_222' title='bbox 212 2920 595 2975; x_wconf 73' lang='grc' dir='ltr'>κατευθύνειν</span> <span class='ocrx_word' id='word_1_223' title='bbox 626 2921 688 2976; x_wconf 74' lang='grc' dir='ltr'>τὸ</span> <span class='ocrx_word' id='word_1_224' title='bbox 722 2924 949 2992; x_wconf 83' lang='grc' dir='ltr'>σκάφος,</span> <span class='ocrx_word' id='word_1_225' title='bbox 982 2923 1119 2978; x_wconf 85' lang='grc' dir='ltr'>ἀλλά</span> <span class='ocrx_word' id='word_1_226' title='bbox 1148 2924 1241 2978; x_wconf 81' lang='grc' dir='ltr'>τὸν</span> <span class='ocrx_word' id='word_1_227' title='bbox 1276 2924 1478 2995; x_wconf 74' lang='grc' dir='ltr'>μεταξὺ</span> <span class='ocrx_word' id='word_1_228' title='bbox 1510 2926 1787 2980; x_wconf 78' lang='grc' dir='ltr'>σκοπέλων</span> <span class='ocrx_word' id='word_1_229' title='bbox 1822 2928 1916 2982; x_wconf 81' lang='grc' dir='ltr'>καί</span> 
     </span>
    </p>
   </div>
   <div class='ocr_carea' id='block_1_31' title="bbox 214 3010 1915 3084">
    <p class='ocr_par' dir='ltr' id='par_1_31' title="bbox 214 3010 1915 3084">
     <span class='ocr_line' id='line_1_31' title="bbox 214 3010 1915 3084; baseline 0.003 -21"><span class='ocrx_word' id='word_1_230' title='bbox 214 3010 499 3081; x_wconf 80' lang='grc' dir='ltr'>κυμάτων</span> <span class='ocrx_word' id='word_1_231' title='bbox 523 3011 621 3065; x_wconf 78' lang='grc' dir='ltr'>καὶ</span> <span class='ocrx_word' id='word_1_232' title='bbox 643 3011 929 3083; x_wconf 81' lang='grc' dir='ltr'>χειμώνων</span> <span class='ocrx_word' id='word_1_233' title='bbox 958 3014 1052 3066; x_wconf 80' lang='grc' dir='ltr'>καὶ</span> <span class='ocrx_word' id='word_1_234' title='bbox 1082 3014 1408 3084; x_wconf 84' lang='grc' dir='ltr'>πνευμάτων</span> <span class='ocrx_word' id='word_1_235' title='bbox 1431 3015 1765 3078; x_wconf 91' lang='grc' dir='ltr'>διασώζοντα</span> <span class='ocrx_word' id='word_1_236' title='bbox 1790 3018 1915 3078; x_wconf 75' lang='grc' dir='ltr'>τοὺς</span> 
     </span>
    </p>
   </div>
   <div class='ocr_carea' id='block_1_32' title="bbox 214 3099 1918 3173">
    <p class='ocr_par' dir='ltr' id='par_1_32' title="bbox 214 3099 1918 3173">
     <span class='ocr_line' id='line_1_32' title="bbox 214 3099 1918 3173; baseline 0.002 -22"><span class='ocrx_word' id='word_1_237' title='bbox 214 3099 611 3170; x_wconf 74' lang='grc' dir='ltr'>ἐμπλέοντας⁶</span> <span class='ocrx_word' id='word_1_238' title='bbox 652 3100 747 3153; x_wconf 78' lang='grc' dir='ltr'>καὶ</span> <span class='ocrx_word' id='word_1_239' title='bbox 796 3100 979 3171; x_wconf 74' lang='grc' dir='ltr'>ἰατρὸν</span> <span class='ocrx_word' id='word_1_240' title='bbox 1000 3142 1015 3166; x_wconf 97' lang='grc'>,</span> <span class='ocrx_word' id='word_1_241' title='bbox 1049 3100 1143 3155; x_wconf 83' lang='grc' dir='ltr'>τὸν</span> <span class='ocrx_word' id='word_1_242' title='bbox 1189 3101 1400 3173; x_wconf 84' lang='grc' dir='ltr'>μυρίων</span> <span class='ocrx_word' id='word_1_243' title='bbox 1446 3103 1766 3173; x_wconf 86' lang='grc' dir='ltr'>νοσημάτων</span> <span class='ocrx_word' id='word_1_244' title='bbox 1799 3105 1918 3155; x_wconf 82' lang='grc' dir='ltr'>ἐπι-</span> 
     </span>
    </p>
   </div>
   <div class='ocr_carea' id='block_1_33' title="bbox 217 3185 1917 3261">
    <p class='ocr_par' dir='ltr' id='par_1_33' title="bbox 217 3185 1917 3261">
     <span class='ocr_line' id='line_1_33' title="bbox 217 3185 1917 3261; baseline 0.002 -23"><span class='ocrx_word' id='word_1_245' title='bbox 217 3186 510 3256; x_wconf 80' lang='grc' dir='ltr'>κειμένων</span> <span class='ocrx_word' id='word_1_246' title='bbox 568 3185 947 3257; x_wconf 79' lang='grc' dir='ltr'>ἐξαρπάζοντα</span> <span class='ocrx_word' id='word_1_247' title='bbox 979 3188 1072 3241; x_wconf 79' lang='grc' dir='ltr'>τὸν</span> <span class='ocrx_word' id='word_1_248' title='bbox 1106 3187 1383 3260; x_wconf 88' lang='grc' dir='ltr'>κάμνοντα</span> <span class='ocrx_word' id='word_1_249' title='bbox 1406 3202 1421 3218; x_wconf 80' lang='grc'><strong><em>⁸</em></strong></span> <span class='ocrx_word' id='word_1_250' title='bbox 1458 3192 1551 3243; x_wconf 66' lang='grc' dir='ltr'>καί⁵</span> <span class='ocrx_word' id='word_1_251' title='bbox 1594 3190 1917 3261; x_wconf 79' lang='grc' dir='ltr'>στρατηγὸν,</span> 
     </span>
    </p>
   </div>
   <div class='ocr_carea' id='block_1_34' title="bbox 217 3272 1919 3347">
    <p class='ocr_par' dir='ltr' id='par_1_34' title="bbox 217 3272 1919 3347">
     <span class='ocr_line' id='line_1_34' title="bbox 217 3272 1919 3347; baseline 0.003 -23"><span class='ocrx_word' id='word_1_252' title='bbox 217 3272 320 3325; x_wconf 77' lang='grc' dir='ltr'>τὸν</span> <span class='ocrx_word' id='word_1_253' title='bbox 356 3272 705 3344; x_wconf 81' lang='grc' dir='ltr'>πανταχόθεν</span> <span class='ocrx_word' id='word_1_254' title='bbox 756 3273 1032 3345; x_wconf 88' lang='grc' dir='ltr'>πολεμίων</span> <span class='ocrx_word' id='word_1_255' title='bbox 1075 3275 1435 3329; x_wconf 74' lang='grc' dir='ltr'>ἐπιτιθέντων</span> <span class='ocrx_word' id='word_1_256' title='bbox 1476 3276 1572 3328; x_wconf 70' lang='grc' dir='ltr'>καί⁵</span> <span class='ocrx_word' id='word_1_257' title='bbox 1616 3275 1919 3347; x_wconf 83' lang='grc' dir='ltr'>βαλλόντων</span> 
     </span>
    </p>
   </div>
   <div class='ocr_carea' id='block_1_35' title="bbox 222 3358 1920 3433">
    <p class='ocr_par' dir='ltr' id='par_1_35' title="bbox 222 3358 1920 3433">
     <span class='ocr_line' id='line_1_35' title="bbox 222 3358 1920 3433; baseline 0.001 -21"><span class='ocrx_word' id='word_1_258' title='bbox 222 3358 539 3430; x_wconf 79' lang='grc' dir='ltr'>δυνάμενον</span> <span class='ocrx_word' id='word_1_259' title='bbox 566 3359 764 3430; x_wconf 83' lang='grc' dir='ltr'>στῆσαι</span> <span class='ocrx_word' id='word_1_260' title='bbox 791 3360 851 3414; x_wconf 85' lang='grc' dir='ltr'>τὸ</span> <span class='ocrx_word' id='word_1_261' title='bbox 874 3362 1130 3431; x_wconf 84' lang='grc' dir='ltr'>τρόπαιον</span> <span class='ocrx_word' id='word_1_262' title='bbox 1150 3376 1167 3393; x_wconf 77' lang='grc' dir='ltr'><strong><em>ο</em></strong></span> <span class='ocrx_word' id='word_1_263' title='bbox 1187 3365 1280 3415; x_wconf 78' lang='grc' dir='ltr'>καὶ</span> <span class='ocrx_word' id='word_1_264' title='bbox 1307 3361 1560 3432; x_wconf 88' lang='grc' dir='ltr'>ποιμένα,</span> <span class='ocrx_word' id='word_1_265' title='bbox 1589 3362 1680 3416; x_wconf 82' lang='grc' dir='ltr'>τὸν</span> <span class='ocrx_word' id='word_1_266' title='bbox 1710 3362 1920 3433; x_wconf 87' lang='grc' dir='ltr'>μυρίων</span> 
     </span>
    </p>
   </div>
   <div class='ocr_carea' id='block_1_36' title="bbox 224 3445 1922 3520">
    <p class='ocr_par' dir='ltr' id='par_1_36' title="bbox 224 3445 1922 3520">
     <span class='ocr_line' id='line_1_36' title="bbox 224 3445 1922 3520; baseline 0.003 -22"><span class='ocrx_word' id='word_1_267' title='bbox 224 3445 421 3500; x_wconf 82' lang='grc' dir='ltr'>λύκων</span> <span class='ocrx_word' id='word_1_268' title='bbox 453 3448 821 3519; x_wconf 70' lang='grc' dir='ltr'>ἐπικειμένων</span> <span class='ocrx_word' id='word_1_269' title='bbox 854 3450 948 3503; x_wconf 70' lang='grc' dir='ltr'>καὶ</span> <span class='ocrx_word' id='word_1_270' title='bbox 981 3449 1183 3520; x_wconf 88' lang='grc' dir='ltr'>ἐτέρων</span> <span class='ocrx_word' id='word_1_271' title='bbox 1228 3450 1528 3503; x_wconf 89' lang='grc' dir='ltr'>ἐπιϐούλων</span> <span class='ocrx_word' id='word_1_272' title='bbox 1563 3449 1922 3519; x_wconf 86' lang='grc' dir='ltr'>διατηροῦντα</span> 
     </span>
    </p>
   </div>
   <div class='ocr_carea' id='block_1_37' title="bbox 228 3534 1923 3608">
    <p class='ocr_par' dir='ltr' id='par_1_37' title="bbox 228 3534 1923 3608">
     <span class='ocr_line' id='line_1_37' title="bbox 228 3534 1923 3608; baseline 0.002 -22"><span class='ocrx_word' id='word_1_273' title='bbox 228 3534 336 3607; x_wconf 71' lang='grc' dir='ltr'>τὴν</span> <span class='ocrx_word' id='word_1_274' title='bbox 367 3534 577 3606; x_wconf 81' lang='grc' dir='ltr'>ἀγέλην</span> <span class='ocrx_word' id='word_1_275' title='bbox 621 3537 679 3588; x_wconf 89' lang='grc' dir='ltr'>ἐν</span> <span class='ocrx_word' id='word_1_276' title='bbox 711 3535 1003 3607; x_wconf 67' lang='grc' dir='ltr'>ἀσφαλείᾳ.</span> <span class='ocrx_word' id='word_1_277' title='bbox 1046 3536 1202 3590; x_wconf 80' lang='grc' dir='ltr'>οὕτω</span> <span class='ocrx_word' id='word_1_278' title='bbox 1248 3536 1313 3608; x_wconf 80' lang='grc' dir='ltr'>δή</span> <span class='ocrx_word' id='word_1_279' title='bbox 1342 3537 1437 3590; x_wconf 71' lang='grc' dir='ltr'>καὶ</span> <span class='ocrx_word' id='word_1_280' title='bbox 1468 3537 1587 3590; x_wconf 89' lang='grc' dir='ltr'>τότε</span> <span class='ocrx_word' id='word_1_281' title='bbox 1630 3537 1789 3590; x_wconf 86' lang='grc' dir='ltr'>τοῦτο</span> <span class='ocrx_word' id='word_1_282' title='bbox 1819 3538 1923 3607; x_wconf 65' lang='grc' dir='ltr'>μάη</span> 
     </span>
    </p>
   </div>
   <div class='ocr_carea' id='block_1_38' title="bbox 234 3621 1922 3697">
    <p class='ocr_par' dir='ltr' id='par_1_38' title="bbox 234 3621 1922 3697">
     <span class='ocr_line' id='line_1_38' title="bbox 234 3621 1922 3697; baseline 0.002 -24"><span class='ocrx_word' id='word_1_283' title='bbox 234 3621 399 3676; x_wconf 85' lang='grc' dir='ltr'>λιστα</span> <span class='ocrx_word' id='word_1_284' title='bbox 418 3624 593 3676; x_wconf 76' lang='grc' dir='ltr'>ἐποίει</span> <span class='ocrx_word' id='word_1_285' title='bbox 621 3623 682 3676; x_wconf 82' lang='grc' dir='ltr'>τὸ</span> <span class='ocrx_word' id='word_1_286' title='bbox 707 3621 912 3691; x_wconf 85' lang='grc' dir='ltr'>θαῦμα,</span> <span class='ocrx_word' id='word_1_287' title='bbox 933 3625 1013 3677; x_wconf 78' lang='grc' dir='ltr'>ὅτι</span> <span class='ocrx_word' id='word_1_288' title='bbox 1036 3623 1102 3696; x_wconf 76' lang='grc' dir='ltr'>δὴ</span> <span class='ocrx_word' id='word_1_289' title='bbox 1129 3624 1299 3697; x_wconf 90' lang='grc' dir='ltr'>μυρία</span> <span class='ocrx_word' id='word_1_290' title='bbox 1330 3628 1631 3695; x_wconf 85' lang='grc' dir='ltr'>πάσχοντες</span> <span class='ocrx_word' id='word_1_291' title='bbox 1661 3627 1922 3696; x_wconf 85' lang='grc' dir='ltr'>ἐκράτουν</span> 
     </span>
    </p>
   </div>
   <div class='ocr_carea' id='block_1_39' title="bbox 240 3710 1924 3783">
    <p class='ocr_par' dir='ltr' id='par_1_39' title="bbox 240 3710 1924 3783">
     <span class='ocr_line' id='line_1_39' title="bbox 240 3710 1924 3783; baseline 0.002 -21"><span class='ocrx_word' id='word_1_292' title='bbox 240 3711 335 3762; x_wconf 70' lang='grc' dir='ltr'>καὶ</span> <span class='ocrx_word' id='word_1_293' title='bbox 362 3710 745 3782; x_wconf 83' lang='grc' dir='ltr'>περιεγένοντο</span> <span class='ocrx_word' id='word_1_294' title='bbox 782 3710 893 3763; x_wconf 88' lang='grc' dir='ltr'>τῶν</span> <span class='ocrx_word' id='word_1_295' title='bbox 937 3713 1234 3766; x_wconf 82' lang='grc' dir='ltr'>ποιούντων</span> <span class='ocrx_word' id='word_1_296' title='bbox 1268 3712 1467 3767; x_wconf 88' lang='grc' dir='ltr'>αὐτῶν.</span> <span class='ocrx_word' id='word_1_297' title='bbox 1498 3714 1625 3766; x_wconf 85' lang='grc' dir='ltr'>Ὀτε</span> <span class='ocrx_word' id='word_1_298' title='bbox 1673 3714 1802 3783; x_wconf 89' lang='grc' dir='ltr'>γοῦν</span> <span class='ocrx_word' id='word_1_299' title='bbox 1835 3714 1924 3766; x_wconf 74' lang='grc' dir='ltr'>τὸν</span> 
     </span>
    </p>
   </div>
   <div class='ocr_carea' id='block_1_40' title="bbox 247 3796 1923 3873">
    <p class='ocr_par' dir='ltr' id='par_1_40' title="bbox 247 3796 1923 3873">
     <span class='ocr_line' id='line_1_40' title="bbox 247 3796 1923 3873; baseline 0.004 -25"><span class='ocrx_word' id='word_1_300' title='bbox 247 3796 453 3867; x_wconf 83' lang='grc' dir='ltr'>Πέτρον</span> <span class='ocrx_word' id='word_1_301' title='bbox 479 3798 577 3851; x_wconf 76' lang='grc' dir='ltr'>καὶ</span> <span class='ocrx_word' id='word_1_302' title='bbox 601 3796 694 3850; x_wconf 77' lang='grc' dir='ltr'>τὸν</span> <span class='ocrx_word' id='word_1_303' title='bbox 726 3798 996 3869; x_wconf 84' lang='grc' dir='ltr'>Ἰωάννην,</span> <span class='ocrx_word' id='word_1_304' title='bbox 1023 3799 1113 3852; x_wconf 85' lang='grc' dir='ltr'>τὸν</span> <span class='ocrx_word' id='word_1_305' title='bbox 1137 3800 1250 3853; x_wconf 78' lang='grc' dir='ltr'>υἰὸν</span> <span class='ocrx_word' id='word_1_306' title='bbox 1282 3800 1383 3871; x_wconf 78' lang='grc' dir='ltr'>τῆς</span> <span class='ocrx_word' id='word_1_307' title='bbox 1418 3800 1665 3873; x_wconf 85' lang='grc' dir='ltr'>βροντῆς,</span> <span class='ocrx_word' id='word_1_308' title='bbox 1704 3800 1796 3854; x_wconf 78' lang='grc' dir='ltr'>καὶ</span> <span class='ocrx_word' id='word_1_309' title='bbox 1824 3801 1923 3873; x_wconf 82' lang='grc' dir='ltr'>τήν</span> 
     </span>
    </p>
   </div>
   <div class='ocr_carea' id='block_1_41' title="bbox 246 3884 1926 3960">
    <p class='ocr_par' dir='ltr' id='par_1_41' title="bbox 246 3884 1926 3960">
     <span class='ocr_line' id='line_1_41' title="bbox 246 3884 1926 3960; baseline 0.004 -24"><span class='ocrx_word' id='word_1_310' title='bbox 246 3884 488 3955; x_wconf 76' lang='grc' dir='ltr'>κρηπῖδα</span> <span class='ocrx_word' id='word_1_311' title='bbox 520 3886 623 3955; x_wconf 85' lang='grc' dir='ltr'>τῆς</span> <span class='ocrx_word' id='word_1_312' title='bbox 646 3884 903 3949; x_wconf 81' lang='grc' dir='ltr'>πίστεως,</span> <span class='ocrx_word' id='word_1_313' title='bbox 935 3887 1014 3949; x_wconf 90' lang='grc' dir='ltr'>εἰς</span> <span class='ocrx_word' id='word_1_314' title='bbox 1051 3886 1421 3960; x_wconf 79' lang='grc' dir='ltr'>δεσμωτήριον</span> <span class='ocrx_word' id='word_1_315' title='bbox 1454 3889 1722 3954; x_wconf 82' lang='grc' dir='ltr'>ἐνέϐαλον,</span> <span class='ocrx_word' id='word_1_316' title='bbox 1750 3890 1926 3960; x_wconf 86' lang='grc' dir='ltr'>ἐννόη-</span> 
     </span>
    </p>
   </div>
   <div class='ocr_carea' id='block_1_42' title="bbox 252 3972 1924 4047">
    <p class='ocr_par' dir='ltr' id='par_1_42' title="bbox 252 3972 1924 4047">
     <span class='ocr_line' id='line_1_42' title="bbox 252 3972 1924 4047; baseline 0.004 -22"><span class='ocrx_word' id='word_1_317' title='bbox 252 3987 341 4025; x_wconf 77' lang='grc' dir='ltr'>σον</span> <span class='ocrx_word' id='word_1_318' title='bbox 367 3973 483 4036; x_wconf 89' lang='grc' dir='ltr'>πῶς</span> <span class='ocrx_word' id='word_1_319' title='bbox 511 3972 826 4042; x_wconf 83' lang='grc' dir='ltr'>ἀφεθέντων</span> <span class='ocrx_word' id='word_1_320' title='bbox 850 3974 1029 4026; x_wconf 87' lang='grc' dir='ltr'>αὐτῶν</span> <span class='ocrx_word' id='word_1_321' title='bbox 1054 3974 1419 4045; x_wconf 87' lang='grc' dir='ltr'>διαποροῦσιν.</span> <span class='ocrx_word' id='word_1_322' title='bbox 1454 3978 1775 4046; x_wconf 81' lang='grc' dir='ltr'>Ἀγαγόντες</span> <span class='ocrx_word' id='word_1_323' title='bbox 1796 3976 1924 4047; x_wconf 84' lang='grc' dir='ltr'>γοῦν</span> 
     </span>
    </p>
   </div>
   <div class='ocr_carea' id='block_1_43' title="bbox 253 4060 1926 4133">
    <p class='ocr_par' dir='ltr' id='par_1_43' title="bbox 253 4060 1926 4133">
     <span class='ocr_line' id='line_1_43' title="bbox 253 4060 1926 4133; baseline 0.004 -21"><span class='ocrx_word' id='word_1_324' title='bbox 253 4061 468 4124; x_wconf 75' lang='grc' dir='ltr'>αὐτοὺς,</span> <span class='ocrx_word' id='word_1_325' title='bbox 504 4063 564 4113; x_wconf 76' lang='grc' dir='ltr'>ἰν</span> <span class='ocrx_word' id='word_1_326' title='bbox 619 4062 770 4131; x_wconf 86' lang='grc' dir='ltr'>μέσῳ</span> <span class='ocrx_word' id='word_1_327' title='bbox 808 4060 903 4113; x_wconf 90' lang='grc' dir='ltr'>τοῦ</span> <span class='ocrx_word' id='word_1_328' title='bbox 943 4062 1172 4133; x_wconf 75' lang='grc' dir='ltr'>θεάτρου</span> <span class='ocrx_word' id='word_1_329' title='bbox 1208 4062 1455 4131; x_wconf 90' lang='grc' dir='ltr'>λέγουσι·</span> <span class='ocrx_word' id='word_1_330' title='bbox 1495 4065 1554 4117; x_wconf 83' lang='grc' dir='ltr'>Τί</span> <span class='ocrx_word' id='word_1_331' title='bbox 1592 4063 1926 4133; x_wconf 76' lang='grc' dir='ltr'>ποιήσομεν</span> 
     </span>
    </p>
   </div>
   <div class='ocr_carea' id='block_1_44' title="bbox 255 4136 1923 4222">
    <p class='ocr_par' dir='ltr' id='par_1_44' title="bbox 255 4136 1923 4222">
     <span class='ocr_line' id='line_1_44' title="bbox 255 4136 1923 4222; baseline 0.003 -22"><span class='ocrx_word' id='word_1_332' title='bbox 255 4147 375 4214; x_wconf 80' lang='grc' dir='ltr'>τοῖς</span> <span class='ocrx_word' id='word_1_333' title='bbox 397 4147 730 4217; x_wconf 74' lang='grc' dir='ltr'>ἀνθρώποις</span> <span class='ocrx_word' id='word_1_334' title='bbox 769 4150 1041 4213; x_wconf 82' lang='grc' dir='ltr'>τούτοιςς</span> <span class='ocrx_word' id='word_1_335' title='bbox 1092 4149 1333 4203; x_wconf 82' lang='grc' dir='ltr'>Ἰουδαῖοι</span> <span class='ocrx_word' id='word_1_336' title='bbox 1373 4150 1423 4203; x_wconf 90' lang='grc' dir='ltr'>οἰ</span> <span class='ocrx_word' id='word_1_337' title='bbox 1465 4151 1693 4221; x_wconf 89' lang='grc' dir='ltr'>αῖμασιν</span> <span class='ocrx_word' id='word_1_338' title='bbox 1735 4136 1923 4222; x_wconf 84' lang='grc' dir='ltr'>ἐντρα-</span> 
     </span>
    </p>
   </div>
   <div class='ocr_carea' id='block_1_45' title="bbox 259 4234 1927 4307">
    <p class='ocr_par' dir='ltr' id='par_1_45' title="bbox 259 4234 1927 4307">
     <span class='ocr_line' id='line_1_45' title="bbox 259 4234 1927 4307; baseline 0.002 -18"><span class='ocrx_word' id='word_1_339' title='bbox 259 4234 439 4304; x_wconf 77' lang='grc' dir='ltr'>φέντες</span> <span class='ocrx_word' id='word_1_340' title='bbox 468 4238 853 4307; x_wconf 86' lang='grc' dir='ltr'>προφητικοῖς,</span> <span class='ocrx_word' id='word_1_341' title='bbox 893 4235 1062 4306; x_wconf 85' lang='grc' dir='ltr'>δῆμος</span> <span class='ocrx_word' id='word_1_342' title='bbox 1107 4236 1365 4307; x_wconf 85' lang='grc' dir='ltr'>μεμηνὼς</span> <span class='ocrx_word' id='word_1_343' title='bbox 1398 4237 1493 4290; x_wconf 74' lang='grc' dir='ltr'>καὶ</span> <span class='ocrx_word' id='word_1_344' title='bbox 1520 4236 1753 4301; x_wconf 91' lang='grc' dir='ltr'>λυσσῶν,</span> <span class='ocrx_word' id='word_1_345' title='bbox 1790 4240 1819 4291; x_wconf 88' lang='lat'>6</span> <span class='ocrx_word' id='word_1_346' title='bbox 1857 4239 1927 4292; x_wconf 86' lang='grc' dir='ltr'>τά</span> 
     </span>
    </p>
   </div>
   <div class='ocr_carea' id='block_1_46' title="bbox 262 4322 1924 4395">
    <p class='ocr_par' dir='ltr' id='par_1_46' title="bbox 262 4322 1924 4395">
     <span class='ocr_line' id='line_1_46' title="bbox 262 4322 1924 4395; baseline 0.003 -20"><span class='ocrx_word' id='word_1_347' title='bbox 262 4322 615 4395; x_wconf 80' lang='grc' dir='ltr'>θυσιαστήρια</span> <span class='ocrx_word' id='word_1_348' title='bbox 643 4323 1026 4393; x_wconf 77' lang='grc' dir='ltr'>κατασκάψας,</span> <span class='ocrx_word' id='word_1_349' title='bbox 1053 4327 1083 4377; x_wconf 98' lang='lat'>6</span> <span class='ocrx_word' id='word_1_350' title='bbox 1108 4327 1234 4388; x_wconf 76' lang='grc' dir='ltr'>τοὺς</span> <span class='ocrx_word' id='word_1_351' title='bbox 1264 4325 1549 4395; x_wconf 79' lang='grc' dir='ltr'>προφήτας</span> <span class='ocrx_word' id='word_1_352' title='bbox 1578 4326 1924 4390; x_wconf 85' lang='grc' dir='ltr'>ἀποκτείνας,</span> 
     </span>
    </p>
   </div>
   <div class='ocr_carea' id='block_1_47' title="bbox 265 4411 1927 4484">
    <p class='ocr_par' dir='ltr' id='par_1_47' title="bbox 265 4411 1927 4484">
     <span class='ocr_line' id='line_1_47' title="bbox 265 4411 1927 4484; baseline 0.001 -19"><span class='ocrx_word' id='word_1_353' title='bbox 265 4413 291 4465; x_wconf 86' lang='lat'>6</span> <span class='ocrx_word' id='word_1_354' title='bbox 313 4414 483 4482; x_wconf 81' lang='grc' dir='ltr'>φόνοις</span> <span class='ocrx_word' id='word_1_355' title='bbox 507 4411 964 4482; x_wconf 82' lang='grc' dir='ltr'>συνανατραφεὶς,</span> <span class='ocrx_word' id='word_1_356' title='bbox 989 4414 1018 4465; x_wconf 88' lang='lat'>6</span> <span class='ocrx_word' id='word_1_357' title='bbox 1044 4411 1246 4482; x_wconf 89' lang='grc' dir='ltr'>θηρίων</span> <span class='ocrx_word' id='word_1_358' title='bbox 1276 4411 1630 4484; x_wconf 89' lang='grc' dir='ltr'>ἀγριώτερος,</span> <span class='ocrx_word' id='word_1_359' title='bbox 1666 4415 1694 4467; x_wconf 90' lang='lat'>6</span> <span class='ocrx_word' id='word_1_360' title='bbox 1718 4412 1927 4477; x_wconf 83' lang='grc' dir='ltr'>στάζων</span> 
     </span>
    </p>
   </div>
   <div class='ocr_carea' id='block_1_48' title="bbox 268 4494 1928 4571">
    <p class='ocr_par' dir='ltr' id='par_1_48' title="bbox 268 4494 1928 4571">
     <span class='ocr_line' id='line_1_48' title="bbox 268 4494 1928 4571; baseline 0.001 -19"><span class='ocrx_word' id='word_1_361' title='bbox 268 4500 365 4555; x_wconf 78' lang='grc' dir='ltr'>ἀπὸ</span> <span class='ocrx_word' id='word_1_362' title='bbox 386 4500 477 4554; x_wconf 89' lang='grc' dir='ltr'>τοῦ</span> <span class='ocrx_word' id='word_1_363' title='bbox 499 4500 731 4571; x_wconf 78' lang='grc' dir='ltr'>αἵματος</span> <span class='ocrx_word' id='word_1_364' title='bbox 753 4498 835 4552; x_wconf 78' lang='grc' dir='ltr'>ἔτι</span> <span class='ocrx_word' id='word_1_365' title='bbox 863 4497 956 4552; x_wconf 87' lang='grc' dir='ltr'>τοῦ</span> <span class='ocrx_word' id='word_1_366' title='bbox 986 4498 1328 4565; x_wconf 83' lang='grc' dir='ltr'>δεσποτικοῦ,</span> <span class='ocrx_word' id='word_1_367' title='bbox 1356 4502 1385 4553; x_wconf 91' lang='lat'>6</span> <span class='ocrx_word' id='word_1_368' title='bbox 1410 4500 1725 4571; x_wconf 87' lang='grc' dir='ltr'>σταυρώσας</span> <span class='ocrx_word' id='word_1_369' title='bbox 1743 4518 1758 4531; x_wconf 88' lang='grc'><strong>·</strong></span> <span class='ocrx_word' id='word_1_370' title='bbox 1775 4494 1928 4565; x_wconf 78' lang='grc' dir='ltr'>οὗτος</span> 
     </span>
    </p>
   </div>
   <div class='ocr_carea' id='block_1_49' title="bbox 270 4586 1926 4661">
    <p class='ocr_par' dir='ltr' id='par_1_49' title="bbox 270 4586 1926 4661">
     <span class='ocr_line' id='line_1_49' title="bbox 270 4586 1926 4661; baseline 0.001 -20"><span class='ocrx_word' id='word_1_371' title='bbox 270 4586 351 4641; x_wconf 80' lang='grc' dir='ltr'>δύο</span> <span class='ocrx_word' id='word_1_372' title='bbox 392 4587 573 4642; x_wconf 83' lang='grc' dir='ltr'>λαϐὼν</span> <span class='ocrx_word' id='word_1_373' title='bbox 622 4586 809 4650; x_wconf 81' lang='grc' dir='ltr'>ἁλιέας</span> <span class='ocrx_word' id='word_1_374' title='bbox 857 4587 1292 4658; x_wconf 82' lang='grc' dir='ltr'>ἀγραμμάτους,</span> <span class='ocrx_word' id='word_1_375' title='bbox 1346 4586 1589 4652; x_wconf 87' lang='grc' dir='ltr'>ἰδιώτας,</span> <span class='ocrx_word' id='word_1_376' title='bbox 1645 4588 1926 4661; x_wconf 85' lang='grc' dir='ltr'>ἀσήμους,</span> 
     </span>
    </p>
   </div>
   <div class='ocr_carea' id='block_1_50' title="bbox 275 4670 1927 4749">
    <p class='ocr_par' dir='ltr' id='par_1_50' title="bbox 275 4670 1927 4749">
     <span class='ocr_line' id='line_1_50' title="bbox 275 4670 1927 4749; baseline 0.001 -20"><span class='ocrx_word' id='word_1_377' title='bbox 275 4677 454 4748; x_wconf 83' lang='grc' dir='ltr'>ἰχθύων</span> <span class='ocrx_word' id='word_1_378' title='bbox 502 4675 909 4747; x_wconf 80' lang='grc' dir='ltr'>ἀφωνοτέρους,</span> <span class='ocrx_word' id='word_1_379' title='bbox 956 4670 1031 4728; x_wconf 86' lang='grc' dir='ltr'>ὧν</span> <span class='ocrx_word' id='word_1_380' title='bbox 1061 4674 1286 4747; x_wconf 89' lang='grc' dir='ltr'>θάτερος</span> <span class='ocrx_word' id='word_1_381' title='bbox 1318 4676 1438 4730; x_wconf 87' lang='grc' dir='ltr'>οὐδὲ</span> <span class='ocrx_word' id='word_1_382' title='bbox 1491 4677 1737 4748; x_wconf 85' lang='grc' dir='ltr'>θυρωροῦ</span> <span class='ocrx_word' id='word_1_383' title='bbox 1766 4677 1927 4749; x_wconf 75' lang='grc' dir='ltr'>ψιλὴν</span> 
     </span>
    </p>
   </div>
   <div class='ocr_carea' id='block_1_51' title="bbox 273 4764 1928 4836">
    <p class='ocr_par' dir='ltr' id='par_1_51' title="bbox 273 4764 1928 4836">
     <span class='ocr_line' id='line_1_51' title="bbox 273 4764 1928 4836; baseline 0.001 -20"><span class='ocrx_word' id='word_1_384' title='bbox 273 4764 482 4836; x_wconf 77' lang='grc' dir='ltr'>ἀπειλήν</span> <span class='ocrx_word' id='word_1_385' title='bbox 508 4764 711 4836; x_wconf 80' lang='grc' dir='ltr'>ήνεγκε</span> <span class='ocrx_word' id='word_1_386' title='bbox 730 4780 744 4794; x_wconf 93' lang='grc'><strong>·</strong></span> <span class='ocrx_word' id='word_1_387' title='bbox 772 4764 994 4827; x_wconf 87' lang='grc' dir='ltr'>τούτους</span> <span class='ocrx_word' id='word_1_388' title='bbox 1025 4765 1089 4835; x_wconf 80' lang='grc' dir='ltr'>δή</span> <span class='ocrx_word' id='word_1_389' title='bbox 1119 4764 1395 4828; x_wconf 83' lang='grc' dir='ltr'>λαϐόντες,</span> <span class='ocrx_word' id='word_1_390' title='bbox 1428 4765 1488 4817; x_wconf 87' lang='grc' dir='ltr'>ἐν</span> <span class='ocrx_word' id='word_1_391' title='bbox 1524 4764 1673 4836; x_wconf 84' lang='grc' dir='ltr'>μέσῳ</span> <span class='ocrx_word' id='word_1_392' title='bbox 1714 4766 1928 4836; x_wconf 78' lang='grc' dir='ltr'>ἔχοντες</span> 
     </span>
    </p>
   </div>
   <div class='ocr_carea' id='block_1_52' title="bbox 274 4852 1927 4925">
    <p class='ocr_par' dir='ltr' id='par_1_52' title="bbox 274 4852 1927 4925">
     <span class='ocr_line' id='line_1_52' title="bbox 274 4852 1927 4925; baseline 0 -19"><span class='ocrx_word' id='word_1_393' title='bbox 274 4852 607 4925; x_wconf 79' lang='grc' dir='ltr'>δεδεμένους,</span> <span class='ocrx_word' id='word_1_394' title='bbox 645 4852 926 4922; x_wconf 84' lang='grc' dir='ltr'>γυμνοὺς,</span> <span class='ocrx_word' id='word_1_395' title='bbox 972 4853 1033 4905; x_wconf 92' lang='grc' dir='ltr'>οὐ</span> <span class='ocrx_word' id='word_1_396' title='bbox 1079 4853 1379 4924; x_wconf 86' lang='grc' dir='ltr'>χρημάτων</span> <span class='ocrx_word' id='word_1_397' title='bbox 1432 4853 1927 4925; x_wconf 80' lang='grc' dir='ltr'>περιϐεϐλημένους</span> 
     </span>
    </p>
   </div>
   <div class='ocr_carea' id='block_1_53' title="bbox 276 4938 1925 5013">
    <p class='ocr_par' dir='ltr' id='par_1_53' title="bbox 276 4938 1925 5013">
     <span class='ocr_line' id='line_1_53' title="bbox 276 4938 1925 5013; baseline 0.001 -21"><span class='ocrx_word' id='word_1_398' title='bbox 276 4939 596 5012; x_wconf 74' lang='grc' dir='ltr'>περιουσίαν,</span> <span class='ocrx_word' id='word_1_399' title='bbox 627 4939 689 4992; x_wconf 87' lang='grc' dir='ltr'>οὐ</span> <span class='ocrx_word' id='word_1_400' title='bbox 724 4939 991 5011; x_wconf 84' lang='grc' dir='ltr'>σωμάτων</span> <span class='ocrx_word' id='word_1_401' title='bbox 1027 4940 1203 5010; x_wconf 82' lang='grc' dir='ltr'>ἰσχὺν,</span> <span class='ocrx_word' id='word_1_402' title='bbox 1239 4940 1301 4993; x_wconf 90' lang='grc' dir='ltr'>οὐ</span> <span class='ocrx_word' id='word_1_403' title='bbox 1331 4939 1503 5013; x_wconf 80' lang='grc' dir='ltr'>λόγων</span> <span class='ocrx_word' id='word_1_404' title='bbox 1532 4938 1831 5012; x_wconf 89' lang='grc' dir='ltr'>δεινότητα,</span> <span class='ocrx_word' id='word_1_405' title='bbox 1864 4940 1925 4994; x_wconf 88' lang='grc' dir='ltr'>οὐ</span> 
     </span>
    </p>
   </div>
   <div class='ocr_carea' id='block_1_54' title="bbox 873 344 3037 437">
    <p class='ocr_par' dir='ltr' id='par_1_54' title="bbox 873 344 3037 437">
     <span class='ocr_line' id='line_1_54' title="bbox 873 344 3037 437; baseline 0.006 -22"><span class='ocrx_word' id='word_1_406' title='bbox 873 360 985 417; x_wconf 82' lang='lat' dir='ltr'>\&#39;l||</span> <span class='ocrx_word' id='word_1_407' title='bbox 1030 361 1336 437; x_wconf 69' lang='lat' dir='ltr'>HOMILIA,</span> <span class='ocrx_word' id='word_1_408' title='bbox 1380 364 1633 423; x_wconf 77' lang='lat' dir='ltr'>IIABITA</span> <span class='ocrx_word' id='word_1_409' title='bbox 1674 344 2045 436; x_wconf 77' lang='lat' dir='ltr'>POSTQUAM</span> <span class='ocrx_word' id='word_1_410' title='bbox 2088 367 2497 427; x_wconf 71' lang='lat' dir='ltr'>PRESBYTER</span> <span class='ocrx_word' id='word_1_411' title='bbox 2536 371 2842 436; x_wconf 80' lang='lat' dir='ltr'>GOTIIUS,</span> <span class='ocrx_word' id='word_1_412' title='bbox 2884 372 3037 428; x_wconf 79' lang='lat' dir='ltr'>ETC.</span> 
     </span>
    </p>
   </div>
   <div class='ocr_carea' id='block_1_55' title="bbox 3572 370 3678 432">
    <p class='ocr_par' dir='ltr' id='par_1_55' title="bbox 3572 370 3678 432">
     <span class='ocr_line' id='line_1_55' title="bbox 3572 370 3678 432; baseline -0.075 1"><span class='ocrx_word' id='word_1_413' title='bbox 3572 370 3678 432; x_wconf 82' lang='lat'>500</span> 
     </span>
    </p>
   </div>
   <div class='ocr_carea' id='block_1_56' title="bbox 2013 482 3682 568">
    <p class='ocr_par' dir='ltr' id='par_1_56' title="bbox 2013 482 3682 568">
     <span class='ocr_line' id='line_1_56' title="bbox 2013 482 3682 568; baseline 0.011 -34"><span class='ocrx_word' id='word_1_414' title='bbox 2013 483 2297 555; x_wconf 74' lang='grc' dir='ltr'>ῥητορείας</span> <span class='ocrx_word' id='word_1_415' title='bbox 2321 482 2567 555; x_wconf 90' lang='grc' dir='ltr'>δύναμιν,</span> <span class='ocrx_word' id='word_1_416' title='bbox 2591 486 2652 539; x_wconf 92' lang='grc' dir='ltr'>οὐ</span> <span class='ocrx_word' id='word_1_417' title='bbox 2685 487 2875 555; x_wconf 85' lang='grc' dir='ltr'>γένους</span> <span class='ocrx_word' id='word_1_418' title='bbox 2904 488 3279 558; x_wconf 78' lang='grc' dir='ltr'>περιφάνειαν,</span> <span class='ocrx_word' id='word_1_419' title='bbox 3315 492 3375 547; x_wconf 88' lang='grc' dir='ltr'>οὐ</span> <span class='ocrx_word' id='word_1_420' title='bbox 3423 497 3682 568; x_wconf 82' lang='grc' dir='ltr'>πατρίδος</span> 
     </span>
    </p>
   </div>
   <div class='ocr_carea' id='block_1_57' title="bbox 2014 570 3679 653">
    <p class='ocr_par' dir='ltr' id='par_1_57' title="bbox 2014 570 3679 653">
     <span class='ocr_line' id='line_1_57' title="bbox 2014 570 3679 653; baseline 0.011 -31"><span class='ocrx_word' id='word_1_421' title='bbox 2014 570 2262 640; x_wconf 86' lang='grc' dir='ltr'>μέγεθος,</span> <span class='ocrx_word' id='word_1_422' title='bbox 2281 571 2466 635; x_wconf 82' lang='grc' dir='ltr'>ἁλιέας</span> <span class='ocrx_word' id='word_1_423' title='bbox 2481 573 2539 640; x_wconf 76' lang='grc' dir='ltr'>ἐξ</span> <span class='ocrx_word' id='word_1_424' title='bbox 2558 574 2771 637; x_wconf 89' lang='grc' dir='ltr'>ἀλιέων,</span> <span class='ocrx_word' id='word_1_425' title='bbox 2787 576 2986 647; x_wconf 82' lang='grc' dir='ltr'>ἐσχάτῃ</span> <span class='ocrx_word' id='word_1_426' title='bbox 3002 579 3243 650; x_wconf 78' lang='grc' dir='ltr'>πτωχείᾳ</span> <span class='ocrx_word' id='word_1_427' title='bbox 3264 586 3679 653; x_wconf 84' lang='grc' dir='ltr'>συνεστηκότας,</span> 
     </span>
    </p>
   </div>
   <div class='ocr_carea' id='block_1_58' title="bbox 2011 657 3686 741">
    <p class='ocr_par' dir='ltr' id='par_1_58' title="bbox 2011 657 3686 741">
     <span class='ocr_line' id='line_1_58' title="bbox 2011 657 3686 741; baseline 0.01 -31"><span class='ocrx_word' id='word_1_428' title='bbox 2011 657 2308 728; x_wconf 82' lang='grc' dir='ltr'>ἀποροῦσιν</span> <span class='ocrx_word' id='word_1_429' title='bbox 2327 658 2380 711; x_wconf 92' lang='grc' dir='ltr'>τί</span> <span class='ocrx_word' id='word_1_430' title='bbox 2411 659 2593 723; x_wconf 87' lang='grc' dir='ltr'>αὐτοῖς</span> <span class='ocrx_word' id='word_1_431' title='bbox 2614 663 2923 731; x_wconf 85' lang='grc' dir='ltr'>χρήσονται,</span> <span class='ocrx_word' id='word_1_432' title='bbox 2943 662 3035 716; x_wconf 91' lang='grc' dir='ltr'>καί</span> <span class='ocrx_word' id='word_1_433' title='bbox 3066 682 3195 732; x_wconf 85' lang='grc' dir='ltr'>φασι</span> <span class='ocrx_word' id='word_1_434' title='bbox 3216 682 3230 696; x_wconf 77' lang='lat'><strong><em>°</em></strong></span> <span class='ocrx_word' id='word_1_435' title='bbox 3259 670 3319 721; x_wconf 87' lang='grc' dir='ltr'>Τί</span> <span class='ocrx_word' id='word_1_436' title='bbox 3348 671 3686 741; x_wconf 71' lang='grc' dir='ltr'>ποιήσομεν</span> 
     </span>
    </p>
   </div>
   <div class='ocr_carea' id='block_1_59' title="bbox 2012 745 3683 828">
    <p class='ocr_par' dir='ltr' id='par_1_59' title="bbox 2012 745 3683 828">
     <span class='ocr_line' id='line_1_59' title="bbox 2012 745 3683 828; baseline 0.01 -29"><span class='ocrx_word' id='word_1_437' title='bbox 2012 745 2137 811; x_wconf 81' lang='grc' dir='ltr'>τοῖς</span> <span class='ocrx_word' id='word_1_438' title='bbox 2159 746 2491 815; x_wconf 78' lang='grc' dir='ltr'>ἀνθρώποις</span> <span class='ocrx_word' id='word_1_439' title='bbox 2522 750 2787 815; x_wconf 81' lang='grc' dir='ltr'>τούτοις;</span> <span class='ocrx_word' id='word_1_440' title='bbox 2826 750 2985 821; x_wconf 75' lang='grc' dir='ltr'>Ὁρᾷς</span> <span class='ocrx_word' id='word_1_441' title='bbox 3028 752 3215 819; x_wconf 87' lang='grc' dir='ltr'>ήλίκον</span> <span class='ocrx_word' id='word_1_442' title='bbox 3257 756 3455 828; x_wconf 84' lang='grc' dir='ltr'>ἀρετή;</span> <span class='ocrx_word' id='word_1_443' title='bbox 3482 759 3601 824; x_wconf 89' lang='grc' dir='ltr'>πῶς</span> <span class='ocrx_word' id='word_1_444' title='bbox 3632 761 3683 814; x_wconf 93' lang='grc' dir='ltr'>οἰ</span> 
     </span>
    </p>
   </div>
   <div class='ocr_carea' id='block_1_60' title="bbox 2016 833 3685 918">
    <p class='ocr_par' dir='ltr' id='par_1_60' title="bbox 2016 833 3685 918">
     <span class='ocr_line' id='line_1_60' title="bbox 2016 833 3685 918; baseline 0.01 -33"><span class='ocrx_word' id='word_1_445' title='bbox 2016 836 2311 903; x_wconf 82' lang='grc' dir='ltr'>πειρασμοί</span> <span class='ocrx_word' id='word_1_446' title='bbox 2340 833 2629 904; x_wconf 82' lang='grc' dir='ltr'>βεϐαίωσις</span> <span class='ocrx_word' id='word_1_447' title='bbox 2662 834 2756 888; x_wconf 88' lang='grc' dir='ltr'>τοῦ</span> <span class='ocrx_word' id='word_1_448' title='bbox 2783 838 3134 905; x_wconf 78' lang='grc' dir='ltr'>εὐαγγελίους</span> <span class='ocrx_word' id='word_1_449' title='bbox 3172 843 3279 895; x_wconf 78' lang='grc' dir='ltr'>Καὶ</span> <span class='ocrx_word' id='word_1_450' title='bbox 3304 843 3523 913; x_wconf 87' lang='grc' dir='ltr'>λέγουσι</span> <span class='ocrx_word' id='word_1_451' title='bbox 3548 846 3685 918; x_wconf 75' lang='grc' dir='ltr'>πρὸς</span> 
     </span>
    </p>
   </div>
   <div class='ocr_carea' id='block_1_61' title="bbox 2014 920 3683 1001">
    <p class='ocr_par' dir='ltr' id='par_1_61' title="bbox 2014 920 3683 1001">
     <span class='ocr_line' id='line_1_61' title="bbox 2014 920 3683 1001; baseline 0.002 -28"><span class='ocrx_word' id='word_1_452' title='bbox 2014 920 2236 984; x_wconf 77' lang='grc' dir='ltr'>αὐτούς’</span> <span class='ocrx_word' id='word_1_453' title='bbox 2268 924 2350 975; x_wconf 88' lang='grc' dir='ltr'>Οὐ</span> <span class='ocrx_word' id='word_1_454' title='bbox 2378 923 2744 992; x_wconf 73' lang='grc' dir='ltr'>παραγγελία</span> <span class='ocrx_word' id='word_1_455' title='bbox 2776 927 3252 995; x_wconf 72' lang='grc' dir='ltr'>παρηγγείλαμεν</span> <span class='ocrx_word' id='word_1_456' title='bbox 3280 930 3422 998; x_wconf 81' lang='grc' dir='ltr'>ὑμῖν</span> <span class='ocrx_word' id='word_1_457' title='bbox 3461 932 3539 1001; x_wconf 78' lang='grc' dir='ltr'>μὴ</span> <span class='ocrx_word' id='word_1_458' title='bbox 3572 938 3683 988; x_wconf 72' lang='grc' dir='ltr'>λα.</span> 
     </span>
    </p>
   </div>
   <div class='ocr_carea' id='block_1_62' title="bbox 2012 1007 3687 1089">
    <p class='ocr_par' dir='ltr' id='par_1_62' title="bbox 2012 1007 3687 1089">
     <span class='ocr_line' id='line_1_62' title="bbox 2012 1007 3687 1089; baseline 0.008 -29"><span class='ocrx_word' id='word_1_459' title='bbox 2012 1007 2146 1060; x_wconf 72' lang='grc' dir='ltr'>λεῖν</span> <span class='ocrx_word' id='word_1_460' title='bbox 2175 1008 2272 1060; x_wconf 81' lang='grc' dir='ltr'>ἐπὶ</span> <span class='ocrx_word' id='word_1_461' title='bbox 2296 1008 2375 1073; x_wconf 80' lang='grc' dir='ltr'>τῷ</span> <span class='ocrx_word' id='word_1_462' title='bbox 2398 1009 2641 1081; x_wconf 58' lang='grc' dir='ltr'>ὀνόματι</span> <span class='ocrx_word' id='word_1_463' title='bbox 2664 1012 2883 1075; x_wconf 85' lang='grc' dir='ltr'>τούτῳ;</span> <span class='ocrx_word' id='word_1_464' title='bbox 2912 1010 3017 1065; x_wconf 76' lang='grc' dir='ltr'>Καὶ</span> <span class='ocrx_word' id='word_1_465' title='bbox 3040 1013 3343 1075; x_wconf 74' lang='grc' dir='ltr'>,βούλεσθε</span> <span class='ocrx_word' id='word_1_466' title='bbox 3366 1018 3687 1089; x_wconf 68' lang='grc' dir='ltr'>ἐπαγαγεῖν</span> 
     </span>
    </p>
   </div>
   <div class='ocr_carea' id='block_1_63' title="bbox 2013 1091 3686 1176">
    <p class='ocr_par' dir='ltr' id='par_1_63' title="bbox 2013 1091 3686 1176">
     <span class='ocr_line' id='line_1_63' title="bbox 2013 1091 3686 1176; baseline 0.016 -40"><span class='ocrx_word' id='word_1_467' title='bbox 2013 1094 2104 1162; x_wconf 63' lang='grc' dir='ltr'>ἐφ’</span> <span class='ocrx_word' id='word_1_468' title='bbox 2138 1093 2296 1163; x_wconf 74' lang='grc' dir='ltr'>ἡμᾶς</span> <span class='ocrx_word' id='word_1_469' title='bbox 2327 1094 2393 1148; x_wconf 81' lang='grc' dir='ltr'>τὸ</span> <span class='ocrx_word' id='word_1_470' title='bbox 2418 1091 2560 1164; x_wconf 79' lang='grc' dir='ltr'>αἷμα</span> <span class='ocrx_word' id='word_1_471' title='bbox 2591 1096 2696 1149; x_wconf 84' lang='grc' dir='ltr'>τοῦ</span> <span class='ocrx_word' id='word_1_472' title='bbox 2719 1096 3030 1164; x_wconf 81' lang='grc' dir='ltr'>ἀνθρώπου</span> <span class='ocrx_word' id='word_1_473' title='bbox 3053 1101 3285 1155; x_wconf 85' lang='grc' dir='ltr'>τούτου.</span> <span class='ocrx_word' id='word_1_474' title='bbox 3317 1102 3379 1156; x_wconf 82' lang='grc' dir='ltr'>Εἰ</span> <span class='ocrx_word' id='word_1_475' title='bbox 3402 1106 3686 1176; x_wconf 78' lang='grc' dir='ltr'>ἄνθρωπός</span> 
     </span>
    </p>
   </div>
   <div class='ocr_carea' id='block_1_64' title="bbox 2015 1180 3686 1255">
    <p class='ocr_par' dir='ltr' id='par_1_64' title="bbox 2015 1180 3686 1255">
     <span class='ocr_line' id='line_1_64' title="bbox 2015 1180 3686 1255; baseline 0.009 -21"><span class='ocrx_word' id='word_1_476' title='bbox 2015 1183 2132 1234; x_wconf 85' lang='grc' dir='ltr'>ἐστι</span> <span class='ocrx_word' id='word_1_477' title='bbox 2153 1181 2325 1249; x_wconf 67' lang='grc' dir='ltr'>ψιλὸς,</span> <span class='ocrx_word' id='word_1_478' title='bbox 2356 1180 2411 1233; x_wconf 87' lang='grc' dir='ltr'>τί</span> <span class='ocrx_word' id='word_1_479' title='bbox 2437 1182 2677 1245; x_wconf 88' lang='grc' dir='ltr'>δέδοικας</span> <span class='ocrx_word' id='word_1_480' title='bbox 2703 1200 2716 1247; x_wconf 92' lang='lat'><strong>;</strong></span> <span class='ocrx_word' id='word_1_481' title='bbox 2747 1186 2795 1237; x_wconf 89' lang='grc' dir='ltr'>εἰ</span> <span class='ocrx_word' id='word_1_482' title='bbox 2824 1185 2880 1237; x_wconf 89' lang='grc' dir='ltr'>δὲ</span> <span class='ocrx_word' id='word_1_483' title='bbox 2910 1185 3041 1249; x_wconf 85' lang='grc' dir='ltr'>Θεός</span> <span class='ocrx_word' id='word_1_484' title='bbox 3072 1188 3208 1251; x_wconf 81' lang='grc' dir='ltr'>ἐστι,</span> <span class='ocrx_word' id='word_1_485' title='bbox 3238 1190 3381 1255; x_wconf 86' lang='grc' dir='ltr'>τίνος</span> <span class='ocrx_word' id='word_1_486' title='bbox 3415 1194 3598 1247; x_wconf 74' lang='grc' dir='ltr'>ἕνεκεν</span> <span class='ocrx_word' id='word_1_487' title='bbox 3622 1196 3686 1248; x_wconf 88' lang='grc' dir='ltr'>οὐ</span> 
     </span>
    </p>
   </div>
   <div class='ocr_carea' id='block_1_65' title="bbox 2015 1269 3688 1347">
    <p class='ocr_par' dir='ltr' id='par_1_65' title="bbox 2015 1269 3688 1347">
     <span class='ocr_line' id='line_1_65' title="bbox 2015 1269 3688 1347; baseline 0.011 -29"><span class='ocrx_word' id='word_1_488' title='bbox 2015 1270 2377 1338; x_wconf 80' lang='grc' dir='ltr'>προσκυνεῖςς</span> <span class='ocrx_word' id='word_1_489' title='bbox 2406 1270 2518 1321; x_wconf 78' lang='grc' dir='ltr'>Οὐκ</span> <span class='ocrx_word' id='word_1_490' title='bbox 2556 1269 2716 1333; x_wconf 82' lang='grc' dir='ltr'>ἐϐόας</span> <span class='ocrx_word' id='word_1_491' title='bbox 2756 1270 2946 1341; x_wconf 86' lang='grc' dir='ltr'>πρώην</span> <span class='ocrx_word' id='word_1_492' title='bbox 2983 1273 3175 1341; x_wconf 90' lang='grc' dir='ltr'>λέγων,</span> <span class='ocrx_word' id='word_1_493' title='bbox 3213 1276 3285 1330; x_wconf 85' lang='grc' dir='ltr'>Τὸ</span> <span class='ocrx_word' id='word_1_494' title='bbox 3325 1274 3467 1347; x_wconf 79' lang='grc' dir='ltr'>αἷμα</span> <span class='ocrx_word' id='word_1_495' title='bbox 3498 1282 3688 1337; x_wconf 85' lang='grc' dir='ltr'>αὑτοῦ</span> 
     </span>
    </p>
   </div>
   <div class='ocr_carea' id='block_1_66' title="bbox 2013 1354 3689 1431">
    <p class='ocr_par' dir='ltr' id='par_1_66' title="bbox 2013 1354 3689 1431">
     <span class='ocr_line' id='line_1_66' title="bbox 2013 1354 3689 1431; baseline 0.009 -23"><span class='ocrx_word' id='word_1_496' title='bbox 2013 1356 2107 1424; x_wconf 74' lang='grc' dir='ltr'>ἐφ’</span> <span class='ocrx_word' id='word_1_497' title='bbox 2143 1354 2302 1423; x_wconf 76' lang='grc' dir='ltr'>ἡμᾶς</span> <span class='ocrx_word' id='word_1_498' title='bbox 2342 1357 2438 1409; x_wconf 77' lang='grc' dir='ltr'>καὶ</span> <span class='ocrx_word' id='word_1_499' title='bbox 2467 1358 2564 1410; x_wconf 78' lang='grc' dir='ltr'>ἐπὶ</span> <span class='ocrx_word' id='word_1_500' title='bbox 2603 1359 2674 1411; x_wconf 84' lang='grc' dir='ltr'>τὰ</span> <span class='ocrx_word' id='word_1_501' title='bbox 2707 1359 2886 1412; x_wconf 79' lang='grc' dir='ltr'>τέκνα</span> <span class='ocrx_word' id='word_1_502' title='bbox 2922 1361 3127 1429; x_wconf 75' lang='grc' dir='ltr'>ἡμῶνς</span> <span class='ocrx_word' id='word_1_503' title='bbox 3158 1364 3319 1418; x_wconf 90' lang='grc' dir='ltr'>πόθεν</span> <span class='ocrx_word' id='word_1_504' title='bbox 3358 1366 3597 1431; x_wconf 87' lang='grc' dir='ltr'>δέδοικας</span> <span class='ocrx_word' id='word_1_505' title='bbox 3627 1369 3689 1423; x_wconf 79' lang='grc' dir='ltr'>τδ</span> 
     </span>
    </p>
   </div>
   <div class='ocr_carea' id='block_1_67' title="bbox 2016 1437 3689 1521">
    <p class='ocr_par' dir='ltr' id='par_1_67' title="bbox 2016 1437 3689 1521">
     <span class='ocr_line' id='line_1_67' title="bbox 2016 1437 3689 1521; baseline 0.009 -26"><span class='ocrx_word' id='word_1_506' title='bbox 2016 1437 2156 1513; x_wconf 79' lang='grc' dir='ltr'>αἷμα</span> <span class='ocrx_word' id='word_1_507' title='bbox 2178 1458 2194 1505; x_wconf 76' lang='grc' dir='ltr'>ς</span> <span class='ocrx_word' id='word_1_508' title='bbox 2220 1443 2272 1495; x_wconf 90' lang='grc' dir='ltr'>τί</span> <span class='ocrx_word' id='word_1_509' title='bbox 2318 1459 2409 1495; x_wconf 93' lang='grc' dir='ltr'>σου</span> <span class='ocrx_word' id='word_1_510' title='bbox 2439 1444 2537 1515; x_wconf 77' lang='grc' dir='ltr'>τὴν</span> <span class='ocrx_word' id='word_1_511' title='bbox 2578 1444 2815 1499; x_wconf 82' lang='grc' dir='ltr'>διάνοιαν</span> <span class='ocrx_word' id='word_1_512' title='bbox 2853 1447 3150 1516; x_wconf 84' lang='grc' dir='ltr'>διέσεισεν;</span> <span class='ocrx_word' id='word_1_513' title='bbox 3193 1452 3291 1505; x_wconf 87' lang='grc' dir='ltr'>οὐκ</span> <span class='ocrx_word' id='word_1_514' title='bbox 3322 1452 3551 1521; x_wconf 74' lang='grc' dir='ltr'>ἔδησαςς</span> <span class='ocrx_word' id='word_1_515' title='bbox 3586 1457 3689 1511; x_wconf 76' lang='grc' dir='ltr'>οὐκ</span> 
     </span>
    </p>
   </div>
   <div class='ocr_carea' id='block_1_68' title="bbox 2016 1530 3687 1613">
    <p class='ocr_par' dir='ltr' id='par_1_68' title="bbox 2016 1530 3687 1613">
     <span class='ocr_line' id='line_1_68' title="bbox 2016 1530 3687 1613; baseline 0.009 -31"><span class='ocrx_word' id='word_1_516' title='bbox 2016 1530 2349 1600; x_wconf 80' lang='grc' dir='ltr'>ἐμάστιξαςς</span> <span class='ocrx_word' id='word_1_517' title='bbox 2379 1532 2478 1584; x_wconf 83' lang='grc' dir='ltr'>οὐκ</span> <span class='ocrx_word' id='word_1_518' title='bbox 2508 1534 2892 1602; x_wconf 84' lang='grc' dir='ltr'>ἐσταύρωσας;</span> <span class='ocrx_word' id='word_1_519' title='bbox 2924 1536 2983 1587; x_wconf 89' lang='grc' dir='ltr'>οὐ</span> <span class='ocrx_word' id='word_1_520' title='bbox 3019 1536 3208 1608; x_wconf 78' lang='grc' dir='ltr'>νεκρὸν</span> <span class='ocrx_word' id='word_1_521' title='bbox 3232 1532 3369 1603; x_wconf 80' lang='grc' dir='ltr'>εἶδες</span> <span class='ocrx_word' id='word_1_522' title='bbox 3396 1542 3687 1613; x_wconf 85' lang='grc' dir='ltr'>καθαιρού-</span> 
     </span>
    </p>
   </div>
   <div class='ocr_carea' id='block_1_69' title="bbox 2020 1617 3688 1701">
    <p class='ocr_par' dir='ltr' id='par_1_69' title="bbox 2020 1617 3688 1701">
     <span class='ocr_line' id='line_1_69' title="bbox 2020 1617 3688 1701; baseline 0.009 -33"><span class='ocrx_word' id='word_1_523' title='bbox 2020 1633 2179 1688; x_wconf 89' lang='grc' dir='ltr'>μενον</span> <span class='ocrx_word' id='word_1_524' title='bbox 2216 1617 2325 1670; x_wconf 80' lang='grc' dir='ltr'>ἀπὸ</span> <span class='ocrx_word' id='word_1_525' title='bbox 2354 1617 2448 1671; x_wconf 89' lang='grc' dir='ltr'>τοῦ</span> <span class='ocrx_word' id='word_1_526' title='bbox 2488 1620 2755 1691; x_wconf 89' lang='grc' dir='ltr'>σταυροῦ;</span> <span class='ocrx_word' id='word_1_527' title='bbox 2787 1620 2848 1674; x_wconf 90' lang='grc' dir='ltr'>οὐ</span> <span class='ocrx_word' id='word_1_528' title='bbox 2885 1622 3220 1692; x_wconf 86' lang='grc' dir='ltr'>θαπτόμενον</span> <span class='ocrx_word' id='word_1_529' title='bbox 3250 1625 3478 1688; x_wconf 85' lang='grc' dir='ltr'>ἐθεάσω.</span> <span class='ocrx_word' id='word_1_530' title='bbox 3502 1631 3595 1683; x_wconf 77' lang='grc' dir='ltr'>καὶ</span> <span class='ocrx_word' id='word_1_531' title='bbox 3620 1633 3688 1701; x_wconf 72' lang='grc' dir='ltr'>τῇ</span> 
     </span>
    </p>
   </div>
   <div class='ocr_carea' id='block_1_70' title="bbox 2016 1705 3691 1787">
    <p class='ocr_par' dir='ltr' id='par_1_70' title="bbox 2016 1705 3691 1787">
     <span class='ocr_line' id='line_1_70' title="bbox 2016 1705 3691 1787; baseline 0.009 -31"><span class='ocrx_word' id='word_1_532' title='bbox 2016 1707 2087 1775; x_wconf 80' lang='grc' dir='ltr'>γῇ</span> <span class='ocrx_word' id='word_1_533' title='bbox 2111 1705 2520 1777; x_wconf 78' lang='grc' dir='ltr'>κρυπτόμενονς</span> <span class='ocrx_word' id='word_1_534' title='bbox 2546 1708 2606 1761; x_wconf 85' lang='grc' dir='ltr'>οὐ</span> <span class='ocrx_word' id='word_1_535' title='bbox 2638 1710 2924 1780; x_wconf 85' lang='grc' dir='ltr'>σήμαντρα</span> <span class='ocrx_word' id='word_1_536' title='bbox 2951 1711 3225 1782; x_wconf 79' lang='grc' dir='ltr'>ἐπέθηκας</span> <span class='ocrx_word' id='word_1_537' title='bbox 3244 1712 3320 1785; x_wconf 82' lang='grc' dir='ltr'>τῷ</span> <span class='ocrx_word' id='word_1_538' title='bbox 3363 1715 3554 1787; x_wconf 75' lang='grc' dir='ltr'>τάφως</span> <span class='ocrx_word' id='word_1_539' title='bbox 3590 1718 3691 1771; x_wconf 87' lang='grc' dir='ltr'>οὐκ</span> 
     </span>
    </p>
   </div>
   <div class='ocr_carea' id='block_1_71' title="bbox 2016 1792 3693 1872">
    <p class='ocr_par' dir='ltr' id='par_1_71' title="bbox 2016 1792 3693 1872">
     <span class='ocr_line' id='line_1_71' title="bbox 2016 1792 3693 1872; baseline 0.009 -28"><span class='ocrx_word' id='word_1_540' title='bbox 2016 1792 2189 1862; x_wconf 83' lang='grc' dir='ltr'>ἐπρίω</span> <span class='ocrx_word' id='word_1_541' title='bbox 2220 1794 2343 1856; x_wconf 77' lang='grc' dir='ltr'>τοὺς</span> <span class='ocrx_word' id='word_1_542' title='bbox 2365 1794 2735 1865; x_wconf 77' lang='grc' dir='ltr'>στρατιώταςς</span> <span class='ocrx_word' id='word_1_543' title='bbox 2768 1797 2827 1849; x_wconf 90' lang='grc' dir='ltr'>οὐ</span> <span class='ocrx_word' id='word_1_544' title='bbox 2855 1796 3045 1870; x_wconf 85' lang='grc' dir='ltr'>φήμην</span> <span class='ocrx_word' id='word_1_545' title='bbox 3070 1798 3402 1872; x_wconf 88' lang='grc' dir='ltr'>διέσπειρας,</span> <span class='ocrx_word' id='word_1_546' title='bbox 3438 1803 3519 1857; x_wconf 84' lang='grc' dir='ltr'>δτι</span> <span class='ocrx_word' id='word_1_547' title='bbox 3542 1803 3693 1858; x_wconf 78' lang='grc' dir='ltr'>ἔκλε-</span> 
     </span>
    </p>
   </div>
   <div class='ocr_carea' id='block_1_72' title="bbox 2014 1877 3692 1961">
    <p class='ocr_par' dir='ltr' id='par_1_72' title="bbox 2014 1877 3692 1961">
     <span class='ocr_line' id='line_1_72' title="bbox 2014 1877 3692 1961; baseline 0.007 -29"><span class='ocrx_word' id='word_1_548' title='bbox 2014 1877 2122 1947; x_wconf 73' lang='grc' dir='ltr'>ψαν</span> <span class='ocrx_word' id='word_1_549' title='bbox 2152 1878 2315 1931; x_wconf 75' lang='grc' dir='ltr'>αὐτὸν</span> <span class='ocrx_word' id='word_1_550' title='bbox 2335 1881 2384 1933; x_wconf 86' lang='grc' dir='ltr'>οἰ</span> <span class='ocrx_word' id='word_1_551' title='bbox 2418 1881 2656 1951; x_wconf 91' lang='grc' dir='ltr'>μαθηταί</span> <span class='ocrx_word' id='word_1_552' title='bbox 2679 1897 2697 1950; x_wconf 86' lang='lat'><strong>;</strong></span> <span class='ocrx_word' id='word_1_553' title='bbox 2717 1881 2802 1959; x_wconf 38' lang='grc' dir='ltr'>,Τί</span> <span class='ocrx_word' id='word_1_554' title='bbox 2822 1884 3068 1948; x_wconf 87' lang='grc' dir='ltr'>δέδοικας</span> <span class='ocrx_word' id='word_1_555' title='bbox 3093 1884 3223 1951; x_wconf 87' lang='grc' dir='ltr'>νῦν;</span> <span class='ocrx_word' id='word_1_556' title='bbox 3258 1889 3309 1941; x_wconf 94' lang='grc' dir='ltr'>τί</span> <span class='ocrx_word' id='word_1_557' title='bbox 3345 1890 3567 1961; x_wconf 84' lang='grc' dir='ltr'>τρέμεις</span> <span class='ocrx_word' id='word_1_558' title='bbox 3594 1892 3692 1946; x_wconf 74' lang='grc' dir='ltr'>αὐο</span> 
     </span>
    </p>
   </div>
   <div class='ocr_carea' id='block_1_73' title="bbox 2015 1962 3688 2047">
    <p class='ocr_par' dir='ltr' id='par_1_73' title="bbox 2015 1962 3688 2047">
     <span class='ocr_line' id='line_1_73' title="bbox 2015 1962 3688 2047; baseline 0.008 -28"><span class='ocrx_word' id='word_1_559' title='bbox 2015 1966 2109 2019; x_wconf 91' lang='grc' dir='ltr'>τοῦ</span> <span class='ocrx_word' id='word_1_560' title='bbox 2130 1967 2190 2020; x_wconf 82' lang='grc' dir='ltr'>τὸ</span> <span class='ocrx_word' id='word_1_561' title='bbox 2212 1962 2387 2038; x_wconf 73' lang='grc' dir='ltr'>αἷμας</span> <span class='ocrx_word' id='word_1_562' title='bbox 2414 1968 2579 2041; x_wconf 75' lang='grc' dir='ltr'>Ὀρᾷς</span> <span class='ocrx_word' id='word_1_563' title='bbox 2598 1970 2697 2039; x_wconf 82' lang='grc' dir='ltr'>τήν</span> <span class='ocrx_word' id='word_1_564' title='bbox 2717 1970 2971 2040; x_wconf 82' lang='grc' dir='ltr'>ἀλήθειαν</span> <span class='ocrx_word' id='word_1_565' title='bbox 2992 1972 3079 2025; x_wconf 89' lang='grc' dir='ltr'>διά</span> <span class='ocrx_word' id='word_1_566' title='bbox 3103 1974 3317 2031; x_wconf 88' lang='grc' dir='ltr'>πάντων</span> <span class='ocrx_word' id='word_1_567' title='bbox 3338 1976 3688 2047; x_wconf 87' lang='grc' dir='ltr'>λάμπουσαν;</span> 
     </span>
    </p>
   </div>
   <div class='ocr_carea' id='block_1_74' title="bbox 2030 2051 3693 2139">
    <p class='ocr_par' dir='ltr' id='par_1_74' title="bbox 2030 2051 3693 2139">
     <span class='ocr_line' id='line_1_74' title="bbox 2030 2051 3693 2139; baseline 0.008 -33"><span class='ocrx_word' id='word_1_568' title='bbox 2030 2053 2245 2126; x_wconf 80' lang='grc' dir='ltr'>Ἐπειδὴ</span> <span class='ocrx_word' id='word_1_569' title='bbox 2280 2054 2388 2127; x_wconf 77' lang='grc' dir='ltr'>γάρ</span> <span class='ocrx_word' id='word_1_570' title='bbox 2426 2051 2562 2109; x_wconf 76' lang='grc' dir='ltr'>εἶδον</span> <span class='ocrx_word' id='word_1_571' title='bbox 2598 2057 2737 2128; x_wconf 88' lang='grc' dir='ltr'>μετά</span> <span class='ocrx_word' id='word_1_572' title='bbox 2781 2058 2878 2129; x_wconf 81' lang='grc' dir='ltr'>τὴν</span> <span class='ocrx_word' id='word_1_573' title='bbox 2922 2060 3209 2132; x_wconf 79' lang='grc' dir='ltr'>ἐπιϐουλὴν</span> <span class='ocrx_word' id='word_1_574' title='bbox 3234 2074 3259 2101; x_wconf 78' lang='grc' dir='ltr'>ι</span> <span class='ocrx_word' id='word_1_575' title='bbox 3292 2064 3507 2135; x_wconf 83' lang='grc' dir='ltr'>ἐκείνην</span> <span class='ocrx_word' id='word_1_576' title='bbox 3540 2061 3693 2139; x_wconf 68' lang='grc'><strong>1571]</strong></span> 
     </span>
    </p>
   </div>
   <div class='ocr_carea' id='block_1_75' title="bbox 2016 2141 3692 2224">
    <p class='ocr_par' dir='ltr' id='par_1_75' title="bbox 2016 2141 3692 2224">
     <span class='ocr_line' id='line_1_75' title="bbox 2016 2141 3692 2224; baseline 0.008 -30"><span class='ocrx_word' id='word_1_577' title='bbox 2016 2141 2076 2194; x_wconf 81' lang='grc' dir='ltr'>τὸ</span> <span class='ocrx_word' id='word_1_578' title='bbox 2097 2144 2330 2213; x_wconf 83' lang='grc' dir='ltr'>πρᾶγμα</span> <span class='ocrx_word' id='word_1_579' title='bbox 2357 2143 2664 2214; x_wconf 89' lang='grc' dir='ltr'>αἰρόμενον,</span> <span class='ocrx_word' id='word_1_580' title='bbox 2688 2146 2781 2199; x_wconf 73' lang='grc' dir='ltr'>καὶ</span> <span class='ocrx_word' id='word_1_581' title='bbox 2799 2146 2867 2199; x_wconf 85' lang='grc' dir='ltr'>τά</span> <span class='ocrx_word' id='word_1_582' title='bbox 2893 2147 3154 2217; x_wconf 88' lang='grc' dir='ltr'>προοίμια</span> <span class='ocrx_word' id='word_1_583' title='bbox 3177 2148 3402 2221; x_wconf 83' lang='grc' dir='ltr'>λαμπρά</span> <span class='ocrx_word' id='word_1_584' title='bbox 3430 2152 3522 2205; x_wconf 88' lang='grc' dir='ltr'>καί</span> <span class='ocrx_word' id='word_1_585' title='bbox 3541 2153 3692 2224; x_wconf 88' lang='grc' dir='ltr'>ήλίου</span> 
     </span>
    </p>
   </div>
   <div class='ocr_carea' id='block_1_76' title="bbox 2017 2229 3694 2306">
    <p class='ocr_par' dir='ltr' id='par_1_76' title="bbox 2017 2229 3694 2306">
     <span class='ocr_line' id='line_1_76' title="bbox 2017 2229 3694 2306; baseline 0.006 -25"><span class='ocrx_word' id='word_1_586' title='bbox 2017 2229 2288 2301; x_wconf 84' lang='grc' dir='ltr'>φανότερα</span> <span class='ocrx_word' id='word_1_587' title='bbox 2321 2231 2415 2283; x_wconf 76' lang='grc' dir='ltr'>καὶ</span> <span class='ocrx_word' id='word_1_588' title='bbox 2447 2229 2505 2295; x_wconf 82' lang='grc' dir='ltr'>ἐξ</span> <span class='ocrx_word' id='word_1_589' title='bbox 2535 2231 2705 2300; x_wconf 79' lang='grc' dir='ltr'>αὐτῆς</span> <span class='ocrx_word' id='word_1_590' title='bbox 2744 2232 2845 2301; x_wconf 79' lang='grc' dir='ltr'>τῆς</span> <span class='ocrx_word' id='word_1_591' title='bbox 2877 2231 3124 2302; x_wconf 80' lang='grc' dir='ltr'>βαλϐῖδος</span> <span class='ocrx_word' id='word_1_592' title='bbox 3153 2235 3574 2306; x_wconf 81' lang='grc' dir='ltr'>ἐπιδεικνύμενα</span> <span class='ocrx_word' id='word_1_593' title='bbox 3611 2238 3694 2292; x_wconf 78' lang='grc' dir='ltr'>ὅτι</span> 
     </span>
    </p>
   </div>
   <div class='ocr_carea' id='block_1_77' title="bbox 2017 2315 3693 2391">
    <p class='ocr_par' dir='ltr' id='par_1_77' title="bbox 2017 2315 3693 2391">
     <span class='ocr_line' id='line_1_77' title="bbox 2017 2315 3693 2391; baseline 0.005 -22"><span class='ocrx_word' id='word_1_594' title='bbox 2017 2317 2200 2369; x_wconf 81' lang='grc' dir='ltr'>πᾶσαν</span> <span class='ocrx_word' id='word_1_595' title='bbox 2246 2315 2441 2387; x_wconf 83' lang='grc' dir='ltr'>ἀθρόον</span> <span class='ocrx_word' id='word_1_596' title='bbox 2482 2318 2853 2388; x_wconf 81' lang='grc' dir='ltr'>καταλήψεται</span> <span class='ocrx_word' id='word_1_597' title='bbox 2896 2319 2995 2390; x_wconf 82' lang='grc' dir='ltr'>τὴν</span> <span class='ocrx_word' id='word_1_598' title='bbox 3029 2321 3392 2391; x_wconf 84' lang='grc' dir='ltr'>οἰκουμένην,</span> <span class='ocrx_word' id='word_1_599' title='bbox 3436 2322 3529 2375; x_wconf 76' lang='grc' dir='ltr'>καὶ</span> <span class='ocrx_word' id='word_1_600' title='bbox 3574 2324 3693 2377; x_wconf 84' lang='grc' dir='ltr'>κατ’</span> 
     </span>
    </p>
   </div>
   <div class='ocr_carea' id='block_1_78' title="bbox 2015 2402 3696 2479">
    <p class='ocr_par' dir='ltr' id='par_1_78' title="bbox 2015 2402 3696 2479">
     <span class='ocr_line' id='line_1_78' title="bbox 2015 2402 3696 2479; baseline 0.003 -22"><span class='ocrx_word' id='word_1_601' title='bbox 2015 2402 2193 2474; x_wconf 76' lang='grc' dir='ltr'>ἄκρας</span> <span class='ocrx_word' id='word_1_602' title='bbox 2223 2403 2406 2457; x_wconf 81' lang='grc' dir='ltr'>ἐλάσει</span> <span class='ocrx_word' id='word_1_603' title='bbox 2448 2404 2548 2475; x_wconf 81' lang='grc' dir='ltr'>τὴν</span> <span class='ocrx_word' id='word_1_604' title='bbox 2590 2404 2819 2474; x_wconf 86' lang='grc' dir='ltr'>πλάνην,</span> <span class='ocrx_word' id='word_1_605' title='bbox 2860 2406 2954 2459; x_wconf 79' lang='grc' dir='ltr'>καί</span> <span class='ocrx_word' id='word_1_606' title='bbox 2982 2406 3104 2459; x_wconf 79' lang='grc' dir='ltr'>οὐδὲ</span> <span class='ocrx_word' id='word_1_607' title='bbox 3141 2408 3380 2475; x_wconf 83' lang='grc' dir='ltr'>ἐνεγκεῖν</span> <span class='ocrx_word' id='word_1_608' title='bbox 3406 2407 3696 2479; x_wconf 86' lang='grc' dir='ltr'>δυνήσεται</span> 
     </span>
    </p>
   </div>
   <div class='ocr_carea' id='block_1_79' title="bbox 2016 2490 3695 2565">
    <p class='ocr_par' dir='ltr' id='par_1_79' title="bbox 2016 2490 3695 2565">
     <span class='ocr_line' id='line_1_79' title="bbox 2016 2490 3695 2565; baseline 0.004 -23"><span class='ocrx_word' id='word_1_609' title='bbox 2016 2492 2117 2563; x_wconf 81' lang='grc' dir='ltr'>τὴν</span> <span class='ocrx_word' id='word_1_610' title='bbox 2145 2490 2351 2560; x_wconf 77' lang='grc' dir='ltr'>ἄφατον</span> <span class='ocrx_word' id='word_1_611' title='bbox 2384 2492 2548 2546; x_wconf 84' lang='grc' dir='ltr'>αὐτοῦ</span> <span class='ocrx_word' id='word_1_612' title='bbox 2584 2491 2763 2563; x_wconf 75' lang='grc' dir='ltr'>ῥύμην</span> <span class='ocrx_word' id='word_1_613' title='bbox 2807 2494 2902 2546; x_wconf 72' lang='grc' dir='ltr'>καὶ</span> <span class='ocrx_word' id='word_1_614' title='bbox 2946 2492 3044 2563; x_wconf 80' lang='grc' dir='ltr'>τὴν</span> <span class='ocrx_word' id='word_1_615' title='bbox 3087 2492 3315 2565; x_wconf 90' lang='grc' dir='ltr'>δύναμιν</span> <span class='ocrx_word' id='word_1_616' title='bbox 3338 2510 3354 2526; x_wconf 90' lang='grc'><strong>·</strong></span> <span class='ocrx_word' id='word_1_617' title='bbox 3403 2494 3695 2560; x_wconf 86' lang='grc' dir='ltr'>δεδοίκασι,</span> 
     </span>
    </p>
   </div>
   <div class='ocr_carea' id='block_1_80' title="bbox 2016 2578 3698 2651">
    <p class='ocr_par' dir='ltr' id='par_1_80' title="bbox 2016 2578 3698 2651">
     <span class='ocr_line' id='line_1_80' title="bbox 2016 2578 3698 2651; baseline 0.002 -20"><span class='ocrx_word' id='word_1_618' title='bbox 2016 2578 2279 2649; x_wconf 87' lang='grc' dir='ltr'>τρέμουσι</span> <span class='ocrx_word' id='word_1_619' title='bbox 2315 2580 2441 2643; x_wconf 79' lang='grc' dir='ltr'>τοὺς</span> <span class='ocrx_word' id='word_1_620' title='bbox 2460 2578 2765 2649; x_wconf 77' lang='grc' dir='ltr'>δεσμώτας.</span> <span class='ocrx_word' id='word_1_621' title='bbox 2799 2579 2925 2643; x_wconf 81' lang='grc' dir='ltr'>τοὺς</span> <span class='ocrx_word' id='word_1_622' title='bbox 2964 2579 3310 2644; x_wconf 89' lang='grc' dir='ltr'>καταδίκους,</span> <span class='ocrx_word' id='word_1_623' title='bbox 3348 2582 3471 2644; x_wconf 76' lang='grc' dir='ltr'>τοὺς</span> <span class='ocrx_word' id='word_1_624' title='bbox 3506 2597 3698 2651; x_wconf 72' lang='grc' dir='ltr'>μαστιο</span> 
     </span>
    </p>
   </div>
   <div class='ocr_carea' id='block_1_81' title="bbox 2018 2663 3695 2734">
    <p class='ocr_par' dir='ltr' id='par_1_81' title="bbox 2018 2663 3695 2734">
     <span class='ocr_line' id='line_1_81' title="bbox 2018 2663 3695 2734; baseline 0.005 -19"><span class='ocrx_word' id='word_1_625' title='bbox 2018 2663 2271 2734; x_wconf 88' lang='grc' dir='ltr'>χθέντας,</span> <span class='ocrx_word' id='word_1_626' title='bbox 2295 2665 2419 2727; x_wconf 82' lang='grc' dir='ltr'>τοὺς</span> <span class='ocrx_word' id='word_1_627' title='bbox 2471 2663 2976 2729; x_wconf 84' lang='grc' dir='ltr'>ἐπιϐουλευθέντας,</span> <span class='ocrx_word' id='word_1_628' title='bbox 3002 2667 3129 2729; x_wconf 83' lang='grc' dir='ltr'>τοὺς</span> <span class='ocrx_word' id='word_1_629' title='bbox 3156 2666 3269 2730; x_wconf 90' lang='grc' dir='ltr'>δύο,</span> <span class='ocrx_word' id='word_1_630' title='bbox 3300 2669 3428 2730; x_wconf 73' lang='grc' dir='ltr'>τοὺς</span> <span class='ocrx_word' id='word_1_631' title='bbox 3463 2668 3695 2730; x_wconf 86' lang='grc' dir='ltr'>ἰδιώτας.</span> 
     </span>
    </p>
   </div>
   <div class='ocr_carea' id='block_1_82' title="bbox 2017 2750 3699 2821">
    <p class='ocr_par' dir='ltr' id='par_1_82' title="bbox 2017 2750 3699 2821">
     <span class='ocr_line' id='line_1_82' title="bbox 2017 2750 3699 2821; baseline 0.002 -18"><span class='ocrx_word' id='word_1_632' title='bbox 2017 2750 2118 2804; x_wconf 91' lang='grc' dir='ltr'>Διά</span> <span class='ocrx_word' id='word_1_633' title='bbox 2139 2751 2310 2804; x_wconf 86' lang='grc' dir='ltr'>ταῦτα</span> <span class='ocrx_word' id='word_1_634' title='bbox 2344 2750 2553 2813; x_wconf 84' lang='grc' dir='ltr'>Παῦλος</span> <span class='ocrx_word' id='word_1_635' title='bbox 2581 2750 2871 2820; x_wconf 88' lang='grc' dir='ltr'>βεϐαίωσιν</span> <span class='ocrx_word' id='word_1_636' title='bbox 2895 2752 3213 2821; x_wconf 81' lang='grc' dir='ltr'>εὐαγγελίου</span> <span class='ocrx_word' id='word_1_637' title='bbox 3244 2753 3399 2806; x_wconf 84' lang='grc' dir='ltr'>καλεῖ</span> <span class='ocrx_word' id='word_1_638' title='bbox 3430 2754 3554 2817; x_wconf 83' lang='grc' dir='ltr'>τούς</span> <span class='ocrx_word' id='word_1_639' title='bbox 3577 2772 3699 2807; x_wconf 83' lang='grc' dir='ltr'>πει-</span> 
     </span>
    </p>
   </div>
   <div class='ocr_carea' id='block_1_83' title="bbox 2020 2836 3700 2909">
    <p class='ocr_par' dir='ltr' id='par_1_83' title="bbox 2020 2836 3700 2909">
     <span class='ocr_line' id='line_1_83' title="bbox 2020 2836 3700 2909; baseline 0.002 -19"><span class='ocrx_word' id='word_1_640' title='bbox 2020 2837 2266 2908; x_wconf 90' lang='grc' dir='ltr'>ρασμούς</span> <span class='ocrx_word' id='word_1_641' title='bbox 2285 2854 2299 2868; x_wconf 88' lang='grc'><strong>·</strong></span> <span class='ocrx_word' id='word_1_642' title='bbox 2324 2838 2411 2890; x_wconf 88' lang='grc' dir='ltr'>διά</span> <span class='ocrx_word' id='word_1_643' title='bbox 2438 2836 2612 2891; x_wconf 79' lang='grc' dir='ltr'>ταῦτα</span> <span class='ocrx_word' id='word_1_644' title='bbox 2653 2839 2747 2892; x_wconf 68' lang='grc' dir='ltr'>καί⁸</span> <span class='ocrx_word' id='word_1_645' title='bbox 2786 2837 3021 2908; x_wconf 78' lang='grc' dir='ltr'>ἀλλαχοῦ</span> <span class='ocrx_word' id='word_1_646' title='bbox 3067 2856 3202 2909; x_wconf 87' lang='grc' dir='ltr'>φησι</span> <span class='ocrx_word' id='word_1_647' title='bbox 3224 2856 3237 2869; x_wconf 65' lang='grc' dir='ltr'>δ</span> <span class='ocrx_word' id='word_1_648' title='bbox 3262 2839 3595 2893; x_wconf 80' lang='grc' dir='ltr'>Γινώσκειν</span> <span class='ocrx_word' id='word_1_649' title='bbox 3631 2840 3700 2894; x_wconf 80' lang='grc' dir='ltr'>δέ</span> 
     </span>
    </p>
   </div>
   <div class='ocr_carea' id='block_1_84' title="bbox 2017 2923 3701 2997">
    <p class='ocr_par' dir='ltr' id='par_1_84' title="bbox 2017 2923 3701 2997">
     <span class='ocr_line' id='line_1_84' title="bbox 2017 2923 3701 2997; baseline 0.002 -18"><span class='ocrx_word' id='word_1_650' title='bbox 2017 2923 2173 2993; x_wconf 83' lang='grc' dir='ltr'>ὑμᾶς</span> <span class='ocrx_word' id='word_1_651' title='bbox 2194 2926 2495 2994; x_wconf 71' lang='grc' dir='ltr'>βούλομαι</span> <span class='ocrx_word' id='word_1_652' title='bbox 2519 2965 2534 2989; x_wconf 95' lang='grc'>,</span> <span class='ocrx_word' id='word_1_653' title='bbox 2585 2925 2837 2993; x_wconf 70' lang='grc' dir='ltr'>ἀδελφοὶ</span> <span class='ocrx_word' id='word_1_654' title='bbox 2862 2968 2876 2991; x_wconf 93' lang='grc'>,</span> <span class='ocrx_word' id='word_1_655' title='bbox 2906 2926 2993 2978; x_wconf 83' lang='grc' dir='ltr'>ὅτι</span> <span class='ocrx_word' id='word_1_656' title='bbox 3046 2925 3114 2979; x_wconf 84' lang='grc' dir='ltr'>τὸ</span> <span class='ocrx_word' id='word_1_657' title='bbox 3149 2928 3274 2980; x_wconf 79' lang='grc' dir='ltr'>κατ’</span> <span class='ocrx_word' id='word_1_658' title='bbox 3314 2926 3420 2996; x_wconf 79' lang='grc' dir='ltr'>ἐμὲ</span> <span class='ocrx_word' id='word_1_659' title='bbox 3461 2926 3701 2997; x_wconf 69' lang='grc' dir='ltr'><em>μᾶλλον</em></span> 
     </span>
    </p>
   </div>
   <div class='ocr_carea' id='block_1_85' title="bbox 2017 3010 3701 3082">
    <p class='ocr_par' dir='ltr' id='par_1_85' title="bbox 2017 3010 3701 3082">
     <span class='ocr_line' id='line_1_85' title="bbox 2017 3010 3701 3082; baseline 0.003 -19"><span class='ocrx_word' id='word_1_660' title='bbox 2017 3013 2106 3076; x_wconf 73' lang='grc' dir='ltr'>εὶς</span> <span class='ocrx_word' id='word_1_661' title='bbox 2143 3011 2460 3078; x_wconf 78' lang='grc' dir='ltr'>προκοπὴν</span> <span class='ocrx_word' id='word_1_662' title='bbox 2485 3010 2594 3064; x_wconf 87' lang='grc' dir='ltr'>τοῦ</span> <span class='ocrx_word' id='word_1_663' title='bbox 2623 3013 2979 3080; x_wconf 74' lang='grc' dir='ltr'>εὐαγγελίου</span> <span class='ocrx_word' id='word_1_664' title='bbox 3008 3012 3341 3078; x_wconf 70' lang='grc' dir='ltr'>ἐλήλυθεν-ο</span> <span class='ocrx_word' id='word_1_665' title='bbox 3372 3013 3527 3067; x_wconf 78' lang='grc' dir='ltr'>ὥστε</span> <span class='ocrx_word' id='word_1_666' title='bbox 3559 3014 3701 3082; x_wconf 82' lang='grc' dir='ltr'>τοὺς</span> 
     </span>
    </p>
   </div>
   <div class='ocr_carea' id='block_1_86' title="bbox 2018 3095 3701 3169">
    <p class='ocr_par' dir='ltr' id='par_1_86' title="bbox 2018 3095 3701 3169">
     <span class='ocr_line' id='line_1_86' title="bbox 2018 3095 3701 3169; baseline 0.003 -21"><span class='ocrx_word' id='word_1_667' title='bbox 2018 3098 2304 3163; x_wconf 71' lang='grc' dir='ltr'>πλείονας</span> <span class='ocrx_word' id='word_1_668' title='bbox 2350 3095 2471 3150; x_wconf 75' lang='grc' dir='ltr'>τῶν</span> <span class='ocrx_word' id='word_1_669' title='bbox 2508 3096 2788 3166; x_wconf 70' lang='grc' dir='ltr'>ἀδελφῶν</span> <span class='ocrx_word' id='word_1_670' title='bbox 2829 3099 2899 3150; x_wconf 82' lang='grc' dir='ltr'>ἐν</span> <span class='ocrx_word' id='word_1_671' title='bbox 2942 3101 3140 3167; x_wconf 80' lang='grc' dir='ltr'>Κυρίῳ</span> <span class='ocrx_word' id='word_1_672' title='bbox 3177 3104 3536 3166; x_wconf 82' lang='grc' dir='ltr'>πεποιθότας</span> <span class='ocrx_word' id='word_1_673' title='bbox 3574 3100 3701 3169; x_wconf 80' lang='grc' dir='ltr'>τοῖς</span> 
     </span>
    </p>
   </div>
   <div class='ocr_carea' id='block_1_87' title="bbox 2019 3185 3702 3257">
    <p class='ocr_par' dir='ltr' id='par_1_87' title="bbox 2019 3185 3702 3257">
     <span class='ocr_line' id='line_1_87' title="bbox 2019 3185 3702 3257; baseline 0.001 -17"><span class='ocrx_word' id='word_1_674' title='bbox 2019 3186 2264 3255; x_wconf 84' lang='grc' dir='ltr'>δεσμοῖς</span> <span class='ocrx_word' id='word_1_675' title='bbox 2287 3203 2429 3254; x_wconf 81' lang='grc' dir='ltr'>μου,</span> <span class='ocrx_word' id='word_1_676' title='bbox 2460 3185 2903 3254; x_wconf 82' lang='grc' dir='ltr'>περισσοτέρως</span> <span class='ocrx_word' id='word_1_677' title='bbox 2927 3185 3161 3255; x_wconf 77' lang='grc' dir='ltr'>τολμᾷν</span> <span class='ocrx_word' id='word_1_678' title='bbox 3203 3189 3438 3257; x_wconf 64' lang='grc' dir='ltr'>ἀφόϐως</span> <span class='ocrx_word' id='word_1_679' title='bbox 3460 3189 3567 3242; x_wconf 78' lang='grc' dir='ltr'>τὸν</span> <span class='ocrx_word' id='word_1_680' title='bbox 3604 3188 3702 3243; x_wconf 75' lang='lat'>.16-</span> 
     </span>
    </p>
   </div>
   <div class='ocr_carea' id='block_1_88' title="bbox 2021 3268 3701 3348">
    <p class='ocr_par' dir='ltr' id='par_1_88' title="bbox 2021 3268 3701 3348">
     <span class='ocr_line' id='line_1_88' title="bbox 2021 3268 3701 3348; baseline 0.002 -22"><span class='ocrx_word' id='word_1_681' title='bbox 2021 3290 2131 3344; x_wconf 81' lang='grc' dir='ltr'>γον</span> <span class='ocrx_word' id='word_1_682' title='bbox 2155 3273 2388 3326; x_wconf 75' lang='grc' dir='ltr'>λαλεῖν.</span> <span class='ocrx_word' id='word_1_683' title='bbox 2421 3272 2516 3335; x_wconf 87' lang='grc' dir='ltr'>Τίς</span> <span class='ocrx_word' id='word_1_684' title='bbox 2562 3268 2691 3333; x_wconf 82' lang='grc' dir='ltr'>εἶδε,</span> <span class='ocrx_word' id='word_1_685' title='bbox 2731 3274 2816 3336; x_wconf 89' lang='grc' dir='ltr'>τίς</span> <span class='ocrx_word' id='word_1_686' title='bbox 2846 3274 3098 3343; x_wconf 68' lang='grc' dir='ltr'>ἤκουσεν,</span> <span class='ocrx_word' id='word_1_687' title='bbox 3146 3275 3228 3327; x_wconf 83' lang='grc' dir='ltr'>δτι</span> <span class='ocrx_word' id='word_1_688' title='bbox 3277 3275 3451 3345; x_wconf 83' lang='grc' dir='ltr'>δεομά</span> <span class='ocrx_word' id='word_1_689' title='bbox 3499 3274 3701 3348; x_wconf 87' lang='grc' dir='ltr'>θάρσος</span> 
     </span>
    </p>
   </div>
   <div class='ocr_carea' id='block_1_89' title="bbox 2022 3359 3701 3434">
    <p class='ocr_par' dir='ltr' id='par_1_89' title="bbox 2022 3359 3701 3434">
     <span class='ocr_line' id='line_1_89' title="bbox 2022 3359 3701 3434; baseline 0.002 -22"><span class='ocrx_word' id='word_1_690' title='bbox 2022 3362 2188 3423; x_wconf 90' lang='grc' dir='ltr'>ποιεῖ,</span> <span class='ocrx_word' id='word_1_691' title='bbox 2215 3360 2309 3413; x_wconf 72' lang='grc' dir='ltr'>καὶ</span> <span class='ocrx_word' id='word_1_692' title='bbox 2343 3359 2533 3424; x_wconf 80' lang='grc' dir='ltr'>ἀλυσις</span> <span class='ocrx_word' id='word_1_693' title='bbox 2559 3361 2871 3431; x_wconf 76' lang='grc' dir='ltr'>παρρησίαν</span> <span class='ocrx_word' id='word_1_694' title='bbox 2894 3360 3209 3432; x_wconf 74' lang='grc' dir='ltr'>ἐργάζεται,</span> <span class='ocrx_word' id='word_1_695' title='bbox 3238 3363 3299 3415; x_wconf 91' lang='grc' dir='ltr'>οὐ</span> <span class='ocrx_word' id='word_1_696' title='bbox 3335 3362 3415 3432; x_wconf 80' lang='grc' dir='ltr'>τῷ</span> <span class='ocrx_word' id='word_1_697' title='bbox 3433 3363 3701 3434; x_wconf 77' lang='grc' dir='ltr'>δεδεμένῳ</span> 
     </span>
    </p>
   </div>
   <div class='ocr_carea' id='block_1_90' title="bbox 2026 3446 3701 3519">
    <p class='ocr_par' dir='ltr' id='par_1_90' title="bbox 2026 3446 3701 3519">
     <span class='ocr_line' id='line_1_90' title="bbox 2026 3446 3701 3519; baseline 0.003 -21"><span class='ocrx_word' id='word_1_698' title='bbox 2026 3446 2206 3517; x_wconf 89' lang='grc' dir='ltr'>μόνον,</span> <span class='ocrx_word' id='word_1_699' title='bbox 2238 3446 2374 3500; x_wconf 86' lang='grc' dir='ltr'>ἀλλά</span> <span class='ocrx_word' id='word_1_700' title='bbox 2414 3447 2651 3510; x_wconf 75' lang='grc' dir='ltr'>καὶτοῖς</span> <span class='ocrx_word' id='word_1_701' title='bbox 2693 3447 3193 3518; x_wconf 77' lang='grc' dir='ltr'>μαθητευομένοιςς</span> <span class='ocrx_word' id='word_1_702' title='bbox 3234 3448 3375 3501; x_wconf 77' lang='grc' dir='ltr'>Ἀλλ’</span> <span class='ocrx_word' id='word_1_703' title='bbox 3401 3450 3571 3519; x_wconf 85' lang='grc' dir='ltr'>ὅμως,</span> <span class='ocrx_word' id='word_1_704' title='bbox 3610 3450 3701 3503; x_wconf 78' lang='grc' dir='ltr'>ὅτε</span> 
     </span>
    </p>
   </div>
   <div class='ocr_carea' id='block_1_91' title="bbox 2020 3532 3699 3607">
    <p class='ocr_par' dir='ltr' id='par_1_91' title="bbox 2020 3532 3699 3607">
     <span class='ocr_line' id='line_1_91' title="bbox 2020 3532 3699 3607; baseline 0.001 -20"><span class='ocrx_word' id='word_1_705' title='bbox 2020 3532 2197 3588; x_wconf 87' lang='grc' dir='ltr'>ταῦτα</span> <span class='ocrx_word' id='word_1_706' title='bbox 2218 3535 2247 3574; x_wconf 70' lang='grc' dir='ltr'>δ</span> <span class='ocrx_word' id='word_1_707' title='bbox 2276 3534 2509 3604; x_wconf 82' lang='grc' dir='ltr'>ἐγίνετο,</span> <span class='ocrx_word' id='word_1_708' title='bbox 2546 3534 2636 3589; x_wconf 89' lang='grc' dir='ltr'>διά</span> <span class='ocrx_word' id='word_1_709' title='bbox 2679 3534 2788 3589; x_wconf 88' lang='grc' dir='ltr'>τῶν</span> <span class='ocrx_word' id='word_1_710' title='bbox 2841 3534 3099 3589; x_wconf 81' lang='grc' dir='ltr'>ἐναντίων</span> <span class='ocrx_word' id='word_1_711' title='bbox 3124 3536 3186 3588; x_wconf 83' lang='grc' dir='ltr'>τὸ</span> <span class='ocrx_word' id='word_1_712' title='bbox 3222 3537 3486 3607; x_wconf 85' lang='grc' dir='ltr'>κήρυγμα</span> <span class='ocrx_word' id='word_1_713' title='bbox 3515 3536 3699 3607; x_wconf 63' lang='grc' dir='ltr'>ᾔρετο,</span> 
     </span>
    </p>
   </div>
   <div class='ocr_carea' id='block_1_92' title="bbox 2034 3620 3699 3693">
    <p class='ocr_par' dir='ltr' id='par_1_92' title="bbox 2034 3620 3699 3693">
     <span class='ocr_line' id='line_1_92' title="bbox 2034 3620 3699 3693; baseline 0.001 -18"><span class='ocrx_word' id='word_1_714' title='bbox 2034 3622 2130 3675; x_wconf 73' lang='grc' dir='ltr'>καὶ</span> <span class='ocrx_word' id='word_1_715' title='bbox 2167 3623 2217 3674; x_wconf 92' lang='grc' dir='ltr'>οἰ</span> <span class='ocrx_word' id='word_1_716' title='bbox 2250 3622 2509 3693; x_wconf 73' lang='grc' dir='ltr'>μαθηταὶ,</span> <span class='ocrx_word' id='word_1_717' title='bbox 2540 3620 2635 3675; x_wconf 88' lang='grc' dir='ltr'>τοῦ</span> <span class='ocrx_word' id='word_1_718' title='bbox 2660 3622 2981 3677; x_wconf 89' lang='grc' dir='ltr'>διδασκάλου</span> <span class='ocrx_word' id='word_1_719' title='bbox 3021 3621 3430 3693; x_wconf 85' lang='grc' dir='ltr'>πολεμουμένου</span> <span class='ocrx_word' id='word_1_720' title='bbox 3460 3625 3553 3678; x_wconf 80' lang='grc' dir='ltr'>καὶ</span> <span class='ocrx_word' id='word_1_721' title='bbox 3584 3626 3699 3677; x_wconf 79' lang='grc' dir='ltr'>ἐπιο</span> 
     </span>
    </p>
   </div>
   <div class='ocr_carea' id='block_1_93' title="bbox 2026 3710 3701 3784">
    <p class='ocr_par' dir='ltr' id='par_1_93' title="bbox 2026 3710 3701 3784">
     <span class='ocr_line' id='line_1_93' title="bbox 2026 3710 3701 3784; baseline 0.001 -19"><span class='ocrx_word' id='word_1_722' title='bbox 2026 3710 2414 3783; x_wconf 89' lang='grc' dir='ltr'>ϐουλευομένου</span> <span class='ocrx_word' id='word_1_723' title='bbox 2438 3712 2532 3765; x_wconf 77' lang='grc' dir='ltr'>καὶ</span> <span class='ocrx_word' id='word_1_724' title='bbox 2552 3712 2940 3783; x_wconf 89' lang='grc' dir='ltr'>δεσμουμένου,</span> <span class='ocrx_word' id='word_1_725' title='bbox 2966 3712 3166 3782; x_wconf 80' lang='grc' dir='ltr'>μᾶλλον</span> <span class='ocrx_word' id='word_1_726' title='bbox 3191 3712 3479 3784; x_wconf 69' lang='grc' dir='ltr'>ἐθάρρουν,</span> <span class='ocrx_word' id='word_1_727' title='bbox 3500 3712 3701 3783; x_wconf 76' lang='grc' dir='ltr'>μᾶλλον</span> 
     </span>
    </p>
   </div>
   <div class='ocr_carea' id='block_1_94' title="bbox 1994 3801 3701 3873">
    <p class='ocr_par' dir='ltr' id='par_1_94' title="bbox 1994 3801 3701 3873">
     <span class='ocr_line' id='line_1_94' title="bbox 1994 3801 3701 3873; baseline 0.001 -19"><span class='ocrx_word' id='word_1_728' title='bbox 1994 3801 2311 3872; x_wconf 75' lang='grc' dir='ltr'>’ἐσκίρτων,</span> <span class='ocrx_word' id='word_1_729' title='bbox 2335 3802 2535 3872; x_wconf 82' lang='grc' dir='ltr'>μᾶλλον</span> <span class='ocrx_word' id='word_1_730' title='bbox 2552 3802 2787 3873; x_wconf 84' lang='grc' dir='ltr'>ἐπήδων.</span> <span class='ocrx_word' id='word_1_731' title='bbox 2806 3802 3138 3873; x_wconf 73' lang='grc' dir='ltr'>Ἐπῃνέσατε</span> <span class='ocrx_word' id='word_1_732' title='bbox 3159 3802 3226 3855; x_wconf 88' lang='grc' dir='ltr'>τά</span> <span class='ocrx_word' id='word_1_733' title='bbox 3248 3803 3515 3873; x_wconf 71' lang='grc' dir='ltr'>εἰρημένα</span> <span class='ocrx_word' id='word_1_734' title='bbox 3537 3820 3553 3867; x_wconf 84' lang='grc'><strong>;</strong></span> <span class='ocrx_word' id='word_1_735' title='bbox 3577 3804 3701 3855; x_wconf 85' lang='grc' dir='ltr'>Λοι-</span> 
     </span>
    </p>
   </div>
   <div class='ocr_carea' id='block_1_95' title="bbox 2026 3888 3696 3961">
    <p class='ocr_par' dir='ltr' id='par_1_95' title="bbox 2026 3888 3696 3961">
     <span class='ocr_line' id='line_1_95' title="bbox 2026 3888 3696 3961; baseline 0 -19"><span class='ocrx_word' id='word_1_736' title='bbox 2026 3888 2127 3942; x_wconf 78' lang='grc' dir='ltr'>πδν</span> <span class='ocrx_word' id='word_1_737' title='bbox 2162 3888 2532 3961; x_wconf 88' lang='grc' dir='ltr'>μιμησώμεθα</span> <span class='ocrx_word' id='word_1_738' title='bbox 2559 3888 2656 3959; x_wconf 80' lang='grc' dir='ltr'>τὴν</span> <span class='ocrx_word' id='word_1_739' title='bbox 2684 3889 2960 3961; x_wconf 89' lang='grc' dir='ltr'>ἀνδρείαν,</span> <span class='ocrx_word' id='word_1_740' title='bbox 2990 3888 3323 3959; x_wconf 77' lang='grc' dir='ltr'>ζηλώσωμεν</span> <span class='ocrx_word' id='word_1_741' title='bbox 3346 3891 3445 3961; x_wconf 72' lang='grc' dir='ltr'>τὴν</span> <span class='ocrx_word' id='word_1_742' title='bbox 3475 3890 3696 3959; x_wconf 78' lang='grc' dir='ltr'>ἀρετὴν,</span> 
     </span>
    </p>
   </div>
   <div class='ocr_carea' id='block_1_96' title="bbox 2028 3976 3698 4047">
    <p class='ocr_par' dir='ltr' id='par_1_96' title="bbox 2028 3976 3698 4047">
     <span class='ocr_line' id='line_1_96' title="bbox 2028 3976 3698 4047; baseline -0.001 -17"><span class='ocrx_word' id='word_1_743' title='bbox 2028 3978 2122 4031; x_wconf 79' lang='grc' dir='ltr'>καί</span> <span class='ocrx_word' id='word_1_744' title='bbox 2156 3977 2322 4047; x_wconf 82' lang='grc' dir='ltr'>μηδὲν</span> <span class='ocrx_word' id='word_1_745' title='bbox 2360 3978 2508 4047; x_wconf 82' lang='grc' dir='ltr'>ἡμᾶς</span> <span class='ocrx_word' id='word_1_746' title='bbox 2544 3976 2795 4037; x_wconf 86' lang='grc' dir='ltr'>πτοείτω,</span> <span class='ocrx_word' id='word_1_747' title='bbox 2828 3976 2993 4046; x_wconf 87' lang='grc' dir='ltr'>μηδὲν</span> <span class='ocrx_word' id='word_1_748' title='bbox 3031 3976 3328 4046; x_wconf 78' lang='grc' dir='ltr'>θορυεείτω</span> <span class='ocrx_word' id='word_1_749' title='bbox 3362 3977 3468 4028; x_wconf 89' lang='grc' dir='ltr'>τῶν</span> <span class='ocrx_word' id='word_1_750' title='bbox 3502 3993 3698 4047; x_wconf 80' lang='grc' dir='ltr'>πειρα-</span> 
     </span>
    </p>
   </div>
   <div class='ocr_carea' id='block_1_97' title="bbox 2030 4063 3700 4135">
    <p class='ocr_par' dir='ltr' id='par_1_97' title="bbox 2030 4063 3700 4135">
     <span class='ocr_line' id='line_1_97' title="bbox 2030 4063 3700 4135; baseline -0.002 -17"><span class='ocrx_word' id='word_1_751' title='bbox 2030 4064 2214 4135; x_wconf 89' lang='grc' dir='ltr'>σμῶν·</span> <span class='ocrx_word' id='word_1_752' title='bbox 2247 4064 2422 4118; x_wconf 85' lang='grc' dir='ltr'>ταῦτα</span> <span class='ocrx_word' id='word_1_753' title='bbox 2464 4065 2570 4133; x_wconf 80' lang='grc' dir='ltr'>γάρ</span> <span class='ocrx_word' id='word_1_754' title='bbox 2612 4064 2837 4134; x_wconf 81' lang='grc' dir='ltr'>ἀμματα</span> <span class='ocrx_word' id='word_1_755' title='bbox 2864 4064 2961 4132; x_wconf 81' lang='grc' dir='ltr'>τῆς</span> <span class='ocrx_word' id='word_1_756' title='bbox 2994 4063 3296 4126; x_wconf 84' lang='grc' dir='ltr'>εὐσεϐείας,</span> <span class='ocrx_word' id='word_1_757' title='bbox 3321 4064 3491 4117; x_wconf 87' lang='grc' dir='ltr'>ταῦτα</span> <span class='ocrx_word' id='word_1_758' title='bbox 3525 4064 3700 4134; x_wconf 86' lang='grc' dir='ltr'>πτερά</span> 
     </span>
    </p>
   </div>
   <div class='ocr_carea' id='block_1_98' title="bbox 2027 4149 3702 4223">
    <p class='ocr_par' dir='ltr' id='par_1_98' title="bbox 2027 4149 3702 4223">
     <span class='ocr_line' id='line_1_98' title="bbox 2027 4149 3702 4223; baseline -0.002 -17"><span class='ocrx_word' id='word_1_759' title='bbox 2027 4153 2124 4223; x_wconf 83' lang='grc' dir='ltr'>τῆς</span> <span class='ocrx_word' id='word_1_760' title='bbox 2154 4151 2490 4221; x_wconf 83' lang='grc' dir='ltr'>φιλοσοφίας,</span> <span class='ocrx_word' id='word_1_761' title='bbox 2527 4149 2700 4204; x_wconf 84' lang='grc' dir='ltr'>ταῦτα</span> <span class='ocrx_word' id='word_1_762' title='bbox 2744 4152 2997 4221; x_wconf 72' lang='grc' dir='ltr'>ἰσχυροὺς</span> <span class='ocrx_word' id='word_1_763' title='bbox 3040 4152 3132 4203; x_wconf 68' lang='grc' dir='ltr'>καὶ</span> <span class='ocrx_word' id='word_1_764' title='bbox 3167 4150 3497 4222; x_wconf 83' lang='grc' dir='ltr'>ἀχειρώτους</span> <span class='ocrx_word' id='word_1_765' title='bbox 3533 4166 3702 4203; x_wconf 83' lang='grc' dir='ltr'>κατα-</span> 
     </span>
    </p>
   </div>
   <div class='ocr_carea' id='block_1_99' title="bbox 2032 4238 3701 4309">
    <p class='ocr_par' dir='ltr' id='par_1_99' title="bbox 2032 4238 3701 4309">
     <span class='ocr_line' id='line_1_99' title="bbox 2032 4238 3701 4309; baseline -0.001 -15"><span class='ocrx_word' id='word_1_766' title='bbox 2032 4240 2309 4305; x_wconf 81' lang='grc' dir='ltr'>σκευάζει,</span> <span class='ocrx_word' id='word_1_767' title='bbox 2326 4241 2499 4294; x_wconf 90' lang='grc' dir='ltr'>ταῦτα</span> <span class='ocrx_word' id='word_1_768' title='bbox 2522 4238 2740 4291; x_wconf 86' lang='grc' dir='ltr'>πλείονα</span> <span class='ocrx_word' id='word_1_769' title='bbox 2762 4240 2895 4309; x_wconf 76' lang='grc' dir='ltr'>πρὸς</span> <span class='ocrx_word' id='word_1_770' title='bbox 2910 4239 3003 4291; x_wconf 79' lang='grc' dir='ltr'>τὸν</span> <span class='ocrx_word' id='word_1_771' title='bbox 3020 4239 3151 4292; x_wconf 74' lang='grc' dir='ltr'>Θεὸν</span> <span class='ocrx_word' id='word_1_772' title='bbox 3171 4240 3353 4292; x_wconf 88' lang='grc' dir='ltr'>δίδωσι</span> <span class='ocrx_word' id='word_1_773' title='bbox 3374 4240 3471 4309; x_wconf 81' lang='grc' dir='ltr'>τὴν</span> <span class='ocrx_word' id='word_1_774' title='bbox 3492 4240 3701 4309; x_wconf 69' lang='grc' dir='ltr'>παρῤηο</span> 
     </span>
    </p>
   </div>
   <div class='ocr_carea' id='block_1_100' title="bbox 2029 4325 3701 4399">
    <p class='ocr_par' dir='ltr' id='par_1_100' title="bbox 2029 4325 3701 4399">
     <span class='ocr_line' id='line_1_100' title="bbox 2029 4325 3701 4399; baseline -0.001 -19"><span class='ocrx_word' id='word_1_775' title='bbox 2029 4329 2169 4392; x_wconf 89' lang='grc' dir='ltr'>σίαν,</span> <span class='ocrx_word' id='word_1_776' title='bbox 2191 4329 2411 4399; x_wconf 83' lang='grc' dir='ltr'>μείζονα</span> <span class='ocrx_word' id='word_1_777' title='bbox 2427 4330 2724 4381; x_wconf 75' lang='grc' dir='ltr'>ἐπισπᾶται</span> <span class='ocrx_word' id='word_1_778' title='bbox 2746 4326 2841 4396; x_wconf 81' lang='grc' dir='ltr'>τὴν</span> <span class='ocrx_word' id='word_1_779' title='bbox 2859 4325 3094 4388; x_wconf 73' lang='grc' dir='ltr'>εὔνοιαν,</span> <span class='ocrx_word' id='word_1_780' title='bbox 3116 4326 3315 4397; x_wconf 81' lang='grc' dir='ltr'>πολλὴν</span> <span class='ocrx_word' id='word_1_781' title='bbox 3328 4328 3701 4396; x_wconf 79' lang='grc' dir='ltr'>ἐπισκηνῶσαι</span> 
     </span>
    </p>
   </div>
   <div class='ocr_carea' id='block_1_101' title="bbox 2028 4411 3695 4487">
    <p class='ocr_par' dir='ltr' id='par_1_101' title="bbox 2028 4411 3695 4487">
     <span class='ocr_line' id='line_1_101' title="bbox 2028 4411 3695 4487; baseline -0.002 -18"><span class='ocrx_word' id='word_1_782' title='bbox 2028 4416 2294 4487; x_wconf 84' lang='grc' dir='ltr'>ποιεῖτὴν</span> <span class='ocrx_word' id='word_1_783' title='bbox 2318 4415 2494 4486; x_wconf 85' lang='grc' dir='ltr'>χάριν.</span> <span class='ocrx_word' id='word_1_784' title='bbox 2527 4416 2645 4469; x_wconf 81' lang='grc' dir='ltr'>’Ὶνα</span> <span class='ocrx_word' id='word_1_785' title='bbox 2674 4411 2765 4468; x_wconf 80' lang='grc' dir='ltr'>οὖν</span> <span class='ocrx_word' id='word_1_786' title='bbox 2797 4414 3052 4467; x_wconf 91' lang='grc' dir='ltr'>ἀπάντων</span> <span class='ocrx_word' id='word_1_787' title='bbox 3084 4414 3289 4467; x_wconf 90' lang='grc' dir='ltr'>τούτων</span> <span class='ocrx_word' id='word_1_788' title='bbox 3316 4414 3695 4482; x_wconf 86' lang='grc' dir='ltr'>ἀπολαύωμεν,</span> 
     </span>
    </p>
   </div>
   <div class='ocr_carea' id='block_1_102' title="bbox 2030 4500 3699 4574">
    <p class='ocr_par' dir='ltr' id='par_1_102' title="bbox 2030 4500 3699 4574">
     <span class='ocr_line' id='line_1_102' title="bbox 2030 4500 3699 4574; baseline -0.004 -18"><span class='ocrx_word' id='word_1_789' title='bbox 2030 4504 2285 4574; x_wconf 88' lang='grc' dir='ltr'>φέρωμεν</span> <span class='ocrx_word' id='word_1_790' title='bbox 2306 4501 2541 4565; x_wconf 75' lang='grc' dir='ltr'>ἅπαντα,</span> <span class='ocrx_word' id='word_1_791' title='bbox 2584 4502 2905 4573; x_wconf 83' lang='grc' dir='ltr'>παρακαλῶ,</span> <span class='ocrx_word' id='word_1_792' title='bbox 2929 4501 2998 4552; x_wconf 70' lang='grc' dir='ltr'>τά</span> <span class='ocrx_word' id='word_1_793' title='bbox 3032 4517 3095 4552; x_wconf 90' lang='grc' dir='ltr'>συ</span> <span class='ocrx_word' id='word_1_794' title='bbox 3105 4501 3431 4571; x_wconf 82' lang='grc' dir='ltr'>μπίπτοντα,</span> <span class='ocrx_word' id='word_1_795' title='bbox 3457 4500 3544 4553; x_wconf 84' lang='grc' dir='ltr'>διά</span> <span class='ocrx_word' id='word_1_796' title='bbox 3566 4502 3699 4554; x_wconf 84' lang='grc' dir='ltr'>πάν-</span> 
     </span>
    </p>
   </div>
   <div class='ocr_carea' id='block_1_103' title="bbox 2029 4587 3699 4657">
    <p class='ocr_par' dir='ltr' id='par_1_103' title="bbox 2029 4587 3699 4657">
     <span class='ocr_line' id='line_1_103' title="bbox 2029 4587 3699 4657; baseline -0.002 -14"><span class='ocrx_word' id='word_1_797' title='bbox 2029 4608 2136 4643; x_wconf 89' lang='grc' dir='ltr'>των</span> <span class='ocrx_word' id='word_1_798' title='bbox 2155 4589 2246 4643; x_wconf 73' lang='grc' dir='ltr'>τὸν</span> <span class='ocrx_word' id='word_1_799' title='bbox 2271 4589 2403 4642; x_wconf 86' lang='grc' dir='ltr'>Θεὸν</span> <span class='ocrx_word' id='word_1_800' title='bbox 2428 4588 2760 4654; x_wconf 75' lang='grc' dir='ltr'>δοξάζοντες,</span> <span class='ocrx_word' id='word_1_801' title='bbox 2777 4589 2858 4641; x_wconf 87' lang='grc' dir='ltr'>ὅτι</span> <span class='ocrx_word' id='word_1_802' title='bbox 2880 4587 3030 4656; x_wconf 87' lang='grc' dir='ltr'>αὐτῷ</span> <span class='ocrx_word' id='word_1_803' title='bbox 3058 4587 3257 4655; x_wconf 80' lang='grc' dir='ltr'>πρέπει</span> <span class='ocrx_word' id='word_1_804' title='bbox 3279 4587 3425 4652; x_wconf 79' lang='grc' dir='ltr'>δόξα,</span> <span class='ocrx_word' id='word_1_805' title='bbox 3444 4588 3579 4657; x_wconf 83' lang='grc' dir='ltr'>τιμὴ</span> <span class='ocrx_word' id='word_1_806' title='bbox 3605 4588 3699 4639; x_wconf 72' lang='grc' dir='ltr'>καὶ</span> 
     </span>
    </p>
   </div>
   <div class='ocr_carea' id='block_1_104' title="bbox 2031 4671 3700 4744">
    <p class='ocr_par' dir='ltr' id='par_1_104' title="bbox 2031 4671 3700 4744">
     <span class='ocr_line' id='line_1_104' title="bbox 2031 4671 3700 4744; baseline -0.002 -17"><span class='ocrx_word' id='word_1_807' title='bbox 2031 4674 2251 4744; x_wconf 86' lang='grc' dir='ltr'>κράτος,</span> <span class='ocrx_word' id='word_1_808' title='bbox 2275 4674 2392 4743; x_wconf 74' lang='grc' dir='ltr'>ἅμα</span> <span class='ocrx_word' id='word_1_809' title='bbox 2421 4674 2499 4744; x_wconf 83' lang='grc' dir='ltr'>τῷ</span> <span class='ocrx_word' id='word_1_810' title='bbox 2528 4675 2807 4744; x_wconf 86' lang='grc' dir='ltr'>μονογενεῖ</span> <span class='ocrx_word' id='word_1_811' title='bbox 2829 4671 2995 4725; x_wconf 85' lang='grc' dir='ltr'>αὐτοῦ</span> <span class='ocrx_word' id='word_1_812' title='bbox 3026 4671 3138 4741; x_wconf 88' lang='grc' dir='ltr'>Υἰῴ</span> <span class='ocrx_word' id='word_1_813' title='bbox 3164 4672 3257 4725; x_wconf 74' lang='grc' dir='ltr'>καὶ</span> <span class='ocrx_word' id='word_1_814' title='bbox 3278 4672 3354 4742; x_wconf 81' lang='grc' dir='ltr'>τῷ</span> <span class='ocrx_word' id='word_1_815' title='bbox 3375 4673 3514 4741; x_wconf 84' lang='grc' dir='ltr'>ἁγίῳ</span> <span class='ocrx_word' id='word_1_816' title='bbox 3533 4673 3700 4725; x_wconf 77' lang='grc' dir='ltr'>Πνεύο</span> 
     </span>
    </p>
   </div>
   <div class='ocr_carea' id='block_1_105' title="bbox 2034 4757 3694 4832">
    <p class='ocr_par' dir='ltr' id='par_1_105' title="bbox 2034 4757 3694 4832">
     <span class='ocr_line' id='line_1_105' title="bbox 2034 4757 3694 4832; baseline -0.001 -18"><span class='ocrx_word' id='word_1_817' title='bbox 2034 4777 2184 4832; x_wconf 87' lang='grc' dir='ltr'>ματι,</span> <span class='ocrx_word' id='word_1_818' title='bbox 2202 4759 2295 4814; x_wconf 90' lang='grc' dir='ltr'>νῦν</span> <span class='ocrx_word' id='word_1_819' title='bbox 2321 4762 2414 4814; x_wconf 69' lang='grc' dir='ltr'>καὶ</span> <span class='ocrx_word' id='word_1_820' title='bbox 2434 4762 2539 4823; x_wconf 75' lang='grc' dir='ltr'>ἀεὶ,</span> <span class='ocrx_word' id='word_1_821' title='bbox 2558 4762 2651 4814; x_wconf 67' lang='grc' dir='ltr'>καὶ</span> <span class='ocrx_word' id='word_1_822' title='bbox 2670 4762 2749 4822; x_wconf 87' lang='grc' dir='ltr'>εἰς</span> <span class='ocrx_word' id='word_1_823' title='bbox 2772 4761 2898 4821; x_wconf 79' lang='grc' dir='ltr'>τοὺς</span> <span class='ocrx_word' id='word_1_824' title='bbox 2914 4758 3113 4821; x_wconf 86' lang='grc' dir='ltr'>αἰῶνας</span> <span class='ocrx_word' id='word_1_825' title='bbox 3132 4758 3239 4810; x_wconf 88' lang='grc' dir='ltr'>τῶν</span> <span class='ocrx_word' id='word_1_826' title='bbox 3256 4757 3483 4811; x_wconf 90' lang='grc' dir='ltr'>αἰώνων.</span> <span class='ocrx_word' id='word_1_827' title='bbox 3504 4760 3694 4831; x_wconf 80' lang='grc' dir='ltr'>’Δμήν.</span> 
     </span>
    </p>
   </div>
   <div class='ocr_carea' id='block_1_106' title="bbox 2092 4847 2892 4907">
    <p class='ocr_par' dir='ltr' id='par_1_106' title="bbox 2092 4847 2892 4907">
     <span class='ocr_line' id='line_1_106' title="bbox 2092 4847 2892 4907; baseline -0.006 -12"><span class='ocrx_word' id='word_1_828' title='bbox 2092 4849 2120 4876; x_wconf 77' lang='grc'><strong>⁸</strong></span> <span class='ocrx_word' id='word_1_829' title='bbox 2145 4847 2390 4895; x_wconf 71' lang='grc' dir='ltr'>Μαιῑίιτείο</span> <span class='ocrx_word' id='word_1_830' title='bbox 2416 4849 2629 4907; x_wconf 72' lang='lat' dir='ltr'>placere!</span> <span class='ocrx_word' id='word_1_831' title='bbox 2656 4847 2892 4902; x_wconf 73' lang='grc' dir='ltr'>ἐπιϐολήν.</span> 
     </span>
    </p>
   </div>
   <div class='ocr_carea' id='block_1_107' title="bbox 2091 4906 3701 4979">
    <p class='ocr_par' dir='ltr' id='par_1_107' title="bbox 2091 4906 3701 4979">
     <span class='ocr_line' id='line_1_107' title="bbox 2091 4906 3701 4979; baseline 0 -23"><span class='ocrx_word' id='word_1_832' title='bbox 2091 4908 2123 4979; x_wconf 59' lang='grc' dir='ltr'><em>ξ</em></span> <span class='ocrx_word' id='word_1_833' title='bbox 2170 4906 2454 4971; x_wconf 54' lang='lat' dir='ltr'>auspicata!</span> <span class='ocrx_word' id='word_1_834' title='bbox 2514 4908 2686 4958; x_wconf 73' lang='lat' dir='ltr'>Matth.</span> <span class='ocrx_word' id='word_1_835' title='bbox 2736 4907 3002 4970; x_wconf 79' lang='lat' dir='ltr'>legendum</span> <span class='ocrx_word' id='word_1_836' title='bbox 3053 4917 3213 4954; x_wconf 77' lang='lat' dir='ltr'>esse:</span> <span class='ocrx_word' id='word_1_837' title='bbox 3266 4906 3369 4954; x_wconf 82' lang='grc' dir='ltr'>ἀλλ’</span> <span class='ocrx_word' id='word_1_838' title='bbox 3411 4906 3544 4967; x_wconf 75' lang='grc' dir='ltr'>ὅμως</span> <span class='ocrx_word' id='word_1_839' title='bbox 3589 4907 3701 4956; x_wconf 72' lang='grc' dir='ltr'>τότε</span> 
     </span>
    </p>
   </div>
   <div class='ocr_carea' id='block_1_108' title="bbox 2028 4986 2197 5018">
    <p class='ocr_par' dir='ltr' id='par_1_108' title="bbox 2028 4986 2197 5018">
     <span class='ocr_line' id='line_1_108' title="bbox 2028 4986 2197 5018; baseline 0.006 -1"><span class='ocrx_word' id='word_1_840' title='bbox 2028 4986 2197 5018; x_wconf 85' lang='grc' dir='ltr'>ταυτα.</span> 
     </span>
    </p>
   </div>
   <div class='ocr_carea' id='block_1_109' title="bbox 1800 5243 2161 5299">
    <p class='ocr_par' dir='ltr' id='par_1_109' title="bbox 1800 5243 2161 5299">
     <span class='ocr_line' id='line_1_109' title="bbox 1800 5243 2161 5299; baseline -0.006 -2"><span class='ocrx_word' id='word_1_841' title='bbox 1800 5244 2044 5299; x_wconf 74' lang='lat' dir='ltr'>UMIAIA</span> <span class='ocrx_word' id='word_1_842' title='bbox 2082 5243 2161 5297; x_wconf 84' lang='lat' dir='ltr'>H&#39;.</span> 
     </span>
    </p>
   </div>
   <div class='ocr_carea' id='block_1_110' title="bbox 286 5361 1936 5433">
    <p class='ocr_par' dir='ltr' id='par_1_110' title="bbox 286 5361 1936 5433">
     <span class='ocr_line' id='line_1_110' title="bbox 286 5361 1936 5433; baseline -0.004 -12"><span class='ocrx_word' id='word_1_843' title='bbox 286 5367 375 5421; x_wconf 78' lang='grc' dir='ltr'>Τοῦ</span> <span class='ocrx_word' id='word_1_844' title='bbox 405 5364 596 5421; x_wconf 81' lang='grc' dir='ltr'>αὐτοῦ</span> <span class='ocrx_word' id='word_1_845' title='bbox 632 5364 838 5433; x_wconf 70' lang='grc' dir='ltr'>ὁμιλία</span> <span class='ocrx_word' id='word_1_846' title='bbox 868 5364 1155 5432; x_wconf 81' lang='grc' dir='ltr'>λεχθεῖσα</span> <span class='ocrx_word' id='word_1_847' title='bbox 1193 5364 1263 5419; x_wconf 85' lang='grc' dir='ltr'>έν</span> <span class='ocrx_word' id='word_1_848' title='bbox 1290 5363 1365 5433; x_wconf 73' lang='grc' dir='ltr'>τῇ</span> <span class='ocrx_word' id='word_1_849' title='bbox 1408 5362 1706 5430; x_wconf 77' lang='grc' dir='ltr'>ἐκκλησίᾳ</span> <span class='ocrx_word' id='word_1_850' title='bbox 1734 5362 1808 5431; x_wconf 73' lang='grc' dir='ltr'>τῇ</span> <span class='ocrx_word' id='word_1_851' title='bbox 1836 5361 1936 5416; x_wconf 76' lang='grc' dir='ltr'>ἐπὶ</span> 
     </span>
    </p>
   </div>
   <div class='ocr_carea' id='block_1_111' title="bbox 2039 5352 3699 5430">
    <p class='ocr_par' dir='ltr' id='par_1_111' title="bbox 2039 5352 3699 5430">
     <span class='ocr_line' id='line_1_111' title="bbox 2039 5352 3699 5430; baseline -0.008 -12"><span class='ocrx_word' id='word_1_852' title='bbox 2039 5353 2836 5430; x_wconf 82' lang='grc' dir='ltr'>⁹Εκκλησίαςήεύγένεια,πόση</span> <span class='ocrx_word' id='word_1_853' title='bbox 2859 5360 2957 5430; x_wconf 74' lang='grc' dir='ltr'>τῆς</span> <span class='ocrx_word' id='word_1_854' title='bbox 2986 5353 3221 5419; x_wconf 86' lang='grc' dir='ltr'>πίστεως</span> <span class='ocrx_word' id='word_1_855' title='bbox 3243 5354 3281 5425; x_wconf 78' lang='grc' dir='ltr'>η</span> <span class='ocrx_word' id='word_1_856' title='bbox 3300 5352 3532 5413; x_wconf 89' lang='grc' dir='ltr'>εὐτονία.</span> <span class='ocrx_word' id='word_1_857' title='bbox 3556 5352 3699 5423; x_wconf 69' lang='grc' dir='ltr'>πόση</span> 
     </span>
    </p>
   </div>
   <div class='ocr_carea' id='block_1_112' title="bbox 337 5433 3700 5521">
    <p class='ocr_par' dir='ltr' id='par_1_112' title="bbox 337 5433 3700 5521">
     <span class='ocr_line' id='line_1_112' title="bbox 337 5433 3700 5521; baseline -0.003 -19"><span class='ocrx_word' id='word_1_858' title='bbox 337 5438 599 5521; x_wconf 40' lang='lat' dir='ltr'>{FW-‘10“</span> <span class='ocrx_word' id='word_1_859' title='bbox 645 5436 886 5521; x_wconf 61' lang='grc' dir='ltr'>Γδτθίιξῖξ</span> <span class='ocrx_word' id='word_1_860' title='bbox 927 5435 1312 5504; x_wconf 70' lang='grc' dir='ltr'>ἀναγνόντων</span> <span class='ocrx_word' id='word_1_861' title='bbox 1333 5475 1347 5500; x_wconf 74' lang='grc' dir='ltr'><strong>ν</strong></span> <span class='ocrx_word' id='word_1_862' title='bbox 1392 5437 1490 5490; x_wconf 65' lang='grc' dir='ltr'>καὶ</span> <span class='ocrx_word' id='word_1_863' title='bbox 1528 5433 1934 5503; x_wconf 63' lang='grc' dir='ltr'>πρεσϐυτέρου</span> <span class='ocrx_word' id='word_1_864' title='bbox 2033 5451 2134 5521; x_wconf 77' lang='grc' dir='ltr'>τῆς</span> <span class='ocrx_word' id='word_1_865' title='bbox 2166 5447 2373 5516; x_wconf 86' lang='grc' dir='ltr'>πλάνης</span> <span class='ocrx_word' id='word_1_866' title='bbox 2397 5448 2429 5517; x_wconf 79' lang='grc' dir='ltr'>ἡ</span> <span class='ocrx_word' id='word_1_867' title='bbox 2450 5445 2699 5517; x_wconf 85' lang='grc' dir='ltr'>αἰσχύνη,</span> <span class='ocrx_word' id='word_1_868' title='bbox 2732 5445 2895 5509; x_wconf 84' lang='grc' dir='ltr'>πόσος</span> <span class='ocrx_word' id='word_1_869' title='bbox 2924 5444 3030 5497; x_wconf 89' lang='grc' dir='ltr'>τῶν</span> <span class='ocrx_word' id='word_1_870' title='bbox 3056 5442 3323 5512; x_wconf 83' lang='grc' dir='ltr'>δαιμόνων</span> <span class='ocrx_word' id='word_1_871' title='bbox 3345 5441 3375 5493; x_wconf 89' lang='lat'>6</span> <span class='ocrx_word' id='word_1_872' title='bbox 3401 5440 3593 5508; x_wconf 80' lang='grc' dir='ltr'>γέλως.</span> <span class='ocrx_word' id='word_1_873' title='bbox 3619 5441 3700 5491; x_wconf 71' lang='grc' dir='ltr'>Ἰἀ</span> 
     </span>
    </p>
   </div>
   <div class='ocr_carea' id='block_1_113' title="bbox 338 5503 1131 5575">
    <p class='ocr_par' dir='ltr' id='par_1_113' title="bbox 338 5503 1131 5575">
     <span class='ocr_line' id='line_1_113' title="bbox 338 5503 1131 5575; baseline 0 -14"><span class='ocrx_word' id='word_1_874' title='bbox 338 5509 560 5562; x_wconf 78' lang='grc' dir='ltr'>Γὸτθου</span> <span class='ocrx_word' id='word_1_875' title='bbox 586 5503 1131 5575; x_wconf 72' lang='grc' dir='ltr'>προομιλήσαντος.</span> 
     </span>
    </p>
   </div>
   <div class='ocr_carea' id='block_1_114' title="bbox 2037 5527 3699 5608">
    <p class='ocr_par' dir='ltr' id='par_1_114' title="bbox 2037 5527 3699 5608">
     <span class='ocr_line' id='line_1_114' title="bbox 2037 5527 3699 5608; baseline -0.008 -17"><span class='ocrx_word' id='word_1_876' title='bbox 2037 5537 2138 5608; x_wconf 77' lang='grc' dir='ltr'>μὲν</span> <span class='ocrx_word' id='word_1_877' title='bbox 2170 5536 2279 5608; x_wconf 90' lang='grc' dir='ltr'>γάρ</span> <span class='ocrx_word' id='word_1_878' title='bbox 2303 5535 2412 5589; x_wconf 89' lang='grc' dir='ltr'>τῶν</span> <span class='ocrx_word' id='word_1_879' title='bbox 2437 5534 2736 5604; x_wconf 69' lang='grc' dir='ltr'>φιλοσόφων</span> <span class='ocrx_word' id='word_1_880' title='bbox 2767 5533 2856 5587; x_wconf 76' lang='grc' dir='ltr'>καὶ</span> <span class='ocrx_word' id='word_1_881' title='bbox 2889 5531 3040 5603; x_wconf 85' lang='grc' dir='ltr'>παρά</span> <span class='ocrx_word' id='word_1_882' title='bbox 3069 5534 3179 5593; x_wconf 81' lang='grc' dir='ltr'>τοῖς</span> <span class='ocrx_word' id='word_1_883' title='bbox 3208 5527 3506 5599; x_wconf 77' lang='grc' dir='ltr'>ὁμοφώνοις</span> <span class='ocrx_word' id='word_1_884' title='bbox 3534 5543 3699 5578; x_wconf 77' lang='grc' dir='ltr'>καταο</span> 
     </span>
    </p>
   </div>
   <div class='ocr_carea' id='block_1_115' title="bbox 336 5611 3696 5699">
    <p class='ocr_par' dir='ltr' id='par_1_115' title="bbox 336 5611 3696 5699">
     <span class='ocr_line' id='line_1_115' title="bbox 336 5611 3696 5699; baseline -0.005 -21"><span class='ocrx_word' id='word_1_885' title='bbox 336 5632 398 5680; x_wconf 83' lang='grc' dir='ltr'>α’.</span> <span class='ocrx_word' id='word_1_886' title='bbox 444 5624 783 5696; x_wconf 84' lang='grc' dir='ltr'>Ἐϐουλόμην</span> <span class='ocrx_word' id='word_1_887' title='bbox 812 5627 1059 5697; x_wconf 89' lang='grc' dir='ltr'>παρεῖναι</span> <span class='ocrx_word' id='word_1_888' title='bbox 1085 5623 1352 5698; x_wconf 86' lang='grc' dir='ltr'>Ἕλληνας</span> <span class='ocrx_word' id='word_1_889' title='bbox 1372 5626 1628 5699; x_wconf 83' lang='grc' dir='ltr'>τήμερον,</span> <span class='ocrx_word' id='word_1_890' title='bbox 1658 5625 1798 5680; x_wconf 84' lang='grc' dir='ltr'>ὥστε</span> <span class='ocrx_word' id='word_1_891' title='bbox 1826 5623 1937 5679; x_wconf 90' lang='grc' dir='ltr'>τῶν</span> <span class='ocrx_word' id='word_1_892' title='bbox 2034 5623 2271 5687; x_wconf 89' lang='grc' dir='ltr'>λέλυται,</span> <span class='ocrx_word' id='word_1_893' title='bbox 2295 5622 2364 5677; x_wconf 88' lang='grc' dir='ltr'>τά</span> <span class='ocrx_word' id='word_1_894' title='bbox 2389 5623 2446 5676; x_wconf 84' lang='grc' dir='ltr'>δὲ</span> <span class='ocrx_word' id='word_1_895' title='bbox 2480 5622 2722 5694; x_wconf 85' lang='grc' dir='ltr'>ήμέτερα</span> <span class='ocrx_word' id='word_1_896' title='bbox 2749 5621 2841 5673; x_wconf 80' lang='grc' dir='ltr'>καὶ</span> <span class='ocrx_word' id='word_1_897' title='bbox 2871 5620 3021 5690; x_wconf 88' lang='grc' dir='ltr'>παρά</span> <span class='ocrx_word' id='word_1_898' title='bbox 3053 5611 3696 5699; x_wconf 71' lang='grc' dir='ltr'>έτερογλώσσοιςπολλην</span> 
     </span>
    </p>
   </div>
   <div class='ocr_carea' id='block_1_116' title="bbox 281 5711 1938 5786">
    <p class='ocr_par' dir='ltr' id='par_1_116' title="bbox 281 5711 1938 5786">
     <span class='ocr_line' id='line_1_116' title="bbox 281 5711 1938 5786; baseline 0 -20"><span class='ocrx_word' id='word_1_899' title='bbox 281 5713 694 5784; x_wconf 78' lang='grc' dir='ltr'>ἀνιγνωσμένων</span> <span class='ocrx_word' id='word_1_900' title='bbox 718 5711 949 5769; x_wconf 85' lang='grc' dir='ltr'>ἀκοῦσαι</span> <span class='ocrx_word' id='word_1_901' title='bbox 972 5715 1066 5768; x_wconf 72' lang='grc' dir='ltr'>καὶ</span> <span class='ocrx_word' id='word_1_902' title='bbox 1093 5714 1283 5786; x_wconf 85' lang='grc' dir='ltr'>μαθεῖν</span> <span class='ocrx_word' id='word_1_903' title='bbox 1314 5713 1454 5785; x_wconf 84' lang='grc' dir='ltr'>πόση</span> <span class='ocrx_word' id='word_1_904' title='bbox 1479 5714 1573 5768; x_wconf 87' lang='grc' dir='ltr'>τοῦ</span> <span class='ocrx_word' id='word_1_905' title='bbox 1599 5712 1938 5785; x_wconf 86' lang='grc' dir='ltr'>σταυρωθέν-</span> 
     </span>
    </p>
   </div>
   <div class='ocr_carea' id='block_1_117' title="bbox 280 5801 1925 5875">
    <p class='ocr_par' dir='ltr' id='par_1_117' title="bbox 280 5801 1925 5875">
     <span class='ocr_line' id='line_1_117' title="bbox 280 5801 1925 5875; baseline 0.004 -23"><span class='ocrx_word' id='word_1_906' title='bbox 280 5818 353 5864; x_wconf 62' lang='lat' dir='ltr'><strong>eo;</strong></span> <span class='ocrx_word' id='word_1_907' title='bbox 388 5803 426 5872; x_wconf 79' lang='grc' dir='ltr'>ή</span> <span class='ocrx_word' id='word_1_908' title='bbox 470 5802 653 5873; x_wconf 81' lang='grc' dir='ltr'>ἰσχὺς,</span> <span class='ocrx_word' id='word_1_909' title='bbox 692 5802 833 5874; x_wconf 78' lang='grc' dir='ltr'>πόση</span> <span class='ocrx_word' id='word_1_910' title='bbox 875 5802 969 5857; x_wconf 88' lang='grc' dir='ltr'>τοῦ</span> <span class='ocrx_word' id='word_1_911' title='bbox 1003 5801 1234 5875; x_wconf 87' lang='grc' dir='ltr'>σταυροῦ</span> <span class='ocrx_word' id='word_1_912' title='bbox 1275 5804 1308 5872; x_wconf 90' lang='grc' dir='ltr'>ή</span> <span class='ocrx_word' id='word_1_913' title='bbox 1348 5801 1606 5873; x_wconf 83' lang='grc' dir='ltr'>δύναμις,</span> <span class='ocrx_word' id='word_1_914' title='bbox 1641 5802 1783 5873; x_wconf 83' lang='grc' dir='ltr'>πόση</span> <span class='ocrx_word' id='word_1_915' title='bbox 1825 5803 1925 5875; x_wconf 80' lang='grc' dir='ltr'>τῆς</span> 
     </span>
    </p>
   </div>
   <div class='ocr_carea' id='block_1_118' title="bbox 2036 5698 3699 5785">
    <p class='ocr_par' dir='ltr' id='par_1_118' title="bbox 2036 5698 3699 5785">
     <span class='ocr_line' id='line_1_118' title="bbox 2036 5698 3699 5785; baseline -0.008 -20"><span class='ocrx_word' id='word_1_916' title='bbox 2036 5710 2151 5785; x_wconf 70' lang='grc' dir='ltr'>ἔχει</span> <span class='ocrx_word' id='word_1_917' title='bbox 2182 5711 2408 5781; x_wconf 91' lang='grc' dir='ltr'>δύναμιν</span> <span class='ocrx_word' id='word_1_918' title='bbox 2426 5728 2440 5741; x_wconf 92' lang='grc'><strong>·</strong></span> <span class='ocrx_word' id='word_1_919' title='bbox 2478 5712 2572 5763; x_wconf 64' lang='grc' dir='ltr'>κα)⁵</span> <span class='ocrx_word' id='word_1_920' title='bbox 2598 5710 2665 5762; x_wconf 82' lang='grc' dir='ltr'>τά</span> <span class='ocrx_word' id='word_1_921' title='bbox 2691 5709 2789 5779; x_wconf 82' lang='grc' dir='ltr'>μὲν</span> <span class='ocrx_word' id='word_1_922' title='bbox 2812 5708 3053 5778; x_wconf 86' lang='grc' dir='ltr'>ἀράχνης</span> <span class='ocrx_word' id='word_1_923' title='bbox 3087 5702 3447 5773; x_wconf 84' lang='grc' dir='ltr'>εὐκολώτερον</span> <span class='ocrx_word' id='word_1_924' title='bbox 3478 5698 3699 5753; x_wconf 77' lang='grc' dir='ltr'>διεσπά·</span> 
     </span>
    </p>
   </div>
   <div class='ocr_carea' id='block_1_119' title="bbox 2035 5790 3314 5871">
    <p class='ocr_par' dir='ltr' id='par_1_119' title="bbox 2035 5790 3314 5871">
     <span class='ocr_line' id='line_1_119' title="bbox 2035 5790 3314 5871; baseline -0.012 -16"><span class='ocrx_word' id='word_1_925' title='bbox 2035 5800 2158 5871; x_wconf 89' lang='grc' dir='ltr'>σθη,</span> <span class='ocrx_word' id='word_1_926' title='bbox 2195 5798 2264 5853; x_wconf 86' lang='grc' dir='ltr'>τά</span> <span class='ocrx_word' id='word_1_927' title='bbox 2291 5798 2347 5854; x_wconf 77' lang='grc' dir='ltr'>δὲ</span> <span class='ocrx_word' id='word_1_928' title='bbox 2371 5798 2675 5869; x_wconf 85' lang='grc' dir='ltr'>ἀδάμαντος</span> <span class='ocrx_word' id='word_1_929' title='bbox 2704 5794 3055 5866; x_wconf 75' lang='grc' dir='ltr'>στερρότερον</span> <span class='ocrx_word' id='word_1_930' title='bbox 3081 5790 3314 5861; x_wconf 84' lang='grc' dir='ltr'>πέπηγε.</span> 
     </span>
    </p>
   </div>
  </div>
