3872 6396
133 349 161 401 σι
522 345 635 403 Vill
676 343 979 407 liOMlLIA,
1022 341 1273 398 IIABITA
1317 338 1686 408 POSTQUAM
1728 338 2138 398 PRESBYTER
2176 341 2472 411 GOTHUS,
2514 345 2666 403 ETC.

142 486 270 556 iisqui
289 474 478 557 ejusdem
502 486 689 557 lingua:
716 492 891 551 erant,
919 483 1193 539 confutata
1212 481 1400 543 fuere;
1433 490 1531 532 no-

135 593 156 629 a
180 591 277 631 vero
296 578 417 631 etiam
437 578 561 648 apud
583 587 870 633 extraneos
896 576 1117 630 multam
1146 574 1255 628 vim
1283 571 1484 627 habent
1512 588 1526 625 :

140 668 204 721 illa
240 668 407 738 quidem
447 670 641 723 facilius
678 684 837 739 quam
867 682 1081 722 aranea:
1126 665 1228 721 tela
1277 664 1530 735 dissipata

134 768 186 822 n;
212 757 301 813 lucc
322 768 462 813 autem
489 758 689 814 ﬁrmius
709 773 867 829 quam
891 758 1111 813 adamas
1135 756 1296 811 infixa
1325 766 1471 810 sunt.

133 850 309 905 Barbara:
330 862 464 921 gentes
487 851 551 904 ad
577 851 729 919 ﬁdem
750 844 1003 905 converste
1033 850 1327 920 Scripturas
1351 849 1405 903 in
1430 849 1533 903 lin-

133 958 181 993 mt
197 959 311 995 suam
323 941 832 999 converterunt.—Uhi
853 952 977 997 sunt
990 956 1133 997 nunc
1156 941 1248 996 illa
1275 941 1535 1006 Platonis,

140 1035 316 1104 ltagorzc
352 1044 588 1090 eteorum
628 1035 717 1105 qui
764 1034 991 1090 Athenis
1034 1035 1224 1091 erant?
1274 1034 1537 1090 exstincta

140 1136 170 1179 t.
210 1125 291 1182 Ubi
315 1136 415 1181 sunt
446 1128 525 1181 illa
556 1128 879 1197 piscatorum
906 1138 960 1183 et
989 1128 1341 1183 tentoriorum
1369 1126 1539 1182 artiﬁ-

134 1218 282 1273 i?non
310 1218 353 1272 in
375 1218 533 1273 ludaaa
565 1220 759 1285 solum,
790 1219 885 1275 sed
910 1219 1069 1274 etiam
1092 1220 1231 1289 apud
1256 1220 1538 1274 barbaram

134 1327 259 1375 nam,
280 1323 324 1366 ut
350 1311 482 1366 hodie
509 1313 754 1376 audistis,
779 1313 1113 1384 splendidius
1138 1328 1298 1384 quam
1326 1312 1405 1367 sol
1427 1313 1540 1381 ipse

133 1414 208 1459 ent
226 1422 237 1456 :
254 1412 298 1457 et
311 1403 493 1475 Scytlue
515 1412 569 1459 ct
588 1403 824 1459 Thraces
846 1414 899 1459 et
927 1404 1188 1460 Sarmata:
1211 1413 1264 1459 et
1294 1403 1459 1457 Mauri
1486 1409 1542 1457 et

158 1505 204 1549 et
226 1496 299 1564 qui
331 1494 385 1549 ad
421 1506 645 1550 extrema
688 1496 834 1550 orbis
876 1496 1033 1552 sedes
1064 1496 1294 1559 habent,
1326 1495 1391 1549 iis
1418 1511 1538 1565 qua:

133 1598 200 1657 pta
246 1600 351 1642 sunt
401 1588 444 1641 in
490 1590 723 1657 linguam
774 1603 923 1643 suam
977 1587 1273 1652 translatis,
1307 1587 1541 1656 philoso-

138 1689 227 1734 itur
252 1697 263 1731 :
292 1680 409 1746 lucc,
430 1680 657 1751 inquam,
686 1694 884 1750 quaene
898 1694 991 1750 per
1028 1681 1294 1735 somnium
1321 1678 1536 1750 quidem

133 1772 261 1838 giuati
287 1782 396 1827 sunt
421 1772 481 1840 ii,
513 1772 603 1844 qui
629 1772 769 1841 apud
797 1771 1015 1828 Graecos
1044 1770 1260 1827 barbam
1293 1779 1537 1842 gestant,

133 1867 301 1935 :ipione
340 1881 423 1921 eos
446 1868 533 1937 qui
575 1867 677 1923 sibi
704 1870 757 1922 in
802 1867 917 1923 foro
942 1878 1233 1923 occurrunt
1265 1877 1538 1934 amovent,

134 1957 308 2026 apillos
327 1957 500 2028 capitis
521 1958 741 2028 agitant,
761 1958 977 2014 leonum
1003 1961 1171 2028 magis
1187 1973 1344 2029 quam
1370 1958 1543 2014 homi-

153 2048 321 2102 facicm
348 2062 449 2119 pra:
467 2063 525 2103 se
553 2048 807 2104 ferentes.
837 2049 941 2106 Sed
976 2059 1153 2105 nostra
1185 2066 1290 2105 non
1317 2061 1443 2106 sunt
1469 2051 1541 2105 si-

153 2156 165 2201 ;
197 2155 286 2193 nec
312 2139 360 2193 in
390 2139 597 2205 Vestitu,
622 2140 715 2195 sed
743 2141 793 2195 in
826 2142 1178 2211 temperantia
1208 2142 1542 2212 philosophia

134 2242 214 2284 est.
241 2232 360 2286 Nam
386 2234 631 2287 meretrix
668 2234 907 2304 quidem,
950 2243 1135 2303 utpote
1166 2251 1283 2305 qum
1315 2237 1543 2292 naturali

133 2324 297 2382 (audet
316 2322 722 2393 pulchritudine,
746 2325 885 2391 luco,
907 2326 1151 2394 picturis,
1180 2328 1373 2382 vestitu
1398 2328 1542 2395 albo,

141 2430 201 2468 ne
217 2415 463 2469 similibus
479 2417 703 2482 artibus,
729 2431 889 2471 manu
913 2419 1291 2472 concinnatam
1307 2419 1406 2474 sibi
1425 2434 1547 2473 cou-

149 2507 382 2569 formant,
418 2507 714 2561 naturalem
758 2508 1084 2563 abumbrans
1105 2508 1498 2565 deformitatem
1530 2527 1544 2564 :

133 2613 249 2651 vero
282 2613 344 2652 ex
377 2609 559 2652 natura
585 2598 820 2653 formosa
854 2607 960 2664 est,
988 2601 1223 2670 gratiosa
1251 2611 1304 2656 ct
1351 2602 1546 2657 nobilis

133 2707 164 2750 ι.
190 2700 385 2743 uaturm
413 2690 609 2744 donum
638 2690 836 2745 nudum
863 2691 1012 2757 sinit,
1038 2700 1097 2745 ut
1122 2707 1217 2761 per
1234 2708 1293 2747 se
1318 2708 1546 2749 concer-

133 2795 193 2832 on
226 2780 461 2849 indigens
491 2780 763 2835 similibus
792 2778 1040 2848 auxiliis;
1074 2782 1168 2837 sed
1197 2783 1285 2837 illa
1303 2782 1542 2853 depellit,

133 2872 347 2925 turalem
378 2870 600 2926 formam
632 2872 933 2943 hujusmodi
964 2888 1063 2928 ceu
1088 2873 1406 2929 velamentis
1448 2874 1546 2929 oh-

133 2973 161 3016 t.
196 2963 302 3016 lloc
325 2975 378 3018 et
396 2965 445 3017 iu
478 2965 733 3027 Ecclesia,
751 2975 803 3020 et
819 2964 1227 3034 apudestcruos
1242 2967 1423 3021 videre
1442 2976 1544 3022 est.

136 3056 203 3107 im
226 3070 347 3109 cum
374 3057 671 3109 naturalem
699 3057 1153 3126 pulchritudinem
1172 3074 1277 3113 non
1298 3059 1546 3126 habeant,

167 3148 363 3216 pietate
394 3163 517 3204 sese
547 3164 738 3204 ornare
768 3151 998 3221 possint,
1045 3152 1238 3222 lingua:
1270 3154 1509 3207 facundia
1532 3197 1546 3217 ,

161 3242 390 3313 tornatis
418 3241 823 3310 dictionumque
846 3244 1339 3313 compositionem
1359 3246 1547 3312 comis,

133 3347 194 3386 us
225 3312 436 3387 ct—aliis
466 3333 787 3402 quibusdam
820 3349 880 3389 se
898 3335 1260 3391 collem-stare
1293 3337 1508 3391 student
1534 3356 1547 3391 :

143 3441 225 3480 nos
256 3436 443 3480 autem
476 3444 581 3481 non
612 3427 683 3481 ita
704 3468 719 3493 ,
752 3426 848 3482 sed
880 3428 994 3483 lucc
1021 3430 1199 3483 omnia
1231 3431 1551 3499 repellentes

138 3532 317 3571 'rnum
374 3517 571 3571 fastum
611 3517 959 3588 ropttdiantes
1014 3520 1218 3597 nostri,
1254 3522 1550 3576 naturalem

140 3620 202 3664 nt
268 3611 764 3681 pulchritudinem;
813 3627 920 3667 non
970 3611 1201 3684 linguam
1250 3606 1502 3672 acuenti3s
1535 3662 1549 3681 ,

133 3704 409 3775 egantiam
442 3705 710 3761 sermonis
729 3714 1007 3777 captantes
1025 3749 1041 3775 ,
1066 3709 1161 3764 sed
1191 3708 1242 3764 in
1268 3712 1557 3765 sententia-

136 3807 286 3853 rtute
310 3799 783 3869 phiIOSOphautes,
805 3809 963 3871 atque
986 3816 1050 3857 ex
1068 3817 1289 3873 operum
1311 3806 1557 3878 exemplo

133 3901 389 3947 accurato
419 3893 546 3948 vita:
590 3894 833 3949 instituto
861 3894 1245 3951 inhabitantem
1293 3898 1343 3952 in
1371 3914 1431 3954 se
1464 3899 1556 3954 Dei

133 4007 159 4043 ri
208 4006 313 4060 per
357 4004 558 4045 omnes
587 3991 897 4061 praedicant.
929 3991 1055 4047 Ideo
1081 3994 1241 4049 etiam
1275 4009 1378 4050 non
1409 3996 1559 4051 habi-

134 4082 311 4136 modo
358 4092 569 4137 terram
598 4124 612 4145 ,
660 4083 753 4139 sed
785 4083 1171 4151 inhabitatam;
1218 4103 1321 4141 non
1362 4096 1555 4144 terram

145 4172 251 4226 sed
273 4174 453 4227 etiam
484 4189 664 4240 mare;
695 4191 799 4229 non
830 4175 989 4230 urbes
1017 4185 1249 4243 tantum,
1278 4179 1372 4234 sed
1396 4181 1555 4234 etiam

134 4284 172 4325 ι,
220 4265 409 4320 colles
458 4274 514 4319 et
540 4267 735 4333 valles;
783 4282 887 4321 non
919 4267 1179 4324 Graeciam
1224 4271 1419 4339 modo,
1464 4272 1558 4328 sed

133 4356 418 4412 barbaras
464 4357 741 4421 nationes;
794 4374 900 4413 non
944 4374 1039 4415 eos
1081 4362 1169 4431 qui
1206 4363 1259 4417 in
1303 4363 1559 4435 dignitate

144 4492 162 4515 ,
201 4450 311 4504 sed
358 4460 421 4505 et
465 4465 561 4504 eos
587 4451 675 4521 qui
710 4453 760 4505 in
790 4462 1027 4508 extrema
1071 4465 1409 4525 paupertate;
1454 4475 1557 4513 non

134 4541 285 4594 slum
311 4583 328 4606 ,
369 4541 477 4596 sed
507 4542 669 4597 etiam
701 4544 979 4612 mulieres;
1010 4560 1115 4601 non
1143 4562 1300 4603 senes
1323 4558 1556 4616 tantum,

134 4647 204 4685 :m
239 4632 501 4700 juvenes
529 4640 797 4703 tamquam
828 4649 1019 4705 sagena
1052 4648 1327 4707 ceperunt.
1360 4638 1468 4696 Nec
1494 4658 1560 4697 co

133 4734 344 4777 autum
376 4767 394 4788 ,
450 4725 550 4780 sed
595 4727 755 4781 etiam
789 4727 1011 4784 ulterius
1038 4742 1452 4800 processerunt,
1505 4743 1560 4788 ct

133 4834 163 4870 η
192 4818 352 4871 satis
386 4817 530 4886 ipsis
551 4829 693 4874 esset
721 4830 860 4872 terra
886 4830 1086 4885 nostra,
1119 4822 1171 4876 in
1202 4822 1372 4893 ipsum
1396 4824 1561 4879 Ocea-

162 4909 588 4973 contulerunt,
611 4909 973 4981 liarbarasque
1000 4913 1245 4983 regiones
1272 4923 1326 4969 et
1352 4915 1561 4971 Britan-

134 5003 322 5057 snlas
357 5002 420 5056 in
453 5003 661 5057 retibus
690 5004 803 5057 suis
831 5004 1159 5060 incluserunt
1181 5024 1195 5060 :
1215 5014 1271 5061 ct
1298 5024 1559 5075 quocum-

133 5111 143 5146 l
182 5093 466 5161 abieris,
515 5095 841 5165 piscatorum
871 5098 1085 5151 nomina
1116 5098 1166 5152 in
1196 5100 1433 5153 omnium
1465 5115 1561 5155 ore

134 5186 299 5240 lebis
326 5202 343 5250 ;
387 5203 513 5241 non
547 5198 764 5256 propter
790 5189 1114 5257 piscatorum
1148 5189 1398 5245 virtutem
1421 5232 1434 5256 ,
1465 5191 1559 5246 sed

149 5281 473 5335 Crucilixi
524 5280 843 5350 potentiam,
886 5296 1005 5352 quae
1031 5281 1226 5352 ubique
1266 5283 1395 5353 ipsis
1423 5283 1561 5338 viam

144 5384 362 5439 verat,
402 5383 580 5444 atque
605 5372 795 5427 idiotas
826 5373 1157 5443 philosophis
1187 5374 1559 5445 sapientiores,

133 5477 279 5519 atas
303 5468 615 5537 magisque
634 5476 809 5521 mutos
834 5482 991 5537 quam
1020 5467 1213 5537 pisces,
1238 5467 1561 5533 rhetoribus,

139 5576 215 5614 us
254 5573 321 5613 ιιι
358 5561 643 5628 sophisus
670 5560 952 5616 solidiores
979 5560 1300 5617 reddiderat.
1334 5562 1409 5616 Ne
1433 5578 1563 5631 ergo

137 5666 204 5709 ct
245 5655 309 5709 id
356 5656 572 5723 pudori
599 5671 717 5710 esse
750 5655 1021 5717 Ecclesize.
1054 5653 1195 5725 quod
1223 5655 1480 5711 barbaros
1509 5655 1561 5709 in

134 5762 374 5816 urgere
400 5754 468 5801 et
504 5747 645 5816 loqui
671 5746 1086 5818 prteceperimus
1116 5765 1129 5799 :
1166 5746 1265 5801 hoc
1291 5748 1431 5801 enim
1462 5747 1565 5802 Ec-

133 5849 375 5894 matus
396 5849 465 5894 et
484 5839 667 5905 decor,
689 5841 802 5894 haec
827 5840 1215 5897 demonstratio
1241 5851 1321 5897 est
1350 5840 1560 5898 virtutis

253 5952 585 6015 ΡΑσι-ιιοι..
629 5954 748 6015 Gn.
796 5954 1018 6017 LXIII.

3120 350 3224 410 502

1641 486 1763 540 qua:
1800 473 1852 528 in
1885 474 1987 531 fide
2012 476 2113 531 sita
2139 488 2221 533 est
2254 497 2267 533 :
2299 480 2399 535 hoc
2428 491 2481 536 et
2500 482 2763 554 Proltheta
2804 486 2930 541 olim
2969 504 3220 558 praeuuu-

1642 562 1813 632 tians,
1877 565 2092 622 dicebat
2124 586 2138 624 :
2170 570 2292 625 Non
2337 582 2456 626 sunt
2502 574 2715 646 loquela:
2750 593 2908 648 neque
2946 597 3223 649 sermones,

1640 668 1855 723 quorum
1876 672 1977 711 non
2004 660 2282 715 audiantur
2308 680 2453 719 voces
2481 682 2655 722 eorum
2685 684 2704 722 :
2728 670 2781 724 in
2809 687 3006 727 omnem
3036 684 3224 729 terram

1641 748 1794 802 exivit
1821 764 1975 804 sonus
2000 765 2171 805 eorum
2191 794 2207 818 ,
2244 764 2290 807 et
2314 756 2366 808 in
2391 757 2519 825 ﬁnes
2543 760 2677 815 orbis
2707 770 2855 818 terra:
2878 766 3028 821 verba
3049 784 3225 823 eorum

1642 838 1814 909 (Psal.
1850 841 1936 897 l8.
1968 844 2023 898 4.
2052 845 2131 915 5).
2162 845 2273 901 Hoc
2298 856 2350 902 et
2371 849 2506 906 alius
2533 866 2741 909 rursum
2768 855 3078 925 declarans,
3104 864 3225 919 aliis

1641 932 2014 990 subindicabat
2042 937 2249 1006 verbis,
2301 939 2489 997 dicens
2520 960 2536 997 :
2566 943 2703 1013 Lupi
2728 957 2774 1000 et
2805 952 2926 1021 agni
2948 953 3102 1008 simul
3126 972 3223 1023 pa-

1642 1036 1879 1095 scentur,
1912 1038 1960 1083 et
1989 1031 2179 1099 pardus
2203 1033 2418 1103 quiescet
2445 1051 2563 1090 cum
2593 1037 2739 1094 [trado
2757 1081 2773 1108 ,
2802 1052 2850 1096 et
2875 1043 2956 1098 leo
2985 1046 3113 1101 sicut
3138 1050 3224 1105 bos

1642 1118 1864 1172 comedet
1903 1120 2077 1189 paleas
2119 1120 2380 1191 (1εαὶ.65.
2413 1125 2505 1198 25)
2543 1145 2557 1182 :
2590 1144 2693 1184 non
2730 1132 2798 1187 de
2841 1133 3112 1203 leonibus,
3156 1140 3227 1194 do

1642 1208 1825 1300 agnis,
1853 1209 1919 1264 de
1946 1212 2160 1280 pardis,
2201 1215 2269 1271 de
2296 1216 2463 1273 lnedis
2493 1219 2751 1291 loquens,
2780 1225 2873 1280 sed
2902 1229 3052 1283 nobis
3082 1246 3223 1300 prm-

1647 1299 1901 1355 nuntians
1917 1309 1973 1356 et
2001 1304 2305 1373 significans
2342 1306 2458 1365 fore
2481 1320 2534 1365 ut
2564 1328 2625 1367 ea
2653 1329 2774 1382 pars
2804 1299 3227 1392 hominumquas

1646 1390 1815 1448 ferina
1845 1406 1979 1460 erat,
2011 1397 2062 1450 in
2085 1412 2200 1453 eam
2230 1402 2410 1455 veniat
2439 1407 2900 1464 mansuetudinem
2924 1428 3020 1481 per
3037 1390 3230 1482 pra-di-

1645 1486 1871 1540 cationis
1900 1487 2289 1559 philosophiam
2317 1498 2720 1564 temperata,ita
2749 1509 2807 1554 ut
2833 1517 2952 1556 cum
2984 1520 3227 1562 mansue-

1648 1575 1714 1630 tis
1739 1584 1795 1631 et
1816 1578 2113 1643 mitissimis
2134 1584 2261 1640 viris
2282 1588 2583 1643 conveniat.
2614 1590 2681 1644 Et
2711 1590 2812 1647 hoc
2840 1592 2999 1649 hodie
3015 1597 3225 1664 videtis,

1646 1681 1742 1722 eos
1796 1685 2012 1741 nempe,
2060 1674 2150 1743 qui
2201 1692 2311 1745 pra:
2362 1681 2609 1735 omnibus
2658 1682 2966 1742 hominibus
3018 1690 3229 1747 barbari

1648 1767 1831 1825 erant,
1855 1776 1976 1817 cum
2034 1763 2293 1821 Ecclesia:
2322 1769 2511 1827 ovibus
2541 1781 2776 1844 stantes,
2805 1777 3102 1851 iisdemque
3131 1798 3229 1852 pa-

1651 1851 1792 1904 scuis
1818 1861 1978 1922 atque
2006 1856 2194 1912 eadem
2222 1860 2370 1915 caula
2402 1872 2633 1931 utentes,
2665 1883 2935 1941 unamque
2977 1851 3230 1933 omnibus

1650 1942 1948 2011 appositam
1981 1961 2243 2005 mensam.
3087 1968 3098 1976 '

1720 2034 1774 2086 2.
1817 2034 2147 2093 Erubescant
2166 2040 2337 2097 Judmi
2353 2083 2370 2110 ,
2391 2046 2480 2115 qui
2505 2046 2685 2105 literas
2710 2049 2914 2122 legunt,
2938 2063 2991 2110 et
3014 2070 3230 2113 sensum

1655 2124 1901 2194 ignorant
1933 2145 1946 2179 :
1977 2145 2087 2199 prae
2104 2133 2308 2201 pudore
2336 2150 2397 2190 se
2425 2136 2939 2213 obtegantgentiles,
2963 2147 3053 2217 qui
3082 2150 3234 2205 radio

1650 2218 1810 2273 solari
1835 2219 2117 2277 clariorem
2149 2224 2329 2281 vident
2355 2228 2635 2285 veritatem
2680 2234 3090 2305 splendentem,
3139 2243 3234 2311 qui

1652 2305 1916 2373 lapidibus
1942 2311 2211 2379 assident,
2256 2324 2312 2369 et
2340 2318 2587 2373 tenebras
2608 2333 2907 2391 sequuntur
2937 2344 2950 2381 :
2978 2305 3237 2397 glorietur

1650 2399 1908 2468 Ecclesia,
1928 2419 2045 2471 qurc
2070 2406 2208 2476 apud
2231 2421 2420 2464 omnes
2446 2410 2611 2482 fulget
2630 2423 2687 2469 et
2710 2417 2907 2471 evolat.
2927 2418 3076 2475 Sicut
3090 2424 3232 2478 enim

1651 2493 1732 2546 sol
1759 2498 2058 2551 communis
2082 2507 2166 2553 est
2190 2508 2245 2554 et
2274 2510 2412 2556 terra
2442 2508 2741 2561 communis
2763 2547 2780 2575 ,
2811 2518 2869 2566 ut
2912 2520 2968 2567 et
3006 2530 3153 2571 mare
3181 2530 3237 2572 et

1651 2599 1746 2639 aer
1782 2602 1795 2638 :
1828 2585 1927 2653 sic,
1964 2597 2020 2643 et
2047 2590 2215 2646 multo
2240 2594 2409 2663 magis
2444 2596 2591 2650 verbi
2624 2599 2934 2667 praadicatio
2974 2603 3113 2661 facta
3155 2620 3238 2664 est

1651 2681 1951 2736 communis
1980 2699 1993 2736 :
2028 2682 2255 2754 ideoque
2276 2685 2479 2743 Paulus
2504 2688 2716 2747 dicebat
2746 2709 2759 2746 :
2792 2693 2861 2749 Ut
2882 2696 3101 2768 aliquem
3122 2704 3237 2773 fru-

1652 2780 1788 2824 ctum
1828 2772 2040 2829 habeam
2081 2786 2127 2830 et
2157 2778 2210 2831 in
2238 2779 2375 2834 vobis
2393 2821 2409 2846 ,
2452 2784 2582 2837 sicut
2610 2794 2657 2839 et
2691 2785 2745 2841 in
2770 2791 2962 2845 steteris
2987 2772 3235 2862 gentibus.

1654 2860 1845 2920 Crtecis
1889 2882 1951 2919 ac
1989 2868 2234 2937 barbaris,
2266 2872 2574 2943 sapientibus
2599 2884 2646 2930 et
2671 2860 3021 2950 insipientibus
3046 2884 3239 2940 debitor

1654 2972 1766 3010 sum
1796 2974 1815 3010 :
1840 2959 1911 3011 ita
1936 2968 1982 3012 et
2010 2961 2063 3013 in
2090 2979 2169 3015 me
2189 2975 2477 3036 promptum
2503 2978 2576 3022 est
2605 2980 2653 3024 et
2677 2971 2729 3025 in
2758 2974 2896 3028 vobis
2915 3016 2931 3041 ,
2961 2978 3047 3044 qui
3063 2976 3242 3034 Romae

1655 3051 1806 3119 estis,
1858 3054 2201 3124 evangelium
2229 3057 2403 3126 (Rom.
2442 3061 2491 3114 1.
2519 3062 2734 3134 15-15).
2783 3064 2850 3119 Et
2876 3066 3002 3136 quid
3029 3070 3240 3125 miraris

1658 3144 1701 3194 si
1732 3143 1783 3195 in
1812 3142 1986 3209 Novo,
2040 3147 2254 3215 quando
2289 3151 2452 3205 etiam
2505 3152 2557 3206 in
2590 3153 2762 3210 Veteri
2799 3156 3027 3227 idipsum
3056 3160 3237 3218 fiebat.

1660 3233 1790 3287 Nam
1824 3235 2024 3303 primus
2045 3247 2098 3292 et
2128 3238 2384 3295 Ecclesia:
2408 3250 2463 3296 et
2492 3242 2787 3315 Synagogte
2818 3252 3146 3319 progenitor,
3177 3251 3242 3307 ilo

1662 3326 1833 3381 lorum
1859 3328 2073 3397 quidem
2104 3332 2394 3388 secundum
2425 3348 2666 3404 carnem,
2699 3341 2867 3394 nostri
2900 3357 3029 3399 vero
3048 3359 3245 3401 secun-

1658 3418 1783 3471 dum
1828 3420 2104 3488 spiritum,
2164 3423 2421 3480 barbarus
2456 3436 2571 3483 erat
2611 3437 2665 3483 et
2701 3445 2768 3485 es
2810 3431 2984 3487 media
3024 3434 3243 3492 Perside

1658 3505 1971 3574 ducebatur,
2023 3513 2325 3580 patriarcha
2369 3531 2561 3586 nempe
2604 3520 2874 3577 Abraham
2910 3540 2923 3578 :
2969 3534 3024 3580 ct
3068 3542 3242 3598 neque

1662 3601 1845 3657 literas
1870 3603 2131 3671 audierat,
2163 3622 2337 3677 neque
2368 3609 2662 3681 prophetia:
2691 3618 2956 3685 particeps
2984 3627 3120 3684 erat,
3144 3635 3244 3675 nec

1661 3693 1830 3762 quise
1849 3694 2072 3752 doceret
2100 3697 2350 3766 habebat,
2377 3716 2476 3757 nec
2504 3702 2779 3760 historiam
2804 3707 3042 3765 audierat
3068 3727 3082 3778 ;
3112 3728 3249 3768 non-

1663 3787 1788 3840 dum
1825 3788 1968 3842 enim
2003 3800 2229 3846 vent-rat
2251 3791 2499 3864 Moyses;
2527 3810 2628 3852 nec
2653 3799 2926 3869 quidpiam
2953 3817 2984 3857 a
3015 3804 3247 3875 majori--

1665 3877 1763 3933 bus
1804 3879 2098 3947 didicerat,
2132 3899 2306 3954 neque
2346 3899 2410 3941 ea
2451 3901 2573 3958 quae
2611 3901 2735 3961 post
2781 3908 2842 3949 se
2884 3893 3057 3952 futura
3094 3910 3249 3956 erant

1668 3971 1890 4029 edoctus
1919 3974 2123 4043 fuerat;
2169 3978 2263 4033 sed
2302 3980 2354 4035 in
2384 3982 2558 4038 media
2586 3984 2869 4042 Persarum
2901 3991 3118 4060 regione
3149 4010 3247 4047 na-

1667 4070 1752 4118 tus
1779 4074 1836 4119 et
1872 4064 2164 4133 educatus,
2214 4069 2285 4125 ita
2327 4081 2550 4143 repente
2589 4075 2993 4149 philosOphatus
3024 4093 3141 4150 est,
3193 4088 3257 4139 ut‘

1664 4159 1824 4213 etiam
1847 4158 1979 4217 Novi
2001 4160 2328 4220 Tesnuncnti
2353 4168 2513 4222 multa
2538 4182 2936 4242 praeoccuparet
2958 4188 3249 4247 praecepta,

1666 4260 1721 4329 et
1747 4266 1842 4320 per
1870 4267 2031 4323 opera
2058 4254 2359 4312 exhiberet.
2393 4257 2605 4314 Etenim
2629 4259 2812 4331 jussus
2848 4266 3028 4336 egredi
3051 4282 3118 4322 ex
3159 4284 3251 4339 pa-

1684 4344 1782 4396 tria
1803 4383 1818 4409 ,
1866 4354 1921 4399 et
1958 4344 2173 4400 domum
2214 4352 2463 4404 deserere
2487 4358 2545 4406 et
2570 4354 2772 4409 amicos
2794 4363 2848 4410 et
2874 4368 3130 4428 cognatos
3150 4402 3165 4425 ,
3196 4372 3250 4415 ct

1666 4438 1850 4491 venire
1875 4437 1926 4492 in
1944 4438 2171 4494 alienam
2203 4450 2418 4509 terram,
2450 4444 2583 4499 nihil
2615 4461 2802 4516 passus
2825 4460 2908 4505 est
2933 4451 3252 4518 humanum,

1668 4543 1840 4598 neque
1869 4546 1935 4584 ex
1960 4530 2149 4586 alfectu
2180 4533 2430 4589 detentus
2459 4546 2563 4601 est,
2589 4554 2763 4610 neque
2789 4544 2933 4611 apud
2961 4559 3019 4599 se
3048 4549 3250 4617 cogita-

1668 4622 1742 4677 vit
1768 4634 1821 4678 et
1848 4623 1984 4679 dixit
2009 4643 2021 4679 :
2050 4626 2180 4693 Quae
2203 4627 2481 4684 manifesta
2512 4639 2567 4684 et
2592 4631 2735 4686 clara
2766 4643 2891 4689 sunt
2920 4638 3250 4709 relinquens.

1668 4715 1733 4769 ad
1765 4717 1965 4771 incerta
1998 4727 2053 4773 et
2078 4718 2301 4773 obscura
2332 4735 2417 4775 me
2450 4721 2771 4777 conferam?
2821 4727 2915 4781 sed
2955 4728 3114 4784 [idem
3161 4732 3255 4786 lia—

1670 4807 1801 4862 liens
1826 4809 1925 4862 via}
1963 4807 2190 4874 ducem,
2237 4818 2292 4864 et
2333 4810 2424 4865 Dei
2466 4813 2881 4882 promissionem
2930 4835 3023 4887 pro
3066 4821 3255 4877 baculo

1669 4912 1949 4955 assumens
1974 4940 1988 4963 ,
2022 4915 2141 4969 qua:
2166 4914 2279 4969 prae
2308 4902 2553 4957 manibus
2581 4902 2809 4959 habebat
2838 4909 3088 4980 reliquit;
3131 4929 3251 4983 qua:

1671 5006 1799 5045 vero
1825 4993 1879 5048 in
1908 5006 2007 5062 spe
2032 5033 2047 5057 ,
2074 4995 2281 5064 accepit
2326 5014 2339 5049 :
2384 4995 2584 5051 etenim
2613 5007 2668 5052 et
2696 5000 2986 5056 secundum
3017 5002 3118 5059 hoc
3148 5006 3249 5059 Ec.

1668 5083 1848 5138 clesia:
1878 5084 2189 5154 progenitor
2226 5084 2345 5141 fuit.
2388 5086 2519 5141 Nam
2552 5095 2605 5143 et
2630 5103 2728 5144 nos
2753 5090 3004 5160 jubemur
3030 5110 3117 5150 res
3147 5112 3254 5151 sa:-

1669 5175 1878 5232 culares
1916 5177 2194 5247 despicere
2237 5187 2292 5234 et
2335 5188 2648 5250 extraneas,
2693 5191 2747 5237 et
2787 5183 2855 5239 ad
2904 5187 3110 5241 occulta
3160 5204 3255 5259 Spe

1670 5270 1980 5339 intendere,
2024 5280 2082 5327 et
2123 5270 2279 5327 fidem
2313 5280 2497 5329 tenere
2524 5289 2774 5330 ancoram
2802 5276 2990 5334 salutis
3032 5291 3253 5346 nostrze,

1669 5372 1725 5418 et
1752 5364 1841 5419 illa
1868 5378 2135 5435 qumrere.
2162 5363 2286 5419 Ideo
2306 5366 2468 5421 etiam
2493 5365 2690 5422 Paulus
2711 5367 2919 5424 dicebat
2949 5389 2964 5426 :
2987 5371 3095 5442 Spe
3123 5375 3255 5428 enim

1670 5462 1798 5518 salvi
1829 5462 1951 5532 {acti
1979 5477 2153 5516 sumus
2187 5478 2206 5515 :
2246 5480 2359 5535 spes
2399 5473 2571 5518 autem
2601 5478 2714 5534 quae
2739 5464 2957 5533 videtur,
2995 5467 3108 5539 jam
3152 5486 3255 5525 non

1673 5565 1744 5610 est
1790 5571 1903 5625 spes
1942 5554 2117 5625 (Rom.
2150 5556 2203 5611 8.
2234 5555 2326 5628 2t)
2356 5565 2447 5611 :et
2478 5571 2724 5620 rursum,
2756 5554 2823 5609 Id
2842 5559 2974 5612 enim
2994 5600 3009 5621 ,
3032 5561 3169 5629 quod
3196 5563 3251 5615 in

1675 5648 1911 5718 prosecuti
1936 5657 2006 5702 est
2039 5658 2442 5703 momentaneum
2464 5657 2510 5701 et
2551 5647 2655 5702 leve
2677 5647 3014 5703 tribulationis
3034 5660 3242 5717 nostrtr,

1674 5758 1831 5809 supra
1864 5739 2069 5794 modum
2107 5741 2160 5793 in
2203 5739 2510 5794 sublimitate
2547 5749 2792 5794 talentum
2828 5739 3006 5812 gloria:
3048 5743 3252 5809 pondus

1677 5843 1914 5908 operatur
1940 5835 1991 5889 in
2019 5834 2160 5890 nobis
2181 5847 2201 5900 ,'
2242 5849 2343 5889 non
2389 5832 2845 5906 contemplantibus
2869 5831 3010 5888 nobis
3034 5850 3149 5903 quae
3171 5831 3248 5887 vi-

2836 5958 2916 6021 25
