3872 6396
469 339 574 395 503

459 457 665 522 dentur,
700 453 798 509 sed
823 466 1067 524 quianon
1112 448 1345 504 videnlur
1395 448 1472 515 (2.
1522 444 1644 502 Cor.
1685 447 1740 502 4.
1787 447 1875 501 17.
1922 444 2033 515 18).

530 549 788 604 Abraham
826 543 1106 615 apostolica
1138 548 1388 613 praecepta
1417 539 1652 611 operibus
1693 537 1941 593 exhibuit.
1976 566 2043 587 .—

460 643 721 712 Egressus
747 644 925 691 autem
966 650 999 689 e
1044 634 1211 704 patria
1243 634 1433 689 beatus
1459 631 1545 686 hic
1574 628 1843 684 Abraham
1869 667 1885 695 ,
1918 641 2041 683 cum

458 732 510 786 in
539 731 711 786 aliena
740 726 1005 798 tuguriunt
1056 724 1261 779 ﬁxisset
1283 763 1301 789 ,
1345 721 1639 792 apostolica
1680 733 1869 775 rursus
1904 733 2043 788 pra:-

455 832 611 893 cepta
640 820 891 892 operibus
919 817 1181 874 exhibuit.
1212 816 1506 885 Postquam
1525 813 1670 869 enim
1699 811 2041 883 splendidum

456 914 589 969 illud
650 922 907 980 tropaeum
953 916 1241 973 erexerat,
1291 903 1719 975 stupendamque
1763 902 2040 957 victoriam

464 1003 744 1065 retulerat,
778 1008 831 1055 et
854 999 1109 1054 barbaros
1137 997 1381 1062 vicerat,
1413 1011 1518 1049 non
1549 995 1746 1049 virtute
1772 993 2038 1062 corporis,

454 1096 554 1153 sed
599 1096 720 1151 fidei
754 1094 1029 1163 potentia,
1077 1105 1198 1146 cum
1226 1089 1293 1145 ah
1340 1090 1405 1144 iis
1448 1089 1538 1160 qui
1587 1088 1789 1143 servati
1834 1085 2043 1141 fuerant

456 1188 760 1245 mercedem
783 1186 1021 1241 laborum
1051 1183 1298 1253 accipere
1313 1180 1616 1251 jnberetur;
1641 1179 1871 1234 barbaro
1893 1192 2043 1232 nam-

458 1296 564 1351 que
592 1280 690 1334 sibi
723 1278 969 1340 dicente,
1002 1274 1189 1345 Accipe
1237 1280 1292 1326 tu
1320 1287 1496 1341 equos,
1536 1280 1581 1324 et
1606 1270 1674 1323 da
1703 1268 1843 1323 nobis
1868 1269 2041 1333 uiros;

457 1373 585 1443 quid
606 1370 722 1425 ait?
744 1367 980 1423 Extende
1007 1381 1212 1419 manum
1238 1379 1400 1418 meam
1428 1362 1498 1416 ad
1524 1361 1688 1415 Deum
1713 1360 2038 1424 altissimum,

456 1466 503 1519 si
544 1476 781 1532 accepero
808 1477 840 1514 a
869 1469 915 1513 te
940 1476 971 1511 a
996 1456 1227 1529 funiculo
1255 1471 1411 1524 usque
1438 1454 1506 1507 ad
1532 1453 1802 1523 corrigiam
1839 1453 2042 1506 calcea-

459 1557 615 1612 menti
641 1554 660 1627 (
689 1551 817 1610 Gen.
850 1553 937 1607 14.
968 1550 1060 1605 21.
1088 1548 1177 1603 22.
1206 1547 1278 1602 23
1301 1548 1340 1618 ).
1390 1546 1579 1602 Viden’
1608 1542 1878 1616 quomodo
1904 1558 2041 1614 prm-

457 1656 673 1718 ceptum
704 1643 833 1699 illud
854 1641 1224 1711 evangelicum
1252 1635 1517 1708 implevit,
1548 1633 1723 1690 Gratis
1748 1633 2037 1704 accepistis,

457 1740 616 1812 gratis
640 1738 757 1792 date
786 1737 803 1807 (
828 1734 1018 1788 Matth.
1053 1732 1142 1787 10.
1176 1731 1294 1803 8)?
1340 1730 1553 1801 Moyses
1582 1742 1795 1799 quoque
1822 1727 1874 1782 in
1909 1726 2038 1781 bar-

456 1833 635 1889 barica
657 1830 816 1885 dumo
836 1827 1091 1882 educatus
1111 1833 1193 1879 est
1214 1832 1268 1877 et
1292 1824 1480 1887 crevit;
1505 1820 1894 1876 attamenvnihil
1916 1819 2040 1875 inde

457 1923 637 1979 damni
687 1920 936 1991 accepit,
987 1918 1082 1974 sed
1132 1918 1293 1972 etiam
1352 1916 1444 1970 ille
1483 1914 1889 1984 philosophatus
1913 1922 2035 1979 est,

458 2032 564 2071 non
609 2015 786 2069 minus
812 2026 972 2082 quam
1015 2008 1316 2079 patriarcha
1343 2048 1359 2074 ,
1407 2007 1757 2077 Sybaritioam
1794 2020 2038 2061 mensam

457 2108 731 2171 irridens,
788 2105 1113 2174 illorumque
1164 2101 1371 2156 deliciis
1423 2100 1709 2155 sublimior
1768 2098 1991 2154 effectus
2021 2139 2035 2165 ,

456 2202 669 2258 divitias
693 2213 959 2270 spernens
983 2205 1037 2252 et
1065 2210 1286 2265 regnum
1336 2192 1659 2265 Egyptique
1684 2201 1894 2261 sceptra
1923 2206 1939 2255 ;
1971 2189 2039 2245 ad

456 2296 629 2350 lutum
653 2299 831 2347 autem
860 2298 916 2346 et
942 2288 1233 2343 lateritium
1264 2300 1397 2356 opus
1425 2300 1484 2340 se
1513 2293 1709 2355 sponte
1741 2282 2036 2338 transtulit.

456 2388 690 2456 ideoque
748 2382 942 2439 Paulus
996 2381 1169 2450 ipsum
1221 2378 1527 2440 admirans,
1576 2376 1829 2431 dicebat:
1864 2373 2042 2445 Majo.

455 2494 535 2532 res
573 2475 775 2530 divitias
800 2482 985 2544 putans
1012 2487 1165 2543 quam
1209 2468 1431 2540 zEgypti
1461 2468 1745 2534 thesauros,
1778 2467 2038 2536 imprope-

456 2571 591 2624 rium
612 2566 798 2623 Christi
825 2562 1025 2637 (Hebr.
1049 2563 1138 2617 11.
1161 2561 1233 2617 26
1254 2563 1295 2632 ).
1321 2560 1525 2616 Deinde
1549 2561 1737 2615 horum
1765 2558 2039 2614 doctorem

456 2662 724 2719 bonorum
752 2657 1044 2715 ostendens
1069 2655 1302 2711 addebat
1328 2655 1514 2719 dicens
1539 2674 1552 2709 :
1578 2653 1888 2708 Invisibilem
1908 2652 2041 2707 enim

457 2767 718 2827 tamquam
758 2754 930 2808 videns
970 2751 1255 2807 sustinuit:
1287 2748 1427 2821 quod
1470 2750 1719 2805 maxima:
1748 2749 1871 2805 fidei
1898 2756 2035 2805 erat.

455 2851 535 2907 Ne
559 2864 687 2919 ergo
714 2846 903 2919 pudori
947 2845 999 2901 id
1042 2844 1199 2900 nobis
1224 2859 1344 2899 esse
1374 2853 1621 2914 putemus
1649 2843 1791 2914 quod
1829 2842 2038 2898 barbari

458 2947 513 2999 in
542 2942 769 2999 ecclesia
796 2940 943 3004 sint,
988 2937 1083 2993 sed
1112 2937 1289 3007 potius
1324 2937 1492 2992 multo
1520 2946 1837 2992 ornamento
1867 2954 1880 2992 :
1910 2951 2033 2991 nam

457 3046 511 3093 et
542 3037 655 3105 ipse
688 3032 945 3089 Dominus
974 3038 1160 3086 noster
1189 3028 1346 3086 Jesus
1372 3027 1622 3084 Christus
1646 3068 1662 3096 ,
1716 3044 1838 3085 cum
1867 3030 1919 3084 in
1948 3044 2038 3085 or-

456 3129 580 3184 bem
612 3136 770 3182 terra:
798 3124 1058 3188 venisset,
1086 3121 1348 3178 barbaros
1372 3122 1576 3193 primos
1614 3122 1849 3177 vocavit.
1883 3121 2041 3178 Post-

456 3233 619 3289 quam
645 3218 789 3273 enim
821 3224 978 3270 natus
1017 3224 1102 3270 est
1145 3222 1200 3269 et
1226 3213 1280 3268 in
1306 3214 1573 3284 prmsepio
1614 3214 1819 3284 positus
1844 3256 1858 3280 ,
1902 3214 2040 3283 magi

457 3328 525 3368 ex
552 3309 771 3367 Perside
798 3308 1095 3375 venientes,
1122 3307 1297 3378 ipsum
1324 3306 1701 3362 adoraverunt.
1731 3305 1776 3362 Ο
1800 3321 1966 3362 novas
1988 3314 2044 3363 et

460 3405 859 3474 iuexspectatas
871 3414 964 3456 res
991 3401 1004 3455 !
1035 3414 1160 3471 rege
1187 3397 1403 3470 quidem
1427 3398 1479 3453 in
1509 3397 1693 3453 urbem
1713 3397 2039 3468 ingressuro,

456 3494 755 3551 velamenta
782 3502 836 3549 et
860 3491 1135 3563 lampades
1159 3490 1473 3562 eriguntur;
1508 3498 1564 3546 et
1588 3489 1678 3560 qui
1706 3491 1760 3546 in
1782 3489 2043 3561 dignitate

457 3595 513 3642 et
536 3585 773 3657 potentia
800 3592 927 3640 sunt
953 3597 1142 3639 omnes
1169 3582 1269 3653 ipsi
1291 3582 1505 3638 obviam
1532 3581 1756 3637 veniunt
1780 3596 1903 3637 cum
1925 3581 2041 3638 ele-

456 3679 604 3750 ganti
628 3686 822 3735 ornatu
847 3719 863 3746 ,
906 3686 962 3733 et
990 3676 1132 3732 tibia:
1156 3718 1172 3744 ,
1218 3675 1410 3731 fistula:
1437 3715 1454 3737 ,
1501 3674 1727 3730 cithara:
1754 3714 1770 3740 ,
1800 3682 1856 3731 et
1883 3688 2043 3730 omne

456 3771 676 3826 musicae
715 3784 923 3841 genus;
973 3779 1029 3824 et
1077 3767 1399 3824 vestimenta
1450 3774 1577 3821 sunt
1620 3764 1943 3836 splendida,
1988 3773 2045 3821 et

458 3861 697 3928 corollze,
719 3868 775 3916 et
799 3860 965 3914 multa
989 3868 1074 3915 est
1092 3856 1487 3929 magnificentia
1517 3874 1531 3911 :
1560 3856 1705 3927 Rege
1729 3864 1910 3911 autem
1933 3869 2042 3911 ca:-

460 3954 636 4008 lorum
654 3951 971 4022 .ingressuro
996 3950 1051 4005 in
1075 3938 1295 4016 urbem,
1327 3946 1461 4002 nihil
1487 3947 1664 4003 simile
1691 3989 1708 4013 ,
1741 3945 1840 4004 sed
1864 3946 2044 4002 omnia

416 4114 421 4119 0
458 4042 727 4100 contraria
756 4060 770 4097 :
804 4042 1072 4113 tugurium
1099 4047 1155 4097 et
1171 4040 1585 4095 tabernaculum
1605 4048 1661 4096 et
1683 4053 1926 4111 praesepe
1944 4081 1960 4107 ,
1988 4047 2047 4096 et

462 4145 635 4191 mater
660 4135 803 4203 vilis,
832 4142 891 4189 ut
913 4132 1218 4199 videbatur;
1246 4132 1426 4203 inopia
1459 4132 1625 4187 multa
1653 4138 1706 4187 et
1732 4139 2043 4203 paupertas.

461 4226 644 4298 Atqui,
668 4226 712 4280 si
730 4225 1007 4291 voluisset,
1027 4223 1213 4280 venire
1237 4224 1649 4295 poteratcmlum
1668 4220 2040 4291 commovens,

463 4328 660 4375 terram
686 4315 953 4389 quatiens,
985 4314 1192 4385 fulgura
1214 4317 1435 4371 mittens
1463 4333 1476 4370 :
1502 4324 1557 4371 et
1594 4315 1721 4385 quid
1749 4315 1864 4373 hate
1890 4316 2045 4374 dico?

460 4411 505 4464 si
533 4408 725 4464 nudam
751 4407 918 4464 solam
944 4408 1274 4464 divinitatem
1302 4408 1662 4477 ostendisset,
1708 4419 1910 4480 quanto
1931 4425 2048 4466 ma-

457 4504 548 4571 jus
577 4500 678 4556 hoc
700 4514 805 4556 non
827 4498 1019 4555 fuisset
1042 4501 1188 4554 omni
1216 4499 1504 4569 splendore
1527 4508 1582 4557 et
1598 4500 1915 4558 festivitate?
1938 4501 2046 4559 Sed

463 4608 569 4648 non
598 4591 669 4647 ita
694 4589 860 4656 fecit;
892 4606 1005 4646 non
1049 4592 1192 4646 enim
1223 4591 1452 4662 perdere
1476 4634 1492 4661 ,
1538 4592 1633 4649 sed
1660 4594 1842 4651 salvos
1868 4594 2056 4676 facere

461 4685 713 4751 volebat;
756 4698 864 4741 non
912 4684 1337 4756 perterrefacere
1360 4726 1376 4752 ,
1423 4685 1518 4741 sed
1549 4687 1821 4758 corrigere
1844 4728 1860 4754 ,
1884 4697 1939 4744 et
1978 4689 2047 4744 ab

459 4779 615 4834 initio
664 4776 861 4833 fastum
912 4776 1207 4833 humanum
1228 4776 1445 4836 calcare
1472 4781 1914 4849 etarrogantiam
1954 4781 2050 4836 de-

462 4870 715 4938 primere.
742 4865 867 4923 ldeo
885 4880 991 4922 non
1013 4865 1189 4922 solum
1215 4865 1275 4921 fit
1298 4866 1484 4932 homo,
1514 4867 1609 4922 sed
1635 4883 1836 4939 pauper
1860 4869 2044 4936 homo,

461 4970 514 5013 et
542 4969 768 5013 matrem
798 4957 957 5014 talem
980 4956 1196 5029 deligit,
1224 4972 1289 5015 ac
1313 4958 1672 5015 diversorium
1698 4961 1822 5027 vile;
1869 4973 2049 5019 extre-

463 5064 610 5103 mum
642 5049 966 5119 paupertatis
998 5049 1283 5105 terminum
1313 5048 1383 5104 ab
1412 5049 1565 5106 initio
1584 5060 1642 5106 et
1663 5051 1730 5106 ab
1753 5052 1869 5122 ipso
1896 5064 2048 5124 partu

463 5140 815 5210 amplectens.
847 5141 1100 5209 Quaenam
1122 5183 1138 5207 ,
1163 5141 1251 5198 dic
1276 5142 1427 5210 mihi,
1456 5144 1670 5212 mulier,
1700 5146 1907 5202 etiamsi
1935 5161 2050 5202 om-

466 5234 614 5289 nium
634 5234 864 5289 maxime
887 5234 1042 5304 inops
1062 5233 1244 5303 fuerit,
1262 5238 1472 5293 etiamsi
1494 5239 1825 5307 mendicans,
1855 5241 2048 5296 lectum

467 5344 574 5382 non
594 5326 773 5393 habet,
806 5327 894 5383 ubi
928 5337 1133 5398 partum
1159 5328 1415 5386 infantem
1445 5332 1703 5387 reclinet?
1730 5336 1797 5387 At
1824 5334 1914 5389 ille
1945 5350 2050 5389 non

465 5421 518 5473 in
552 5419 694 5474 lecto
728 5418 1090 5475 reclinabatur
1111 5460 1126 5485 ,
1165 5419 1260 5476 sed
1290 5421 1341 5475 in
1367 5423 1629 5492 praesepio
1650 5423 1973 5494 simpliciter,
1997 5433 2052 5480 et

462 5520 797 5582 utcumque,
839 5519 896 5566 et
942 5510 995 5567 in
1052 5512 1285 5581 tugurio,
1339 5528 1441 5569 nec
1486 5514 1537 5568 in
1568 5514 1887 5571 diversorio.
1930 5516 2052 5572 llaec

463 5612 592 5660 sunt
614 5604 889 5676 ingressus
915 5603 1032 5675 ejus
1059 5606 1339 5674 prommia,
1363 5606 1436 5661 ita
1462 5607 1737 5677 splendida
1767 5618 1822 5663 et
1846 5609 2047 5679 magni-

470 5696 591 5753 fica.
633 5680 769 5753 Cum
816 5695 970 5752 audis
1020 5697 1359 5767 ingressum,
1412 5713 1481 5753 ne
1527 5698 1809 5754 transitum
1842 5715 1906 5755 ex
1936 5701 2052 5755 loco

466 5792 674 5865 cogites
697 5833 712 5860 ,
758 5788 852 5845 sed
882 5789 1200 5847 mCOIIOllli'J}
1224 5791 1743 5861 attemperationem.

1012 337 1069 394 S.
1109 333 1384 392 .IOANNIS
1409 332 1883 391 CIIRYSOSTOSII
1924 332 2233 417 ARfillll'lP.
2273 332 2807 391 CONSTANTINOP.
3600 340 3681 395 5M

2222 445 2274 498 '5.
2322 446 2528 500 Etenim
2561 446 2758 501 Paulus
2780 463 2902 502 cum
2933 449 3007 503 ait
3032 490 3045 512 ,
3092 447 3221 503 Cum
3249 458 3412 505 autem
3438 466 3597 506 mrsu
3620 456 3682 508 iu-

2147 535 2427 589 troduxerit
2455 535 2850 608 Printogenitum
2876 540 2928 592 in
2946 539 3115 593 orbem
3135 539 3321 610 (Hebr.
3340 542 3391 595 1.
3406 541 3482 607 6),
3503 542 3685 611 dispen-

2147 628 2408 683 sationem
2433 628 2584 683 nobis
2606 631 2889 685 annuntiat
2922 649 2935 686 :
2970 632 3061 702 qui
3094 632 3239 687 enim
3272 634 3464 703 ubique
3491 650 3690 701 prmus

2146 726 2252 785 est,
2269 728 2324 773 et
2344 722 2522 774 omnia
2541 720 2748 791 implet,
2769 738 3002 792 quonam
3025 724 3332 779 intraverit?
3352 724 3445 780 sed
3468 726 3593 779 illam
3615 743 3687 796 per

2148 811 2502 866 meonomiam
2543 810 3032 868 manifestationem
3063 815 3143 869 sic
3172 815 3404 869 vocavit.
3451 815 3689 886 Ingressus

2148 903 2325 973 itaque
2351 904 2402 958 in
2430 905 2614 959 orbem
2640 946 2658 971 ,
2705 922 2825 961 cum
2876 907 2966 962 vili
3013 905 3200 962 habitu
3241 908 3500 974 intravit,
3529 908 3691 965 fastum

2146 996 2357 1051 calcans
2380 1038 2394 1060 ,
2425 998 2789 1068 arrogantiam
2819 998 3155 1069 deprimens,
3204 1001 3454 1054 omnibus
3497 1002 3694 1056 suadens

2147 1096 2207 1142 ut
2235 1088 2513 1144 moderate
2539 1098 2720 1160 agant,
2746 1099 3114 1161 paupertatem
3140 1107 3207 1147 ne
3230 1101 3564 1148 contemnant
3587 1111 3694 1149 neve

2147 1181 2547 1238 mendicitatem
2575 1184 2893 1257 despiciant;
2931 1185 2998 1241 ad
3024 1186 3236 1241 divitias
3282 1202 3353 1243 ne
3398 1187 3617 1252 inhient,
3641 1206 3695 1243 se

2146 1273 2271 1343 quid
2309 1290 2558 1346 magnum
2610 1291 2731 1331 esse
2775 1286 2963 1347 putent
3005 1277 3297 1331 humanum
3349 1277 3578 1345 fastum,
3618 1283 3694 1333 sed

2149 1365 2335 1420 umbra
2389 1367 2727 1435 tenuiorem,
2782 1368 2925 1422 foliis
2969 1368 3215 1424 viliorem
3237 1408 3252 1434 ,
3284 1379 3344 1424 et
3370 1370 3582 1424 somniis
3622 1371 3696 1424 fal-

2147 1456 2417 1512 laciorem.
2451 1457 2729 1528 Ingressus
2758 1474 2887 1529 ergo
2915 1460 3177 1515 barbaros
3206 1461 3441 1526 vocavit,
3474 1475 3565 1515 nec
3588 1462 3695 1514 sin.

2147 1550 2356 1620 plieiter
2385 1550 2660 1618 barbaros,
2704 1551 2800 1607 sed
2829 1566 3051 1621 magns,
3102 1552 3402 1622 pessimum
3444 1552 3695 1622 impietatis

2144 1657 2330 1712 genus.
2371 1640 2505 1709 Quia
2530 1643 2673 1697 enim
2699 1644 2877 1697 omnia
2908 1644 2959 1697 in
2989 1643 3120 1699 urbe
3146 1642 3287 1698 male
3312 1642 3507 1697 affecta
3531 1654 3692 1707 erant,

2143 1744 2198 1790 et
2226 1734 2471 1804 impietas
2501 1735 2698 1807 ubique
2717 1735 3115 1800 dominabatur,
3148 1736 3419 1807 nidorque
3440 1746 3495 1791 et
3515 1735 3695 1802 fumus;

2142 1840 2207 1881 ac
2248 1841 2425 1897 neque
2473 1826 2556 1883 lex
2602 1827 2872 1898 quidpiam
2925 1838 3181 1901 poterat,
3231 1843 3412 1897 neque
3455 1828 3697 1899 propheta

2142 1916 2557 1973 emendaverant
2582 1958 2598 1984 ,
2652 1934 2758 1973 non
2789 1918 2990 1973 monita
3021 1918 3149 1989 quid
3200 1918 3573 1988 profecerant,
3614 1935 3697 1975 non

2142 2010 2420 2077 miracula,
2451 2026 2556 2065 non
2586 2010 2930 2081 supplicium,
2964 2026 3069 2066 non
3104 2026 3278 2081 paenae
3301 2028 3315 2075 ;
3341 2020 3399 2066 et
3429 2019 3564 2067 terra
3594 2025 3697 2066 san-

2142 2102 2305 2172 guine
2348 2101 2581 2157 humano
2612 2102 2986 2171 polluebatur,
3030 2110 3087 2159 et
3134 2113 3325 2159 natura
3371 2104 3486 2174 ipsa
3512 2105 3698 2173 ignora-

2143 2194 2301 2249 batur
2347 2211 2360 2248 :
2396 2210 2516 2250 nam
2564 2193 2968 2250 Immolaverunt
3013 2198 3148 2266 ﬁlios
3177 2213 3297 2252 suos
3344 2207 3397 2251 et
3427 2198 3559 2267 ﬁlias
3596 2214 3696 2252 suas

2144 2286 2408 2342 daemoniis
2451 2285 2642 2358 (Psal.
2680 2287 2805 2343 105.
2840 2288 2951 2359 57)
2982 2305 2995 2341 :
3028 2288 3218 2343 altaria
3267 2289 3699 2351 destruebantur,

2144 2378 2422 2449 propheta:
2473 2380 2900 2442 occidebantur,
2954 2394 3018 2435 ac
3074 2381 3336 2451 templum
3409 2380 3610 2450 pietatis
3659 2381 3700 2432 in

2144 2470 2337 2528 rudera
2394 2486 2608 2528 versum
2661 2483 2747 2529 est
2793 2484 2847 2529 et
2876 2473 3141 2529 idolorum
3196 2473 3612 2543 receptaculum,
3650 2487 3701 2526 ac

2144 2563 2374 2634 populus
2424 2562 2678 2620 Judaicus
2733 2566 2822 2635 qui
2881 2565 3089 2621 exstitit
3149 2572 3208 2619 ut
3260 2573 3493 2619 exteros
3546 2564 3701 2619 erudi-

2145 2665 2249 2723 ret,
2291 2656 2413 2713 aliis
2452 2657 2804 2728 blasphemiae
2834 2658 3047 2713 occasio
3100 2656 3261 2713 ﬁebat
3291 2674 3306 2713 :
3339 2655 3543 2711 Nomen
3564 2672 3701 2709 meum

2143 2747 2285 2802 enim
2307 2787 2324 2814 ,
2356 2749 2558 2820 inquit,
2588 2765 2676 2819 per
2698 2765 2786 2804 vos
2802 2748 3196 2820 blasphematur
3220 2749 3274 2803 in
3304 2749 3538 2821 gentibus
3574 2748 3700 2817 (luti.

2144 2838 2234 2895 52.
2267 2839 2355 2909 5).
2389 2838 2665 2895 Sacriﬁcia
2691 2840 3111 2910 abrogabantur,
3145 2838 3279 2896 festa
3302 2881 3317 2907 ,
3351 2842 3640 2895 neomenia:
3658 2851 3702 2891 et

2143 2930 2386 2994 sabbata,
2418 2945 2483 2986 ac
2512 2930 2716 3002 reliqua
2745 2932 2921 2987 cultus
2946 2946 3143 3002 genera
3178 2932 3588 3000 rejiciebantur,
3616 2932 3703 2983 vir-

2147 3030 2259 3078 tute
2282 3022 2637 3094 neglecta;et
2662 3038 2766 3079 vox
2814 3039 3046 3095 :upeine
3096 3024 3187 3079 Dei
3232 3026 3542 3079 accusantis
3583 3033 3698 3085 erat,

2143 3123 2201 3173 et
2227 3130 2389 3173 voces
2417 3115 2800 3188 prophetarum
2822 3119 2878 3172 in
2910 3126 3053 3173 terra
3084 3117 3479 3189 plangentium,
3500 3128 3551 3171 et
3567 3132 3703 3169 voces

2145 3207 2379 3278 undique
2398 3247 2413 3274 ,
2437 3207 2597 3264 rebus
2628 3208 2769 3264 male
2801 3208 3215 3280 procedentibus
3242 3226 3257 3276 ;
3312 3210 3585 3278 multaque
3607 3218 3704 3262 ent

2146 3298 2398 3371 nequitiae
2423 3300 2681 3370 potentia,
2715 3298 2880 3355 densa
2911 3300 3156 3372 quaedam
3186 3300 3359 3356 nubes
3383 3309 3441 3357 et
3471 3299 3701 3370 profunda

2147 3406 2275 3459 nox,
2302 3400 2357 3448 et
2385 3394 2617 3464 nequitia
2646 3392 2901 3448 audacter
2929 3403 2983 3449 et
3006 3392 3342 3448 confidenter
3362 3393 3573 3465 agebat,
3602 3406 3703 3461 qua

2144 3484 2213 3540 ad
2248 3484 2499 3541 virtutem
2547 3493 2724 3541 autem
2782 3494 3047 3556 spectant,
3098 3483 3540 3540 eliminabantur.
3569 3484 3704 3539 Tem-

2146 3584 2326 3648 pestas
2350 3576 2404 3634 in
2433 3577 2599 3634 altum
2631 3576 2935 3645 tollebatur,
2952 3576 3160 3643 ,tluctns
3180 3578 3319 3633 alius
3342 3577 3511 3632 alium
3534 3590 3703 3646 seque-

2145 3668 2323 3736 batur,
2368 3668 2647 3741 naufragia
2691 3669 2987 3753 frequentia
3042 3668 3381 3732 accidebant.
3397 3683 3582 3726 omnes
3618 3669 3705 3723 ἰω-

2146 3762 2559 3833 mergebantur,
2616 3776 2791 3833 neque
2841 3762 2947 3818 ulla
2992 3762 3369 3833 gubernatoris
3399 3779 3501 3819 vox
3536 3762 3703 3818 audie-

2147 3853 2324 3920 batur,
2353 3868 2455 3910 nec
2484 3860 2768 3910 nautarum
2795 3867 2887 3910 ars
2912 3853 3201 3928 quidquam
3233 3863 3468 3925 poterat;
3496 3854 3586 3911 sed
3605 3868 3698 3909 ma-

2148 3945 2279 4018 ligni
2308 3946 2533 4019 spiritus
2574 3944 2995 4002 dominabantur
3017 3986 3033 4013 ,
3081 3960 3257 4016 neque
3290 3947 3401 4001 ulla
3448 3957 3563 4003 erat
3599 3962 3701 4017 spes

2147 4040 2339 4097 salutis
2356 4080 2374 4108 ,
2401 4053 2668 4111 nemoque
2694 4040 2945 4096 invocare
2968 4040 3133 4095 Deum
3155 4042 3390 4111 audebat
3418 4058 3433 4094 :
3462 4038 3703 4112 quomodo

2149 4133 2295 4190 enim
2336 4146 2499 4189 ausus
2544 4140 2727 4199 esset,
2783 4132 3059 4204 prophetis
3096 4133 3498 4198 accusantibus,
3530 4130 3702 4201 angelis

2149 4224 2243 4297 qui
2268 4224 2490 4297 singulis
2515 4224 2761 4296 gentibus
2783 4224 3270 4296 patrocinabantur,
3312 4239 3373 4279 se
3396 4240 3505 4296 pne
3531 4224 3701 4294 putore

2150 4317 2583 4374 occultantibus?
2625 4315 2932 4372 Creatorem
2975 4316 3210 4371 universi
3256 4324 3471 4387 tempus
3518 4317 3699 4370 demum

2150 4410 2465 4479 advocabat,
2488 4413 2660 4482 ipsum
2680 4409 3032 4476 conditorem,
3054 4411 3144 4482 qui
3164 4410 3234 4464 ab
3256 4410 3409 4465 initio
3435 4422 3598 4481 genus
3620 4423 3699 4461 no-

2107 4536 2110 4539 ~
2152 4516 2323 4563 strum
2350 4504 2745 4562 efl‘ormaverat.
2787 4502 3051 4572 Quoniam
3088 4502 3248 4574 igitur
3273 4503 3582 4573 gravissima
3606 4506 3702 4555 erat

2151 4596 2417 4668 aegritudo
2440 4635 2457 4662 ,
2487 4610 2607 4665 qua:
2638 4595 2873 4649 maxime
2902 4601 3051 4663 parta
3080 4602 3197 4649 erat
3229 4608 3296 4648 ex
3338 4592 3629 4663 arrogantia
3650 4598 3694 4642 et

2151 4688 2374 4745 audacia
2393 4704 2409 4754 ;
2436 4702 2559 4743 cum
2587 4697 2641 4742 et
2663 4686 2988 4758 principium
3002 4693 3059 4741 et
3073 4684 3307 4741 medium
3324 4694 3383 4740 et
3409 4686 3529 4739 linis
3548 4697 3695 4737 rerum

2152 4786 2589 4849 corrumperetur
2620 4795 2634 4833 :
2665 4777 2757 4832 ille
2783 4791 2846 4832 ex
2875 4785 3099 4847 paterno
3126 4775 3321 4832 throno
3349 4775 3563 4838 exsiliit,
3588 4783 3635 4827 et
3654 4774 3695 4824 in

2154 4880 2353 4928 terram
2381 4871 2549 4927 venit.
2592 4869 2725 4925 Cum
2752 4879 2933 4926 autem
2965 4868 3098 4925 illud
3138 4869 3327 4923 exsiliit
3370 4869 3557 4934 audis,
3594 4878 3697 4921 cave

2152 4974 2309 5036 putes
2337 4974 2574 5021 mutasse
2603 4963 2755 5018 illum
2796 4962 2914 5019 loca
2938 4971 2993 5018 et
3022 4961 3331 5018 deseruisse
3359 4962 3519 5018 cales
3554 4977 3570 5014 :
3596 4972 3692 5014 nam

2153 5072 2274 5122 cum
2304 5057 2355 5111 in
2389 5065 2542 5111 utero
2567 5055 2810 5126 virgineo
2838 5062 3009 5120 esset,
3056 5068 3178 5109 cum
3228 5053 3387 5110 Patre
3416 5060 3531 5109 erat
3554 5068 3569 5106 :
3591 5065 3696 5120 quo-

2156 5148 2318 5206 modo
2358 5158 2533 5204 autem
2558 5189 2574 5215 ,
2625 5163 2693 5203 ne
2736 5161 2948 5217 quaeras
2988 5161 3162 5217 neque
3200 5148 3433 5203 rationes
3474 5152 3691 5215 expetas:

2153 5257 2275 5297 cum
2297 5241 2439 5295 enim
2465 5240 2603 5295 Deus
2625 5248 2901 5310 operatur,
2923 5237 3036 5295 sola
3058 5237 3165 5294 ﬁde
3186 5252 3322 5309 epus
3348 5247 3445 5304 est,
3467 5246 3691 5292 consul“

2159 5335 2284 5389 item
2311 5342 2366 5388 et
2394 5331 2755 5388 confessione.
2802 5330 2937 5385 Cum
2985 5331 3223 5386 venisset
3267 5346 3393 5402 ergo
3427 5338 3483 5385 et
3505 5326 3689 5381 vidisset

2158 5440 2356 5496 :rgrum
2385 5424 2437 5478 in
2464 5424 2604 5478 lecto
2619 5422 2886 5493 iacentem
2911 5436 2975 5477 ac
2994 5422 3337 5492 desperatum
3358 5422 3376 5492 (
3394 5434 3509 5475 cum
3527 5428 3689 5487 εει-ιιι

2158 5516 2301 5583 dico,
2330 5516 2398 5571 de
2418 5514 2654 5570 humano
2678 5529 2877 5585 genere
2900 5515 3111 5584 loquor,
3137 5528 3245 5567 non
3274 5512 3327 5567 in
3352 5514 3480 5568 lecto
3501 5506 3685 5576 vulgari.

2158 5607 2251 5665 sed
2280 5608 2332 5662 in
2362 5606 2502 5662 lecto
2544 5604 2799 5676 nequitiae
2820 5603 2864 5676 ),
2892 5619 2922 5659 a
2952 5602 3173 5660 medicis
3202 5602 3503 5659 derelictum
3524 5639 3538 5663 ,
3578 5594 3685 5649 vitiis

2160 5701 2325 5757 animi
2376 5699 2657 5755 obsessum
2689 5738 2704 5763 ,
2757 5696 2949 5752 morbo
2992 5695 3309 5758 detentum;
3353 5708 3464 5748 cum
3504 5687 3684 5745 vidisset

2171 5807 2332 5850 omne
2376 5788 2710 5864 aegritudinis
2748 5802 2921 5860 genus
2968 5787 3256 5843 humanam
3303 5796 3528 5841 naturam
3564 5778 3679 5833 inn-
