4064 6550
106 4692 123 4891 ί

236 277 354 330 503
932 281 1041 338 \‘lll
1072 282 1383 344 ΠΟΜΙῌΔ.
1410 283 1661 340 IIABITA
1696 285 2069 356 POSTQUAH
2105 289 2515 348 PRESBYTER
2553 290 2853 354 GOTIIUS,
2895 290 3047 346 ETC.
3584 292 3685 350 506

238 390 403 457 οὗτος
458 397 742 470 Ἁϐραάμ,
790 394 883 453 καὶ
922 401 979 453 ἐν
1019 398 1271 469 ἀλλοτρίᾳ
1314 399 1552 470 καλύϐην
1595 400 1923 472 πηξάμενος,

238 483 591 539 ἀποστολικά
638 486 797 540 πάλιν
847 486 1279 557 παραγγέλματα
1316 487 1405 541 διά
1451 487 1557 541 τῶν
1602 488 1779 559 ἔργων
1825 493 1925 543 ἐλπ-

242 572 514 639 εδείξατο.
588 574 804 644 Ἐπειδὴ
854 575 964 645 γάρ
1016 575 1077 627 τὸ
1133 574 1384 644 λαμπρὸν
1444 576 1620 630 ἐκεῖνο
1670 578 1926 647 τρόπαιον

249 657 479 728 ἔστησε,
507 661 602 712 καί
626 661 725 730 τὴν
747 660 1044 731 παράδοξον
1072 660 1229 730 νίκην
1257 660 1447 730 ῆρατο,
1479 662 1699 716 καὶτῶν
1728 661 1931 734 βαρϐά-

254 761 369 815 ρων
423 746 787 817 περιεγένετο,
849 747 947 800 οὐκ
1011 747 1154 817 ἰσχύϊ
1206 746 1476 817 σώματος,
1524 747 1660 802 ἀλλά
1705 748 1929 820 δυνάμει

258 834 517 897 πίστεως,
554 835 650 888 καὶ
681 834 869 905 μισθὸν
900 834 1083 887 λαϐεῖν
1109 834 1218 887 τῶν
1256 834 1431 887 πόνων
1459 836 1683 890 ἐκείνων
1714 837 1806 890 καὶ
1832 837 1928 907 τῆς

258 921 628 992 ταλαιπωρίας
672 921 820 992 παρά
859 920 966 974 τῶν
1002 920 1285 974 σωθέντων
1332 921 1647 975 ἐκελεύετο·
1691 922 1786 976 τοῦ
1820 921 1929 994 γὰρ

262 1008 535 1079 βαρϐάρου
562 1008 698 1077 πρὸς
718 1007 879 1060 αὐτὸν
898 1008 1167 1077 λέγοντος,
1189 1006 1342 1061 Λάϐε
1364 1007 1446 1061 σὺ
1471 1007 1577 1061 τὸν
1599 1009 1807 1075 ἵππον,
1829 1008 1931 1064 καί

268 1095 369 1162 δὸς
400 1096 542 1164 ἡμῖν
568 1094 708 1160 τοὺς
737 1093 980 1163 ἄνδρας,
1016 1094 1069 1148 τί
1096 1111 1289 1166 φησιν;
1333 1093 1586 1149 Ἐκτενῶ
1619 1095 1734 1164 τὴν
1761 1094 1931 1165 χεῖρά

269 1201 379 1253 μου
400 1181 545 1249 πρὸς
563 1181 670 1236 τὸν
686 1181 832 1236 Θεὸν
852 1182 959 1236 τόν
974 1182 1258 1251 ὕψιστον,
1276 1183 1326 1235 εἰ
1348 1180 1617 1251 λήψομαι
1640 1182 1797 1251 παρὰ
1812 1180 1929 1236 σοῦ

274 1272 385 1326 ἀπὸ
413 1271 703 1336 σπαρτίου
740 1269 850 1334 ἕως
890 1266 1303 1338 σφαιρωτῆρος
1343 1268 1747 1337 ὑποδήματος.
1779 1265 1931 1331 Εἶδες

280 1358 385 1420 πῶς
420 1358 587 1409 ἐκεῖνο
623 1356 684 1409 τὸ
726 1356 1006 1426 ἐπίταγμα
1050 1355 1333 1426 ἐπλήρωσε
1368 1355 1429 1408 τὸ
1473 1354 1827 1424 εὐαγγελικὺν
1870 1354 1931 1408 τὺ

280 1446 421 1512 λέγον
439 1462 451 1473 ·
480 1443 624 1516 [374]
654 1442 885 1509 Δωρεὰν
910 1441 1170 1507 ἐλάϐετε,
1193 1441 1417 1510 δωρεὰν
1434 1441 1570 1495 δότε
1590 1459 1609 1507 ;
1629 1443 1739 1495 Καὶ
1763 1444 1930 1496 Μωῦ-

286 1534 373 1603 σῇ,
401 1532 454 1583 δὲ
484 1531 572 1584 καί
593 1543 619 1570 α
655 1531 713 1583 ἐν
737 1528 1045 1600 βαρϐαρικῇ
1076 1527 1221 1598 οἰκίᾳ
1253 1529 1460 1598 ἐτράφη
1492 1545 1549 1581 τε
1583 1528 1674 1581 καί
1700 1528 1928 1599 ηὐξήθη·

278 1620 385 1672 ἀλλ’
408 1622 549 1689 ὅμως
582 1618 732 1671 οὐδὲν
757 1616 1003 1671 ἐντεῦθεν
1032 1614 1463 1686 παρεϐλάπτετο,
1494 1615 1629 1668 ἀλλά
1654 1616 1746 1669 καὶ
1770 1613 1932 1678 αὐτὸς

276 1707 572 1776 ἐφιλοσόφει
610 1705 707 1758 τοῦ
735 1704 1072 1776 πατριάρχου
1098 1703 1198 1757 οὐκ
1237 1702 1480 1767 ἐλαττον,
1504 1703 1605 1773 τῆς
1632 1704 1730 1773 μὲν
1762 1700 1935 1755 Συϐα-

273 1795 480 1865 ριτικῆς
543 1792 863 1863 καταγελῶν
922 1790 1234 1863 τραπέζης,
1291 1792 1384 1843 καὶ
1452 1789 1778 1861 ὑψηλότερος
1835 1792 1934 1859 τῆς

272 1883 487 1935 ἐκείνων
526 1880 736 1949 τρυφῆς
778 1879 1081 1949 γινόμενος,
1128 1878 1222 1931 καί
1256 1876 1482 1931 πλοῦτον
1520 1878 1801 1947 ἀτιμάζων
1838 1877 1935 1931 καὶ

268 1968 538 2038 βασιλείαν
595 1966 691 2019 καὶ
750 1966 819 2018 τά
864 1968 1116 2035 σκῆπτρα
1182 1964 1486 2032 Αἰγύπτου,
1541 1964 1677 2035 πρὸς
1734 1964 1789 2017 δὲ
1844 1963 1935 2016 τὸν

268 2056 437 2123 πηλόν
481 2054 571 2107 καὶ
618 2054 718 2123 τὴν
773 2048 1159 2122 πλινθουργίαν
1197 2050 1531 2121 αὐτομολῶν.
1586 2050 1678 2103 Διὸ
1726 2050 1791 2119 δὴ
1841 2050 1936 2103 καὶ

261 2144 293 2193 ὀ
357 2142 561 2202 Παῦλος
610 2140 905 2210 θαυμάζων
968 2139 1160 2201 αὐτὸν,
1212 2138 1397 2207 ἔλεγε·
1449 2137 1699 2199 Μείζονα
1749 2136 1937 2191 πλοῦ-

261 2247 373 2281 τον
451 2227 828 2296 ἡγησάμενος
899 2224 1017 2279 τῶν
1080 2227 1379 2294 Αἰγύπτου
1444 2223 1763 2292 θησαιιιρῶν
1831 2223 1938 2278 τὸν

260 2315 609 2384 ὀνειδισμὸν
649 2314 755 2368 τοῦ
804 2312 1080 2381 Χριστοῦ.
1124 2306 1256 2365 Εἶτα
1290 2312 1383 2365 καί
1416 2311 1629 2374 δεικνὺς
1660 2311 1751 2363 τὸν
1794 2310 1938 2364 διδά-

262 2404 468 2456 σκαλον
510 2401 617 2454 τῶν
653 2400 874 2471 ἀγαθῶν
924 2399 1159 2467 τούτων,
1210 2398 1516 2470 προσετίθει
1572 2397 1773 2466 λέγων·
1828 2397 1939 2450 Τὸν

259 2491 377 2559 γὰρ
419 2492 676 2556 ἀόρατον
727 2489 806 2552 ὡς
858 2487 1028 2554 ὁρῶν»
1056 2485 1475 2555 ἐκαρτέρησεν·
1516 2484 1653 2556 ὅπερ
1704 2484 1938 2549 πίστεως

258 2574 335 2648 ἦν
366 2578 650 2647 μεγίστης.
688 2576 778 2645 Μὴ
808 2574 983 2627 τοίνυν
1012 2573 1272 2644 αἰσχύνην
1300 2572 1608 2643 νομίζωμεν
1634 2572 1692 2625 τὸ
1729 2571 1936 2643 βαρϐά-

258 2682 397 2733 ρους
431 2662 876 2735 ἐντῇἜκκλησία
903 2657 1063 2725 εἶναι,
1092 2660 1225 2714 ἀλλά
1265 2661 1359 2713 καί
1388 2659 1557 2713 πολύν
1590 2659 1811 2730 κόσμον·
1845 2658 1940 2712 καὶ

258 2754 378 2822 γὰρ
405 2753 497 2805 καί
528 2750 690 2813 αὐτὸς
720 2752 749 2804 6
778 2749 979 2820 Κύριος
1008 2747 1165 2819 ἡμῶν
1208 2747 1415 2819 Ἰησοῦς
1446 2747 1475 2800 6
1505 2747 1738 2818 Χριστὸς
1771 2764 1941 2817 παρα-

252 2841 559 2911 γενόμενος
619 2841 701 2902 εἰς
758 2838 855 2909 τὴν
918 2836 1271 2907 οἰκουμένην,
1333 2835 1642 2907 βαρϐάρους
1693 2834 1940 2906 πρώτους

253 2929 549 2981 ἐκάλεσεν.
586 2925 805 2996 Ἐπειδὴ
828 2924 936 2995 γὰρ
960 2921 1151 2994 ἐτέχθη
1177 2923 1271 2975 καὶ
1292 2923 1382 2976 ἐπὶ
1406 2921 1504 2991 τῆς
1530 2921 1735 2992 φάτνης
1759 2920 1939 2992 ἐτέθη,

257 3018 366 3068 καὶ
414 3016 577 3086 μάγοι
621 3012 866 3075 ἐλθόντες
897 3010 1004 3064 ἀπὸ
1053 3008 1317 3082 Περσίδος
1356 3008 1516 3063 αὐτὸν
1550 3007 1942 3079 προσεκύνουν·

256 3104 310 3157 ὦ
373 3101 578 3154 καινῶν
624 3101 718 3154 καί
769 3097 1085 3169 παραδόξων
1125 3096 1498 3168 πραγμάτωνί
1548 3095 1807 3165 βασιλέως
1844 3093 1943 3165 μὲν

257 3192 348 3250 εἰς
386 3191 539 3243 πόλιν
567 3188 794 3242 εἰσιέναι
830 3187 1134 3258 μέλλοντος,
1168 3186 1642 3257 παραπετάσματα
1683 3185 1778 3237 καὶ
1806 3183 1945 3253 λαμ·

260 3273 667 3339 πάδεςωααί
680 3276 730 3329 οἰ
750 3274 806 3327 ἐν
826 3273 1098 3344 ἀξιώμασι
1125 3272 1220 3325 καί
1246 3273 1295 3325 οἰ
1326 3273 1385 3326 ἐν
1414 3269 1751 3334 δυναστείαις
1777 3270 1946 3323 ἀπαν-

258 3367 442 3419 τῶσιν
480 3366 715 3427 ἅπαντες
751 3361 887 3433 μετά
917 3359 1141 3435 φαιδροῦ
1182 3359 1276 3413 τοῦ
1318 3360 1625 3431 σχήματος,
1668 3358 1761 3412 καί
1796 3357 1947 3410 αὐλοί

264 3455 370 3506 καὶ
401 3454 662 3526 σύριγγες
697 3451 789 3506 καί
821 3451 1062 3522 κιθάραι,
1082 3450 1184 3517 ,καὶ
1210 3450 1318 3503 πᾶν
1348 3448 1611 3519 μουσικῆς
1636 3446 1793 3517 γένος
1814 3485 1828 3511 ,
1852 3445 1947 3499 καί

264 3545 559 3615 ἐσθήματα
586 3542 818 3614 λαμπρά
843 3542 937 3595 καὶ
967 3538 1386 3609 στεφανώματα,
1415 3537 1510 3592 καὶ
1537 3537 1705 3607 πολλὴ
1729 3538 1763 3607 ἡ
1793 3552 1946 3615 περι-

268 3614 501 3689 φάνεια·
534 3622 630 3676 τοῦ
663 3622 720 3675 δὲ
753 3620 1015 3691 βασιλέως
1048 3616 1155 3672 τῶν
1181 3616 1426 3689 οὐρανῶν
1471 3616 1699 3669 εἰσιέναι
1731 3614 1948 3685 μέλλον-

268 3727 368 3773 τος
401 3711 478 3774 εἰς
505 3709 603 3781 τὴν
628 3707 952 3778 οἰκουμένην
973 3744 989 3769 ,
1016 3704 1168 3758 οὐδὲν
1213 3701 1454 3757 τοιοῦτον
1472 3742 1487 3767 ,
1515 3700 1652 3755 ἀλλά
1692 3698 1949 3754 τάναντία

276 3798 479 3861 πάντα,
505 3794 716 3865 καλύϐη
746 3794 841 3847 καὶ
871 3792 1043 3863 σκηνὴ
1076 3790 1169 3844 καί
1199 3789 1395 3860 φάτνη,
1432 3788 1612 3859 μήτηρ
1642 3786 1861 3857 εὐτελὴς
1888 3784 1950 3838 τὸ

279 3883 623 3955 φαινόμενον,
681 3881 777 3936 καί
820 3877 1062 3949 πτωχεία
1094 3876 1263 3947 πολλὴ
1309 3876 1404 3930 καί
1449 3874 1639 3937 πενίας
1681 3873 1944 3937 ἐπίτασις.

281 3971 471 4025 Καίτοι
496 3988 592 4039 γε,
624 3969 782 4039 εἴπερ
820 3964 1103 4025 ἐϐούλετο,
1138 3962 1368 4033 ἠδύνατο
1415 3959 1818 4031 παραγενέσθαι
1859 3959 1949 4013 τὸν

282 4055 503 4125 οὐρανὸν
537 4052 718 4114 σείων,
742 4048 839 4120 τὴν
870 4048 973 4119 γῆν
1008 4046 1264 4109 σαλεύων,
1299 4044 1584 4114 ἀστραπάς
1617 4043 1829 4111 ἀφιεὶς,
1856 4042 1951 4096 καί

285 4144 336 4196 τί
379 4142 518 4211 λέγω
557 4138 771 4204 ταῦτα;
809 4136 1021 4206 γυμνὴν
1067 4134 1233 4206 μόνην
1276 4133 1324 4185 εἰ
1354 4131 1519 4197 ἔδειξε
1556 4131 1655 4202 τὴν
1700 4130 1947 4199 θεότητα,

289 4230 438 4284 τοῦτο
458 4230 630 4299 πόσης
653 4225 1033 4297 λαμπρότητος
1060 4222 1153 4275 καὶ
1176 4220 1527 4290 φαιδρότητος
1554 4218 1737 4287 μεῖζον
1758 4218 1858 4270 οὐκ
1887 4216 1952 4271 ἀν

290 4315 381 4389 ῆν;
416 4316 553 4371 Ἀλλ’
583 4316 685 4369 οὐκ
713 4313 966 4382 ἐποίησεν
1007 4308 1180 4389 οὕτως
1202 4324 1217 4340 ·
1244 4307 1321 4389 Δοὐ
1341 4306 1460 4389 γάρ
1492 4305 1777 4389 ἀπολέσαι.
1814 4304 1954 4389 ἀλλά

297 4383 453 4452 σῶσαι
483 4395 758 4460 ἐϐούλετο,
785 4391 886 4444 οὐκ
914 4388 1200 4458 ἐκπλῆξαι,
1232 4385 1368 4439 ἀλλά
1399 4383 1710 4456 διορθῶσαι,
1743 4384 1837 4436 καὶ
1888 4384 1952 4435 ἐκ

298 4485 587 4555 προοιμίων
617 4480 709 4535 τὸν
744 4478 913 4547 τῦφον
949 4474 1333 4544 καταπατῆσαι
1357 4472 1450 4526 τὸν
1488 4469 1825 4542 ἀνθρώπινον
1861 4470 1954 4523 καί

297 4575 383 4645 τὴν
407 4573 667 4627 ἀπόνοιαν
705 4567 1073 4635 κατενεγκεῖν.
1118 4562 1215 4615 Διά
1255 4562 1321 4631 δὴ
1352 4560 1508 4615 τοῦτο
1535 4560 1634 4613 οὐκ
1668 4559 1954 4631 ἅνθρωπος

300 4664 490 4730 γίνεται
526 4661 709 4730 μόνον,
743 4654 879 4710 ἀλλά
914 4654 1007 4707 καὶ
1036 4650 1249 4722 πτωχὸς
1287 4649 1591 4721 ἄνθρωπος,
1621 4649 1713 4703 καὶ
1746 4646 1954 4719 μητέρα

302 4749 536 4820 τοιαύτην
568 4748 824 4817 αἱρεῖται,
858 4744 951 4795 καὶ
988 4736 1597 4820 καταγώγιον-εὐτελὲς,
1620 4736 1710 4789 τὸν
1731 4734 1955 4805 ἔσχατον

305 4838 384 4907 τῆς
436 4816 641 4898 πενίας
674 4832 798 4900 ὅρον
844 4830 908 4881 ἐκ
950 4826 1252 4897 προοιμίων
1302 4816 1480 4877 αὐτῶν
1526 4823 1619 4875 καὶ
1670 4820 1729 4886 ἐξ
1776 4821 1955 4873 αὐτῶν

306 4925 490 4978 ὠδίνων
537 4919 937 4989 ἀσπαζόμενος.
980 4916 1115 4968 Ποία
1157 4912 1287 4986 γάρ,
1331 4911 1449 4964 εἰπέ
1495 4927 1604 4981 μοι,
1650 4908 1808 4977 γυνὴ,
1852 4908 1955 4962 κᾶν

308 5013 542 5066 ἁπάντων
590 5004 891 5079 ἀνθρώπων
932 5001 1245 5073 πτωχοτέρα
1284 4994 1340 5074 ᾖ,
1369 4999 1474 5052 κᾶν
1511 4998 1953 5068 αὐτοπροσαῖτις,

307 5100 386 5152 οὐκ
432 5097 548 5167 ἔχει
596 5093 781 5163 κλίνην
825 5090 966 5144 ὥστε
1015 5089 1077 5143 τδ
1121 5086 1313 5159 τεχθὲν
1356 5084 1565 5138 παιδίον
1601 5082 1954 5148 κατακλῖναι;

318 5187 435 5239 Ἀλλ’
466 5182 633 5247 αὐτὸς
667 5181 787 5234 οὐδὲ
831 5178 889 5232 ἐν
938 5177 1090 5248 κλίνῃ
1129 5173 1494 5236 κατεκλίνετο,
1540 5171 1654 5225 ἀλλ’
1684 5171 1742 5222 ἐν
1781 5170 1955 5242 φάτνῃ

310 5272 473 5335 ἁπλῶς
508 5270 605 5323 καί
632 5268 707 5331 ώς
747 5266 927 5336 ἔτυχε,
962 5264 1058 5317 καὶ
1086 5264 1143 5315 ἐν
1188 5259 1394 5329 καλύϐῃ
1430 5258 1523 5312 καί
1555 5259 1654 5311 οὐκ
1693 5259 1750 5310 ἐν
1790 5274 1959 5310 κατα-

310 5362 508 5431 λύματι.
547 5352 788 5408 Τοιαῦτα
812 5352 911 5423 τῆς
944 5348 1148 5403 εἰσόδου
1189 5344 1352 5401 αὐτοῦ
1386 5345 1452 5398 τά
1498 5344 1775 5415 προοίμια,
1816 5341 1958 5395 οὐτω

312 5428 515 5517 λαμπρά
562 5443 657 5495 καὶ
693 5438 997 5511 περιφανῆ·
1049 5434 1250 5489 εἴσοδον
1295 5432 1352 5486 δέ
1397 5432 1525 5484 ὅταν
1572 5428 1840 5517 ἀκούσῃς,
1884 5428 1960 5500 μὴ

311 5516 458 5589 τόπου
474 5529 665 5599 νόμιζε
701 5524 1017 5598 μετάϐασιν,
1044 5521 1157 5576 ἀλλ’
1185 5518 1495 5588 οἰκονομίας
1532 5516 1954 5584 συγκατάϐασιν.

357 5619 374 5642 ⁸
398 5615 573 5667 Helius
598 5614 681 5662 καί
703 5610 999 5663 omitteretur
1018 5613 1102 5659 aut
1122 5604 1419 5659 scriberetur
1442 5604 1521 5652 καὶ
1547 5602 1688 5658 αὐτὸς
1712 5602 1775 5665 ἐν,
1800 5603 1959 5664 inquit

315 5680 587 5733 Malmrius.

359 5746 443 5779 θ’*
472 5739 630 5788 Deest
653 5731 851 5797 aliquid.

2100 412 2168 474 γ’.
2191 405 2300 458 Καὶ
2322 404 2431 476 γάρ
2452 408 2479 457 6
2505 404 2710 468 Παῦλος
2729 406 2854 458 ὅταν
2873 404 3026 476 λέγῃ,
3058 394 3243 460 ’Ὅταν⁸
3269 406 3337 461 δὲ
3360 408 3546 465 πάλιν
3564 417 3685 469 εἰσ.

2028 492 2217 561 ἀγάγῃ
2247 492 2354 545 τὸν
2378 494 2753 558 πρωτότοκον
2780 493 2868 557 εἰς
2886 491 3003 559 τὴν
3027 492 3403 563 οἰκουμένην,
3428 497 3526 569 τὴν
3546 500 3688 553 οἰκο-

2027 578 2220 649 νομίαν
2240 580 2372 649 ἡμῖν
2395 577 2746 646 ἀπαγγέλλει·
2782 578 2810 629 6
2835 578 2942 649 γάρ
2974 580 3243 649 πανταχοῦ
3268 583 3477 653 παρών,
3506 585 3687 639 καίτά

2029 666 2209 719 πάντα
2232 665 2473 735 πληρῶν,
2509 664 2611 716 ποῦ
2640 664 2706 717 ἂν
2732 665 2993 732 εἰσέλθοι;
3023 666 3155 719 ἀλλὰ
3192 667 3288 738 τὴν
3313 668 3401 723 διὰ
3428 670 3528 740 τῆς
3548 673 3692 725 οἱκο-

2028 751 2221 823 νομίας
2243 751 2546 823 φανέρωσιν
2567 749 2737 813 οὓτως
2761 750 3036 807 ἐκάλεσεν.
3070 752 3262 806 Εἰσιὼν
3288 755 3467 808 τοίνυν
3491 758 3571 818 εἰς
3593 756 3690 827 τὴν

2029 838 2370 911 οἰκουμένην,
2404 837 2539 909 μετά
2565 837 2817 891 ταπεινοῦ
2845 837 2936 891 τοῦ
2968 840 3243 910 σχήματος
3268 841 3461 913 εἰσῄει,
3484 843 3575 897 τὸν
3598 842 3693 897 τῦ-

2030 942 2128 995 φον
2161 924 2511 990 καταπατῶν,
2534 923 2631 994 τὴν
2669 924 2923 978 ἀπόνοιαν
2954 926 3348 991 καταστέλλων,
3380 929 3691 999 μετριάζειν

2031 1013 2272 1075 ἅπαντας
2296 1010 2515 1076 πείθων,
2548 1012 2622 1081 μὴ
2644 1010 2928 1081 ἀτιμάζειν
2958 1013 3147 1067 πενίαν
3172 1014 3311 1084 μήτε
3337 1016 3691 1082 ἐξευτελίζειν

2030 1100 2322 1170 πτωχείαν,
2364 1098 2441 1170 μὴ
2470 1099 2751 1169 κεχηνέναι
2788 1098 2922 1169 πρὸς
2964 1099 3208 1166 πλοῦτον,
3244 1102 3318 1173 μὴ
3357 1103 3502 1172 μέγα
3534 1105 3691 1174 νομί-

2030 1184 2142 1252 ζειν
2177 1182 2312 1239 εἶναι
2343 1187 2443 1256 τὴν
2483 1184 2780 1255 φαντασίαν
2818 1184 2917 1255 τὴν
2960 1186 3326 1257 ἀνθρωπίνην,
3359 1188 3495 1242 ἀλλά
3535 1193 3693 1254 σκιᾶς

2032 1268 2180 1345 [575]
2229 1270 2646 1341 ἀδρανεστέραν,
2685 1269 2779 1323 καὶ
2827 1269 3040 1339 φύλλων
3098 1270 3501 1343 εὐτελεστέραν,
3550 1271 3691 1344 [καὶ]

2028 1356 2318 1428 ὀνειράτων
2354 1355 2784 1427 άπατηλοτέραν.
2830 1355 3099 1410 Εἰσελθὼν
3152 1357 3351 1423 τοίνυν,
3384 1357 3694 1430 βαρϐάρους

2029 1444 2276 1509 ἐκάλεσε,
2299 1445 2393 1499 καί
2416 1442 2725 1515 βαρϐάρους
2747 1442 2846 1513 οὐχ
2871 1443 3054 1507 ἀπλῶς
3082 1444 3411 1516 βαρϐάρους,
3437 1446 3574 1499 ἀλλά
3601 1448 3696 1501 καὶ

2033 1530 2260 1600 μάγους,
2315 1530 2375 1584 τὸ
2416 1530 2801 1601 ἐπιτεταμένον
2839 1530 2936 1601 τῆς
2970 1530 3226 1595 ἀσεϐείας
3270 1528 3428 1595 εἶδος.
3478 1532 3693 1603 Ἐπειδὴ

2030 1617 2140 1689 γὰρ
2185 1619 2253 1671 τά
2296 1618 2395 1690 τῆς
2442 1618 2765 1687 οἰκουμένης
2819 1616 3031 1671 ἅπαντα
3076 1617 3260 1681 κακῶς
3306 1618 3553 1683 διέκειτο,
3602 1618 3697 1671 καὶ

2030 1704 2253 1759 ἀσέϐεια
2302 1705 2574 1776 πανταχοῦ
2635 1705 2874 1777 ἐκράτει,
2933 1706 3026 1758 καί
3088 1708 3281 1759 κνῖσσα
3333 1706 3425 1759 καί
3469 1706 3695 1769 καπνὸς,

2031 1794 2126 1847 καὶ
2164 1791 2287 1847 οῦτε
2322 1794 2484 1864 νόμος
2531 1794 2733 1863 ἴσχυεν,
2780 1792 2901 1847 οῦτε
2949 1794 3222 1865 προφῆται
3259 1794 3594 1865 διώρθωσαν,
3634 1795 3697 1848 οὐ

2034 1880 2381 1950 παραινέσεις
2425 1878 2733 1950 ὠφέλησαν,
2763 1879 2823 1931 οὐ
2851 1878 3125 1950 θαύματα,
3161 1880 3221 1932 οὐ
3256 1880 3495 1944 κόλασις,
3519 1880 3580 1933 οὐ
3615 1898 3697 1933 τι·

2036 1947 2260 2037 μωρίαι,
2288 1966 2383 2019 καί
2406 1968 2439 2036 ἡ
2467 1966 2536 2037 γῆ
2566 1947 2619 2018 δέ
2644 1947 3000 2036 ἀνθρωπίνοις
3025 1967 3248 2036 αῖμασιν
3272 1966 3579 2037 ἐμολύνετο,
3606 1968 3701 2020 καὶ
3725 1947 3735 1961 ’

2033 2054 2067 2122 ἠ
2112 2052 2269 2122 φύσις
2305 2052 2442 2124 αὐτὴ
2469 2055 2735 2122 ἠγνοεῖτο·
2767 2054 3038 2106 Ἐθυσαν
3065 2052 3173 2122 γὰρ
3207 2052 3349 2118 τοὺς
3380 2053 3550 2119 υἱοὺς
3586 2056 3697 2108 αὐ-

2032 2140 2153 2195 τῶν
2177 2140 2409 2209 καὶτὰς
2448 2140 2771 2209 θυγατέρας
2804 2139 2926 2206 τοῖς
2966 2140 3311 2209 δαιμονίοις·
3344 2140 3701 2213 θυσιαστήρια

2035 2228 2464 2294 κατεσκάπτετο,
2510 2227 2786 2298 προφῆται
2824 2225 3139 2298 ἀνῃροῦντο,
3180 2226 3272 2279 καί
3318 2227 3347 2278 6
3393 2227 3494 2298 τῆς
3544 2229 3701 2281 εὐσε-

2035 2314 2184 2377 ϐείας
2213 2314 2337 2378 ναὸς
2361 2311 2598 2385 ἐρείπιον
2623 2312 2827 2381 ἐγίνετο
2851 2314 2944 2366 καί
2966 2312 3197 2365 εἰδώλων
3220 2312 3582 2383 καταγώγιον,
3607 2315 3702 2368 καί

2034 2402 2064 2453 6
2092 2402 2260 2472 δῆμος
2287 2403 2315 2454 6
2345 2399 2644 2472 παραχθεὶς
2673 2400 2752 2463 εἰς
2776 2400 2938 2471 μέσον
2965 2400 3105 2453 ὥστε
3136 2400 3425 2455 παιδεῦσαι
3460 2401 3699 2470 ἐτέρους,

2036 2487 2384 2559 βλασφημίας
2404 2487 2580 2550 ἄλλοις
2609 2486 2861 2550 ὑπόθεσις
2885 2487 3110 2555 ἐγίνετο·
3139 2486 3215 2541 Τὸ
3248 2487 3356 2558 γάρ
3384 2486 3569 2556 ὄνομά
3582 2505 3702 2557 μου

2036 2575 2112 2628 δι’
2154 2574 2308 2644 ὑμᾶς
2358 2572 2829 2642 βλασφημεῖται,
2871 2574 3054 2643 φησιν,
3081 2574 3151 2627 ἐν
3190 2574 3315 2640 τοῖς
3346 2574 3566 2629 ἔθνεσι·
3609 2576 3705 2630 καὶ

2038 2661 2218 2716 θυσίαι
2247 2661 2535 2731 ἠλέγχοντο
2560 2662 2652 2714 καὶ
2679 2660 2860 2730 ἐορταί
2891 2661 2987 2713 καί
3012 2661 3292 2732 νεομηνίαι
3318 2661 3412 2715 καὶ
3436 2660 3701 2726 σάϐϐατα,

2038 2750 2133 2804 καὶ
2165 2748 2226 2802 τὸ
2267 2748 2450 2803 λοιπὸν
2492 2748 2589 2819 τῆς
2630 2747 2881 2817 λατρείας
2923 2742 3061 2810 εἶδος
3114 2747 3456 2818 ἐξεϐέϐλητο,
3504 2748 3705 2819 ἀρετῆς

2039 2835 2435 2907 ἀμελουμένης,
2462 2836 2557 2889 καὶ
2578 2835 2730 2906 φωνὴ
2749 2834 2952 2889 ἀνωθεν
2981 2834 3074 2887 τοῦ
3095 2834 3227 2887 Θεοῦ
3256 2833 3701 2905 κατηγοροῦντος,

2040 2925 2133 2978 καὶ
2165 2925 2337 2994 φωναὶ
2364 2923 2606 2978 κάτωθεν
2634 2923 2742 2977 τῶν
2769 2921 3059 2993 προφητῶν
3081 2922 3438 2994 ὀδυρομένων,
3472 2924 3564 2976 καὶ
3595 2940 3706 2993 φω-

2041 3013 2127 3067 να¹ι
2148 3011 2501 3082 πανταχόθεν,
2524 3011 2630 3065 τῶν
2656 3010 2994 3082 πραγμάτων
3014 3009 3197 3074 κακῶς
3218 3010 3595 3081 διακειμένων,
3614 3011 3708 3064 καὶ

2040 3103 2208 3173 πολλὴ
2240 3105 2338 3171 τῆς
2370 3100 2566 3163 κακίας
2599 3100 2633 3171 ἠ
2665 3100 2912 3169 δύναμις,
2960 3100 3053 3151 καί
3090 3101 3265 3169 πυκνή
3298 3117 3381 3162 τις
3413 3094 3480 3170 ἦν
3509 3097 3705 3169 νεφέλη

2041 3190 2137 3244 καὶ
2166 3187 2353 3259 βαθεῖα
2381 3186 2496 3252 νύξ,
2533 3188 2627 3240 καί
2654 3188 2712 3241 ἐν
2753 3186 3036 3258 παρρησία
3068 3186 3136 3239 τά
3171 3187 3268 3257 τῆς
3300 3186 3582 3257 πονηρίας,
3614 3187 3709 3238 καὶ

2041 3277 2109 3330 τά
2133 3279 2231 3347 τῆς
2251 3274 2449 3347 ἀρετῆς
2474 3272 2735 3337 ἐκποδών,
2758 3273 2854 3326 καὶ
2875 3276 2902 3327 6
2923 3291 3002 3343 χει
3012 3273 3127 3345 μὼν
3151 3275 3230 3337 εἰς
3256 3272 3386 3342 ῦψος
3411 3274 3594 3343 ἤρετο,
3615 3271 3709 3324 καὶ

2042 3363 2109 3417 τά
2151 3364 2368 3433 κύματα
2397 3361 2692 3433 ἐπάλληλα,
2724 3362 2817 3414 καί
2858 3362 3093 3429 ναυάγια
3135 3360 3315 3414 πυκνά
3359 3359 3453 3413 καὶ
3487 3359 3707 3429 συνεχῆ,

1997 3500 2007 3509 .
2044 3451 2137 3506 καὶ
2162 3452 2359 3514 πάντες
2384 3444 2523 3520 ἦσαν
2554 3448 2893 3521 ὑποϐρύχιοι,
2926 3448 3018 3502 καὶ
3049 3448 3168 3502 οὐδὲ
3202 3448 3528 3519 κυϐερνήτου
3558 3449 3710 3521 φωνὴ

2045 3539 2290 3610 ⁴ἰγκούετο,
2323 3538 2445 3591 οῦτε
2491 3537 2699 3590 ναυτῶν
2740 3536 2924 3607 ἴσχυσε
2966 3538 3149 3608 τέχνη,
3185 3536 3299 3591 ἀλλ’
3325 3538 3713 3607 ἐπεκράτειτά

2046 3624 2256 3697 πονηρά
2278 3624 2582 3695 πνεύματα,
2607 3623 2702 3677 καί
2735 3623 2958 3694 οὐδεμία
2990 3622 3258 3695 σωτηρίας
3283 3618 3350 3694 ἦν
3381 3623 3554 3688 ἐλπὶς,
3588 3623 3711 3678 οὐδέ

2046 3713 2420 3786 παρακαλέσαι
2461 3730 2545 3776 τις
2589 3711 2679 3765 τὸν
2722 3711 2853 3764 Θεὸν
2899 3711 3119 3781 ἐτόλμα·
3153 3710 3268 3775 πῶς
3300 3710 3427 3783 γάρ,
3464 3712 3572 3764 τῶν
3614 3711 3713 3782 μὲν

2046 3802 2339 3875 προφητῶν
2390 3799 2856 3872 κατηγορούντων,
2896 3799 3006 3852 τῶν
3060 3799 3116 3852 δέ
3151 3799 3395 3868 ἀγγέλων
3443 3799 3552 3853 τῶν
3591 3799 3711 3852 καθ’

2046 3891 2276 3945 ἕκαστον
2302 3889 2453 3952 ἐθνος
2484 3886 2916 3941 ἐπιστατούντων
2945 3886 3464 3956 ἐγκαλυπτομένων;
3498 3886 3588 3938 τὸν
3618 3886 3715 3955 δη-

2051 3977 2306 4050 μιουργὸν
2345 3976 2438 4031 τοῦ
2467 3975 2665 4039 παντὸς
2693 3977 2721 4029 6
2755 3974 2944 4045 καιρὸς
2980 3974 3161 4028 ἐκάλει
3193 3973 3397 4039 λοιπὸν,
3431 3972 3591 4027 αὐτὸν
3622 3973 3716 4026 τόν

2050 4065 2291 4134 πλάστην
2328 4064 2419 4118 τὸν
2460 4063 2555 4116 καὶ
2597 4063 2656 4128 ἐξ
2704 4062 2877 4133 ἀρχῆς
2920 4060 2981 4114 τὸ
3015 4060 3169 4131 γένος
3206 4061 3361 4131 ἡμῶν
3394 4062 3711 4131 ποιήσαντα.

2061 4153 2213 4206 Ἐπεὶ
2244 4148 2336 4206 οῦν
2365 4153 2721 4223 χαλεπωτάτη
2751 4152 2785 4222 ἡ
2812 4151 2984 4215 νόσος,
3018 4150 3250 4221 μάλιστα
3278 4150 3335 4204 δὲ
3374 4150 3431 4217 ἐξ
3462 4150 3716 4212 ἀπονοίας

2051 4241 2144 4293 καί
2174 4240 2486 4304 ἀλαζονείας
2514 4239 2651 4309 αῦτη
2678 4238 2890 4309 ἐτέχθη,
2942 4238 3037 4291 καί
3080 4239 3112 4308 ἠ
3154 4236 3296 4309 ἀρχὴ
3336 4237 3427 4291 καί
3468 4236 3537 4290 τά
3577 4236 3718 4307 μέσα

2052 4327 2144 4380 καί
2174 4325 2243 4379 τά
2268 4326 2395 4397 τέλη
2434 4324 2542 4378 τῶν
2568 4324 2910 4396 πραγμάτων
2936 4322 3287 4396 διεφθείρετο·
3320 4323 3489 4394 ἥλατο
3516 4323 3580 4375 ἐκ
3609 4322 3718 4375 τῶν

2053 4414 2257 4486 θρόνων
2297 4414 2405 4467 τῶν
2449 4412 2748 4484 πατρικῶν,
2796 4412 2889 4465 καὶ
2935 4414 3014 4477 εἰς
3052 4411 3150 4483 τὴν
3196 4410 3301 4481 γῆν
3345 4407 3526 4483 ἦλθεν.
3561 4410 3634 4463 Τὸ
3661 4410 3719 4463 δὲ

2052 4502 2217 4573 ἥλατο
2238 4500 2397 4554 πάλιν
2421 4500 2550 4554 ὅταν
2584 4499 2843 4570 ἀκούσῃς,
2876 4499 2950 4570 μὴ
2980 4497 3276 4569 μετάϐασιν
3314 4497 3478 4550 τόπου
3510 4496 3718 4567 νόμιζε,

2059 4590 2131 4659 μὴ
2154 4589 2432 4661 ἐρήμωσιν
2452 4586 2718 4657 οὐρανῶν·
2746 4587 2839 4641 καί
2861 4585 2968 4657 γάρ
2996 4586 3054 4638 ἐν
3081 4586 3145 4654 τῇ
3169 4584 3351 4654 μήτρα
3378 4582 3452 4637 ὢν
3478 4586 3544 4655 τῇ
3580 4600 3721 4653 παρ-

2055 4679 2262 4750 θενικῇ,
2296 4678 2432 4750 μετά
2465 4677 2558 4729 τοῦ
2597 4674 2809 4746 Πατρός
2838 4669 2926 4744 ἦν·
2962 4673 3023 4726 τὸ
3049 4672 3105 4725 δὲ
3137 4670 3254 4732 πῶς
3282 4670 3356 4741 μὴ
3382 4670 3532 4741 ζήτει
3584 4670 3720 4741 μηδέ

2054 4766 2283 4829 εὐθύνας
2327 4766 2562 4819 ἀπαίτει·
2602 4763 2861 4833 ὅτανγὰρ
2888 4764 2916 4815 6
2945 4760 3077 4823 Θεὸς
3116 4756 3436 4830 ἐργάζηται,
3477 4758 3720 4820 πίστεως

2053 4857 2212 4929 χρεία
2256 4855 2421 4925 μόνης
2460 4854 2553 4905 καὶ
2576 4848 3025 4920 συγκαταθέσεως
3051 4848 3145 4900 καί⁵
3171 4845 3479 4916 ὁμολογίας.
3520 4843 3721 4898 Ἐλθὼν

2055 4945 2232 4998 τοίνυν
2268 4943 2363 4995 καὶ
2395 4940 2517 4993 ἰδών
2548 4940 2640 4993 τὸν
2669 4939 2944 5009 κάμνοντα
2985 4934 3077 4988 ἐπὶ
3113 4933 3298 5003 κλίνης
3334 4934 3580 5003 κείμενον
3622 4934 3717 4986 καὶ

2056 5027 2477 5098 ἀπεγνωσμένον
2514 5026 2809 5096 (κάμνοντα
2845 5024 2902 5076 δὲ
2932 5022 3058 5076 ὅταν
3090 5020 3249 5084 εἴπω,
3283 5020 3343 5072 τὸ
3382 5020 3536 5088 γένος
3578 5021 3719 5090 φημὶ

2054 5118 2114 5171 τὸ
2139 5113 2494 5187 ἀνθρώπινον,
2520 5112 2620 5165 οὐκ
2642 5098 2733 5165 ἐπὶ
2766 5110 2951 5181 κλίνης
2974 5108 3247 5179 τοιαύτης,
3271 5108 3383 5161 ἀλλ’
3410 5108 3503 5160 ἐπὶ
3536 5107 3723 5179 κλίνης

2054 5202 2155 5273 τῆς
2174 5199 2479 5271 πονηρίας),
2500 5197 2605 5252 61:6
2628 5197 2825 5269 ἰατρῶν
2858 5194 3435 5266 ἐγκαταλελειμμένον,
3473 5195 3579 5249 ὐπὸ
3616 5214 3721 5249 πα·-

2055 5285 2163 5339 θῶν
2191 5282 2663 5355 πολιορκούμενον,
2709 5280 2813 5335 ὐπὸ
2854 5281 2954 5351 τῆς
2987 5280 3143 5333 νόσου
3187 5277 3577 5350 κρατούμενον.
3616 5282 3725 5333 πᾶν

2056 5367 2193 5436 εἰδος
2232 5372 2660 5443 ἀρρωστήματος
2697 5370 2803 5437 εἰς,
2826 5370 2925 5438 τὴν
2976 5366 3321 5438 ἀνθρωπίνην
3365 5367 3725 5437 κατασκῆψαν

2058 5460 2238 5530 φύσιν,
2269 5458 2363 5511 καί
2385 5458 2543 5510 αὐτὸν
2571 5455 2763 5511 ἐαυτοῦ
2788 5456 2974 5509 λοιπὸν
3004 5456 3362 5523 ἀπεγνωκότα
3392 5456 3480 5509 τὸν
3513 5456 3723 5526 ἅνθρω-

2058 5555 2178 5600 πον,
2214 5536 2308 5589 καὶ
2331 5535 2421 5588 τὸν
2445 5534 2722 5606 δεδομένον
2753 5535 2934 5606 ἰατρὸν
2969 5533 3077 5587 τῶν
3105 5533 3277 5589 ἐλκῶν
3304 5535 3608 5604 κατήγορον
3636 5550 3722 5601 γι-

2058 5625 2280 5693 νόμενον
2305 5623 2519 5693 πικρὸν,
2542 5623 2631 5676 τὸν
2656 5623 2818 5694 νόμον
2855 5623 3016 5691 λέγω,
3051 5622 3145 5675 καὶ
3171 5620 3401 5685 αὔξοντα
3429 5620 3496 5671 τὰ
3528 5620 3724 5689 ἐγκλή-

2066 5729 2230 5784 ματα,
2268 5711 2359 5765 καὶ
2396 5708 2599 5781 μείζονι
2620 5711 2742 5783 δίκῃ
2774 5712 3025 5766 ποιοῦντα
3054 5708 3354 5763 ὑπεύθυνον
3395 5708 3483 5761 τὸν
3512 5704 3724 5777 ἄνθρωη
