4064 6566
457 280 563 339 50Ξὶ

458 419 582 468 πον,
636 400 862 473 καὶτῆς
893 400 1203 474 ἀρρωστίας
1238 399 1337 472 τὴν
1366 401 1674 473 τυραννίδα,
1727 402 1823 456 καὶ
1868 402 1979 457 τῶν
2029 421 2100 457 κα

459 490 574 545 κῶν
611 488 712 561 τὴν
754 488 1075 561 ὑπερϐολὴν,
1102 488 1290 543 οὐδένα
1331 489 1518 562 ἕτερον
1562 490 1947 562 ἐπιζητοῦντα,
1977 491 2013 564 ἢ
2040 491 2133 546 τὸν

458 578 520 643 ἐξ
576 578 752 649 ἀρχῆς
812 578 963 647 ἡμᾶς
1018 577 1411 633 διαπλάσαντα·
1464 580 1567 651 ὅρα
1604 580 1670 634 ὲκ
1719 581 2024 653 προοιμίων
2079 581 2133 635 τί

458 666 622 718 ποιεῖ·
652 664 752 735 τὴν
782 666 943 732 φύσιν
972 664 1357 736 περιϐάλλεται
1389 665 1488 739 τὴν
1520 666 1815 739 ἡμετέραν,
1846 667 1945 739 τὴν
1969 667 2133 738 ἠσθε-

454 754 706 823 νηκυῖαν,
746 752 848 824 τὴν
894 752 1238 824 ἡττηθεῖσαν,
1284 754 1425 808 ὥστε
1473 755 1816 827 μαχέσασθαι
1872 755 1967 810 καὶ
2003 758 2133 810 ἀνα-

454 838 717 892 παλαῖσαι
749 838 819 892 δι’
842 839 1031 910 αὐτῆς·
1064 840 1159 894 καὶ
1186 842 1250 893 ἐκ
1284 840 1393 894 τῶν
1419 840 1767 912 προπυλαίων
1797 840 1998 906 εὐθέως
2031 841 2130 896 αὐ-

453 926 564 980 τῶν
601 927 696 980 καὶ
730 926 840 980 τῶν
882 927 1183 999 προοιμίων
1234 927 1528 1000 πρόρριζον
1571 927 1721 1001 [576]
1767 929 1986 1001 ἀνασπᾷ
2029 929 2131 1001 τῆς

454 1013 715 1078 ἀπονοίας
744 1014 843 1085 τὴν
882 1013 1061 1083 φύσιν·
1088 1015 1183 1068 καὶ
1210 1015 1319 1087 γὰρ
1354 1018 1568 1070 πάντων
1602 1016 1770 1070 αἰτιον
1802 1015 1911 1070 τῶν
1944 1017 2131 1072 κακῶν

453 1100 615 1156 τοῦτο
634 1101 848 1172 γέγονε.
869 1102 972 1156 Τὸν
990 1101 1123 1172 γοῦν
1146 1102 1389 1158 διάϐολον
1408 1104 1507 1157 οὐκ
1527 1103 1658 1158 ὅντα
1676 1102 1939 1169 διάϐολον,
1971 1104 2130 1158 τοῦτο

454 1189 699 1245 διάϐολον
731 1189 870 1245 εἶναι
908 1191 1199 1264 πεποίηκε·
1222 1194 1314 1246 καὶ⁹
1337 1192 1606 1246 δείκνυσιν
1633 1192 1662 1246 6
1691 1192 1901 1258 Παῦλος
1930 1193 2125 1262 λέγων·

454 1277 554 1347 Μὴ
596 1280 915 1349 νεόφυτον,
949 1280 1051 1334 ἵνα
1089 1279 1176 1351 μὴ
1212 1281 1503 1350 τυφωθεὶς
1551 1283 1637 1348 εἰς
1674 1283 1851 1352 κρίμα
1891 1281 2128 1351 ἐμπέσῃ

454 1367 563 1420 τοῦ
602 1366 904 1425 διαϐόλου.
966 1368 1136 1422 Τοῦτο
1192 1369 1283 1422 τὸν
1311 1368 1481 1439 Ἀδὰμ
1533 1371 1598 1422 ὲκ
1651 1368 1745 1423 τοῦ
1799 1370 2127 1441 παραδείσου

455 1454 728 1521 ἐξέϐαλεν·
756 1454 943 1528 ἐπειδὴ
968 1455 1076 1527 γάρ
1098 1456 1346 1527 ήκουσεν,
1371 1454 1597 1509 Ἐσεσθε
1614 1456 1690 1520 ὡς
1712 1456 1842 1523 θεοὶ,
1863 1460 1929 1530 τῇ
1954 1457 2129 1511 ἑλπίδι

453 1543 627 1616 ταύτῃ
673 1544 996 1617 ἀπατηθεὶς,
1044 1544 1220 1615 ἦψατο
1260 1544 1356 1597 τοῦ
1398 1544 1636 1616 δένδρου,
1687 1545 1782 1600 καὶ
1822 1545 1917 1599 τὸν
1965 1546 2129 1618 νόμον

454 1633 717 1703 ἐπάτησε,
748 1633 841 1686 καὶ
868 1633 967 1704 τὴν
999 1632 1216 1704 ἐντολὴν
1257 1632 1493 1704 παρέϐη.
1530 1633 1629 1687 Διά
1661 1650 1745 1686 τοι
1779 1632 1938 1687 τοῦτο
1969 1639 2063 1687 καὶ
2100 1637 2129 1689 6

454 1718 589 1782 Θεδς
617 1719 947 1790 κατάλληλον
979 1718 1057 1790 τῷ
1085 1718 1359 1790 τραύματι
1385 1720 1444 1773 τὸ
1472 1720 1765 1791 φάρμακον
1795 1721 2128 1777 κατεσκεύαο

457 1822 569 1862 σεν.
605 1808 814 1879 Ὠσπερ
840 1808 947 1881 γάρ
968 1808 1186 1862 ἐπὶτῶν
1214 1810 1481 1882 σωμάτων
1508 1810 1578 1864 τὰ
1600 1810 1817 1864 ἐναντία
1842 1811 1951 1864 τῶν
1974 1812 2128 1865 ένανέ

451 1895 583 1948 τίων
610 1896 758 1950 ἐστὶν
782 1898 983 1963 ἰατικά,
1016 1897 1266 1969 καθάπερ
1296 1898 1391 1953 καὶ
1415 1898 1613 1969 ἰατρῶν
1633 1899 1824 1963 παῖδές
1848 1916 2002 1970 φασι,
2034 1901 2129 1955 καὶ

451 1982 515 2037 τδ
568 1985 976 2057 κατεψυγμένον
1037 1985 1436 2058 θερμαίνομεν,
1482 1988 1575 2041 καὶ
1616 1987 1677 2041 τὸ
1720 1988 2127 2060 καταξηρανθὲν

453 2071 801 2143 ὑγραίνομεν·
837 2073 979 2128 οὕτω
1004 2074 1067 2147 δὴ
1104 2076 1198 2129 καὶ
1221 2077 1249 2128 6
1277 2075 1409 2141 Θεὸς
1438 2076 1530 2129 ἐπὶ
1554 2075 1663 2129 τῶν
1689 2076 1877 2130 παθῶν
1902 2078 2004 2147 τῆς
2024 2076 2127 2144 ψυ-

452 2157 555 2231 Χῆς
604 2159 877 2233 ἐποίησεν.
931 2162 1149 2235 Ἐπειδὴ
1186 2162 1295 2235 γάρ
1334 2164 1561 2217 ἀπόνοια
1601 2163 1772 2236 αὐτὴν
1812 2164 1984 2234 ἐπῆρε
2034 2166 2124 2218 καὶ

450 2246 762 2318 φλεγμᾶναι
792 2250 1195 2321 παρεσκεύασε,
1237 2252 1527 2321 φάρμακον
1565 2251 1803 2325 ἐπέθηκε
1832 2252 2125 2305 καταστέλ-

447 2333 540 2387 λον
566 2336 737 2408 αὐτῆς
759 2337 819 2390 τὸ
840 2336 1067 2409 φύσημα
1098 2339 1191 2392 καὶ
1225 2338 1522 2411 καθαιροῦν
1549 2339 1610 2393 τὸ
1637 2339 1857 2412 οίδημα.
1889 2340 2047 2393 Ποῖον
2066 2339 2123 2393 δὲ

450 2426 775 2498 φάρμακονς
812 2426 917 2480 Τὸν
969 2427 1199 2482 θάνατον
1243 2427 1576 2498 ἐπιτειχίσας
1619 2428 1778 2498 αὐτῇ.
1823 2428 1921 2482 Διά
1968 2427 2125 2481 τοῦτο

448 2513 572 2584 οὐχὶ
610 2512 803 2585 θνητὸν
837 2513 897 2568 1:6
926 2514 1084 2586 σῶμα
1116 2515 1276 2586 μόνον
1312 2515 1628 2587 εἰργάσατο,
1664 2515 1799 2569 ἀλλά
1829 2515 1923 2570 καὶ
1953 2517 2121 2586 σήπε-

450 2600 575 2654 σθαι
606 2601 981 2672 παρεσκεύασε
1013 2604 1105 2657 καὶ
1132 2603 1419 2676 φύρεσθαι,
1454 2604 1548 2658 καὶ
1570 2603 1750 2678 πηγὰς
1782 2603 1967 2675 βρύειν
1989 2622 2125 2657 σκωο

447 2686 653 2761 λήκων,
693 2690 787 2743 καὶ
832 2690 911 2754 εἰς
943 2690 1111 2762 ἰχῶρα
1142 2692 1432 2746 καταλύειν
1466 2692 1560 2745 καὶ
1591 2692 1853 2757 δυσωδίας
1889 2692 2121 2764 πληροῦ·

451 2774 597 2839 σθαι,
645 2775 870 2848 θεμέλια
908 2779 1403 2851 ταπεινοφροσύνης
1459 2780 1977 2852 προαποτιθέμενος,
2030 2781 2124 2835 καὶ

448 2863 705 2918 οὐδέποτε
739 2865 859 2919 οὐδὲ
904 2866 994 2919 τὸν
1045 2867 1246 2939 σφόδρα
1292 2869 1722 2940 ἀπονενοημένον
1761 2869 1940 2939 ἀφιεὶς
1980 2869 2125 2941 μέγα

450 2954 691 3023 φρονεῖν.
724 2952 791 3006 Τί
827 2953 935 3025 γάρ
960 2954 1357 3028 δυσωδέστερον
1387 2955 1729 3028 ἀνθρωπίνου
1755 2956 2039 3029 σώματος;
2070 2958 2124 3012 τί

447 3038 506 3091 δὲ
533 3038 908 3113 εὐτελέστερον
931 3040 1353 3113 τελευτήσαντος
1373 3060 1387 3109 ;

518 3126 582 3182 δ’.
623 3128 783 3182 Ἀλλά
824 3130 898 3200 μὴ
951 3129 1276 3203 στυγνάσῃς,
1327 3130 1600 3202 άγαπητὲ,
1655 3131 1791 3187 ἀλλά
1843 3116 2123 3188 κάνταῦθα

451 3215 645 3270 σκόπει
665 3216 757 3271 τοῦ
777 3208 912 3271 Θεοῦ
940 3217 1038 3291 τὴν
1067 3219 1413 3291 κηδεμονίαν.
1444 3219 1581 3275 Οῦτε
1607 3219 1715 3291 γάρ
1743 3221 1771 3273 6
1797 3220 2124 3290 τελευτήσας

448 3305 762 3360 αἰσθάνεται
794 3305 903 3359 τῶν
925 3306 1244 3378 γινομένων,
1283 3306 1370 3362 ἴνα
1397 3307 1560 3380 ἀλγῇ,
1589 3309 1617 3362 ό
1644 3326 1702 3363 τε
1732 3308 1840 3373 ζῶν
1878 3309 1935 3361 ἐν
1971 3308 2124 3361 ἀλλο-

447 3392 587 3466 τρίῳ
625 3392 837 3464 σώματι
869 3394 1177 3448 παιδεύεται
1206 3394 1534 3465 φιλοσοφεῖν.
1570 3394 1686 3450 Κάν
1718 3396 1827 3468 γὰρ
1863 3397 2124 3468 μυριάκις

447 3479 549 3553 τὴν
573 3480 743 3554 ὀφρὺν
776 3482 1067 3554 ἀνασπάσῃ
1103 3483 1196 3537 καὶ
1228 3483 1371 3555 μέγα
1404 3484 1685 3557 κομπάσῃ,
1722 3488 1802 3549 εἰς
1829 3485 1999 3554 τάφον
2027 3484 2127 3539 ἀπ-

450 3568 641 3634 ελθὼν,
675 3569 769 3623 καὶ
798 3569 1063 3637 δυσωδίας
1092 3572 1543 3644 προσπιπτούσης
1573 3572 1985 3645 αἰσθανόμενος,
2031 3574 2125 3628 καὶ

449 3658 551 3732 τῆς
595 3658 872 3725 εὐτελείας
921 3659 1076 3731 ήμῶν
1129 3660 1518 3734 ἀναμνησθεὶς,
1566 3662 1985 3717 καταστέλλεται
2031 3664 2125 3717 καὶ

451 3746 778 3818 συμπίπτει,
815 3749 909 3803 καὶ
941 3748 1079 3821 πρὸς
1112 3748 1276 3803 αὐτὸν
1324 3750 1646 3805 καταϐαίνει
1689 3750 1781 3806 τὸν
1819 3750 1974 3824 ᾅδην.
2015 3753 2125 3806 Καὶ

451 3832 540 3887 ῖνα
574 3832 771 3906 μάθῃς,
795 3836 876 3889 ὅτι
902 3835 1057 3890 τοῦτο
1078 3836 1166 3890 διὰ
1190 3835 1350 3891 τοῦτο
1375 3838 1620 3908 γέγονεν,
1644 3838 1745 3892 οὐκ
1772 3836 2127 3909 ἀτιμάζοντος

450 3920 617 3977 αὐτοῦ
652 3921 751 3994 τὴν
782 3923 944 3994 φύσιν
973 3924 1074 3995 τὴν
1109 3926 1409 3999 ἡμετέραν,
1443 3925 1580 3980 ἀλλά
1610 3924 1710 3997 τὴν
1740 3925 1997 3979 ἀπόνοιαν
2028 3927 2126 3998 τῆς

449 4009 690 4075 διανοίας
734 4010 1097 4082 χαλινοῦντος,
1126 4012 1220 4067 καὶ
1244 4011 1626 4084 διατηροῦντος
1670 4013 1729 4067 ὲν
1761 4013 1999 4084 διηνεκεῖ
2025 4032 2125 4068 τα-

451 4099 851 4173 πεινοφροσύνῃ
900 4101 990 4153 τὸν
1044 4100 1351 4174 ἄνθρωπον,
1411 4101 1599 4174 ἐπειδὴ
1649 4102 1709 4168 ἐξ
1762 4103 1939 4175 ἀρχῆς
1975 4103 2127 4175 αὐτῷ

450 4184 513 4240 τὸ
564 4184 869 4259 ἁμάρτημα
920 4187 1168 4242 ἐντεῦθεν
1216 4187 1466 4255 γέγονεν·
1502 4188 1733 4243 ἄκουσον
1785 4190 1840 4243 τί
1890 4206 2053 4261 φησιν
2096 4191 2126 4243 6

453 4275 737 4345 προφήτης
800 4274 1046 4340 Ἠσαίας·
1101 4276 1293 4341 Ὅπως
1316 4276 1635 4341 ’ἐξέπεσεν
1671 4277 1742 4343 ἐξ
1796 4279 2057 4347 οὐρανοῦ
2093 4282 2127 4335 ό

451 4360 759 4430 ἑωσφόρος
820 4363 854 4415 ό
912 4361 1063 4429 πρωῒ
1114 4361 1482 4417 ἀνατέλλων·
1544 4364 1605 4418 οὐ
1661 4364 1789 4436 περί
1845 4364 2125 4439 έωσφόρου

452 4444 644 4514 λέγων·
692 4445 815 4503 οὐδὲ
864 4446 972 4519 γάρ
1020 4447 1245 4512 ὲξέπεσέ
1291 4467 1422 4504 ποτε
1462 4451 1491 4505 6
1530 4451 1825 4525 ἑωσφόρος,
1866 4451 1981 4508 ἀλλ’
2020 4455 2122 4526 ὲμ-

454 4533 667 4606 πέπηγε
729 4534 1080 4606 θεμελιωθείς
1124 4535 1271 4602 ἅπαξ
1312 4540 1370 4591 ὲν
1411 4537 1490 4609 τῷ
1532 4539 1767 4611 οὐρανῷ,
1801 4542 1895 4595 καὶ
1928 4541 2020 4595 τὸν
2050 4543 2126 4595 οἰ-

451 4624 599 4677 κεῖον
635 4622 834 4695 δρόμον
882 4623 1147 4695 διατηρεῖ.
1200 4623 1265 4677 Τί
1316 4620 1410 4679 οὖν
1448 4626 1593 4680 ἐστιν
1648 4627 1677 4680 ὃ
1715 4645 1878 4700 φησιν
1919 4628 1947 4681 6
1991 4645 2127 4700 προ-

453 4710 650 4782 φήτης,
684 4709 817 4777 Πῶς
839 4710 1133 4777 ἐξέπεσεν
1158 4711 1225 4767 ἐκ
1254 4713 1362 4767 τοῦ
1398 4714 1659 4783 οὐρανοῦ
1692 4717 1725 4769 ό
1752 4714 2057 4785 ἑωσφόρος
2094 4720 2126 4771 ό

452 4798 604 4866 πρωϊ
649 4798 1035 4864 ἀνατέλλωνς
1089 4799 1225 4871 Περὶ
1272 4798 1547 4872 βαρϐάρου
1595 4802 1735 4866 τινὸς
1777 4802 1923 4872 λέγει
1977 4801 2127 4870 βασι-

453 4884 609 4950 λέως·
664 4887 942 4959 ἑωσφόρον
986 4888 1042 4941 δὲ
1095 4888 1255 4941 αὐτὸν
1293 4888 1449 4943 καλεῖ
1484 4888 1573 4945 διά
1608 4890 1708 4962 τὴν
1747 4890 2123 4961 περιφάνειαν,

450 4972 541 5027 διὰ
570 4972 631 5027 τὸ
649 4974 904 5047 διάδημα,
932 4975 1020 5031 διά
1047 4976 1145 5049 τὴν
1172 4978 1499 5051 πορφυρίδα,
1522 4978 1611 5032 διὰ
1642 4978 1737 5051 τήν
1768 4978 2125 5050 λαμπρότητα

452 5059 559 5113 τῶν
591 5061 923 5134 δορυφόρων,
947 5063 1035 5119 διά
1064 5065 1162 5136 τὴν
1184 5066 1378 5138 αἴγλην
1404 5066 1503 5139 τὴν
1530 5067 1637 5122 ἀπὸ
1670 5067 1776 5121 τῶν
1806 5068 2007 5134 ὃπλων,
2037 5068 2126 5122 διά

452 5148 545 5202 τὸν
577 5148 861 5216 λάμποντα
896 5152 1113 5221 χρυσὸν,
1146 5153 1334 5210 διὰ·τά
1358 5154 1555 5227 δόρατα
1586 5154 1655 5209 τά
1687 5156 2000 5227 ἠκονημένα
2032 5159 2125 5212 καὶ

454 5236 870 5300 ἀποστίλϐοντα,
901 5238 989 5292 διά
1014 5239 1113 5312 τὴν
1147 5242 1313 5313 ἀλλην
1343 5242 1559 5298 ἅπασαν
1587 5245 1903 5313 φαντασίαν,
1939 5244 2027 5299 διά
2063 5246 2125 5300 τὸ

453 5325 607 5395 ἄγειν
650 5325 867 5380 ἅπαντα
904 5328 998 5381 καὶ
1032 5328 1236 5398 φέρειν.
1276 5332 1398 5384 ’Ότι
1443 5331 1553 5401 γὰρ
1579 5332 1641 5385 οὐ
1677 5333 1805 5403 περὶ
1845 5334 2123 5405 ἑωσφόρον

454 5413 640 5486 φησὶν,
679 5412 815 5467 ἀλλά
842 5416 1221 5485 μεταφορικῶς
1258 5417 1523 5489 κέχρηται
1560 5418 1638 5489 τῷ
1670 5420 1895 5492 ὀνόματι
1932 5422 2122 5488 εἰπὼν,

453 5502 589 5570 Πῶς
628 5501 924 5569 ἐξέπεσεν
958 5503 1028 5557 ἐκ
1072 5504 1179 5559 τοῦ
1211 5506 1472 5573 οὐρανοῦ
1510 5509 1544 5561 ό
1576 5507 1880 5578 ἑωσφόρος
1907 5514 1941 5564 ό
1976 5511 2129 5579 πρωῒ

452 5591 840 5657 ἀνατέλνιωη
871 5591 1075 5664 προῖὼν
1107 5593 1274 5663 λέγει,
1310 5593 1393 5649 Σὺ
1416 5594 1485 5648 δὲ
1510 5590 1684 5663 εἴπας
1709 5598 1780 5651 ἐν
1809 5597 1885 5668 τῇ
1913 5599 2127 5669 καρδίᾳ,

452 5698 595 5749 σου,
651 5686 757 5752 Εἰς
814 5682 922 5738 τὸν
973 5683 1235 5753 οὐρανὸν
1295 5683 1692 5755 ἀναϐήσομαι,
1753 5687 1956 5743 ἐπάνω
2006 5687 2127 5744 τῶν

453 5772 690 5845 ἄστρων
726 5771 834 5827 τοῦ
859 5772 1121 5843 οὐρανοῦ
1142 5772 1307 5845 θήσω
1331 5772 1438 5828 τὸν
1462 5777 1677 5846 θρόνον
1692 5794 1833 5847 μου,
1868 5780 1963 5837 καί
1984 5783 2123 5839 ἔσο-

1190 300 1199 352 ξ
1242 283 1299 341 S.
1342 282 1628 342 JOANNIS
1663 284 2157 346 CHRYSOSTOMI
2194 287 2517 346 ARCIHEP.
2561 287 3105 346 CONSTANTINUP.
3772 294 3863 353 506

2227 419 2335 472 μαι
2377 403 2580 473 ὅμοιος
2618 402 2699 469 τῷ
2730 401 3008 471 ’Υψίστιελ
3043 403 3165 456 Ὀτι
3208 398 3267 458 δὲ
3298 404 3475 478 ἀστὴρ
3513 406 3631 462 οὐτε
3661 411 3867 470 διάνοιαν

2235 492 2344 562 ἔχει
2365 491 2485 545 οὐτε
2514 490 2640 545 νοῦν
2661 488 2784 544 οὐτε
2807 492 3045 563 ῥήματα,
3069 491 3229 545 παντί
3258 509 3363 547 που
3388 494 3546 564 δῆλόν
3570 498 3721 552 ἐστιν
3752 504 3867 558 ὰ)λά

2232 579 2361 649 περί
2404 578 2666 649 βασιλέως
2696 577 2845 647 λέγει
2876 578 3195 649 βλασφήμου
3215 580 3368 645 τινὸς
3401 586 3495 635 καὶ
3523 584 3763 652 ἀλαζόνος
3788 594 3869 645 καὶ

2234 664 2635 738 μεγαληγόρου,
2670 666 2766 719 καὶ
2789 664 3016 720 τοιαῦτα
3056 668 3458 737 κομπάζοντος.
3490 671 3583 734 Τίς
3604 673 3656 725 δὲ
3685 675 3711 726 ὀ
3740 676 3867 744 βασι.

2231 751 2389 817 λεύς;
2423 752 2655 806 Δυνατὸν
2685 752 2779 806 καὶ
2801 753 2935 823 ἡμῖν
2965 753 3161 818 εἰπεῖν,
3184 754 3304 807 ἀλλ’
3335 755 3426 809 ἵνα
3452 754 3601 828 [377]
3630 761 3698 831 μὴ
3717 764 3870 820 πάντα

2233 843 2364 913 παρ’
2390 841 2550 913 ήμῶν
2582 840 2910 913 μανθάνητε,
2946 840 3081 896 ἀλλά
3111 842 3203 895 καὶ
3222 843 3379 897 αὐτοὶ
3405 845 3763 916 φροντίζοντες
3791 854 3869 905 καί

2230 928 2636 1001 ἀγρυπνοῦντες
2670 930 2927 1001 έρευνᾶτε
2956 930 3055 999 τῆς
3081 929 3229 995 θείας
3273 931 3313 983 Γ
3320 936 3501 1002 ραφῆς
3543 934 3664 999 τοὺς
3699 936 3869 1009 θησαν-

2233 1021 2379 1091 ρούς,
2401 1018 2653 1074 ὲπέλθετε
2681 1019 2742 1073 1:6
2767 1019 2966 1090 χωρίον
2990 1018 3081 1073 τοῦ
3106 1022 3417 1091 προφήτου,
3445 1024 3539 1077 καὶ
3564 1024 3777 1090 εἴσεσθε,
3801 1030 3871 1092 τίς

2226 1125 2288 1161 τε
2328 1109 2356 1162 6
2394 1107 2667 1178 βασιλεὺς,
2703 1107 2794 1162 καὶ
2826 1107 2981 1161 ποίου
3025 1106 3233 1173 ἔθνους,
3269 1109 3369 1163 καὶ
3417 1110 3549 1164 πότε
3587 1112 3867 1184 γενόμενος·

2228 1195 2405 1251 Δίδου
2456 1195 2586 1267 γὰρ,
2648 1196 2803 1267 φησὶ,
2847 1193 3019 1264 σοφῷ
3073 1195 3379 1267 ἀφορμὴν,
3418 1197 3515 1251 καί
3576 1199 3870 1269 σοφώτερος

2226 1284 2420 1339 ἔσται.
2455 1283 2672 1355 Ἐπειδὴ
2694 1284 2874 1337 τοίνυν
2896 1276 3051 1348 οὗτος
3075 1285 3102 1338 6
3134 1283 3393 1355 βασιλεὺς
3426 1285 3670 1358 λαμπρὸς
3705 1287 3771 1341 ὢν
3795 1293 3869 1345 καὶ

2228 1372 2551 1445 περιφανὴς,
2590 1374 2683 1426 καὶ
2728 1372 2929 1444 πολλὴν
2972 1372 3112 1443 ἔχων
3158 1372 3394 1427 πλούτου
3440 1378 3762 1445 περιουσίαν,
3794 1383 3867 1431 καὶ

2227 1460 2326 1532 τὴν
2357 1461 2681 1532 οἰκουμένην
2712 1460 2928 1514 ἅπασαν
2968 1459 3233 1525 ἐπελθὼν,
3264 1461 3362 1514 καὶ
3390 1460 3490 1533 τὴν
3527 1461 3778 1532 βασιλείαν
3799 1466 3869 1519 ἑκ-

2225 1549 2411 1613 τείνας
2442 1547 2540 1621 τὴν
2569 1547 2781 1614 ἑαυτοῦ,
2808 1547 3002 1620 ἀθρόον
3031 1547 3361 1620 ἀνηρπάσθη
3394 1549 3490 1603 καὶ
3518 1549 3782 1604 ἀπέθανεν·
3808 1554 3869 1604 εἰ·

2227 1636 2333 1701 δὼς
2359 1635 2471 1691 τῶν
2494 1634 2798 1709 ἀνθρώπων
2821 1634 2920 1706 τὴν
2951 1634 3255 1707 μεταϐολὴν
3276 1637 3306 1689 6
3335 1637 3642 1707 προφήτης,
3665 1636 3781 1704 Πῶς
3797 1640 3869 1702 ἐξ.

2226 1723 2468 1791 ἔπεσεν,
2504 1719 2678 1789 εἶπεν,
2722 1722 2792 1776 ἐκ
2835 1721 2941 1776 τοῦ
2981 1722 3241 1790 οὐρανοῦ
3284 1725 3321 1777 ό
3351 1722 3653 1793 ἑωσφόρος
3689 1728 3719 1779 ό
3747 1728 3869 1794 πρωῒ

2227 1812 2599 1874 ἀνατέλλων,
2646 1813 2676 1865 6
2710 1809 2869 1864 σείων
2913 1809 3168 1880 βασιλεῖς,
3215 1813 3245 1864 6
3284 1809 3400 1874 θεὶς
3442 1810 3542 1875 τὴν
3590 1813 3868 1883 οἰκουμένην

2227 1899 2356 1971 ὃλην
2390 1899 2631 1972 ἔρημον;
2658 1898 2754 1953 καὶ
2787 1898 2923 1969 πρὸς
2952 1897 3113 1952 αὐτὸν
3156 1898 3577 1969 ἀποτεινόμενος
3621 1901 3706 1952 καὶ
3741 1917 3866 1971 κιιμμ-

2228 1987 2386 2058 ῳδῶν
2410 1986 2596 2051 αὐτὸν,
2617 1984 2769 2057 φησί·
2802 1985 2885 2040 Σὺ
2908 1983 2976 2038 δὲ
2994 1982 3187 2052 εἶπας,
3222 1988 3331 2051 Εἰς
3363 1985 3473 2039 τὸν
3490 1986 3735 2053 οἰφανὸν
3758 1988 3869 2040 dra-

2231 2073 2511 2142 ϐήσομαι,
2557 2072 2758 2127 ἐπάνω
2795 2071 2914 2126 τῶν
2947 2072 3185 2141 ἄστρων
3224 2072 3335 2126 τοῦ
3364 2072 3624 2140 οὐρανοῦ
3649 2072 3865 2142 θήσομαι

2228 2160 2336 2215 τόν
2386 2162 2606 2230 θρόνον
2639 2177 2780 2230 μου,
2832 2159 2929 2213 κιιί
2968 2160 3184 2229 ἔσομαι
3232 2160 3441 2229 ὅμοιος
3495 2159 3573 2225 τῷ
3616 2155 3863 2226 Ὑψίστου·

2225 2246 2341 2302 νῦν
2361 2247 2430 2302 δὲ
2451 2250 2539 2314 εἰς
2561 2246 2716 2315 ᾅδην
2740 2246 3074 2315 καταϐήσῃ,
3101 2247 3384 2302 ὑποκάτω
3416 2262 3534 2302 σου
3564 2248 3866 2314 στρώσουσι

2224 2335 2445 2406 σῆψιν·
2486 2335 2585 2391 καὶ
2630 2335 2698 2389 τὸ
2748 2334 3029 2404 κάλυμμά
3063 2351 3179 2389 σου
3232 2334 3510 2402 σκώληξ.
3557 2334 3707 2407 Ὁρᾷς
3752 2336 3863 2397 πῶς,

2225 2425 2363 2495 ὅπερ
2387 2422 2546 2494 ἔφην,
2569 2421 2660 2476 διά
2694 2422 2850 2475 τοῦτο
2881 2421 3136 2492 τοιαύτην
3168 2421 3325 2492 λῆξιν
3353 2420 3498 2491 ἔχειν
3528 2422 3676 2493 ἡμῶν
3701 2421 3754 2474 τὸ
3779 2421 3867 2473 σῶ-

2231 2528 2306 2582 μα
2330 2508 2762 2583 παρεσκεύασεν,
2788 2509 2873 2563 ἴνα
2896 2509 3184 2580 φάρμακον
3210 2508 3471 2573 ἀπονοίας
3498 2504 3565 2583 ᾖς
3600 2507 3733 2563 Ἰδὼν
3758 2506 3863 2576 γοῦν

2225 2598 2392 2653 αὐτὸν
2421 2596 2875 2667 ἀπονενοημένον,
2895 2596 3003 2651 ἀπὸ
3028 2595 3138 2651 τῶν
3167 2596 3307 2667 μετά
3330 2596 3434 2670 τὴν
3459 2595 3703 2667 τελευτὴν
3730 2594 3863 2649 αὐτὸν

2228 2684 2495 2751 παιδεύει,
2529 2684 2639 2739 τῶν
2668 2683 2967 2753 σκωλήκων
3001 2684 3459 2756 ἀναμιμνήσκων,
3499 2684 3593 2753 τῆς
3615 2683 3859 2746 δυσωδίας,

2225 2772 2320 2827 τοῦ
2363 2771 2578 2846 ἰχῶρος,
2611 2772 2699 2825 ἵνα
2739 2772 2914 2825 ἐκεῖνο
2955 2769 3338 2843 λογισάμενος,
3384 2769 3603 2841 καθυφῇ
3640 2770 3727 2839 τῆς
3750 2770 3861 2822 ἀπο-

2227 2861 2398 2926 νοίας,
2444 2859 2520 2933 μὴ
2555 2858 2625 2913 τά
2651 2858 2892 2931 παρόντα
2924 2858 3142 2913 σκοπῶν
3175 2859 3269 2912 καὶ
3306 2856 3641 2930 φυσώμενος,
3672 2856 3772 2910 ἀλλ’
3797 2858 3860 2919 εἰς

2225 2944 2337 3003 οἷον
2358 2948 2729 3018 ἀπαντήσεται
2756 2946 2927 3012 τέλος,
2959 2946 3075 3000 οῖαν
3113 2945 3324 3012 δέξεται
3371 2944 3682 3018 μεταϐολήν.
3706 2945 3790 2997 Διά
3808 2943 3860 3012 δὴ

2225 3036 2384 3089 τοῦτο
2418 3034 2659 3107 παθητὸν
2696 3034 2755 3088 τδ
2786 3034 2946 3105 σῶμα
2973 3032 3261 3105 ἐλάχομεν,
3293 3032 3390 3088 καὶ
3430 3031 3566 3105 μετά
3591 3032 3681 3103 τὴν
3707 3030 3858 3083 τελευ-

2225 3122 2325 3195 τὴν
2347 3122 2488 3177 οὕτω
2512 3122 2766 3187 δυσῶδες.
2801 3121 2865 3176 Εί
2895 3122 3026 3197 γάρ,
3060 3123 3158 3195 τῆς
3182 3122 3401 3192 φύσεως
3436 3121 3681 3193 τοιαύτης
3701 3118 3856 3188 οὔσης.

2228 3211 2414 3266 πολλοὶ
2445 3211 2553 3266 τῶν
2590 3212 2833 3282 ἀνοήτων
2879 3211 2959 3274 εἰς
2992 3210 3147 3264 τοῦτο
3178 3211 3441 3275 ἀπονοίας
3477 3208 3767 3277 ἐξώκειλαν,
3799 3205 3858 3267 ὡς

2229 3299 2461 3353 ίσοθεῖαν
2499 3296 2863 3369 φαντάζεσθαι
2914 3297 3009 3352 καὶ
3047 3296 3137 3352 τὸν
3170 3298 3403 3369 οὐρανὸν
3447 3299 3678 3352 σκοπεῖν·
3715 3295 3756 3348 εἰ
3795 3294 3855 3364 μὴ

2224 3386 2399 3459 τούτῳ
2441 3386 2752 3458 κατείχοντο
2783 3386 2862 3457 τῷ
2893 3384 3115 3457 χαλινῷ,
3152 3384 3254 3438 ποῦ
3296 3384 3399 3440 οὐκ
3431 3385 3496 3440 ἂν
3526 3382 3856 3456 ἐξερράγησάν

2226 3474 2600 3548 παρανομίας;
2635 3474 2747 3545 Οὐχ
2767 3465 2920 3537 οὗτος
2943 3473 3000 3527 δὲ
3026 3472 3185 3544 μόνον
3208 3472 3483 3543 βασιλεὺς,
3507 3472 3635 3526 ἀλλά
3660 3469 3743 3524 καὶ
3761 3470 3854 3521 ἕτε-

2229 3580 2322 3635 ρος
2348 3562 2660 3634 εὑρίσκεται
2686 3561 2843 3614 τοῦτο
2868 3560 2998 3614 αὐτὸ
3031 3558 3455 3632 φανταζόμενος·
3487 3560 3545 3614 δν
3569 3558 3689 3629 γοῦν
3729 3558 3755 3610 6
3783 3557 3853 3608 Ίει

2226 3650 2417 3723 ζεκιὴλ
2442 3647 2721 3721 κωμῳδῶν
2754 3648 2906 3717 ἔλεγε
2940 3649 3222 3721 προφήτης
3253 3648 3463 3721 ἔτερος·
3498 3646 3580 3701 Σὺ
3605 3645 3668 3699 δὲ
3687 3639 3849 3709 εἶπας.

2229 3739 2374 3806 Θεός
2399 3740 2516 3809 εἰμι
2541 3737 2640 3793 καί
2668 3738 2780 3792 οὐκ
2815 3736 3144 3805 ἄνθρωπος,
3179 3735 3474 3790 κατοικῶν
3494 3735 3561 3789 ὲν
3581 3731 3652 3803 τῇ
3674 3729 3851 3801 καρδίᾳ

2226 3825 2339 3895 τῆς
2388 3823 2521 3896 γῆς·
2562 3822 2650 3895 μὴ
2689 3823 2760 3878 ἐν
2802 3821 2877 3892 τῇ
2920 3822 3068 3894 χειρί
3121 3821 3240 3877 τῶν
3287 3821 3761 3878 ἀποκτενοῦντων
3788 3832 3849 3871 σε

2225 3915 2402 3985 ἐρεῖς.
2428 3914 2517 3970 ὅτι
2541 3915 2685 3982 Θεός
2701 3915 2817 3985 εἰμι
2844 3913 2937 3969 καὶ
2969 3915 3080 3969 οὐκ
3112 3912 3456 3983 ἄνθρωπος;
3501 3913 3653 3985 Ὁρᾷς
3681 3911 3751 3965 ὅτι
3774 3908 3850 3962 καὶ

2226 3999 2382 4066 οὗτος
2406 4000 2648 4075 ᾐνίξατο,
2684 4000 2821 4055 δτιό
2853 3998 3082 4065 θάνατος
3108 3998 3198 4053 διὰ
3235 3999 3395 4056 τοῦτο
3438 3998 3752 4069 ἐπεισῆλθεν,
3780 3995 3848 4048 ινα

2227 4086 2326 4160 τὴν
2370 4085 2628 4140 ἀπόνοιαν
2670 4084 3013 4159 καταστείλῃ,
3050 4084 3138 4139 ῖνα
3165 4084 3263 4156 τὴν
3294 4085 3533 4158 πονηρᾶν
3568 4083 3756 4151 ἐκείνην
3778 4080 3845 4132 ἓν·

2227 4192 2399 4239 νοιαν,
2426 4174 2492 4247 ἣν
2516 4172 2575 4241 ἐξ
2603 4171 2779 4245 ἀρχῆς
2800 4172 3078 4245 ὲνέσπειρε
3104 4170 3182 4244 τῷ
3214 4172 3613 4245 πρωτοπλάστῳ
3647 4173 3672 4224 6
3702 4166 3846 4223 διάϐο-

2228 4264 2338 4330 λος,
2379 4262 2673 4336 πρόρριζον
2713 4261 3037 4333 ἀνασπάσῃ;
3074 4263 3182 4317 Καὶ
3229 4262 3338 4334 γὰρ
3372 4258 3747 4333 εἰδωλολατρεία
3777 4258 3843 4308 ὲν-

2228 4349 2417 4406 τεῦθεν
2459 4349 2701 4420 γέγονεν,
2732 4349 2762 4401 6
2789 4348 3033 4419 κολοφὼν
3063 4349 3172 4403 τῶν
3198 4350 3384 4405 κακῶν
3426 4350 3530 4405 τῶν
3566 4346 3838 4419 ἀνθρώπων.

2228 4437 2338 4492 τῶν
2364 4437 2573 4491 πολλῶν
2612 4449 2635 4478 ο
2669 4437 2749 4501 εἰς
2772 4436 3027 4493 ἀπόνοιαν
3053 4436 3357 4508 αίρομένων
3390 4438 3484 4491 καὶ
3514 4434 3725 4496 ἰσοθεϊας
3746 4433 3838 4484 ἑπι-

2232 4526 2563 4598 θυμούντων.
2582 4526 2854 4590 Ἅπαντες
2881 4524 3010 4596 γοῦν
3030 4527 3077 4578 οί
3104 4527 3254 4596 παρά
3275 4527 3384 4589 τοῖς
3410 4524 3622 4595 Ἕλλησι
3645 4521 3739 4575 θεοὶ
3758 4518 3838 4570 ὑπὸ

2229 4615 2336 4668 τῶν
2381 4613 2681 4686 ἀνθρώπων
2732 4612 3168 4685 ἀνεπλάσθησαν·
3207 4612 3349 4680 άπερ
3398 4613 3483 4667 ἵνα
3533 4610 3603 4683 μὴ
3634 4608 3831 4679 γένηται.

2229 4704 2319 4757 τὸν
2354 4702 2580 4756 θάνατον
2609 4701 2944 4773 ἐπετείχισεν
2977 4704 3005 4756 6
3038 4700 3189 4764 Θεὸς,
3217 4700 3454 4770 ἐλέγχων
3480 4698 3572 4770 τὴν
3602 4695 3831 4752 ἀσθὲιειαν

2228 4790 2327 4861 τῆς
2370 4789 2605 4859 φύσεως.
2650 4788 2750 4841 Διά
2784 4789 2849 4859 δὴ
2876 4787 3033 4842 τοῦτο
3075 4786 3104 4839 6
3148 4787 3439 4858 μονογενὴς
3471 4785 3591 4865 Υξρς
3619 4780 3698 4834 τοῦ
3728 4774 3828 4831 Θεοῦ

2228 4877 2325 4949 τὴν
2348 4877 2601 4931 ἀπόνοιαν
2627 4875 3021 4941 καταστέλλων,
3054 4875 3276 4929 τοιαῦτα
3306 4875 3406 4946 τῆς
3432 4873 3622 4927 εἰσόδου
3647 4868 3705 4922 τά
3728 4880 3825 4949 προ·

2227 4947 2380 5037 οίμια
2400 4963 2766 5019 κατεσκεύασε
2796 4963 3007 5026 παθεῖν,
3043 4962 3135 5016 καὶ
3163 4960 3406 5032 καλύϐην
3434 4960 3523 5015 καὶ
3569 4953 3731 5010 πενίαν
3758 4947 3827 5000 καὶ

2232 5052 2441 5124 μητέρα
2477 5051 2720 5123 πτωχὴν,
2752 5050 2839 5105 διὰ
2876 5051 2987 5105 τῶν
3010 5049 3183 5121 ἔργων
3211 5048 3407 5102 πείθων
3442 5049 3664 5105 ἅπαντας
3691 5051 3823 5090 κατα-

2227 5145 2419 5196 πατεῖν
2474 5141 2585 5195 τὺν
2632 5140 2971 5213 ἀνθρώπινον
3029 5140 3216 5209 τῦφον·
3282 5139 3374 5193 καὶ
3428 5133 3822 5210 παραγενόμενος,

2229 5230 2442 5304 πρῶτον
2504 5230 2811 5303 βαρϐάρους
2858 5229 3027 5283 καλεῖ.
3088 5227 3244 5292 Τίνος
3293 5228 3474 5281 ἕνεκεν
3511 5223 3596 5278 καὶ
3642 5218 3715 5274 διὰ
3752 5212 3817 5304 τίς

2240 5302 2455 5389 Ἐπειδὴ
2485 5318 2670 5383 κακῶς
2690 5302 2767 5372 τὸ
2793 5318 2899 5371 τῶν
2926 5314 3227 5388 ἀνθρώπων
3256 5314 3481 5369 διέκειτο
3506 5311 3644 5401 γένος
3678 5302 3817 5401 (πάλξν

2227 5406 2336 5477 γὰρ
2358 5406 2449 5461 τὸν
2475 5406 2639 5460 αὐτὸν
2663 5406 3006 5476 ἀναλήψομαι
3046 5404 3243 5473 λόγον),
3282 5405 3375 5457 καὶ
3408 5403 3593 5463 πάντες
3624 5398 3815 5460 ἀπεγνω-

2228 5476 2416 5547 κεινσαν
2453 5492 2553 5562 τῆς
2590 5492 2884 5564 σωτηρίας,
2928 5490 3026 5562 τὴν
3070 5490 3363 5562 ἀκρόπολιν
3392 5490 3483 5543 τοῦ
3503 5484 3714 5541 διαϐόλου
3746 5476 3813 5564 καί

2227 5582 2295 5638 τά
2335 5579 2662 5653 ἰσχυρότατα
2693 5563 2857 5635 αὐτοῦ
2897 5579 3033 5633 ὅπλα
3072 5578 3387 5651 μετατίθησι
3414 5577 3605 5648 πρῶτα,
3631 5571 3702 5623 ἵνα
3734 5563 3812 5618 τῶν

2295 5776 2320 5804 ⁸
2344 5772 2546 5825 Rectius
2564 5773 2708 5840 leges
2730 5775 2824 5825 τῶν
2841 5774 3005 5826 κακῶν
3023 5774 3119 5825 τῶν
3149 5771 3460 5837 ἀνθρωπίνων,
3484 5759 3662 5821 πολλῶν·
