3872 6396
138 457 162 508 .‘l
246 438 252 444 ’
520 459 631 515 Vlll
670 457 975 516 llOMlLIA.
1020 456 1274 511 fIABiTA
1316 450 1686 519 POSTQUAM
1726 451 2140 508 PRESBYTER
2174 454 2467 524 GUTIIUS,
2512 455 2663 513 ETC.
3127 457 3234 517 506

136 592 208 641 se,
244 576 459 647 ipsumque
482 572 747 628 hominem
778 571 846 626 de
872 586 932 626 se
956 570 1333 639 desperantem
1358 605 1376 631 ,
1423 564 1539 620 me—

135 683 211 721 rum
234 683 348 731 vero,
370 667 437 736 qui
456 664 605 720 datus
631 664 730 733 ipsi
762 661 939 717 fuerat
967 658 1036 715 ad
1059 658 1240 714 ulcera
1268 654 1532 721 curanda,

135 768 353 812 'u‘alorem
394 757 608 822 malum,
676 755 849 824 legem
908 751 1063 818 dico,
1110 748 1363 804 eﬂ'eetum
1417 759 1539 802 esse

135 852 239 904 mina
264 860 492 920 augentem
516 889 534 913 ,
565 857 622 903 et
649 846 919 926 hominem
948 842 1137 915 majori
1166 856 1340 914 [ante
1363 839 1536 897 obno-

138 962 175 996 ιιι
202 943 458 1007 faciemem,
504 949 556 995 et
592 937 766 994 morbi
794 935 1134 1008 tyrannidem
1166 934 1538 1003 malorumque

136 1030 401 1104 uperantiaxu
433 1032 855 1097 considerasset;
902 1045 1023 1100 qu:e
1063 1026 1333 1084 neminem
1372 1024 1537 1080 alium

137 1126 339 1191 tulareut,
358 1140 492 1196 quam
518 1139 639 1180 eum
670 1124 759 1194 qui
785 1136 885 1178 nos
909 1121 979 1178 ab
1003 1120 1155 1176 initio
1178 1117 1496 1176 condiderat
1518 1136 1533 1172 :

135 1216 273 1287 :quid
299 1216 467 1271 faciat:
494 1223 680 1270 natura
708 1223 891 1270 nostra
919 1211 1157 1268 induitur
1186 1210 1455 1266 infirmata
1481 1214 1540 1265 et

135 1309 231 1371 icta,
255 1316 303 1362 ut
323 1322 403 1378 per
427 1306 560 1362 illam
592 1312 853 1378 pugnaret
896 1314 951 1359 et
993 1310 1243 1364 certaret.
1273 1309 1433 1372 atque
1469 1299 1538 1354 ab

136 1430 137 1435 η
176 1398 327 1453 limine
370 1407 417 1453 et
458 1396 677 1453 exordio
725 1393 1046 1465 arrogantia:
1099 1403 1349 1447 naturam
1395 1388 1536 1445 radi-

135 1507 151 1543 s
184 1489 355 1555 evellit,
390 1504 494 1560 qua:
534 1487 799 1544 malorum
840 1484 1078 1541 omnium
1112 1497 1273 1539 causa
1316 1480 1487 1539 fuerat
1517 1497 1533 1536 :

160 1583 259 1636 haec
280 1580 519 1636 diabolum
547 1619 564 1646 ,
605 1593 727 1635 cum
760 1577 1009 1633 diabolus
1053 1589 1161 1631 non
1194 1581 1377 1639 esset,
1423 1571 1538 1628 dia-

137 1691 181 1727 m
203 1673 391 1741 effecit,
421 1680 471 1727 ut
493 1671 732 1728 declarat
761 1668 959 1725 Paulus
986 1669 1174 1725 dicens
1207 1682 1222 1721 :
1255 1664 1380 1722 Non
1415 1680 1536 1721 nco-

135 1782 207 1818 um
228 1807 243 1833 ,
268 1782 323 1820 ne
353 1764 399 1819 in
422 1763 703 1835 superbiam
726 1761 891 1818 elatus
916 1801 932 1826 ,
964 1761 1019 1815 in
1050 1759 1312 1831 judicium
1345 1757 1537 1812 incidat

136 1856 226 1930 2!i(
250 1858 291 1912 l.
329 1856 444 1911 Tim.
484 1857 537 1912 3.
568 1854 662 1928 6).
706 1854 817 1910 Hoc
865 1852 1132 1909 Adamum
1181 1867 1246 1906 ex
1289 1849 1537 1921 paradiso

135 1957 149 2003 t
177 1967 189 2003 :
213 1948 323 2017 quia
349 1949 477 2003 enim
499 1945 727 2011 audivit,
758 1943 917 1999 Erilis
939 1944 1073 1998 sicut
1100 1943 1173 1996 dii
1196 1940 1346 2012 (Gen.
1367 1942 1421 1997 '5.
1452 1942 1532 2012 5);

135 2055 202 2111 .pe
224 2037 472 2111 deceptus,
496 2037 673 2093 arbori
701 2050 918 2092 manum
942 2034 1199 2100 admovit,
1224 2032 1395 2102 legem
1420 2032 1535 2087 cal-

135 2177 142 2197 .
166 2143 215 2189 et
238 2140 535 2203 prazceptum
554 2141 919 2202 transgressus
941 2136 1044 2184 est.
1065 2127 1187 2182 Ideo
1208 2127 1370 2182 etiam
1397 2124 1535 2181 Deus

135 2238 346 2284 ruentem
361 2227 555 2283 vulneri
571 2227 854 2298 apparavit
870 2224 1207 2281 medicinam.
1232 2223 1380 2280 Sicut
1391 2222 1534 2278 enim

135 2320 359 2390 rporibus
380 2317 640 2375 contraria
666 2317 953 2374 contrariis
979 2316 1242 2372 medelam
1265 2315 1495 2371 aﬂ'erunt
1512 2353 1528 2381 ,

136 2420 217 2466 unt
245 2411 445 2477 medici,
493 2421 550 2467 et
594 2410 737 2482 quod
766 2410 1011 2481 frigidius
1048 2420 1132 2466 est
1158 2410 1343 2465 calore
1384 2407 1527 2465 foveo

138 2507 373 2578 quodque
395 2506 725 2562 exsiccatum
772 2504 993 2561 humido
1031 2514 1429 2574 temperamus:
1453 2502 1531 2558 sic

171 2601 304 2656 Deus
344 2600 394 2654 in
435 2599 627 2654 anima:
650 2598 987 2669 passionibus
1030 2598 1173 2652 fecit.
1208 2597 1341 2663 Quia
1381 2595 1527 2651 enim

136 2694 259 2748 tntia
302 2693 462 2765 ipsam
497 2692 758 2749 efferabat
804 2702 859 2747 et
898 2691 1152 2757 inﬂabat,
1184 2691 1529 2761 pharmacum

135 2784 205 2837 nit
250 2783 384 2854 quod
414 2784 595 2839 ﬂatum
635 2782 980 2838 contraheret
1026 2791 1078 2838 et
1121 2791 1384 2836 tumorem
1428 2795 1529 2834 au-

136 2875 307 2945 .Quod
320 2891 449 2932 vero
469 2875 859 2947 pharmacum?
888 2875 1111 2930 Mortem
1139 2874 1289 2946 quasi
1318 2890 1529 2930 murum

136 2983 381 3038 iponens.
416 2968 539 3024 Ideo
584 2984 689 3023 non
720 2977 925 3023 tantum
954 2968 1179 3023 mortale
1233 2967 1361 3025 fecit
1402 2981 1528 3023 eor-

135 3060 211 3114 ;ed
248 3060 405 3116 etiam
436 3069 497 3117 ut
533 3070 972 3130 corrumperetur
997 3058 1193 3123 eﬂecit,
1241 3070 1297 3114 ut
1338 3061 1532 3116 misce-

169 3162 225 3207 ut
279 3153 541 3208 vermium
592 3151 770 3208 fontes
816 3152 1107 3215 emitteret,
1143 3162 1303 3221 atque
1341 3154 1392 3207 in
1439 3167 1529 3207 sa-

135 3245 538 3313 lissolveretur,
580 3246 877 3315 fmtoreqnc
923 3245 1274 3315 impleretur;
1308 3245 1530 3300 Immiti-

143 3336 431 3391 ndamenta
463 3352 666 3407 ponens
717 3353 816 3391 nec
856 3352 1103 3407 umquam
1132 3338 1213 3391 vel
1243 3336 1529 3393 admodum

135 3439 275 3486 atem
320 3431 510 3487 sinens
549 3431 714 3486 altum
750 3430 819 3485 de
860 3445 921 3487 se
962 3446 1171 3500 sapere.
1213 3431 1349 3499 Quid
1389 3432 1532 3487 enim

136 3539 169 3579 ‘s
235 3522 482 3579 humano
556 3522 857 3580 cadavere?
939 3521 1070 3593 quid
1145 3523 1301 3577 vilius
1387 3536 1535 3577 mor-

140 3714 189 3767 sd
224 3728 295 3768 ne
325 3727 475 3783 aegre
507 3710 670 3778 feras,
719 3711 952 3775 dilecte;
983 3726 1169 3766 verum
1194 3710 1285 3768 hic
1314 3724 1541 3781 quoque

136 3804 465 3859 )videntiam
496 3802 790 3874 perpende.
818 3802 1003 3873 Neque
1029 3803 1172 3858 enim
1203 3804 1247 3857 is
1275 3804 1364 3875 qui
1392 3819 1541 3858 mor-

135 3906 154 3951 t
207 3898 263 3950 in
322 3896 526 3950 horum
566 3910 789 3951 sensum
838 3895 1143 3964 venitzqni
1183 3904 1361 3951 autem
1415 3896 1545 3951 Vi'tii.

144 4005 196 4041 ιο
253 4002 524 4058 Corpore,
570 3986 934 4056 philosophari
981 3985 1159 4041 discit.
1186 3986 1539 4054 Quantumvis

136 4078 471 4148 ipercilium
503 4078 717 4132 attollat
747 4092 812 4131 ac
864 4090 987 4132 sese
1013 4076 1222 4140 eﬂ‘erat,
1255 4077 1323 4132 ad
1360 4077 1540 4148 sepul-

135 4174 367 4228 reniens
402 4180 465 4226 et
496 4170 743 4227 fmtorem
790 4170 1053 4235 sentiens,
1092 4170 1349 4237 concidit,
1381 4180 1541 4241 atque

135 4281 185 4318 in
216 4263 514 4319 infernum
537 4262 835 4318 descendit.
878 4261 944 4316 Et
972 4270 1030 4315 ut
1060 4261 1238 4317 discas
1278 4261 1378 4317 hoc
1419 4262 1539 4319 ideo

136 4375 219 4412 1m
271 4372 449 4421 esse,
484 4356 604 4426 ipso
630 4364 876 4410 naturam
927 4364 1161 4409 nostram
1210 4370 1316 4409 non
1362 4355 1541 4423 despi-

135 4451 229 4504 sed
258 4449 445 4503 animi
465 4448 831 4518 arrogantiam
859 4445 1125 4512 frenante,
1160 4445 1540 4516 hominemque

135 4555 256 4597 :tna
291 4541 620 4596 humilitate
662 4539 961 4601 detinente,
986 4540 1239 4608 quoniam
1270 4539 1338 4593 ab
1383 4538 1538 4593 initio

135 4626 365 4692 :eatum
404 4642 643 4690 venerat
671 4650 684 4686 :
716 4632 842 4688 audi
869 4632 995 4703 quid
1025 4632 1166 4687 dicat
1212 4632 1376 4688 Isaias
1407 4648 1536 4703 pro-

135 4729 444 4799 Quomodo
492 4727 676 4782 cecidit
727 4727 790 4779 de
826 4726 950 4780 cazlo
996 4726 1201 4796 lucifer,
1257 4727 1343 4795 qui
1393 4743 1541 4781 utane

136 4839 148 4851 -
182 4820 207 4893 (
236 4820 388 4874 lsai.
447 4819 539 4877 M.
574 4817 643 4872 l2
676 4818 730 4889 )‘t
776 4832 881 4872 non
925 4816 994 4871 de
1035 4815 1255 4871 lucifero
1284 4818 1537 4887 loquens;

135 4931 188 4967 tn
217 4914 388 4969 enim
439 4912 630 4966 lnciler
668 4910 901 4975 cecidit;
931 4908 1023 4964 sed
1050 4910 1101 4963 in
1127 4910 1261 4964 cmlo
1289 4909 1539 4965 fundatus

135 5022 207 5059 ue
242 5011 371 5068 est,
424 5016 697 5072 suumque
741 5011 919 5056 servat
962 5016 1199 5055 cursum.
1242 5001 1379 5067 Quid
1411 5017 1540 5072 ergo

142 5099 479 5170 propheta,
505 5113 629 5153 cum
644 5096 773 5151 dicit
803 5114 816 5151 :
844 5095 1109 5163 Quomodo
1126 5095 1304 5148 cecidit
1324 5097 1387 5149 de
1412 5095 1538 5150 caelo

135 5192 221 5261 yui
252 5206 433 5245 nsane
464 5188 722 5243 oriebatur
742 5188 768 5241 1’
800 5188 874 5241 De
897 5202 1020 5256 rege
1039 5186 1269 5256 quodam
1311 5187 1538 5243 barbaro

144 5302 163 5351 ;
201 5282 536 5338 luciferum
570 5291 747 5335 autem
778 5287 932 5334 vocat
983 5279 1128 5333 illum
1166 5278 1237 5333 ob
1284 5278 1539 5348 splendo-

146 5375 479 5442 diadema,
511 5375 583 5429 ob
616 5387 923 5444 purpuram,
947 5371 1017 5426 ob
1041 5371 1336 5427 satellitum
1360 5373 1533 5444 fulgo-

141 5482 329 5521 arma
392 5466 635 5520 nitentia
682 5473 738 5519 et
784 5477 971 5517 aurum
1018 5460 1423 5532 splendescens,
1466 5464 1537 5523 ob

135 5568 342 5614 icutas
378 5565 449 5612 et
476 5554 743 5627 fulgorem
786 5553 1094 5609 amittentes
1123 5563 1179 5609 et
1219 5553 1292 5609 ob
1319 5569 1534 5610 omnem

136 5660 321 5720 .tmn,
361 5650 637 5722 quodque
662 5659 849 5706 cuncta
893 5647 1104 5719 diripiat
1131 5657 1186 5704 et
1225 5649 1530 5719 populetur.

135 5746 243 5797 lim
310 5759 446 5797 non
506 5741 579 5797 de
620 5740 842 5796 lucifero
892 5740 1174 5809 loquatur,
1221 5738 1318 5796 sed
1367 5750 1537 5795 meta-

144 5838 490 5906 loquatur,
551 5836 654 5891 hoc
704 5836 875 5906 palam
904 5843 1008 5901 est,
1035 5848 1156 5889 cum
1184 5833 1328 5889 enim
1369 5833 1535 5889 dixis—

135 5931 330 5986 modo
363 5929 573 5987 cecidit
615 5930 675 5983 de
715 5928 837 5984 calo
867 5928 1046 6000 lucifer
1068 5968 1081 5994 ,
1109 5927 1195 5997 qui
1223 5943 1368 5984 nunc
1406 5929 1533 5984 orie-

1644 563 1811 629 batur,
1851 564 1931 630 sic
1967 567 2175 637 pergit:
2208 566 2283 622 Tu
2312 579 2482 623 autem
2525 569 2699 626 dixiin
2734 570 2789 627 in
2832 571 2987 628 corde
3027 581 3145 641 tuo,
3163 574 3233 631 In

1643 655 1823 712 ctutum
1865 658 2177 727 ascendam,
2199 678 2355 731 supra
2392 662 2567 717 stellas
2606 664 2721 719 cadi
2775 681 2963 736 ponam
2990 666 3232 723 thronum

1642 762 1830 815 meum,
1845 756 1892 802 et
1905 748 2086 803 similis
2102 766 2186 804 ero
2208 751 2467 807 Altissimo
2482 751 2639 822 (lsai.
2663 770 2712 809 υ.
2740 755 2851 827 15).
2880 757 3033 825 Quod
3051 767 3230 814 autem

1640 837 1794 894 stella
1824 854 1925 895 nec
1954 840 2334 911 cogitationem
2376 859 2476 897 nec
2506 856 2747 902 mentem
2795 846 3010 912 habeat,
3052 863 3230 919 neque

1642 930 1805 987 verba
1862 932 2116 1002 proferat,
2146 934 2347 989 nemini
2378 950 2486 991 non
2515 948 2698 993 notum
2726 947 2809 995 est
2840 957 2855 994 :
2888 940 2983 996 sed
3009 940 3077 997 de
3099 956 3229 1012 rege

1639 1023 1717 1078 ait
1739 1024 1966 1096 quodam
1981 1025 2315 1097 blasphemo,
2351 1030 2651 1098 arrogantia
2677 1041 2731 1087 et
2755 1032 3013 1102 jactantia
3043 1034 3225 1104 pleno,

1640 1116 1731 1189 qui
1776 1133 1900 1175 cum
1948 1118 2089 1175 fastu
2131 1110 2387 1192 loquitur.
2444 1122 2577 1189 Quis
2612 1132 2791 1180 autem
2850 1125 2941 1183 ille
2980 1142 3078 1183 rex
3106 1129 3228 1184 est?

1639 1210 1758 1267 Hoc
1782 1227 2063 1282 possumus
2101 1213 2523 1270 dicerezverum
2559 1224 2617 1271 ut
2651 1232 2757 1273 non
2799 1222 2975 1277 omnia
3014 1235 3044 1273 a
3071 1221 3230 1279 nobis

1638 1300 1877 1365 discatis.
1904 1302 1999 1359 sed
2025 1318 2122 1361 vos
2148 1305 2257 1373 ipsi
2288 1305 2449 1361 etiam
2492 1306 2902 1368 meditanteset
2941 1310 3225 1381 vigilantes

1637 1394 1834 1451 divina:
1864 1394 2156 1467 Scriptum:
2184 1397 2470 1454 thesauros
2518 1401 2859 1467 scrutemini,
2888 1401 3063 1458 locum
3095 1419 3222 1474 pro—

1639 1486 1815 1562 phetae
1842 1487 2007 1556 adite,
2037 1497 2094 1545 et
2113 1488 2294 1546 scietis
2318 1490 2437 1560 quis
2478 1491 2551 1546 sit
2592 1506 2709 1560 rex,
2731 1491 2886 1563 cujus
2914 1496 3121 1566 populi,
3170 1506 3227 1553 et

1637 1580 1979 1651 quandonam
2007 1581 2167 1637 fuerit
2196 1599 2210 1637 :
2239 1597 2363 1638 nam
2385 1584 2463 1639 ait
2488 1583 2602 1651 ille,
2632 1584 2719 1641 Da
2743 1589 2965 1659 sapienti
3000 1592 3225 1647 occasio—

1638 1684 1833 1737 nem,et
1856 1673 2141 1744 sapientior
2160 1676 2254 1731 erit
2272 1674 2452 1748 (Prov.
2479 1675 2532 1733 9.
2554 1675 2632 1749 9).
2656 1677 2785 1734 Cum
2810 1680 2969 1751 igitur
2988 1683 3077 1739 hic
3103 1699 3222 1751 rex,

1637 1766 1727 1836 qui
1756 1765 2077 1835 splendidus
2098 1765 2274 1823 fuerat
2292 1777 2348 1825 et
2373 1769 2603 1826 illustris
2621 1779 2675 1827 et
2708 1772 2995 1831 immensis
3020 1776 3223 1833 instru-

1637 1869 1757 1914 ctus
1783 1858 1987 1915 divitiis
2009 1901 2025 1927 ,
2058 1868 2114 1915 et
2142 1861 2329 1917 orbem
2379 1871 2549 1918 totum
2576 1863 2861 1933 invaserat,
2904 1875 2959 1923 et
2999 1884 3223 1941 regnum

1636 1950 1952 2007 extenderat
1976 1966 2154 2020 suum,
2188 1964 2410 2024 repente
2454 1964 2640 2026 raptus
2682 1967 3030 2031 mortuusque
3054 1971 3226 2031 esset,

1635 2042 1778 2113 quod
1800 2043 1955 2101 scivit
2004 2043 2267 2117 propheta
2310 2064 2492 2104 rerum
2526 2049 2878 2108 humanarum
2919 2055 3225 2113 volubilita-

1638 2144 1764 2221 tem,
1796 2136 1951 2205 dixit,
1978 2138 2244 2206 Quomodo
2269 2142 2449 2197 cecidit
2477 2142 2540 2198 de
2566 2145 2692 2202 ctelo
2711 2146 2939 2219 Lucifer,
2966 2150 3054 2222 qui
3076 2167 3225 2209 mane

1634 2226 1927 2283 oriebatur?
1946 2230 2035 2299 qui
2060 2246 2215 2302 reges
2237 2234 2494 2299 concutit,
2521 2237 2611 2307 qui
2633 2247 2803 2294 totum
2831 2240 3017 2297 orbem
3037 2243 3223 2299 deser-

1636 2327 1746 2374 tum
1770 2319 1984 2377 reddit?
2013 2321 2268 2393 illumque
2288 2324 2568 2395 alloquens
2590 2338 2648 2384 et
2673 2328 2976 2397 traducens,
3000 2332 3075 2388 ait
3102 2350 3119 2390 :
3143 2333 3223 2389 Tu

1633 2421 1802 2467 autem
1828 2412 2026 2481 dixisti,
2062 2413 2129 2469 In
2176 2416 2358 2471 calum
2390 2419 2683 2487 ascendam,
2717 2437 2877 2486 supra
2904 2421 3077 2479 stellas
3108 2424 3224 2479 celi

1634 2518 1820 2572 ponam
1870 2503 2107 2559 thronum
2148 2523 2332 2575 nicum,
2352 2518 2400 2563 et
2431 2509 2613 2565 similis
2629 2526 2715 2566 ero
2758 2512 3037 2569 Altissimo.
3065 2514 3223 2572 Nune

1632 2607 1801 2651 autem
1818 2599 1870 2652 in
1886 2599 2143 2669 infernum
2158 2601 2449 2671 descendes,
2471 2604 2563 2659 sub
2579 2614 2626 2660 te
2638 2615 2863 2663 sternent
2880 2610 3217 2681 putredines»,

1632 2698 1678 2743 et
1693 2690 2061 2759 operimentum
2080 2701 2221 2748 tuum
2243 2695 2447 2750 vermis.
2480 2695 2663 2753 Viden’
2690 2701 2980 2770 quomodo,
3001 2712 3058 2758 ut
3083 2702 3217 2771 dixi,

1631 2780 1753 2836 ideo
1776 2782 1935 2839 talem
1963 2792 2166 2841 sortem
2190 2798 2387 2857 corpus
2422 2797 2667 2845 nostrum
2693 2789 2894 2850 habere
2921 2795 3219 2862 constituit,

1632 2880 1691 2927 ut
1715 2875 2033 2945 arrogantire
2063 2875 2409 2947 pharmacum
2446 2881 2847 2939 esset'lVidens
2874 2884 3034 2955 igitur
3070 2886 3219 2943 illum

1631 2968 1931 3037 arr0gantia
1966 2968 2205 3037 plenum,
2237 2970 2304 3025 ab
2331 2971 2394 3026 iis
2420 2988 2541 3042 qure
2560 2983 2679 3043 post
2706 2985 2935 3031 mortem
2970 2977 3222 3035 accidunt

1636 3058 1787 3114 illum
1818 3060 2017 3127 erudit,
2048 3076 2258 3118 vermes
2298 3079 2625 3132 memorans,
2678 3064 2946 3132 faetorem,
2980 3070 3217 3137 saniem,

1636 3160 1693 3206 ut
1722 3151 1836 3207 haec
1877 3153 2119 3223 cogitans
2142 3157 2503 3225 arrogantiam
2547 3156 2810 3222 demittat,
2845 3175 2949 3215 non
2980 3176 3220 3229 pra‘sen-

1635 3244 1703 3299 tia
1721 3244 2067 3301 considerans
2083 3257 2137 3301 et
2163 3246 2392 3313 inﬂatus,
2413 3247 2506 3303 sed
2531 3249 2865 3321 perpendens
2881 3252 2968 3322 qui
2985 3252 3085 3309 sibi
3103 3253 3222 3310 finis

1635 3336 1836 3403 instet,
1892 3352 2052 3407 quam
2092 3349 2436 3409 suscepturus
2472 3341 2544 3397 sit
2582 3342 2953 3398 mutationem.
2993 3345 3225 3419 Ideoque

1636 3429 1886 3501 passibile
1900 3444 2093 3500 corpus
2116 3432 2290 3486 sortiti
2312 3446 2518 3498 sumus,
2536 3441 2592 3488 et
2613 3442 2969 3502 postmortem
2986 3438 3054 3491 ita
3083 3438 3223 3494 fleti-

1636 3522 1784 3577 dnm.
1809 3520 1864 3576 Si
1893 3521 2055 3588 enim,
2083 3538 2206 3577 cum
2234 3523 2354 3578 talis
2373 3533 2444 3578 sn
2469 3535 2678 3590 natura,
2710 3526 2963 3583 insensati
2988 3530 3139 3584 multi
3170 3532 3224 3587 in

1641 3625 1842 3670 tantam
1869 3615 2229 3685 arrogantiam
2258 3615 2615 3684 devenerunt,
2646 3626 2703 3673 ut
2735 3633 2795 3673 se
2836 3619 2945 3676 Deo
2988 3623 3227 3692 aequales

1643 3706 2078 3775 itnaginarentur,
2101 3716 2155 3761 et
2183 3706 2251 3761 ad
2276 3707 2466 3763 emtum
2482 3723 2702 3779 scopum
2727 3709 3099 3782 intenderent;
3123 3714 3228 3771 nisi

1646 3797 1745 3853 hoc
1759 3798 2112 3853 retinerentur
2124 3796 2297 3866 freno,
2312 3814 2543 3869 quonam
2559 3800 2850 3873 iniquitatis
2862 3819 2969 3860 non
2981 3820 3231 3877 erumpe-

1644 3890 1797 3944 rent?
1823 3888 2007 3959 Neque
2050 3888 2138 3946 hic
2176 3898 2391 3946 tantum
2423 3906 2519 3947 rex
2539 3930 2554 3957 ,
2587 3892 2683 3949 scd
2713 3904 2765 3951 et
2791 3895 2930 3951 alius
2960 3896 3231 3954 invenitur

1645 3980 1875 4051 idipsum
1906 3980 2006 4036 sibi
2052 3980 2282 4053 fingens,
2313 3998 2471 4055 quem
2523 3985 2661 4041 alius
2690 3986 2949 4057 pr0pheta
2981 3987 3227 4045 Ezechiel

1642 4074 1721 4129 sic
1749 4073 1979 4130 traducit
2012 4091 2025 4128 :
2054 4072 2133 4128 Tu
2162 4084 2329 4130 autem
2350 4076 2546 4144 dixisti,
2590 4076 2729 4134 Deus
2768 4096 2903 4145 sum,
2932 4097 3032 4135 non
3053 4082 3221 4147 homo,

1642 4166 1875 4221 habitans
1895 4167 1949 4221 in
1985 4168 2137 4222 corde
2165 4177 2353 4224 terra:
2370 4186 2439 4224 an
2478 4170 2533 4239 in
2559 4187 2716 4226 manu
2740 4181 2789 4227 te
2834 4174 3229 4246 confodientinm

1644 4262 1800 4326 dices,
1830 4260 1971 4316 Deus
2019 4279 2152 4328 sum,
2182 4280 2285 4317 non
2316 4263 2467 4319 homo
2497 4262 2713 4337 (Ezech.
2756 4265 2847 4321 28.
2894 4267 2996 4337 2)?
3041 4268 3230 4325 Viden‘

1639 4353 1909 4424 quomodo
1935 4353 2023 4410 hic
2047 4356 2209 4411 etiam
2221 4356 2597 4424 subindicavit,
2621 4371 2848 4415 mortem
2875 4359 2997 4416 ideo
3019 4361 3227 4432 ingreso

1640 4459 1756 4501 sam
1781 4459 1921 4511 esse,
1948 4447 2378 4517 utarrogantiam
2400 4449 2775 4517 comprimeret
2794 4459 2850 4505 ut
2875 4450 3067 4507 malam
3084 4454 3229 4509 illam

1642 4537 2046 4608 cogitationem,
2077 4553 2237 4608 quam
2284 4538 2351 4595 ab
2377 4538 2530 4593 initio
2568 4538 2620 4594 in
2654 4540 2824 4609 primo
2854 4554 3077 4612 parente
3097 4544 3231 4601 inse-

1643 4630 1750 4684 ruit
1777 4629 2040 4695 diabolus,
2065 4629 2319 4686 radicitus
2346 4630 2643 4686 evelleret?
2680 4630 2889 4686 Etenim
2930 4632 3228 4689 idololatria

1642 4736 1857 4792 quoque
1896 4720 2025 4777 hinc
2067 4729 2243 4777 ortum
2272 4720 2479 4788 habuit,
2518 4736 2639 4791 qua:
2668 4720 3025 4778 humanorum
3056 4725 3230 4780 malo-

1646 4830 1765 4868 rum
1792 4813 2060 4883 colophon
2088 4822 2194 4882 cst,
2242 4812 2383 4883 quod
2424 4813 2583 4869 multi
2614 4804 2667 4868 in
2693 4814 3052 4884 arrogantiam
3079 4816 3228 4884 elati,

1643 4903 2002 4975 aequalitatem
2042 4917 2163 4959 cum
2224 4904 2336 4959 Deo
2390 4904 2783 4974 concupierint.
2833 4903 3036 4960 Omnes
3085 4906 3230 4963 enim

1643 4998 1732 5066 qni
1782 4996 1920 5065 apud
1961 4996 2180 5053 Gra‘cos
2230 4995 2305 5051 dii
2358 5004 2501 5060 sunt,
2550 4995 2619 5051 ab
2661 4996 2969 5052 hominibus
3015 4998 3230 5054 conficti

1645 5089 1793 5144 fuere
1812 5106 1826 5143 :
1846 5088 1987 5158 quod
2021 5089 2374 5151 ne'cveuiret,
2400 5096 2627 5142 mortem
2655 5090 2902 5157 opposuit
2929 5091 3087 5156 Deus,
3110 5107 3230 5161 qua

1644 5180 2005 5235 infirmitatem
2022 5191 2223 5234 natura:
2243 5180 2610 5250 comprobant.
2622 5178 2743 5236 Ideo
2756 5174 3231 5249 unigenitusFilins

1646 5274 1763 5342 Dei,
1787 5275 2145 5345 arrogantiam
2172 5274 2481 5344 deprimens
2503 5274 2627 5329 talia
2669 5274 2943 5345 ingressus
2970 5279 3227 5346 proceis

1643 5371 1921 5441 apparavit
1949 5379 2005 5423 nt
2046 5378 2319 5438 pateretur
2348 5369 2637 5439 tugurium,
2683 5379 3071 5439 paupertatem,
3117 5386 3233 5425 ma-

1646 5473 1778 5517 trem
1811 5463 2021 5532 inopem
2056 5478 2069 5515 :
2104 5476 2199 5530 per
2234 5476 2394 5530 opera
2425 5462 2674 5516 omnibus
2713 5460 2947 5517 suadens
2976 5470 3035 5517 ut
3059 5463 3233 5517 calea-

1644 5564 1765 5609 rcnt
1803 5556 2091 5608 humanum
2139 5554 2330 5608 fastum
2366 5562 2462 5608 :et
2518 5569 2637 5609 cum
2680 5554 3009 5621 advenisset,
3059 5557 3231 5623 primo

1646 5647 1903 5703 barbaros
1920 5655 2095 5702 vocat.
2123 5647 2231 5700 Cur
2258 5656 2310 5701 et
2335 5662 2437 5716 qua
2458 5645 2526 5701 de
2545 5646 2742 5701 causa?
2767 5645 2899 5713 Quia
2943 5646 3081 5701 male
3100 5645 3229 5701 afte-

1643 5750 1787 5795 ctum
1810 5748 1924 5794 erat
1946 5739 2233 5793 humanum
2252 5752 2421 5808 genus
2447 5735 2657 5808 (rursus
2677 5738 2820 5792 enim
2844 5736 3090 5792 eumdem
3137 5750 3225 5791 re-

1645 5848 1852 5887 sumam
1875 5829 2227 5899 setmonem),
2255 5840 2310 5886 et
2336 5844 2527 5885 omnes
2552 5829 2622 5885 de
2649 5830 2821 5885 salute
2849 5830 3227 5900 deSperabant.

1645 5927 1821 5984 Primo
1846 5925 2043 5984 diaboli
2056 5923 2344 5994 acropoltm
2370 5931 2423 5979 et
2441 5922 2739 5979 sortissima
2758 5921 2871 5993 ejus
2883 5936 3031 5978 arma
3058 5932 3224 5977 trans.
