3872 6396
550 446 647 501 507

550 568 673 635 fert,
729 573 788 621 ut
825 565 1047 620 aliorum
1088 579 1246 621 nemo
1288 564 1618 636 desperaret.
1661 563 1915 635 Alioquin
1959 563 2117 619 etiam

543 670 599 715 ut
621 658 789 716 Judaei
820 657 1023 729 pudore
1048 656 1370 722 afﬁciantur,
1388 656 1439 713 id
1467 656 1703 726 ﬁt,quod
1734 656 1835 727 ipsi
1859 655 2117 712 accedere

539 751 877 814 dubitarent;
903 750 955 804 hi
976 764 1104 805 vero
1126 749 1340 818 longam
1364 747 1849 820 peregrinationem
1878 761 2124 819 suscepe-

539 852 681 910 rant,
710 852 766 897 ut
797 842 945 897 ilhun
975 841 1220 898 viderent
1254 852 1309 897 et
1338 841 1627 897 adorarent
1655 847 1748 894 :et
1774 839 2120 895 circumeun-

537 944 619 988 tcs
665 933 889 999 dicunt,
948 932 1051 989 Ubi
1095 942 1169 988 est
1207 937 1294 1003 qui
1330 942 1479 987 natus
1536 941 1609 987 est
1656 930 1770 1007 Rea:
1812 928 2121 986 Judteorum

536 1025 750 1093 (Multis.
770 1025 828 1080 2.
846 1024 903 1093 2)
917 1026 945 1065 Ῥ

607 1119 662 1172 5.
691 1116 794 1171 Car
832 1116 1064 1171 Christus
1090 1116 1253 1186 primo
1274 1131 1307 1169 a
1334 1114 1496 1186 magis
1524 1113 1751 1169 barbaris
1771 1112 2115 1168 annuntietur.

538 1209 702 1265 Stella
716 1225 828 1278 aute
850 1210 1010 1280 mgis
1034 1209 1295 1280 apparuit,
1313 1209 1437 1279 quid
1450 1216 1597 1262 esset.
1613 1207 1715 1262 Cur
1730 1205 1925 1261 Paulus
1937 1204 2119 1261 Timo-

536 1302 702 1354 theum
727 1300 1113 1355 circumciderit.
1141 1328 1214 1341 —
1237 1298 1282 1355 Ο
1302 1313 1390 1354 res
1411 1297 1681 1353 mirabiles
1703 1306 1757 1353 et
1777 1298 2115 1368 inexspecta-

538 1404 603 1446 ta-
623 1393 639 1446 ἓ
663 1408 755 1461 per
769 1392 1046 1446 barbaram
1068 1404 1251 1446 vocem
1270 1390 1496 1460 primam
1522 1388 1827 1457 unigenitus
1840 1386 2005 1442 Filius
2024 1386 2116 1441 Dei

536 1485 587 1538 in
601 1484 783 1538 .ludma
806 1480 1241 1553 praedicatur,ubi
1256 1480 1553 1551 propltetzc,
1570 1479 1903 1550 patriarchze,
1919 1488 1969 1534 et
1986 1477 2117 1549 justi

533 1584 588 1629 et
608 1576 713 1642 lex,
741 1590 882 1639 area,
908 1564 1308 1638 testamentum,
1326 1572 1608 1643 templum,
1628 1571 1971 1637 sacrificium,
1996 1570 2115 1626 cul-

534 1675 643 1721 tus:
673 1664 814 1719 etilli
844 1664 1057 1733 quidem
1073 1664 1161 1733 qui
1191 1664 1249 1717 in
1262 1662 1608 1718 hisinnutriti
1628 1670 1802 1729 erant,
1827 1660 2116 1717 abarbaris

533 1756 707 1811 edocti
737 1755 1049 1810 erudiuntur
1077 1772 1093 1809 :
1122 1754 1213 1825 qui
1242 1768 1371 1810 vero
1396 1753 1599 1809 nullum
1625 1767 1813 1808 eorum
1846 1751 1932 1809 vel
1964 1752 2114 1823 cogi-

534 1857 711 1904 tarunt
733 1849 969 1919 quidem,
992 1849 1243 1906 doctores
1256 1848 1373 1906 inec
1390 1848 1758 1904 meditantium
1782 1847 2111 1904 efﬁciuntur.

529 1938 658 1995 ldco
683 1939 966 1995 traducens
1006 1940 1129 1996 illos
1159 1940 1420 2011 propheta
1448 1940 1615 1996 David
1642 1939 1859 1996 dicebat
1890 1958 1903 1994 :
1940 1940 2115 2007 Quare

529 2034 839 2099 fremuerunt
859 2039 1048 2101 gentes,
1074 2039 1120 2085 et
1137 2030 1317 2101 pepuli
1345 2031 1572 2086 meditati
1598 2039 1713 2086 sunt
1739 2031 1914 2085 inania
1935 2029 2110 2102 (Psal.

527 2123 583 2176 9..
611 2122 708 2193 1)?
734 2122 1015 2191 Quomodo
1042 2124 1184 2179 enim
1218 2139 1351 2180 vana
1381 2134 1560 2181 mente
1582 2125 1696 2181 htec
1722 2133 2111 2192 tractaverunt,

526 2215 617 2286 qui
648 2231 793 2282 eum,
820 2216 911 2286 qui
936 2231 966 2271 a
997 2215 1271 2287 prophetis
1296 2217 1640 2273 annuntiatus
1684 2228 1801 2275 erat
1824 2259 1841 2286 ,
1872 2232 1980 2273 non
2028 2234 2115 2276 re-

527 2309 835 2377 ceperunt?
860 2311 929 2364 At
956 2309 1025 2364 ita
1051 2324 1158 2365 non
1182 2310 1356 2380 magi;
1389 2310 1483 2365 sed
1513 2310 1608 2377 illi,
1640 2311 1825 2366 relicta
1862 2311 2031 2381 patria
2058 2321 2114 2367 et

528 2403 689 2458 domo
708 2411 765 2459 et
802 2404 989 2458 amicis
1018 2411 1073 2459 et
1099 2403 1359 2474 cognatis,
1392 2418 1455 2458 ac
1493 2405 1652 2473 longa
1682 2414 1929 2474 suscepta
1960 2419 2114 2475 pere-

527 2494 847 2564 grinatione,
876 2495 927 2549 in
949 2494 1184 2565 pericula
1207 2509 1266 2550 se
1292 2494 1660 2565 coniecerunt.
1680 2494 1811 2551 Nam
1839 2496 1890 2550 in
1912 2498 2110 2568 regiam

530 2585 720 2642 urbem
750 2588 1035 2642 venientes
1060 2587 1458 2658 interrogabant
1490 2588 1578 2644 ubi
1622 2604 1719 2644 rex
1748 2599 1906 2645 natus
1934 2600 2108 2657 esset;

527 2690 639 2733 non
664 2677 804 2748 regis
830 2687 957 2733 tunc
985 2678 1257 2748 regnantis
1283 2677 1413 2733 iram
1437 2720 1452 2746 ,
1483 2693 1589 2734 non
1642 2679 1812 2750 plebis
1857 2680 2110 2735 insultum

528 2771 885 2842 suspicantes,
916 2787 1025 2826 non
1048 2772 1196 2827 urbis
1223 2771 1463 2827 insidias.
1510 2772 1643 2841 Quia
1677 2773 1820 2828 enim
1853 2772 2112 2844 praedica-

530 2864 730 2918 tionem
755 2873 1126 2933 susceperant,
1153 2871 1206 2918 et
1224 2862 1529 2933 philosophi
1560 2872 1615 2919 et
1641 2872 1905 2935 martyres
1926 2864 2113 2919 viven-

529 2964 610 3009 tes
657 2955 833 3009 statim
888 2954 1048 3021 ﬁunt,
1101 2962 1328 3010 mortem
1376 2969 1483 3011 non
1539 2954 1824 3029 timentes,
1876 2956 2111 3025 pericula

529 3045 917 3115 despicientes,
948 3055 1266 3116 praesentem
1289 3047 1451 3102 vitam
1473 3054 1810 3116 spernentes,
1840 3061 1959 3101 cum
1981 3048 2111 3103 lidu-

526 3138 607 3193 eia
640 3136 989 3206 prmdicautes
1017 3152 1079 3194 ea
1095 3153 1213 3209 qua:
1242 3136 1558 3205 didicerant,
1590 3138 1641 3193 in
1665 3137 1844 3193 media
1876 3138 2027 3205 urbe,
2059 3139 2110 3193 in

527 3232 706 3289 medio
721 3232 915 3303 populo
938 3243 1121 3287 natum
1141 3232 1540 3288 annuutiantes.
1564 3231 1687 3287 Ideo
1710 3247 1939 3302 namque
1959 3231 2111 3287 stclla

526 3329 841 3393 occultatur,
868 3337 924 3381 ut
944 3326 1167 3380 ductore
1193 3339 1298 3378 non
1326 3334 1692 3393 comparente,
1719 3338 1749 3377 a
1771 3322 1971 3378 Iudaeis
1993 3322 2110 3378 edi-

527 3438 679 3478 scere
707 3430 1045 3491 cogerentur;
1069 3419 1179 3473 itno
1201 3417 1376 3487 potius
1399 3415 1658 3473 discendo
1677 3415 1935 3472 docerent
1955 3415 2107 3472 illos:

529 3516 702 3570 locum
728 3514 871 3569 enim
893 3512 1067 3567 solum
1090 3520 1371 3581 quterunt;
1399 3509 1540 3581 quod
1567 3518 1744 3565 autem
1768 3518 1923 3563 natus
1944 3516 2111 3574 esset,

530 3608 679 3677 prius
703 3606 1022 3661 didicerant.
1051 3603 1156 3659 Sed
1185 3602 1310 3658 vide
1341 3602 1436 3657 Dei
1463 3602 1799 3671 sapientiam,
1839 3601 2111 3672 quomodo

536 3700 659 3753 illos
686 3699 976 3753 vocaverit.
1006 3696 1123 3751 Non
1153 3694 1465 3765 prophetam
1499 3694 1675 3758 misit,
1704 3708 1810 3747 non
1838 3694 1983 3748 enim
2012 3693 2111 3747 ad-

530 3791 832 3854 misissent;
878 3803 984 3843 non
1015 3788 1313 3858 apostolum
1336 3828 1351 3852 ,
1380 3800 1485 3841 non
1524 3784 1669 3840 enim
1712 3784 2109 3849 attendissent;

529 3896 641 3934 non
663 3882 976 3947 scripturas,
1006 3892 1112 3930 non
1135 3875 1280 3930 enim
1305 3873 1581 3929 sciebant:
1611 3871 1706 3927 sed
1734 3886 1765 3926 a
1793 3870 1955 3927 rebus
1977 3871 2107 3942 ipsis

527 3971 904 4033 familiaribus,
942 3971 992 4024 in
1024 3969 1178 4038 queis
1206 3966 1449 4021 innutriti
1477 3974 1653 4031 erant,
1687 3964 1807 4020 illos
1831 3964 1900 4020 ab
1926 3979 2109 4019 errore

526 4064 763 4133 abducit.
803 4063 935 4129 Quia
964 4062 1108 4117 enim
1157 4059 1296 4128 magi
1339 4067 1523 4123 erant,
1555 4066 1612 4113 et
1638 4057 1780 4112 circa
1821 4056 2001 4111 stellas
2024 4071 2112 4110 ars

526 4158 763 4225 ipsorum
808 4152 1140 4216 versabatur,
1171 4150 1327 4206 stella
1370 4156 1627 4220 apparet,
1668 4150 1816 4220 ipsos
1858 4162 1888 4203 a
1917 4147 2112 4203 ﬁnibus

526 4247 639 4303 suis
667 4244 1017 4308 abstraheus;
1047 4242 1198 4298 stella
1224 4256 1328 4296 non
1352 4255 1457 4295 uua
1487 4256 1553 4295 ex
1589 4240 1654 4295 iis
1681 4254 1814 4310 quas
1841 4238 2106 4306 videmus,

526 4340 620 4396 sed
651 4339 829 4394 divina
868 4336 1109 4407 quaedam
1142 4345 1196 4391 et
1222 4334 1503 4389 invisibilis
1528 4333 1700 4387 virtus
1726 4333 1778 4387 in
1801 4331 1971 4388 stella:
1991 4346 2113 4402 spe-

525 4430 663 4486 ciem
695 4427 1067 4484 transformata
1095 4445 1109 4481 :
1143 4425 1307 4482 trahit
1338 4434 1514 4480 autem
1546 4425 1663 4479 illos
1692 4425 1844 4478 stella
1879 4462 1894 4489 ,
1927 4432 1983 4477 ut
2010 4422 2108 4477 ab-

524 4522 685 4577 ducat
732 4519 852 4574 illos
904 4518 1159 4588 deinceps
1198 4534 1230 4573 a
1277 4516 1554 4573 stellarum
1601 4515 2005 4586 speculatione,
2056 4523 2112 4570 et

522 4612 828 4683 astrologia:
859 4609 1197 4683 tyrannidem
1226 4608 1419 4664 solvat.
1464 4608 1554 4663 Sic
1596 4615 1652 4662 et
1703 4606 1900 4662 Paulus
1944 4604 2107 4671 fecit,

522 4704 807 4760 Dominum
856 4718 1013 4758 suum
1059 4702 1307 4767 imitans;
1355 4715 1475 4756 nam
1514 4699 1622 4765 ait,
1668 4698 1966 4753 Imitatores
2012 4699 2110 4753 mei

520 4807 697 4863 estote,
723 4798 854 4851 sicut
879 4804 926 4849 et
951 4810 1043 4866 ego
1070 4793 1263 4850 Christi
1291 4794 1385 4865 (l.
1417 4791 1538 4847 Cor.
1568 4790 1619 4846 4.
1655 4790 1689 4846 6
1713 4793 1752 4861 ).
1782 4790 1932 4847 Sicut
1960 4790 2106 4846 enim

522 4888 782 4945 Dominus
803 4888 920 4957 ejus
942 4902 1127 4957 magos
1147 4901 1367 4950 vocans,
1393 4882 1826 4953 stellaa'speciem
1856 4882 2023 4946 misit,
2051 4891 2109 4936 ut

520 4996 636 5037 rem
665 4988 975 5037 consuetam
1001 4988 1375 5051 agnoscentes,
1401 4976 1557 5032 facile
1583 4976 2030 5047 obsequerentur,
2057 4984 2112 5031 et

521 5072 806 5130 venientes
848 5071 1127 5128 stellarum
1169 5071 1456 5127 Dominum
1501 5067 1769 5133 viderent,
1819 5076 1875 5123 et
1922 5067 2109 5123 relicta

522 5163 616 5219 illa
646 5163 905 5219 servitute
926 5204 942 5229 ,
969 5176 1029 5217 se
1058 5161 1183 5217 huic
1206 5159 1446 5216 dominio
1470 5158 1766 5216 subderent
1791 5175 1804 5211 :
1830 5157 1909 5214 sic
1938 5167 1993 5213 et
2021 5156 2112 5212 ille

525 5256 994 5312 circumcisionem
1040 5254 1377 5321 sublaturus,
1404 5269 1525 5309 cum
1572 5252 1984 5307 circumcisione
2013 5251 2111 5306 Ti-

528 5346 804 5403 motheum
855 5346 1019 5400 misit.
1064 5345 1200 5414 Quia
1238 5347 1382 5401 enim
1423 5345 1590 5401 Judaei
1638 5346 1787 5400 illum
1833 5346 2103 5416 excepturi

538 5448 692 5494 erant
710 5479 724 5503 ,
753 5438 864 5507 ipse
893 5451 1021 5493 vero
1048 5436 1187 5493 ﬁlius
1211 5446 1326 5493 erat
1350 5436 1548 5492 Iudaea:
1575 5436 1744 5492 ﬁdelis
1765 5478 1779 5500 ,
1816 5438 1985 5506 patris
2011 5451 2110 5491 au~

539 5541 649 5586 tem
677 5528 912 5601 gentilis,
945 5527 1170 5599 ideoque
1198 5527 1571 5599 prazputiatus,
1605 5527 1937 5583 circumcidit
1965 5543 2109 5593 eum,

529 5622 857 5691 piscatorum
884 5634 1035 5675 more
1058 5634 1259 5691 agens:
1285 5620 1338 5675 hi
1367 5620 1508 5675 enim
1535 5635 1747 5690 quoque
1770 5629 1983 5673 hamum
2017 5636 2115 5675 nuo

530 5713 659 5768 dum
686 5727 794 5768 non
827 5710 1069 5783 injiciunt
1092 5712 1145 5767 in
1177 5726 1324 5767 mare
1353 5711 1448 5767 sed
1496 5726 1656 5766 carne
1684 5711 1861 5779 ipsum
1888 5711 2116 5766 circum-

526 5807 680 5861 dant.
711 5806 791 5862 Sit
814 5822 943 5878 ergo
982 5821 1129 5862 mare
1158 5792 1435 5878 Syuagoga
1458 5846 1474 5873 ,
1500 5803 1669 5860 Judaei
1716 5816 1845 5858 vero
1890 5802 2069 5873 pisces
2098 5845 2111 5871 ,

531 5896 724 5957 hamus
747 5899 1081 5971 Timotheus,
1111 5898 1451 5958 circumcisio
1477 5913 1613 5955 caro
1637 5896 1857 5952 hamum
1882 5895 2109 5952 circum-

2088 5982 2191 6013 \‘..

1246 449 1303 505 s.
1343 448 1623 506 JOANNIS
1658 443 2135 505 CltltYSOSTOMI
2173 442 2491 510 ARCHIEP.
2531 450 3063 516 consummes.

3636 474 3711 533 ωδ

2230 562 2390 635 dans,
2422 568 2659 639 piscator
2701 580 2880 628 autem
2926 573 3122 630 Paulus
3150 592 3164 630 :
3192 575 3402 633 hamum
3428 593 3537 651 ergo
3558 582 3657 651 iacit
3676 557 3760 645 ial-

2227 669 2377 713 mare
2400 699 2416 726 ,
2449 659 2545 715 sed
2573 675 2683 717 non
2712 663 2946 731 nudum;
2978 663 3337 735 Timotheum,
3368 683 3477 725 cum
3502 672 3717 733 citraci-

2226 746 2404 816 sione,
2435 758 2490 805 et
2538 765 2644 806 non
2695 755 3093 826 praeputiatum.
3139 756 3195 814 Si
3239 756 3376 814 enim
3422 766 3718 834 praeputium

2226 838 2479 904 misisset,
2503 843 2678 911 pisces
2698 846 3048 917 aufugissent,
3070 847 3283 905 hamum
3305 850 3525 910 videntes
3542 856 3718 913 nudum:

2226 928 2346 984 ideo
2384 921 2535 987 illum
2579 936 2751 991 munit
2794 937 3226 1007 circumcisione,
3257 949 3441 998 utrem
3479 959 3721 1006 consuetu

2225 1022 2490 1090 videntes,
2528 1038 2876 1086 accurrerent
2926 1031 2995 1087 ad
3042 1032 3276 1103 prmdam
3297 1075 3313 1100 ,
3340 1043 3480 1091 etne
3506 1038 3581 1092 ille
3612 1054 3722 1099 acce-

2223 1116 2414 1173 dentes
2438 1134 2549 1189 pra:
2568 1129 2714 1177 metu
2735 1122 2974 1193 fugaret;
3003 1124 3099 1180 sed
3120 1140 3221 1196 per
3241 1125 3651 1186 circumcisionem
3668 1134 3721 1189 illi

2222 1208 2634 1279 attraherentur,
2686 1222 2741 1269 et
2792 1213 3056 1271 doctrina:
3100 1217 3266 1273 verbo
3310 1219 3724 1281 retinerenturan

2223 1300 2386 1356 etiam
2434 1301 2633 1358 factum
2666 1314 2768 1361 est.
2824 1306 3101 1377 Ingressus
3147 1309 3289 1364 enim
3318 1303 3391 1365 'et
3430 1312 3722 1383 circumcisus,

2221 1392 2687 1451 circumcisiouem
2719 1399 2902 1453 solvit.
2934 1399 3000 1455 lli
3030 1410 3155 1455 sunt
3177 1402 3321 1457 enim
3348 1406 3622 1459 (Economic
3646 1424 3724 1462 mo-

2221 1485 2314 1551 di:
2342 1488 2514 1556 primo
2537 1488 2623 1544 illa
2650 1504 2771 1547 sese
2793 1500 3134 1563 attemperat,
3178 1503 3234 1550 et
3259 1503 3383 1550 tunc
3408 1495 3571 1551 trahit.
3609 1497 3726 1554 Sicci

2221 1577 2467 1635 Christus
2510 1580 2635 1638 fecit
2682 1583 2943 1639 barbaros
2988 1599 3208 1641 vocans.
3256 1585 3392 1643 Nam
3440 1599 3493 1643 ut
3543 1589 3727 1647 homines

2220 1685 2420 1727 vocans
2454 1671 2727 1728 hominem
2760 1674 2934 1730 induit
2957 1686 3011 1730 et
3036 1676 3339 1732 secundum
3368 1678 3578 1747 speciem
3603 1690 3726 1736 etse-

2220 1763 2455 1818 cundum
2480 1774 2725 1819 naturam
2749 1782 2762 1819 :
2788 1766 2866 1822 sic
2895 1781 3081 1837 magos
3106 1782 3327 1834 vocans,
3356 1768 3637 1824 invisibilem
3656 1774 3728 1824 vir~

2221 1860 2388 1909 tutem
2413 1854 2464 1909 iu
2481 1855 2651 1910 stellae
2671 1858 2907 1925 speciem
2927 1860 3169 1913 mutavit.
3188 1858 3345 1927 Quod
3361 1859 3495 1914 enim
3515 1876 3603 1914 non
3617 1862 3727 1916 stella

2220 1955 2444 1999 essetex
2458 1945 2681 2001 aliarum
2709 1948 2983 2003 stellarum
3029 1965 3258 2005 numero
3281 1991 3299 2016 ,
3341 1965 3404 2005 ex
3447 1966 3587 2006 cursu
3607 1952 3729 2007 disce.

2218 2033 2334 2089 Non
2356 2036 2499 2091 enim
2527 2037 2597 2092 ab
2615 2037 2825 2093 oriente
2850 2038 2916 2093 ad
2944 2040 3281 2095 occidentem
3310 2042 3563 2107 currebat,
3591 2043 3663 2096 sed
3683 2045 3729 2095 ab

2218 2128 2583 2198 septentrione
2628 2129 2694 2185 ad
2737 2130 3053 2197 meridiem;
3089 2132 3159 2186 ita
3190 2132 3335 2188 enim
3368 2132 3617 2189 Palaestina
3641 2152 3730 2201 erga

2217 2218 2493 2275 Persidem
2518 2220 2620 2275 sita
2648 2228 2733 2276 est
2757 2239 2771 2277 :
2801 2231 2857 2277 et
2885 2232 3111 2293 apparet
3136 2224 3225 2279 illa
3254 2239 3363 2281 non
3391 2236 3555 2289 noctu,
3579 2228 3654 2281 sed
3675 2228 3732 2281 in-

2220 2312 2394 2367 terdiu
2415 2354 2429 2378 ,
2458 2314 2601 2381 quod
2631 2314 2785 2370 stella
2817 2331 2922 2371 non
2950 2315 3077 2371 facit
3106 2333 3121 2372 :
3152 2316 3384 2387 ideoque
3412 2328 3462 2373 et
3493 2332 3733 2389 apparetet

2218 2405 2535 2470 occultatur,
2558 2404 2699 2476 quod
2717 2407 2875 2461 etiam
2899 2408 3071 2463 stellae
3098 2424 3201 2463 non
3227 2409 3393 2465 fuerit
3417 2430 3430 2466 :
3455 2412 3733 2467 absconditur

2216 2508 2335 2548 cum
2366 2492 2756 2566 JerOsolymam
2782 2512 2841 2551 se
2868 2498 3213 2553 contulerunt
3232 2541 3248 2562 .
3280 2509 3338 2554 et
3382 2511 3586 2570 apparet
3620 2513 3732 2572 post-

2217 2600 2374 2652 quam
2402 2600 2430 2638 a
2462 2600 2589 2656 rege
2613 2586 2995 2643 discesserant.
3015 2587 3169 2645 Unde
3196 2590 3374 2660 palam
3394 2600 3475 2646 est
3499 2592 3734 2662 intelligen-

2219 2685 2326 2730 tem
2356 2675 2519 2731 fuisse
2549 2676 2824 2745 virtutem,
2857 2694 2977 2749 qua:
3002 2679 3068 2734 ad
3095 2681 3247 2750 jussa
3280 2683 3580 2752 complenda
3602 2687 3734 2739 omnia

2216 2767 2552 2824 observaret.
2581 2768 2765 2839 Neque
2789 2785 2918 2826 vero
2941 2771 3066 2828 inde
3088 2773 3265 2829 solum
3293 2774 3344 2828 id
3374 2775 3535 2844 palam
3561 2788 3652 2840 est;
3669 2778 3735 2831 sed

2217 2862 2379 2917 etiam
2402 2862 2543 2933 quod
2565 2903 2581 2929 ,
2620 2878 2741 2918 cum
2773 2864 3015 2921 duxisset
3043 2866 3109 2921 ad
3141 2883 3387 2938 przesepe
3408 2911 3421 2931 ,
3453 2884 3556 2923 non
3580 2884 3633 2925 ex
3658 2871 3738 2924 alto

2215 2951 2516 3008 ostenditur
2536 2954 2632 3019 eis,
2659 2954 2755 3009 sed
2781 2954 2917 3011 infra
2942 2954 3280 3013 descendens
3306 2961 3528 3024 steterit,
3552 2960 3625 3014 ubi
3655 2973 3736 3015 erat

2217 3058 2371 3114 puer,
2411 3059 2569 3114 supra
2600 3046 2715 3115 ejus
2735 3058 2916 3117 caput,
2960 3059 3016 3102 ut
3050 3048 3119 3103 ita
3149 3049 3330 3104 dicam
3356 3051 3437 3105 :si
3474 3052 3601 3106 enim
3623 3053 3738 3106 stella

2216 3132 2428 3201 fuisset,
2454 3149 2559 3190 non
2590 3136 2767 3191 locum
2801 3147 2905 3192 tam
2932 3147 3217 3210 angustum
3247 3147 3307 3194 et
3344 3140 3739 3211 circumscriptum

2215 3227 2559 3284 ostendisset.
2583 3228 2743 3284 Scitis
2773 3231 2915 3285 enim
2948 3232 3112 3301 probe
3139 3231 3284 3302 quod
3326 3233 3398 3287 ob
3428 3233 3625 3288 nimiam
3647 3233 3737 3286 alti.

2219 3320 2455 3377 tudinem
2473 3337 2540 3378 ne
2560 3321 2708 3377 urbis
2725 3322 2935 3392 quidem
2953 3322 3129 3379 loc'um
3147 3325 3427 3396 assignare
3438 3326 3577 3380 stella
3596 3327 3739 3395 possit,

2216 3428 2391 3484 neque
2412 3413 2555 3469 clare
2585 3422 2761 3483 potest
2778 3413 2849 3469 ad
2874 3415 3321 3484 perpendiculum
3352 3417 3521 3486 dirigi,
3550 3426 3639 3471 tam
3661 3417 3741 3470 alte

2217 3504 2410 3573 posita.
2440 3503 2536 3558 llla
2565 3519 2693 3559 vero
2725 3519 2947 3574 parvum
2974 3505 3154 3561 locum
3182 3515 3236 3561 et
3267 3521 3506 3577 prirsepe
3528 3519 3739 3561 monstra-

2216 3594 2291 3668 vit
2311 3636 2323 3659 ,
2356 3610 2522 3664 prope
2546 3603 2706 3664 caput
2730 3596 2937 3665 posita;
2968 3605 3023 3651 et
3051 3611 3174 3651 cum
3198 3597 3523 3651 ostendisset
3543 3638 3556 3661 ,
3595 3598 3736 3650 statim

2216 3685 2477 3742 abscessit
2503 3704 2518 3740 :
2552 3685 2605 3741 id
2636 3686 2779 3756 quod
2808 3687 2977 3742 stella:
3007 3702 3110 3741 non
3136 3698 3271 3742 erat.

2288 3777 2341 3833 6.
2360 3776 2513 3845 Quod
2533 3777 2580 3832 si
2601 3778 2739 3849 magi
2756 3778 2958 3845 dicant,
2984 3777 3213 3833 Vidimus
3228 3781 3432 3833 stellam
3449 3781 3548 3845 eius
3572 3778 3738 3847 (lle'tlt.

2214 3868 2269 3922 2.
2297 3868 2334 3923 Ξ
2352 3868 2394 3938 ),
2423 3885 2490 3924 ex
2517 3878 2634 3925 arte
2653 3886 2749 3925 sua
2783 3871 3064 3941 loquentes
3086 3870 3138 3925 id
3164 3871 3376 3936 dicunt,
3408 3881 3578 3940 postea
3608 3881 3740 3924 tamen

2217 3963 2341 4018 illuc
2365 3962 2598 4029 deducti,
2627 3963 2695 4017 ab
2721 3979 2906 4019 errore
2928 3963 3139 4019 liberati
3166 3974 3313 4018 sunt.
3347 3963 3496 4032 Quod
3518 3963 3641 4017 enim
3658 3970 3737 4013 sta-

2217 4055 2311 4111 tim
2342 4064 2501 4127 atque
2527 4056 2736 4111 stellam
2766 4055 3017 4131 viderunt
3056 4054 3125 4109 ab
3169 4069 3361 4110 errore
3402 4053 3594 4109 liberati
3630 4052 3738 4111 sint.

2217 4150 2391 4219 palam
2422 4157 2505 4204 est
2532 4163 2600 4204 ex
2630 4163 2697 4204 eo
2726 4147 2869 4219 quod
2895 4147 3242 4202 adoraveriut
3273 4163 3499 4225 puerum
3530 4162 3543 4199 :
3570 4145 3609 4199 si
3633 4144 3738 4197 cnim

2216 4243 2491 4311 vulgarem
2523 4241 2755 4310 aliquam
2786 4239 2994 4295 stellam
3022 4254 3143 4294 esse
3170 4241 3535 4310 putavissent,
3558 4253 3646 4291 non
3666 4234 3737 4286 ad-

2216 4343 2480 4391 orassent.
2529 4333 2665 4399 Quid
2707 4332 2849 4386 enim
2891 4331 3178 4402 sperabant
3206 4345 3237 4385 a
3269 4331 3496 4401 puerulo
3534 4326 3735 4385 extranei.

2215 4427 2436 4482 advena:
2480 4435 2535 4482 et
2560 4425 2809 4481 barbari?
2840 4423 2980 4479 unde
3022 4424 3162 4478 scire
3190 4433 3445 4492 poterant
3474 4424 3626 4491 ipsum
3651 4431 3737 4471 esse

2215 4519 2501 4584 victurum,
2528 4525 2584 4572 et
2607 4515 2869 4571 donorum
2902 4516 3073 4570 vicem
3109 4514 3409 4570 relaturum
3431 4555 3445 4579 ,
3490 4529 3596 4568 cum
3629 4520 3735 4563 tanto

2214 4612 2389 4682 spatio
2431 4610 2727 4665 distarent?
2770 4608 3040 4678 quomodo
3084 4608 3384 4678 periculurn
3432 4615 3733 4677 prmsensm

2217 4702 2608 4775 praecaveriut?
2637 4700 2907 4771 quomodo
2958 4714 3062 4754 non
3111 4699 3464 4769 cogitaverim
3502 4693 3731 4766 periculum

2215 4810 2337 4851 esse
2386 4810 2452 4850 ne
2500 4795 2615 4863 ipse
2652 4808 2721 4848 ex
2767 4792 2865 4846 hac
2894 4791 2999 4845 vita
3038 4789 3401 4861 abriperctur,
3451 4802 3575 4844 neve
3607 4787 3643 4840 is
3671 4781 3732 4851 qui

2216 4890 2474 4960 regnabat
2518 4888 2666 4942 illum
2720 4884 3029 4941 occideret?
3074 4883 3217 4953 quod
3269 4882 3481 4937 tandem
3533 4880 3648 4948 regis
3682 4875 3732 4927 si-

2216 4997 2379 5052 gnum
2437 4978 2720 5035 videbant?
2773 4992 2893 5047 qua:
2932 4976 3099 5029 atria?
3137 4988 3273 5045 quos
3312 4972 3594 5029 satellites!
3636 4978 3730 5037 quos

2216 5070 2493 5128 scutatos?
2536 5084 2697 5139 quem
2746 5066 3259 5137 famulatttmiquos
3303 5064 3518 5136 clypeos
3557 5055 3730 5114 aureas?

2216 5178 2350 5235 quas
2366 5163 2544 5217 aulas?
2558 5176 2715 5231 quem
2738 5163 3112 5214 eunuclorum
3134 5160 3390 5228 gregem?
3414 5154 3547 5210 Nihil
3568 5154 3726 5208 horam.

2216 5256 2310 5313 sed
2356 5254 2629 5311 contraria
2672 5252 2852 5307 omnia
2876 5295 2888 5314 ,
2920 5266 3186 5321 praesepe,
3210 5249 3475 5319 tugurium
3498 5288 3513 5311 ,
3540 5245 3725 5299 diverso-

2218 5351 2379 5414 rium,
2398 5356 2621 5402 matrem
2644 5345 2879 5415 innpem,
2901 5351 3261 5413 paupertatem
3286 5356 3542 5410 magnam.
3558 5342 3724 5405 [110005-

2216 5441 2442 5497 Cuinam
2486 5437 2643 5509 igitur
2672 5435 2966 5491 olIcrebant
2999 5449 3185 5489 aurum
3208 5476 3221 5498 ,
3255 5433 3371 5488 thus
3397 5442 3450 5486 ct
3478 5419 3727 5499 myrrham?

2219 5546 2397 5587 annon
2428 5528 2770 5585 manifestum
2789 5536 2872 5582 est
2898 5526 3044 5596 ipsos
3077 5525 3187 5595 jam
3220 5523 3341 5578 ﬁdei
3378 5523 3477 5577 alis
3502 5522 3725 5574 instructos

2221 5625 2422 5681 fuisse?
2449 5624 2517 5679 Et
2545 5622 2712 5677 multa
2739 5629 2823 5676 est
2851 5619 3113 5674 donorum
3146 5616 3476 5675 excellentia.
3503 5625 3607 5681 qua!
3629 5619 3727 5673 μετ’

2223 5715 2511 5773 dicationis
2530 5714 2691 5770 etiam
2713 5710 2946 5781 speciem
2974 5708 3192 5764 referat.
3214 5707 3326 5762 Non
3345 5706 3480 5761 enim
3502 5691 3725 5768 rejitieuth

2222 5808 2312 5865 illa
2325 5806 2507 5879 opinio
2524 5813 2624 5871 est,
2647 5820 2765 5875 quae
2784 5818 2878 5872 per
2890 5801 3105 5873 vulgum
3124 5794 3538 5871 spargitur,qnod
3555 5784 3728 5859 perliti"

2229 5902 2398 5960 Deum
2422 5898 2837 5964 conﬁterentur,
2863 5908 2961 5965 per
2987 5907 3177 5951 aurum
3207 5906 3398 5961 regem,
3427 5898 3480 5945 ct
3493 5883 3727 5952 patientem
