4064 6534
120 4341 126 4488 1

261 341 356 398 607
964 344 1075 401 νηι
1115 344 1415 414 HOMILI'A,
1457 344 1708 405 ΗΛΒΙἸἊ
1745 349 2130 420 POSTQUAM
2157 353 2568 414 PRESBYTER
2597 356 2900 426 GOTIIUS,
2937 357 3117 417 ETC..
3599 361 3712 418 508

259 461 427 516 ἀλλων
461 463 658 534 μηδεὶς,
689 464 1062 537 ἀπογινώσκη.
1095 466 1305 531 ’Ἄλλως
1339 467 1523 522 δὲκαὶ
1559 470 1639 535 εἰς
1667 471 1929 544 αἰσχύνην

269 550 538 604 Ἰουδαίων
587 551 747 606 τοῦτο
799 553 1028 621 γίνεται,
1081 554 1163 608 ὅτι
1207 555 1402 609 ἐκείνοι
1459 556 1558 627 μὲν
1616 559 1933 624 ἐστασίαζον

257 633 592 709 [ἑδίσταζονΪ
609 637 946 710 προσελθεῖν,
979 634 1124 694 οῦτοι
1156 639 1213 694 δὲ
1245 642 1338 696 καὶ
1379 643 1597 712 μακρὰν
1625 644 1932 715 ἀποδημίαν

255 723 583 788 ἐστείλαντο,
608 724 750 778 ῶστε
779 724 941 778 αὑτὸν
971 725 1096 778 ἰδεῖν
1126 727 1226 780 καὶ·
1242 727 1638 798 προσκυνῆσαι,
1665 729 1759 782 καὶ
1781 728 1931 802 [578]

257 812 564 884 περιιόντες
606 813 842 880 λέγουσι·
895 813 1020 867 Ποῦ
1066 814 1238 868 ἐστιν
1281 817 1316 868 ό
1359 815 1587 884 τεχθεὶς
1633 815 1932 884 ,βασιλεὺς

257 901 375 956 τῶν
401 901 734 965 ἰουδαίωη

328 996 390 1044 ε’.
424 991 487 1043 Ὢ
521 988 850 1060 θαυμαστῶν
882 989 978 1045 καὶ
1007 989 1327 1061 παραδόξων
1362 989 1700 1064 πραγμάτων
1720 1007 1734 1020 ·
1780 991 1933 1064 παρὰ

266 1077 602 1149 βαρϐαρικῆς
635 1074 862 1147 πρώτης
902 1075 1089 1145 φωνῆς
1133 1076 1162 1130 6
1192 1075 1484 1147 μονογενὴς
1513 1076 1640 1140 Υίὺς
1671 1076 1765 1130 τοῦ
1797 1076 1931 1131 Θεοῦ

265 1168 322 1218 ἐν
362 1163 591 1234 Ἰουδαίᾳ
618 1162 980 1234 κηρύττεται,
1011 1161 1139 1216 ἔνθα
1169 1162 1447 1235 προφῆται
1475 1163 1575 1217 καὶ·
1597 1164 1933 1237 πατριάρχαι

269 1251 359 1306 11.61
384 1251 579 1305 δίκαιοι
606 1253 701 1304 καὶ
725 1251 888 1321 νόμος
915 1252 1009 1304 καὶ
1039 1249 1269 1314 κιϐωτὸς
1295 1249 1390 1304 καὶ
1418 1249 1650 1322 διαθήκη
1683 1251 1778 1305 καὶ
1807 1251 1934 1324 v0.6;

273 1342 360 1394 καὶ
389 1339 568 1392 θυσίαι
592 1339 686 1392 καὶ
711 1337 955 1409 λατρείαι
975 1356 989 1370 ο
1025 1338 1119 1391 καὶ
1142 1339 1192 1391 οί
1222 1337 1320 1408 μὲν
1337 1326 1552 1400 τούτοις
1579 1337 1932 1408 ἐντραφέντες

272 1429 386 1482 οὑδέ
413 1428 560 1500 παρά
601 1427 892 1498 βαρϐάρων
941 1427 1204 1498 μαθόντες
1249 1425 1590 1480 παιδεύονται
1611 1443 1626 1458 ο
1660 1427 1710 1480 οἱ
1738 1426 1794 1480 δὲ
1823 1443 1931 1498 μη-

273 1514 416 1578 δενὸς
469 1514 740 1586 μηδέποτε
793 1514 1036 1566 τοιούτου
1087 1511 1420 1577 ἀκούσαντες
1473 1513 1781 1568 διδάσκαλοι
1826 1514 1934 1567 τῶν

273 1605 437 1661 ταῦτα
478 1600 888 1674 μελετησάντων
925 1600 1183 1670 γίνονται.
1217 1600 1319 1654 Διά
1359 1600 1425 1672 δὴ
1456 1599 1613 1654 τοῦτο
1657 1601 1934 1673 κωμῳδῶν

277 1691 467 1754 αὑτοὺς
500 1691 528 1742 6
558 1688 844 1759 προφήτης
895 1685 1058 1741 Δαυῖδ
1109 1687 1326 1756 ἔλεγεν·
1389 1687 1574 1741 Ἰνατι
1628 1687 1938 1756 ἐφρύαξαν
1982 1715 1984 1717 ν

273 1779 436 1845 ἔθνη,
465 1775 562 1829 καί
598 1775 736 1830 λαοὶ
775 1773 1150 1844 ἐμελέτησαν
1189 1773 1371 1838 κενά;
1403 1772 1526 1838 Πῶς
1557 1773 1664 1846 γὰρ
1710 1775 1772 1828 06
1803 1774 1937 1842 κενά

276 1863 600 1936 ἐμελέτησαν
647 1861 723 1934 μὴ
773 1861 1056 1934 δεξάμενοι
1100 1859 1191 1914 τδν
1255 1859 1730 1932 προφητευθέντας
1797 1861 1936 1915 Ἀλλ’

273 1954 369 2022 οὐχ
398 1952 447 2005 οί
477 1951 664 2022 μάγοι,
692 1949 828 2003 ἀλλά
846 1949 1078 2021 πατρίδα
1105 1948 1494 2012 καταλιπόντες
1517 1948 1612 2002 καὶ
1631 1948 1812 2004 οἰκίαν
1839 1948 1938 2003 καὶ

274 2040 456 2109 φίλους
499 2040 595 2092 καὶ
633 2039 945 2107 συγγενεῖς,
996 2036 1090 2092 καὶ
1139 2035 1356 2108 μακράν
1403 2035 1711 2107 ἀποδημίαν
1767 2035 1938 2090 ἐστεί-

271 2126 447 2193 λαντο,
474 2128 568 2181 καὶ
597 2129 677 2190 είς
714 2126 957 2180 κίνδυνον
983 2126 1206 2189 ἑαυτοὺς
1236 2123 1485 2197 ἔρριψαν.
1517 2122 1612 2189 Εἰς
1640 2125 1750 2195 γάρ
1783 2123 1939 2194 βασι-

269 2215 568 2287 λευομένην
615 2213 768 2268 πόλιν
817 2212 1063 2278 ἐλθόντες
1121 2210 1385 2284 ἠρώτων,
1441 2209 1546 2265 ποῦ
1601 2213 1631 2266 6
1687 2211 1940 2282 βασιλεὺς

269 2303 496 2376 ἐτέχθης
527 2304 591 2357 06
633 2302 727 2357 τοῦ
766 2300 1140 2372 βασιλεύοντος
1173 2300 1295 2353 τότε
1326 2300 1417 2353 τὸν
1450 2298 1619 2369 θυμὸν
1645 2299 1936 2369 ὑπειδόμε-

267 2408 349 2444 νοι
367 2431 384 2455 ,
417 2391 473 2444 οὑ
495 2389 592 2444 τοῦ
634 2389 805 2461 δήμου
840 2387 938 2461 τὴν
969 2388 1364 2452 ἐπανάστασιν,
1386 2386 1446 2440 οὑ
1476 2385 1577 2456 τῆς
1605 2385 1811 2451 πόλεως
1839 2385 1939 2450 τάς

267 2477 582 2540 ἐπιϐουλάς.
627 2475 847 2547 Ἐπειδὴ
885 2475 995 2546 γάρ
1031 2475 1274 2542 ἐδέξαντο
1314 2474 1376 2528 τὸ
1419 2474 1700 2545 κήρυγμα,
1730 2473 1939 2542 1161191.-

266 2565 484 2635 λόσοφοι
517 2566 614 2618 καὶ
645 2564 919 2636 μάρτυρες
939 2563 1140 2628 ζῶντες
1171 2562 1365 2634 ἀθρόον
1389 2563 1649 2632 γίνονται,
1681 2561 1939 2616 κατατολ-

272 2655 482 2724 μῶντες
503 2652 758 2715 θανάτου,
776 2649 1239 2723 καταφρονοῦντες
1261 2649 1538 2714 κινδύνων,
1563 2649 1938 2722 ὑπερορῶντες

266 2744 369 2812 τῆς
409 2740 688 2812 παρούσης
721 2739 888 2810 ζωῆς.
920 2740 977 2791 ἐν
1005 2737 1287 2809 παρρησίᾳ
1315 2737 1777 2808 ἀνακηρύττοντες
1800 2738 1937 2808 ὅπερ

264 2831 504 2897 ἔμαθον,
552 2832 611 2883 ἐν
666 2829 815 2900 μέσῳ
845 2827 1002 2898 δήμῳ
1053 2827 1145 2879 καὶ
1191 2825 1330 2897 μέσῃ
1375 2825 1526 2877 πόλει
1562 2823 1654 2877 τὸν
1680 2824 1939 2895 τεχθέντα

268 2917 716 2990 ἀναγορεύοντες.
763 2915 860 2968 Διά
892 2913 998 2984 γάρ
1028 2912 1186 2966 τοῦτο
1219 2913 1312 2965 καὶ
1338 2913 1366 2964 6
1391 2913 1567 2982 ἀστὴρ
1601 2911 1936 2982 κρύπτεται,

267 3009 361 3059 ἵνα
394 3006 758 3066 ἀπολέσαντες
785 3003 874 3056 τὸν
908 2999 1348 3072 χειραγωγοῦντα
1378 2997 1761 3067 ἀναγκασθῶσι
1788 2999 1940 3071 παρά

283 3095 553 3148 Ἰουδαίων
601 3091 922 3164 μανθάνειν,
971 3088 1168 3160 μᾶλλον
1205 3088 1261 3141 δὲ
1310 3089 1366 3140 ἐν
1406 3087 1484 3158 τῷ
1532 3086 1820 3158 μανθάνειν
1862 3088 1939 3141 61-

269 3183 490 3237 δάσκειν
519 3181 756 3244 ἐκείνους
777 3197 791 3210 ο
832 3178 921 3232 τὸν
945 3177 1053 3248 γὰρ
1081 3177 1246 3229 τόπον
1288 3173 1508 3246 ζητοῦσι
1544 3175 1723 3244 μόνον,
1757 3175 1840 3228 ὃτι
1884 3174 1940 3228 δὲ

275 3273 468 3342 ἐτέχθη
491 3313 505 3337 ,
556 3267 920 3341 προλαϐόντες
963 3265 1179 3336 ᾔδεσαν.
1229 3263 1366 3315 Ἀλλ’
1415 3263 1516 3332 ὅρα
1547 3261 1680 3314 Θεοῦ
1725 3262 1938 3332 σοφίαν,

278 3361 400 3423 πῶς
433 3359 626 3420 αὑτοὺς
670 3355 948 3410 ἐκάλεσεν.
993 3352 1068 3405 06
1116 3351 1399 3421 προφήτην
1448 3349 1711 3419 ἐπεμψεν,
1743 3350 1802 3402 06
1833 3349 1943 3422 γὰρ

279 3448 347 3502 ἂν
385 3447 706 3519 ἠνέσχοντοο
748 3443 848 3498 οὑκ
885 3439 1180 3496 ἀπόστολον
1207 3477 1221 3502 ,
1255 3439 1317 3491 o6
1362 3437 1469 3507 γὰρ
1491 3439 1832 3509 ’προσεῖχον
1881 3439 1942 3491 06

281 3536 530 3608 γραφάς,
588 3534 650 3588 οὑ
692 3533 802 3604 γὰρ
859 3530 1090 3602 ᾔδεσανδ
1141 3527 1254 3582 ἀλλ’
1295 3526 1402 3580 ἀπὸ
1446 3525 1552 3580 τῶν
1593 3525 1806 3581 οἰκείων
1851 3527 1944 3580 καὶ

285 3624 595 3696 συντρόφων
644 3620 986 3693 πραγμάτων
1026 3617 1290 3686 ἀνιμᾶται
1335 3615 1433 3686 τῆς
1484 3613 1693 3685 πλάνης
1728 3613 1941 3679 αὑτούς.

293 3713 506 3782 Ἐπειδὴ
553 3709 664 3786 γάρ
709 3709 870 3779 μάγοι
916 3701 1078 3778 ἦσαν,
1116 3703 1226 3758 11011
1261 3703 1388 3775 περὶ⁹
1436 3702 1668 3773 ἀστέρας
1697 3703 1878 3767 αὑτοῖς
1911 3705 1944 3774 ἡ

283 3801 462 3874 τέχνη,
482 3801 658 3872 ἀστὴρ
672 3799 854 3862 αὑτοῖς
871 3797 1137 3866 φαίνεται,
1153 3795 1324 3848 ’έλκων
1340 3795 1408 3848 αὑ
1417 3795 1536 3868 τοὺς
1554 3794 1660 3848 ἀπὸ
1673 3795 1770 3865 τῆς
1789 3795 1886 3848 ὑπε
1898 3811 1949 3865 ρ-

285 3892 451 3959 ορίας,
481 3890 657 3960 ἀστὴρ
684 3888 783 3957 οὑχ
805 3881 884 3948 εἷς
916 3885 1024 3939 τῶν
1060 3883 1371 3956 ὁρωμένων,
1406 3883 1541 3936 ἀλλά
1574 3882 1692 3936 θεία
1724 3901 1808 3945 τις
1855 3883 1948 3936 καὶ

288 3980 507 4050 ἀόρατος
537 3976 765 4046 δύναμις
791 3975 870 4035 εἰς
896 3972 1018 4042 ὄψιν
1047 3971 1275 4042 ἀστέρος
1306 3969 1735 4042 σχηματισθεῖσα
1757 3987 1771 4000 ⁸
1799 3969 1948 4024 ἕλκει

289 4067 342 4120 δὲ
371 4067 562 4129 αὑτοὺς
591 4062 786 4134 ἀστὴρ,
820 4062 905 4114 ἵνα
929 4059 1210 4130 ἀπαλλάξῃ
1239 4058 1330 4112 τοῦ
1359 4059 1484 4130 περὶ
1511 4058 1747 4129 ἀστέρας
1766 4058 1948 4112 λοιπὸν

292 4153 646 4226 ὴηολῆσθαι,
692 4151 787 4204 καὶ
831 4149 930 4220 τὴν
977 4148 1076 4218 τῆς
1127 4146 1490 4217 ἀστρονομίας
1523 4145 1800 4217 καταλύσῃ
1852 4163 1948 4200 τυ-

295 4243 516 4313 ραννίδα.
567 4239 724 4293 Οῦτω
767 4235 862 4290 καὶ
914 4237 942 4289 6
983 4233 1194 4297 Παῦλος
1237 4234 1490 4304 ἐποίησε,
1537 4234 1628 4287 τὸν
1674 4236 1949 4307 Δεσπότην

291 4332 375 4385 τὸν
415 4327 606 4384 ἐαυτοῦ
654 4324 1023 4397 μιμούμενος·
1072 4321 1325 4391 Μιμηταὶ
1379 4322 1486 4391 γάρ
1525 4339 1644 4392 μου
1678 4323 1948 4392 γίνεσθε,

294 4418 437 4491 φησὶ,
469 4415 665 4481 καθὼς
691 4412 853 4482 κάγὼ
883 4410 1160 4480 Χριστοῦ.
1192 4408 1456 4481 Καθάπερ
1487 4410 1594 4480 γὰρ
1623 4410 1650 4462 6
1678 4403 1950 4480 Δεσπότης

296 4507 446 4561 αὑτοῦ
476 4507 687 4576 μάγους
712 4499 893 4555 καλῶν
927 4499 1151 4569 ἀστέρος
1180 4496 1422 4567 ἐπεμψεν
1451 4497 1593 4567 ὄψιν,
1621 4497 1707 4550 ἵνα.
1741 4498 1802 4550 τὸ
1825 4497 1950 4552 σύν-

296 4595 409 4665 ηθες
439 4591 754 4660 ἐπιγνόντες
780 4584 1014 4647 εὐκόλως
1063 4582 1433 4646 ὑπακούσωσι,
1464 4582 1556 4636 καὶ
1591 4581 1832 4647 ἐλθόντες
1860 4582 1952 4638 τὸν

295 4681 391 4734 τῶν
419 4681 668 4750 ἀστέρων
700 4675 851 4730 ἴδωσι
871 4673 1166 4742 Δεσπότην,
1194 4671 1288 4723 καὶ
1320 4671 1416 4740 τῆς
1438 4668 1675 4733 δουλείας
1707 4670 1949 4724 ἀπαλλα-

297 4771 468 4838 γέντες
502 4766 722 4836 ἐκείνης
741 4803 758 4824 ,
784 4760 960 4835 ταύτῃ
997 4759 1334 4832 προσέλθωσι
1357 4761 1422 4829 τῇ
1462 4758 1780 4829 δεσποτείᾳ.⁹
1810 4759 1953 4814 οὕτω

295 4857 348 4930 δὴ
375 4857 465 4911 καὶ
498 4854 664 4917 αὐτὸς
700 4850 908 4924 μέλλων
948 4847 1248 4920 περιτομὴν
1292 4846 1594 4918 καθαιρεῖν,
1630 4846 1767 4917 μετὰ
1799 4864 1953 4919 περι-

296 4947 450 5017 τομῆς
475 4941 693 5014 έπεμψε
713 4939 804 4993 τὸν
827 4938 1107 5008 Τιμόθεον.
1162 4934 1374 5006 Ἐπειδὴ
1399 4934 1507 5006 γὰρ
1551 4934 1790 4989 Ἰουδαῖοι
1811 4931 1952 5006 ἦσαν

297 5037 338 5088 οἰ
361 5034 644 5104 μέλλοντες
669 5028 831 5083 αὑτὸν
860 5025 1139 5097 δέχεσθαι,
1171 5024 1328 5086 αὑτὸς
1353 5025 1408 5077 δέ
1436 5019 1503 5095 ἦν
1531 5024 1787 5092 γυναικὸς
1825 5024 1952 5078 Ἰου-

297 5123 433 5187 δαίας
465 5120 668 5189 πιστῆς
703 5116 840 5180 016;,
870 5114 1072 5186 πατρὸς
1110 5111 1165 5165 δὲ
1204 5111 1494 5182 Ἕλληνος,
1528 5113 1622 5164 καὶ
1666 5110 1756 5165 διὰ
1797 5112 1954 5165 τοῦτο

298 5211 616 5282 ὰκρόϐυστος
638 5250 654 5273 ,
697 5203 993 5276 περιέθηκε
1027 5200 1123 5272 τὴν
1155 5199 1476 5272 περιτομὴν,
1512 5199 1581 5253 τά
1614 5199 1720 5254 τῶν
1759 5200 1955 5254 ἀλιέων

298 5297 651 5370 ἐργαζόμενος
670 5310 682 5322 ·
717 5291 812 5346 καὶ
842 5288 951 5361 γὰρ
981 5289 1178 5342 ἐκεῖνοι
1206 5285 1267 5340 τὸ
1299 5285 1591 5356 ἄγκιστρον
1616 5285 1821 5356 γυμνὸν
1854 5287 1955 5340 οὑκ

297 5389 506 5457 ἀφιᾶσιν
538 5384 620 5446 είς
651 5380 710 5434 1:6
737 5379 992 5446 πέλαγος,
1024 5374 1160 5430 6116
1187 5374 1354 5446 κρέας
1385 5372 1534 5444 αὑτῷ
1567 5373 1951 5445 περιτιθέντες.

302 5477 467 5529 Ἔστω
519 5471 701 5524 τοίνυν
753 5469 786 5538 ἡ
839 5465 1128 5534 συναγωγὴ
1179 5463 1442 5530 πέλαγος,
1495 5461 1544 5514 οἱ
1589 5461 1646 5515 δὲ
1715 5462 1956 5517 Ἰουδαῖοι

301 5564 486 5635 ἰχθύες,
513 5559 578 5612 τό
624 5556 681 5610 δὲ
716 5555 1010 5625 ἄγκιστρον
1049 5553 1078 5604 ό
1110 5549 1401 5622 Τιμόθεος.
1443 5550 1476 5621 ἡ
1515 5548 1570 5603 δὲ
1602 5551 1872 5622 περιτομὴ
1897 5551 1956 5606 τὸ

297 5650 451 5722 κρέας
493 5645 559 5700 τὸ
607 5643 684 5714 τῷ
719 5641 1002 5712 ἀγκίστρῳ
1045 5637 1484 5709 περιτιθέμενον,
1539 5638 1572 5722 6
1612 5637 1670 5690 δὲ
1712 5638 1892 5704 ἀλιεὺς
1929 5643 1956 5695 6

299 5721 497 5797 Παῦλος
515 5752 529 5765 θ
582 5733 762 5803 ῥίπτει
799 5729 977 5783 τοίνυν
1013 5728 1074 5781 τὸ
1101 5728 1392 5796 ἄγκιστρον
1421 5728 1498 5791 είς
1525 5721 1625 5793 τὴν
1650 5726 1918 5782 θάλατταν
1940 5770 1956 5796 ,

301 5826 439 5905 [379]
455 5824 570 5880 ἀλλ’
593 5822 652 5876 06
677 5819 898 5892 γυμνὸν,
921 5818 1008 5874 τὸν
1029 5817 1311 5891 Τιμόθεον,
1335 5817 1470 5888 μετά
1493 5818 1809 5890 περιτομῆς,
1841 5818 1952 5872 ἀλλ’

2033 474 2132 527 οὑκ
2161 475 2496 547 ἀκρόϐυστον
2519 496 2533 508 ·
2565 479 2616 532 εί
2645 477 2754 550 γάρ
2771 478 3106 550 ἀκρόϐυστον
3129 477 3394 549 ἔπεμψεν,
3420 480 3618 551 ἔφυγον
3637 482 3713 553 ειν-

2029 563 2078 614 01
2109 561 2318 632 ίχθύες,
2345 565 2550 635 γυμνὸν
2590 565 2652 619 τὸ
2690 567 2983 637 ἄγκιστρον
3029 565 3351 637 θεασάμενοι
3371 583 3389 602 ο
3424 567 3511 621 διά
3541 566 3706 624 ’τοῦτο

2031 647 2162 701 αὑτὸ
2186 649 2523 719 περιστέλλει
2541 655 2610 724 τῇ
2626 656 2894 724 περιτομῇ
2906 692 2918 716 ,
2939 653 3026 706 ἵνα
3038 653 3098 706 τὸ
3115 653 3341 724 σύνηθες
3368 655 3701 724 ἐπιγνόντες,

2030 734 2311 806 δράμωσιν
2337 738 2430 790 ἐπὶ
2457 737 2558 809 τὴν
2589 738 2793 810 θήραν,
2821 741 2915 793 καὶ
2943 740 3017 812 μὴ
3030 741 3364 814 σοϐήσητὴν
3379 743 3554 815 ἀγραν
3578 743 3708 814 δρα-

2034 819 2240 889 μόντων
2279 823 2372 876 ἐπὶ
2412 823 2512 894 τὴν
2554 823 2727 901 θήραν
2747 839 2760 854 ⁸
2785 826 2932 890 ὅπως
2964 826 3265 880 ἐλκυσθῶσι
3300 829 3397 899 μὲν
3429 829 3517 884 διὰ
3551 848 3708 902 περι-

2029 911 2228 979 τομῆς,
2273 910 2652 981 κατασχεθῶσι
2708 911 2775 966 δέ’
2802 911 2880 983 τῷ
2929 913 3072 984 λόγῳ
3120 914 3218 984 τῆς
3263 914 3638 980 διδασκαλίας’
3677 917 3707 969 ὃ

2031 993 2097 1067 δὴ
2125 995 2229 1049 καὶ·
2265 997 2510 1065 γέγονεν.
2553 998 2833 1053 Εἰσελθὼν
2866 999 2978 1069 γάρ
3033 1001 3128 1053 καὶ
3174 1003 3477 1074 περιτομὴν
3531 1002 3704 1074 έχων,

2031 1083 2295 1137 κατέλυσε
2328 1085 2428 1157 τὴν
2473 1088 2794 1157 περιτομήν.
2840 1087 3077 1141 Τοιαῦτα
3119 1092 3228 1161 γὰρ
3261 1090 3329 1143 τὰ
3355 1091 3453 1160 τῆς
3495 1091 3708 1144 0111000-

2035 1169 2164 1241 μίας
2183 1185 2201 1200 ο
2225 1172 2644 1241 συγκαταϐαίνει
2668 1172 2950 1243 πρότερον,
2991 1175 3086 1228 καὶ
3114 1175 3237 1228 τότε
3269 1175 3510 1247 ἀνασπᾷ.
3550 1176 3707 1230 Οὑτω

2033 1257 2129 1311 καὶ
2166 1259 2194 1312 ό
2227 1259 2459 1330 Χριστὸς
2499 1261 2722 1331 ἐποίησε
2763 1259 3073 1332 βαρϐάρους
3120 1261 3322 1319 καλῶν.
3356 1263 3572 1335 Ὠσπερ
3597 1263 3706 1335 γὰρ

2033 1343 2350 1417 ἀνθρώπους
2387 1346 2598 1411 καλῶν,
2637 1347 2920 1421 ἄνθρωπον
2951 1347 3708 1421 [ἀνθρώπουῒιπεριέθηκεν

2034 1431 2212 1503 ἐαυτῷ
2240 1435 2334 1488 καὶ
2358 1433 2482 1503 ϐψιν
2509 1435 2604 1488 11011
2626 1434 2788 1504 φύσιν
2806 1449 2822 1465 ⁶
2851 1433 2993 1489 οὑτω
3023 1436 3114 1490 καὶ
3149 1436 3354 1505 μάγους
3378 1435 3577 1501 καλῶν,
3608 1435 3710 1506 τὴν

2035 1518 2262 1590 ἀόρατον
2305 1520 2535 1591 δύναμιν
2580 1523 2658 1584 είς
2710 1521 2939 1593 ἀστέρος
2987 1521 3110 1591 ὄψιν
3155 1523 3539 1593 ἐσχημάτισεν.
3584 1523 3710 1575 Ὅτι

2032 1605 2140 1678 γὰρ
2169 1606 2268 1659 οὐκ
2295 1607 2468 1678 ἀστὴρ
2496 1603 2564 1678 ἦν
2594 1602 2674 1671 εἷς
2695 1606 2804 1660 τῶν
2833 1607 3042 1661 πολλῶν
3071 1609 3099 1661 0
3128 1608 3303 1678 ἀστὴρ
3335 1610 3562 1673 ἐκεῖνος,
3598 1607 3726 1662 ἀπᾶι

2034 1690 2128 1746 τοῦ
2162 1692 2362 1764 δρόμου
2408 1693 2666 1764 μάνθανε.
2722 1694 2797 1748 υὺ
2841 1694 2951 1765 γὰρ
2991 1694 3100 1748 61:6
3131 1694 3394 1764 ἀνατολῆς
3438 1697 3518 1759 είς
3555 1693 3711 1748 δύσιν

2037 1779 2290 1850 ἔτρεχεν,
2325 1780 2437 1834 ἀλλ’
2476 1782 2584 1836 611:6
2611 1782 2811 1852 ἄρκτου
2856 1783 2935 1846 εἰς
2983 1782 3167 1836 νότον·
3197 1781 3339 1836 οὑτω
3373 1783 3480 1854 γὰρ
3520 1784 3554 1853 ἡ
3592 1783 3706 1836 Πα-
3819 1833 3828 1840 .

2037 1863 2280 1936 λαιστίνη
2319 1866 2456 1937 πρὸς
2491 1867 2589 1937 τὴν
2620 1867 2854 1938 Περσίδα
2879 1869 3054 1921 κεῖται
3077 1882 3092 1897 ⁸
3121 1869 3214 1922 καὶ
3245 1868 3492 1937 φαίνεται
3525 1869 3624 1922 οὑκ
3650 1870 3710 1922 ἐν

2036 1952 2214 2017 νυκτὶ,
2244 1951 2360 2006 ἀλλ’
2381 1953 2440 2006 ἐν
2463 1952 2672 2025 ἡμέρᾳ,
2695 1954 2831 2026 ὅπερ
2860 1954 2960 2007 οὑκ
2990 1954 3135 2008 ἐστιν
3158 1955 3384 2026 ἀστέρος
3403 1970 3416 1983 '
3445 1955 3533 2008 διά
3551 1954 3711 2010 τοῦτο

2037 2039 2132 2094 καὶ
2169 2039 2417 2109 φαίνεται
2456 2043 2550 2094 11011
2583 2040 2914 2112 κρύπτεται,
2952 2041 3088 2115 ὅπερ
3121 2041 3241 2095 οὑδέ
3271 2042 3403 2096 αὑτὸ
3441 2042 3710 2113 ἀστέρος*

2037 2127 2130 2182 καὶ
2152 2127 2473 2200 κρύπτεται,
2493 2128 2580 2182 ὅτε
2601 2128 2874 2199 ἐπέϐησαν
2907 2128 3170 2201 ’Ῑεροσολύ
3178 2146 3316 2200 μων,
3345 2128 3441 2183 1161
3459 2129 3712 2199 φαίνεται
3819 2128 3822 2132 ’

2036 2215 2126 2271 ὅτε
2153 2215 2547 2287 ἀπηλλάγησαν
2577 2215 2672 2270 τοῦ
2702 2215 2977 2286 βασιλέως.
3012 2216 3174 2271 Ὅθεν
3203 2216 3361 2286 δῆλον
3407 2215 3483 2270 ὅτι
3509 2216 3710 2288 λογική

2034 2320 2119 2366 τις
2144 2298 2215 2376 ἦν
2249 2303 2476 2375 δύναμις
2522 2304 2659 2376 πρὸς
2686 2303 2747 2357 τὺ
2790 2302 3080 2375 ἐπιταχθὲν
3120 2304 3296 2358 πάντα
3328 2301 3708 2375 οίκονομοῦσα.

2037 2391 2152 2445 Οὑκ
2187 2390 2434 2446 ἐντεῦθεν
2462 2391 2519 2445 δέ
2563 2389 3126 2462 μόνον’τοῦτοδῆλον,
3161 2389 3274 2444 ἀλλ’
3317 2391 3397 2443 ὅτι
3443 2389 3711 2460 1161x519-

2037 2479 2334 2548 αγωγήσας
2369 2478 2506 2548 πρὸς
2537 2477 2634 2550 τὴν
2669 2478 3026 2548 φάτνην,ὀὑκ
3045 2477 3250 2531 ἀνωθεν
3283 2477 3465 2542 αὑτοῖς
3500 2476 3711 2530 δείκνυ-

2036 2581 2168 2629 ται,
2231 2563 2367 2618 ἀλλά
2404 2564 2556 2618 κάτω
2603 2563 2878 2618 κατελθὼν
2933 2563 3097 2635 ἔστη,
3139 2558 3198 2618 οῦ
3251 2559 3318 2634 ἦν
3355 2563 3416 2618 τὸ
3465 2563 3710 2627 παιδίον,

2039 2651 2224 2706 ἐπάνω
2253 2652 2392 2724 ὑπὲρ
2419 2652 2589 2723 αὑτῆς
2609 2651 2684 2712 ὡς
2706 2653 2878 2705 εἰπεῖν
2910 2651 3008 2722 τῆς
3031 2651 3297 2722 κεφαλῆς·
3333 2651 3381 2704 εί
3407 2649 3516 2721 γάρ
3536 2649 3712 2722 ἀστὴρ

2037 2733 2125 2810 ἦν,
2151 2739 2250 2793 οὑκ
2280 2738 2346 2792 ἂν
2383 2737 2623 2793 τοιοῦτον
2670 2738 2837 2804 ἔδειξε
2881 2739 3067 2804 τόπον,
3104 2737 3287 2792 στενὸν
3325 2738 3712 2808 1161115911091.-

2041 2825 2256 2897 σμένον.
2293 2828 2436 2880 Ἴστε
2471 2826 2580 2898 γὰρ
2609 2827 2778 2897 δήπου
2807 2826 3028 2896 σαφῶς,
3063 2827 3145 2880 ὅτι
3172 2825 3260 2880 61.6
3293 2825 3390 2898 τὴν
3412 2823 3714 2898 ὑπερϐολὴν

2039 2911 2131 2965 τοῦ
2176 2912 2341 2984 ὕψους
2369 2913 2492 2966 οὑδὲ
2533 2913 2742 2977 πόλεως
2770 2913 2933 2967 τόπον
2962 2912 3362 2985 χαρακτηρίσαι
3405 2910 3610 2964 δύναιτ’
3647 2911 3714 2965 ἂν

2041 2999 2250 3071 ἀστὴρ,
2307 2999 2431 3053 οὑδέ
2481 2999 2721 3072 εὑσημός
2778 3001 2926 3054 ἐστιν
2979 2999 3143 3054 αὑτοῦ
3193 3001 3228 3071 ή
3275 2999 3458 3053 εὐθεῖα
3503 3000 3538 3071 ἡ
3573 2997 3716 3052 κατὰ

2042 3086 2272 3141 κάθετον
2301 3087 2568 3159 ἀφιεμένη
2611 3088 2699 3141 διά
2740 3086 2838 3159 τὴν
2883 3087 3188 3158 ὑπερϐολὴν
3229 3086 3338 3140 τῶν
3377 3086 3709 3157 ὑψωμάτων.

2056 3178 2292 3240 Ἐκεῖνος
2340 3175 2396 3229 δέ
2445 3174 2541 3228 καὶ
2589 3174 2785 3248 μικρὸν
2833 3174 3033 3245 χωρίον
3084 3175 3179 3228 καὶ
3223 3173 3430 3244 φάτνην
3479 3173 3713 3237 ἐδείκνυ,

2045 3263 2271 3334 πλησίον
2301 3262 2400 3334 τῆς
2427 3261 2669 3332 κεφαλῆς
2694 3261 2979 3332 γενόμενος
3001 3300 3016 3326 ,
3057 3261 3152 3314 καὶ
3183 3259 3360 3326 δείξας
3383 3259 3586 3324 εὑθέως
3609 3259 3716 3313 ἀπο

2045 3352 2311 3424 ἐπήδησεν
2331 3369 2344 3382 ·
2380 3351 2517 3422 ὅπερ
2545 3349 2644 3402 οὐκ
2671 3345 2739 3420 ἦν
2761 3348 3008 3423 ἀστέρος.

2114 3437 2180 3503 ζ’.
2214 3439 2277 3491 Εἰ
2329 3437 2386 3491 δὲ
2432 3437 2482 3490 οἱ
2537 3437 2702 3507 μάγοι
2751 3436 3006 3504 λέγουσι,
3059 3434 3315 3506 Εἷδομεν
3373 3433 3560 3491 αὑτοῦ
3609 3435 3716 3488 τὸν

2044 3527 2299 3596 ἀστέρα,
2354 3524 2463 3580 ἀπὸ
2506 3525 2604 3596 τῆς
2650 3524 2855 3589 οἰκείας
2902 3525 3098 3596 τέχνης
3142 3525 3280 3588 τέως
3322 3524 3713 3595 φθεγγόμενοι,

2048 3615 2268 3688 ὕστερον
2300 3613 2482 3682 μέντοι
2509 3611 3008 3684 χειραγωγηθέντες
3029 3611 3441 3683 ἀπηλλάγησαν.
3467 3612 3588 3666 Ὅτι
3608 3611 3716 3681 γὰρ

2046 3702 2180 3774 ὁμοῦ
2207 3719 2262 3756 τε
2298 3697 2439 3754 εἶδον
2466 3700 2557 3754 τὸν
2585 3699 2792 3771 ἀστέρα
2815 3699 2909 3753 καὶ
2934 3699 3032 3770 τῆς
3062 3699 3269 3771 πλάνης
3300 3699 3715 3769 ἀπηλλάγησαν,

2048 3791 2138 3859 ἀφ’
2181 3781 2242 3842 οῦ
2284 3786 2649 3859 προσκυνοῦσι
2676 3787 2862 3858 δῆλονο
2893 3788 2942 3840 εί
2967 3788 3075 3858 γὰρ
3099 3787 3194 3839 ’ένα
3232 3786 3338 3838 τῶν
3363 3786 3570 3839 πολλῶν
3605 3786 3719 3839 ἐνό-

2051 3877 2227 3950 μιζον,
2252 3877 2353 3931 οὑκ
2383 3877 2449 3930 ἂν
2479 3874 2914 3948 προσεκύνησαν.
2951 3875 3016 3927 Τί
3045 3874 3154 3945 γάρ
3193 3873 3534 3945 προσεδόκων
3569 3875 3720 3944 παρὰ

2049 3965 2259 4019 παιδίου
2288 3962 2382 4018 καὶ
2417 3961 2557 4028 ξένοι
2587 3962 2683 4016 καὶ
2715 3959 2977 4032 ἐπήλυδες
3011 3962 3104 4015 καὶ
3135 3960 3431 4032 βάρϐαροι;
3463 3958 3625 4013 πόθεν
3661 3960 3719 4012 δὲ

2049 4054 2243 4125 ᾔδεσαν
2276 4054 2360 4107 ὅτι
2399 4049 2583 4123 βιώσει
2613 4051 2707 4104 καὶ
2747 4039 3016 4126 ἀποδώσει
3049 4049 3148 4114 τὰς
3174 4048 3407 4119 ἀμοιϐάς
3433 4047 3614 4110 αὐτοῖς
3653 4048 3718 4099 ἐκ

2049 4141 2300 4195 τοσούτου
2336 4139 2699 4210 διαστήματος
2741 4133 2908 4202 ὀῦσι;
2942 4137 3060 4201 πῶς
3105 4137 3161 4190 δὲ
3197 4137 3287 4190 τὸν
3328 4136 3571 4206 παρόντα
3598 4134 3714 4188 κίν-

2050 4230 2201 4282 δδνον
2234 4228 2307 4281 οὑ
2365 4227 2677 4297 προείλοντο
2726 4223 3145 4298 [προείδοντοῖ]
3178 4241 3192 4290 ;
3234 4223 3351 4288 πῶς
3384 4223 3441 4276 δὲ
3497 4222 3598 4274 οὑκ
3632 4221 3721 4274 ἐνο

2051 4318 2279 4388 ενὸησαν
2306 4303 2387 4369 ὅτι
2413 4315 2507 4369 καὶ
2549 4312 3065 4386 προεξαρπασθῆναι
3118 4313 3263 4376 εἰκὸς
3303 4311 3402 4382 τῆς
3436 4308 3720 4382 παρούσης

2054 4404 2216 4474 ζωῆς,
2246 4403 2338 4457 τοῦ
2371 4403 2490 4456 τότε
2521 4391 2902 4472 βασιλεύοντος,
2931 4400 3128 4463 αὑτοὺς
3165 4398 3552 4470 ἀναιροῦντος;
3586 4396 3639 4451 τί
3665 4396 3722 4449 δὲ

2055 4493 2146 4543 καὶ
2177 4490 2448 4560 βασιλείας
2480 4489 2744 4560 σύμϐολον
2771 4482 2958 4552 ἐίδον;
2995 4489 3120 4541 ποῖα
3162 4485 3510 4557 προπύλαια;
3539 4484 3724 4546 ποίους

2053 4577 2420 4648 δορυφόρους;
2489 4575 2672 4638 ποίους
2728 4577 3104 4640 ὑπασπιστάς;
3173 4573 3334 4627 ποίαν
3391 4572 3723 4644 θεραπείαν;

2056 4669 2224 4731 ποίας
2259 4666 2491 4730 ἀσπίδας
2522 4667 2761 4736 χρυσᾶς;
2805 4667 2932 4718 ποία
2963 4663 3250 4734 όχήματα;
3288 4663 3440 4716 ποῖον
3489 4661 3722 4732 ὅροφονς

2056 4756 2212 4819 ποίας
2249 4755 2453 4819 αὑλάς;
2495 4753 2659 4807 ποίων
2688 4750 2956 4821 εὐνούχων
2995 4750 3230 4821 ἀγέλην;
3278 4750 3446 4804 Οὐδὲν
3477 4748 3719 4810 τούτων,

2053 4843 2187 4897 ἁλλά
2211 4841 2468 4896 τάναντία
2489 4841 2730 4903 ἅπαντα,
2771 4840 2979 4908 φάτνην
2997 4837 3092 4891 καὶ
3132 4837 3374 4908 καλύϐην
3424 4837 3516 4889 καὶ
3559 4835 3724 4889 κατά-

2053 4932 2200 5003 λυμα
2235 4930 2329 4983 καὶ
2374 4927 2588 5000 μητέρα
2614 4925 2835 4997 πτωχὴν
2865 4925 2960 4980 1161
2991 4925 3179 4979 πενίαν
3205 4924 3602 4995 ἐπιτεταμένην
3628 4924 3724 4976 καὶ

2055 5020 2362 5091 σπάργανα.
2392 5015 2508 5069 Τίνι
2543 5015 2723 5068 τοίνυν
2767 5014 3104 5088 προσέφερον
3143 5015 3234 5066 τὸν
3262 5011 3463 5084 χρυσὸν
3503 5016 3598 5066 11011
3629 5011 3721 5063 τὸν

2052 5108 2270 5162 λίϐανον
2313 5105 2408 5158 καὶ
2451 5103 2550 5174 τὴν
2601 5101 2880 5174 σμύρναν;
2929 5101 3029 5155 οὐκ
3074 5099 3294 5172 εὔδηλον
3323 5099 3405 5153 ὅτι
3445 5102 3509 5170 τῇ
3541 5097 3722 5150 πίστει

2054 5196 2153 5268 ἤδη
2207 5190 2348 5266 ἦσαν
2405 5191 2810 5263 ἐπτερωμένοι;
2867 5191 2978 5244 K011
3024 5189 3194 5262 πολλὴ
3245 5189 3279 5260 ὴ
3325 5186 3558 5258 διαφορά
3611 5186 3721 5240 τῶν

2053 5283 2272 5356 δώρων,
2318 5278 2478 5353 [καὶ]
2524 5277 2874 5350 κηρύγματος
2925 5275 3196 5347 ἐπέχουσα
3248 5274 3422 5340 τάξιν.
3487 5273 3563 5328 O6
3612 5272 3722 5343 γάρ

2053 5371 2356 5442 ἀπόϐλητος
2378 5371 2407 5423 6
2433 5369 2617 5445 λόγος,
2645 5369 2694 5422 εἰ
2726 5368 2816 5422 καὶ
2851 5366 3003 5440 ποιρά
3036 5365 3248 5420 πολλῶν
3269 5363 3520 5437 εἴρηται,
3556 5364 3636 5417 ὅτι
3657 5361 3722 5433 δὴ

2055 5461 2147 5516 καὶ
2168 5459 2300 5513 Θεὸν
2326 5457 2638 5530 ὡμολόγουν
2659 5456 2746 5510 διά
2782 5455 2929 5530 [580]
2967 5455 3060 5509 τοῦ
3088 5455 3334 5519 λιϐάνου,
3371 5455 3464 5508 καί
3498 5451 3734 5523 βασιλέα.
3808 5504 3813 5508 _

2054 5550 2141 5604 61.6
2165 5547 2259 5602 τοῦ
2281 5545 2506 5619 χρυσοῦ,
2531 5546 2627 5601 καὶ
2659 5544 2751 5598 τὸν
2773 5546 3050 5617 πάσχοντα
3097 5543 3185 5597 διὰ
3219 5543 3316 5612 τῆς
3360 5541 3605 5612 σμύρνης
3627 5538 3722 5590 τὸν

2055 5640 2223 5709 τάφον
2253 5635 2652 5707 ἐνδεικνύμενοι
2672 5652 2685 5666 ·
2723 5635 2864 5689 οὑτω
2900 5633 3028 5704 γοῦν
3067 5634 3160 5686 καὶ
3185 5632 3358 5701 ἐτάφη
3380 5647 3393 5660 ο
3427 5629 3519 5682 κα).
3551 5626 3722 5680 ταῦτα

2055 5729 2121 5782 δι’
2143 5720 2217 5780 ὧν
2235 5727 2450 5781 ἐποίουν
2469 5720 2615 5780 οῦτοι
2633 5722 3065 5796 προανεφώνουν.
3081 5721 3153 5774 Οὑ
3174 5719 3347 5773 τοίνυν
3365 5716 3723 5787 ἀστρονομίας

2065 5818 2215 5890 ἰσχὺς
2241 5810 2306 5889 ἦν
2343 5815 2400 5870 τὸ
2430 5815 2730 5887 γινόμενον,
2763 5812 2874 5869 ἀλλ’
2899 5809 3206 5882 οἰκονομίας
3254 5804 3419 5861 Θεοῦ’
3454 5805 3516 5858 οὑ
3557 5803 3665 5876 γὰρ
3693 5805 3722 5859 6
