4064 6546
481 325 589 384 51:9

477 446 677 519 ἀρετὴν
702 445 868 501 ἐλθὼν
897 443 1100 509 διδάξαι
1138 440 1307 495 ὲποίει
1342 440 1704 511 ἀστρονομίαν
1738 442 2147 513 ἐπεισάγεσθαι,

481 529 619 585 ἀλλά
635 532 728 585 καὶ
752 531 953 600 σφόδρα
980 527 1149 600 αὐτὴν
1170 525 1429 581 καταλύει
1449 529 1507 579 ὲν
1531 524 1609 597 τῷ
1647 528 1819 581 θέλειν
1848 530 1942 583 καὶ
1965 530 2044 602 τῷ
2075 530 2152 601 μὴ

482 617 655 671 θέλειν
667 619 848 672 πάντα
862 616 1171 687 ὁριζόμενος
1191 610 1329 669 εἶναι
1352 614 1447 668 καὶ⁹
1465 614 1533 668 τά
1548 615 1691 669 καλά
1711 616 1802 670 καὶ
1814 617 1882 671 τά
1900 618 1975 690 μὴ
1991 619 2149 675 καλά.

486 704 587 758 Διά
605 704 760 757 τοῦτο
778 703 872 757 καί⁵
893 702 1115 771 γέενναν
1135 702 1419 774 ἠπείλησε,
1445 702 1540 755 καὶ
1562 701 1833 772 βασιλείαν
1856 704 2117 776 ἡτοίμασε
2130 727 2141 741 ·

480 791 581 845 οῦκ
603 790 669 845 ἂν
692 791 749 844 δὲ
775 792 887 854 τοῖς
915 789 1129 861 ἀνάγκῃ
1162 788 1464 860 δεδεμένοις
1492 787 1616 842 οῦτε
1648 790 1941 859 στεφάνους
1960 792 2144 863 ηὐτρέ-

481 894 672 941 πισεν,
706 875 829 929 οὔτε
867 877 1086 930 κόλασιν
1123 875 1419 946 ἠπείλησε*
1463 875 1571 929 τῶν
1612 875 1722 948 γὰρ
1767 878 1826 931 ἐν
1854 881 1918 950 τῇ
1957 878 2150 950 γνώμῃ

481 962 778 1033 γινομένων
815 963 987 1017 ταῦτα
1019 962 1289 1032 ἑκάτερα*
1329 959 1434 1014 οὐκ
1469 960 1537 1014 ἂν
1566 963 1761 1033 νόμους
1790 963 2018 1034 έθηκεν,
2053 965 2154 1019 οὐκ

482 1047 551 1103 ἂν
582 1047 932 1117 παραινέσεις
971 1048 1297 1120 παρῄνεσεν,
1330 1046 1431 1100 οῦκ
1464 1047 1530 1101 ἂν
1564 1047 1802 1103 τοσαῦτα
1838 1050 2182 1120 εἰργάσατο,’

482 1135 533 1188 εἰ
573 1135 786 1206 ἀνάγκῃ
826 1135 888 1189 τὸ
932 1135 1040 1188 τῶν
1073 1133 1373 1204 ἀνθρώπων
1404 1133 1559 1202 γένος
1598 1135 1879 1206 δεδεμένον
1903 1131 1971 1207 ἦν
1991 1153 2005 1168 ·
2038 1136 2152 1190 ἀλλ’

482 1222 670 1293 ὲπεῶὴ
714 1221 987 1293 ἐλεύθεροι
1036 1220 1131 1275 καὶ
1173 1220 1547 1293 προαιρέσεώς
1592 1223 1757 1293 ἐσμεν
1796 1222 2005 1295 κύριοι,
2044 1223 2155 1277 ἀπὸ

487 1308 756 1379 ῥᾳθυμίας
797 1308 1071 1380 γινόμενοι
1117 1306 1345 1377 φαῦλοι,
1382 1306 1493 1361 ἀπὸ
1520 1308 1619 1379 τῆς
1660 1310 1895 1381 σπουδῆς
1921 1311 2152 1383 χρηστοὶ

485 1395 579 1447 καὶ
622 1395 913 1458 ἐπιεικεῖς,
949 1393 1021 1447 τά
1066 1395 1306 1464 σωτήρια
1364 1392 1630 1463 φάρμακα
1672 1394 1767 1448 καὶ
1820 1396 1957 1466 πρὸς
1989 1396 2147 1449 τοῦτο

483 1480 681 1550 ἄγοντα
705 1476 836 1553 ἦλθε
877 1479 1303 1544 κατασκευάζων
1322 1518 1338 1543 ,
1379 1478 1457 1549 τῷ
1495 1479 1647 1550 φόϐῳ
1680 1480 1780 1551 τῆς
1812 1483 2036 1554 γεέννης
2062 1483 2155 1537 καὶ

483 1572 551 1640 τῇ
574 1569 672 1641 τῆς
707 1568 979 1640 βασιλείας
1004 1569 1306 1641 ἐπαγγελίᾳ
1333 1568 1461 1633 τοῦς
1488 1569 1713 1634 πολλοὺς
1742 1571 2119 1644 διορθούμενος
2137 1611 2154 1637 ,

487 1657 578 1711 καὶ
601 1657 689 1710 διά
708 1658 815 1711 τῶν
832 1656 1012 1727 νόμων
1034 1656 1342 1725 φιλοσοφεῖν
1365 1655 1660 1711 παιδεύων.

560 1743 683 1797 Ὀτι
704 1744 812 1817 γάρ
837 1742 959 1798 οῦτε
983 1743 1198 1812 γένεσίς
1225 1744 1392 1808 ἐστιν,
1432 1742 1555 1797 οὔτε
1580 1742 1778 1815 δρόμος
1802 1744 2047 1817 ἀστέρων
2085 1745 2156 1801 τά

486 1829 802 1902 ἀνθρώπινα
842 1831 1080 1894 διοικῶν,
1116 1831 1211 1884 καὶ
1248 1830 1357 1884 τῶν
1393 1831 1625 1902 Γραφῶν
1656 1832 1824 1904 χωρὶς
1853 1833 1949 1885 ἀπ’
1977 1834 2156 1889 αὐτῶν

485 1916 593 1970 τῶν
610 1914 944 1987 πραγμάτων
961 1915 1141 1986 δῆλον.
1165 1918 1229 1971 Εἰ
1244 1916 1354 1989 γάρ
1375 1916 1480 1971 ὑπὸ
1503 1917 1720 1986 γένεσιν
1737 1919 1801 1972 τά
1817 1918 2153 1991 ἀνθρώπινα,

485 2001 629 2066 τίνος
673 2002 859 2056 ἕνεκεν
903 2005 1187 2073 μαστιγοῖς
1231 2003 1323 2057 τὸν
1372 2004 1589 2075 οἰκέτην
1636 2005 1962 2075 κεκλοφότα;
2013 2008 2157 2071 τίνος

484 2088 670 2141 ἕνεκεν
714 2087 1091 2158 μοιχευθεῖσαν
1126 2088 1225 2160 τὴν
1272 2093 1505 2160 γυναῖκα
1556 2093 1638 2155 εἰς
1695 2091 2022 2163 δικαστήρια
2065 2093 2155 2147 ἔλ-

487 2192 634 2240 κεις;
696 2174 840 2239 τίνος
877 2174 1061 2229 ἕνεκεν
1098 2176 1329 2248 αἰσχύνῃ
1375 2178 1444 2230 τά
1496 2178 1710 2249 πονηρά
1763 2179 2054 2250 πράττων;
2106 2181 2157 2233 εἰ

485 2264 595 2333 γάρ
636 2261 881 2333 ἀνάγκης
926 2263 1042 2315 ἐστὶ
1075 2263 1136 2316 τὸ
1181 2263 1516 2335 ἁμάρτημα,
1551 2264 1696 2328 τίνος
1720 2265 1905 2319 ἕνεκεν
1932 2266 2053 2320 οὐδὲ
2088 2267 2158 2321 τά

487 2347 709 2419 ῥήματα
759 2348 944 2419 φέρεις
989 2347 1411 2420 ὀνειδιζόμενος,
1449 2350 1565 2405 ἀλλ’
1617 2353 1685 2407 ἀν
1715 2352 1799 2416 τίς
1840 2370 1900 2407 σε
1950 2353 2156 2426 καλέσῃ

489 2435 711 2505 μοιχὸν,
754 2435 787 2507 ἢ
832 2436 1064 2506 πόρνον,
1123 2436 1157 2507 ἢ
1209 2437 1569 2509 ἀνδροφόνον,
1624 2438 1783 2513 ῦϐριν
1822 2440 1884 2494 τδ
1924 2442 2158 2513 πρᾶγμα

487 2522 705 2590 καλεῖς;
748 2523 809 2576 Εἰ
849 2522 956 2595 γὰρ
987 2522 1064 2595 μὴ
1098 2522 1201 2594 τῆς
1242 2525 1341 2595 σῆς
1372 2524 1598 2597 γνώμης
1638 2527 1708 2582 τά
1742 2528 2118 2599 ἁμαρτήματα
2139 2569 2153 2593 ,

486 2608 609 2661 οῦδὲ
641 2608 890 2680 ἔγκλημα
931 2609 993 2663 τὸ
1025 2610 1364 2681 γιγνόμενον,
1399 2612 1519 2667 οὐδὲ
1550 2612 1707 2684 ὕϐρις
1740 2614 1803 2667 τὸ
1842 2615 2152 2683 λεγόμενον.

487 2693 602 2747 Νῦν
649 2693 707 2746 δὲ
749 2696 842 2748 καὶ
889 2695 956 2749 δι’
998 2688 1075 2749 ὧν
1117 2696 1323 2769 ἑτέροις
1369 2697 1641 2766 δικάζεις,
1685 2697 1779 2755 καὶ
1816 2698 1884 2753 δι’
1929 2693 2005 2754 ὧν
2045 2704 2156 2765 τοῖς

487 2779 891 2849 ἁμαρτάνουσιν
933 2781 994 2834 οὐ
1035 2782 1462 2863 συγγινώσκεις,
1496 2783 1591 2838 καὶ
1626 2784 1694 2838 δι’
1742 2779 1817 2840 ὧν
1860 2784 2019 2851 αὐτὸς
2068 2790 2154 2841 αἰ-

487 2865 654 2938 σχύνῃ
702 2867 954 2939 πράττων
1003 2871 1097 2923 καὶ
1141 2869 1421 2925 λανθάνειν
1477 2872 1830 2941 σπουδάζεις,
1887 2874 1980 2928 καὶ
2030 2875 2154 2940 τοὺς

485 2953 657 3008 ταῦτά
683 2972 764 3009 σοι
808 2955 1184 3028 προφέροντας
1231 2958 1492 3030 ὑϐριστὰς
1534 2958 1807 3031 νομίζεις,
1847 2958 2022 3034 [καὶ]
2067 2960 2155 3016 διά

490 3043 709 3097 πάντων
763 3044 1079 3115 ὁμολογεῖς,
1122 3047 1203 3101 ὃτι
1245 3048 1344 3102 οῦκ
1398 3047 1611 3121 ἀνάγκῃ
1652 3049 1858 3105 δέδεται
1911 3052 1981 3106 τά
2023 3052 2159 3124 ἡμέ-

488 3146 640 3201 τερα,
671 3130 807 3184 ἀλλά
838 3131 1121 3206 ἐλευθερίᾳ
1150 3133 1466 3206 τετίμηται·
1496 3138 1609 3201 τοῖς
1642 3135 1771 3205 γοῦν
1795 3137 2008 3211 ἀνάγκη
2036 3157 2159 3193 κατ-

487 3217 764 3287 εχομένοις
789 3219 882 3273 καὶ
911 3220 1304 3290 συγγινώσκειν
1342 3222 1702 3294 ἐπιστάμεθα.
1740 3226 1837 3278 Ἂν
1881 3226 2011 3295 γοῦν
2055 3227 2159 3280 ὑπὸ

484 3304 740 3374 δαίμονός
784 3322 870 3369 τις
904 3309 1270 3379 κατεχόμενος
1299 3310 1445 3379 ἡμᾶς
1473 3309 1681 3381 πλήξῃ,
1712 3311 1803 3363 καὶ
1830 3311 1922 3364 τὸν
1958 3311 2159 3383 χιτῶνα

487 3390 777 3463 διαρῤήξῃ,
819 3393 852 3463 ἢ
894 3394 1107 3464 πληγάς
1147 3395 1579 3467 προστρίψηται,
1608 3397 1670 3449 οὐ
1717 3397 1877 3467 μόνον
1904 3398 2067 3453 αὐτὸν
2094 3399 2156 3452 οῦ

486 3477 810 3548 κολάζομεν,
828 3480 950 3533 οῦδὲ
984 3482 1064 3545 εἰς
1089 3482 1414 3553 δικαστήρια
1430 3482 1681 3554 ἕλκομεν,
1704 3483 1840 3538 ἀλλά
1859 3485 1954 3537 καὶ
1980 3484 2159 3539 ἐλεοῦ-

488 3581 590 3634 μεν
642 3565 737 3618 καὶ
778 3567 1239 3639 συγγινώσκομεν.
1291 3569 1356 3621 Τί
1404 3568 1635 3640 δήποτε;
1690 3570 1811 3623 Ὅτι
1841 3570 1941 3641 οὐχ
1987 3571 2022 3642 ή
2060 3572 2158 3644 τῆς

486 3653 860 3724 προαιρέσεως
905 3656 1188 3729 ἐλευθερία
1212 3695 1226 3720 ,
1267 3656 1382 3711 ἀλλ’
1422 3658 1458 3729 ἡ
1510 3657 1603 3711 τοῦ
1649 3657 1900 3730 δαίμονος
1941 3659 2154 3732 ἀνάγκη

483 3740 655 3793 ταῦτα
697 3743 1009 3815 εἰργάσατο.
1054 3746 1215 3799 Ὥστε
1255 3746 1304 3799 εἰ
1352 3747 1445 3800 καὶ
1490 3745 1559 3799 τά
1609 3744 1743 3800 ἀλλα
1786 3748 2157 3818 ἁμαρτήματα

484 3828 592 3882 ἀπὸ
623 3829 722 3900 τῆς
757 3831 1002 3902 ἀνάγκης
1034 3832 1134 3903 τῆς
1168 3833 1310 3887 κατά
1335 3833 1436 3905 τὴν
1482 3833 1850 3905 πεπρωμένην
1890 3829 1981 3905 ἦν,
2034 3852 2158 3889 συν-

485 3912 731 3982 ἐγνωμεν
763 3914 847 3969 ἀν’
887 3916 1075 3986 ἐπειδὴ
1107 3916 1165 3969 δὲ
1210 3915 1387 3987 ῖσμεν,
1433 3918 1514 3969 ὃτι
1543 3917 1644 3970 οῦκ
1682 3917 1847 3987 ἐσμὲν
1885 3917 2152 3990 ἀνάγκης,

482 3992 573 4045 διὰ
609 3993 766 4047 τοῦτο
799 3995 859 4049 οῦ
906 3996 1377 4067 συγγινώσκομεν,
1418 3997 1543 4051 οὔτε
1584 3999 1842 4052 δεσπόται
1879 3998 2114 4063 οἰκέταις
2137 4039 2153 4065 ,

484 4072 606 4127 οὔτε
653 4075 844 4146 ἀνδρες
888 4076 1154 4143 γυναιξὶν,
1209 4075 1331 4130 οὔτε
1387 4081 1644 4146 γυναῖκες
1700 4079 1976 4150 ἀνδράσιν,
2032 4080 2154 4136 οὔτε

482 4160 718 4230 πατέρες
745 4162 950 4225 παισὶν,
978 4160 1102 4216 οὔτε
1137 4162 1445 4218 διδάσκαλοι
1477 4165 1766 4236 μαθηταῖς,
1801 4166 1923 4221 οὕτε
1950 4167 2148 4240 ἄρχον-

479 4259 572 4307 τες
602 4244 946 4315 ἀρχομένοις,
985 4244 1109 4299 οὔτε
1156 4246 1439 4317 νομοθέται
1473 4249 1943 4322 νομοθετουμένοις
1967 4292 1981 4317 ,
2014 4252 2147 4308 ἀλλά

482 4332 670 4400 πικροὶ
698 4331 808 4384 τῶν
835 4331 1259 4403 τετολμημένων
1290 4332 1574 4399 ἐξετασταὶ
1602 4337 1696 4390 καί
1731 4339 1959 4409 τιμωροὶ
1998 4340 2145 4409 γινό-

483 4416 646 4487 μεθα,
676 4418 769 4471 καὶ
796 4418 1117 4492 δικαστήρια
1158 4421 1661 4493 καταλαμϐάνομεν,
1710 4427 1803 4477 καλ⁵
1831 4425 2043 4496 πληγὰς
2064 4428 2155 4479 ὲπι-

481 4502 704 4573 άγομεν,
735 4505 827 4558 καὶ
849 4505 1195 4579 ἐπιτιμήσεσι
1227 4507 1505 4579 χρώμεθα,
1534 4510 1628 4563 καὶ
1647 4510 1823 4564 πάντα
1839 4512 2151 4583 πράττομεν

480 4590 627 4659 ὅπως
660 4593 752 4647 καὶ
778 4594 866 4650 τὸν
892 4596 1108 4669 οἰκέτην
1131 4597 1525 4670 ἀπαλλάξωμεν
1553 4600 1748 4664 κακίας
1780 4600 1874 4653 καὶ
1915 4600 2007 4656 τὸν
2038 4601 2148 4656 υἱὸν

1296 328 1352 382 S.
1391 326 1676 383 JOANNIS
1714 327 2208 385 CHRYSOSTOMI
2247 326 2567 384 ARCIIIEP.
2605 325 3152 383 CONS’I‘ANTINOP.

3774 329 3859 383 510

2256 443 2537 515 πονηρίας.
2576 442 2735 494 Ὅθεν
2780 442 2964 503 αὐτοῖς
3009 440 3102 493 καὶ
3134 438 3502 507 παιδαγωγοὺς
3543 438 3862 511 καθιστῶμεν,

2254 530 2347 582 καὶ
2374 529 2454 591 εἰς
2481 527 2827 588 διδασκάλους
2851 526 3159 595 πέμποντες
3188 525 3405 579 ἀπειλοῦ
3414 542 3531 594 μεν,
3564 526 3651 577 καὶ
3684 526 3862 596 πληγὰς

2251 614 2578 685 ἐντείνομεν.
2617 612 2769 676 Τίνος
2798 612 3003 679 ἕνεκεν,
3040 612 3159 666 εἰπέ
3193 630 3299 684 μοι,
3332 613 3429 665 καὶ
3467 611 3552 664 διά
3578 612 3665 676 τίς
3703 614 3746 665 εἰ
3776 615 3863 685 γὰρ

2250 702 2479 772 εἵμαρτο
2509 699 2657 771 αύτῷ
2701 698 2955 768 γενέσθαι
2998 699 3223 769 φαῦλον,
3249 699 3331 762 τίς
3370 698 3526 769 χρεία
3570 699 3670 753 τῶν
3700 699 3863 772 βοηθη-

2255 789 2474 861 μάτων;
2507 786 2715 842 Ούκοῦν
2743 786 2961 857 εὔδηλον
3010 788 3092 841 ὅτι
3135 789 3237 840 οῦκ
3273 788 3487 857 ἀνάγκη
3524 787 3742 853 δέδεται,
3771 789 3864 842 ἀλλ’

2252 878 2310 929 ὲν
2337 878 2403 947 τῇ
2428 874 2816 945 προαιρέσειτὸ
2840 875 2947 927 πᾶν
2971 877 3165 927 κεῖται.
3191 873 3337 945 [38!]
3360 874 3451 925 Διὸ
3472 874 3561 926 καὶ
3594 873 3866 944 βοηθήματα

2252 963 2622 1035 προσάγομεν,
2666 961 2759 1015 καὶ
2803 962 2904 1031 τῆς
2956 962 3229 1034 ῥᾳθυμίας
3280 962 3582 1030 ἀπάγομεν,
3627 963 3713 1016 καὶ
3758 967 3869 1034 πρὸς

2251 1052 2453 1124 ἀρετὴν
2502 1050 2965 1122 χειραγωγοῦμεν.
2998 1051 3154 1113 Τίνος
3198 1051 3256 1104 δὲ
3297 1052 3483 1103 ἕνεκεν
3518 1051 3611 1121 τὴν
3643 1051 3871 1106 θάλατταν

2253 1138 2508 1209 πλέομεν,
2541 1138 2641 1209 τὴν
2683 1137 2787 1207 γῆν
2836 1137 3209 1209 γεωργοῦμεν,
3257 1138 3353 1190 καὶ
3392 1138 3575 1201 πόλεις
3604 1138 3868 1210 οἰκοδομοῦο

2255 1242 2376 1295 μεν,
2406 1224 2606 1295 πολλήν
2633 1241 2694 1277 τε
2741 1222 2975 1295 σπουδὴν
3008 1224 3270 1295 ποιοῦμεν
3314 1224 3611 1289 νοσοῦντες,
3649 1227 3733 1279 καὶ
3763 1230 3869 1297 χρή-

2256 1329 2401 1384 ματα
2432 1311 2780 1383 δαπανῶμεν,
2815 1312 2910 1366 καὶ
2958 1313 3177 1383 ἰατροὺς
3203 1311 3499 1383 καλοῦμεν,
3532 1314 3622 1365 καὶ
3650 1313 3870 1384 φάρμακα

2238 1399 2757 1479 μτασκευάζομεν,
2808 1400 2904 1453 καὶ
2949 1402 3187 1471 γαστρὸς
3217 1400 3541 1471 κατέχομεν,
3587 1402 3675 1453 καὶ
3722 1401 3863 1454 ἐπιθυ-

2256 1491 2384 1564 μίαν
2434 1491 2767 1562 κολάζομεν;
2799 1489 2863 1545 Εἰ
2911 1490 3044 1561 γάρ,
3084 1490 3161 1554 ὡς
3203 1490 3268 1543 σὺ
3319 1491 3446 1559 φῂς,
3476 1490 3717 1560 εἵμαρται
3744 1489 3873 1560 ζῆσαι

2254 1581 2348 1634 καὶ
2377 1580 2688 1644 ἀποθανεῖν,
2722 1578 2951 1650 περιττά
2990 1577 3099 1633 τῶν
3142 1579 3443 1649 χρημάτων
3477 1578 3545 1631 τά
3571 1578 3872 1647 ἀναλώματα,

2257 1667 2510 1739 περιτταὶ
2529 1666 2636 1720 τῶν
2663 1666 2861 1737 ἰατρῶν
2884 1668 2939 1719 αἰ
2963 1665 3179 1730 εῖσοδοι,
3209 1664 3440 1736 περιττὴ
3460 1665 3556 1735 τῆς
3579 1663 3681 1716 τῶν
3705 1664 3878 1717 νοσούν-

2254 1771 2364 1808 των
2416 1753 2729 1823 φιλοσοφίας
2775 1754 2808 1823 ή
2861 1752 3135 1823 ἀκρίϐεια.
3186 1751 3302 1805 Νῦν
3341 1751 3399 1804 δὲ
3444 1751 3505 1815 ἐξ
3558 1744 3629 1804 ὧν
3681 1751 3875 1814 ἆπαντες

2257 1842 2488 1905 ποιοῦσι,
2517 1839 2765 1912 δηλοῦσιν
2798 1841 2881 1894 ὅτι
2908 1840 3059 1893 οὐδὲν
3086 1838 3291 1893 ⁴τούτων
3324 1839 3598 1909 περιττόνο
3634 1838 3737 1892 ἀλλ’
3765 1839 3876 1907 οἶχε-

2254 1945 2343 1983 ται
2398 1928 2495 1999 μὲν
2536 1930 2604 1982 τά
2648 1927 2749 1999 τῆς
2798 1926 3154 1998 εἱμαρμένης,
3199 1927 3294 1979 καὶ
3340 1926 3568 1996 οὐδεμιᾷ
3606 1925 3799 1996 ἀνάγκη
3821 1926 3874 1978 τὰ

2255 2016 2497 2087 ἡμέτερα
2523 2016 2733 2085 ἄγεται,
2768 2016 2944 2069 πάντα
2974 2014 3032 2067 δὲ
3061 2012 3345 2084 ἐλευθερίᾳ
3384 2013 3739 2084 προαιρέσεως
3763 2012 3875 2064 τετί-

2259 2119 2445 2174 μηται.
2486 2102 2584 2165 Τίς
2606 2102 2662 2155 δὲ
2686 2102 2844 2174 χρεία
2877 2102 3053 2155 πόνων
3092 2101 3186 2154 καλ⁸
3212 2099 3455 2170 ἱδρώτων
3487 2098 3593 2152 τῶν
3625 2099 3751 2170 ὑπὲρ
3774 2098 3877 2169 ἀρε-

2253 2193 2391 2262 τῆς;
2437 2191 2486 2243 εἰ
2522 2190 2631 2259 γάρ
2672 2190 2926 2261 εἵμαρται
2960 2187 3213 2257 γενέσθαι
3254 2186 3445 2250 καλὸν,
3479 2187 3570 2239 καὶ
3595 2185 3879 2239 καθεύόωνό

2254 2277 2494 2343 τοιοῦτος
2520 2278 2614 2331 καὶ
2640 2278 2850 2349 ῥέγχων
2877 2276 3030 2331 ἔσται
3056 2276 3218 2341 καλός
3236 2292 3250 2305 ·
3294 2275 3498 2347 μᾶλλον
3523 2275 3578 2328 δὲ
3607 2274 3720 2327 οὐδὲ
3748 2273 3881 2327 καλὸν

2255 2365 2347 2418 τὸν
2370 2365 2611 2419 τοιοῦτον
2638 2365 2754 2419 έστι
2788 2364 2994 2429 καλεῖν,
3028 2354 3120 2418 τὸν
3176 2364 3268 2417 ὑπ’
3308 2362 3555 2433 ἀνάγκης
3589 2361 3735 2415 τοῦτο
3759 2360 3877 2429 γινό-

2259 2469 2438 2525 μενον.
2471 2452 2568 2515 Τίς
2592 2451 2750 2523 χρεία
2785 2452 2963 2506 πόνων
2986 2452 3079 2505 καὶ
3106 2449 3351 2524 ἱδρώτων
3382 2448 3644 2503 τοσούτων
3669 2464 3683 2510 ;
3718 2447 3761 2499 εἰ
3792 2446 3881 2515 γὰρ

2257 2541 2484 2613 εἵμαρτο
2509 2538 2762 2608 γενέσθαι
2803 2538 2992 2601 κακον,
3036 2537 3139 2592 κᾶν
3184 2538 3358 2609 μυρία
3394 2554 3479 2600 τις
3509 2534 3874 2606 ταλαιπωρηθῇ,

2256 2626 2408 2680 ἔσται
2439 2625 2606 2690 κακός
2626 2642 2641 2657 ο
2688 2626 2888 2698 μᾶλλον
2915 2625 2974 2679 δὲ
3019 2624 3143 2678 οῦδὲ
3182 2625 3274 2678 τὸν
3308 2624 3552 2678 τοιοῦτον
3580 2623 3717 2676 ἔσται
3741 2621 3881 2675 κακὸν

2257 2717 2460 2782 καλεῖν,
2492 2717 2583 2770 τὸν
2612 2715 2717 2769 ῦτὼ
2741 2716 2985 2787 ἀνάγκης
3015 2713 3348 2784 ὠθούμενον.
3381 2714 3590 2783 Ὠσπερ
3615 2711 3715 2782 γάρ
3739 2713 3764 2763 ό
3786 2710 3877 2762 δαι-

2260 2804 2453 2875 μονῶν,
2484 2802 2588 2857 κᾶν
2620 2802 2992 2873 λοιδορήσηται
3027 2800 3208 2872 (πάλιν
3236 2800 3346 2872 γάρ
3371 2799 3451 2870 τῷ
3475 2798 3617 2866 αῦτῴ
3650 2798 3881 2867 κέχρημαι

2258 2889 2727 2963 παραδείγματι),
2769 2889 2828 2942 οῦ
2862 2887 3238 2960 προσεροῦμεν
3281 2889 3447 2942 αὑτὸν
3501 2886 3762 2961 ὑϐριστὴν,
3786 2883 3881 2936 οὐδὲ

2260 2978 2583 3048 λογιζόμεθα
2608 2976 2766 3048 ὓϐριν
2788 2977 2883 3047 τὴν
2908 2977 3195 3049 λοιδορίαν,
3225 2975 3363 3030 ἀλλά
3396 2980 3497 3047 τῆς
3526 2976 3753 3044 ἀνάγκης
3771 2968 3882 3025 εἶναι

2256 3065 2351 3119 τοῦ
2386 3065 2654 3135 δαίμονος·
2702 3062 2843 3117 οὕτω
2872 3065 2966 3119 καὶ
3009 3064 3100 3117 τὸν
3129 3064 3320 3129 κακὸν,
3356 3065 3407 3117 εἰ
3442 3062 3546 3115 ὑπὸ
3591 3058 3881 3131 είμαρμένης

2258 3153 2352 3205 καὶ⁵
2381 3152 2627 3222 ἀνάγκης
2660 3150 2914 3216 ὠθεῖται,
2945 3149 3020 3222 μὴ
3053 3150 3307 3221 καλῶμεν
3338 3150 3502 3204 αὐτὸν
3531 3148 3706 3213 κακὸν,
3729 3146 3883 3214 ῶσπερ

2255 3240 2377 3294 οὐδὲ
2404 3241 2494 3294 τὸν
2525 3240 2709 3304 καλὸν,
2749 3241 2934 3294 καλόν.
2983 3242 3079 3293 Ἂν
3109 3240 3218 3311 γὰρ
3253 3240 3415 3294 τοῦτο
3462 3238 3711 3308 ποιῶμεν,
3739 3235 3881 3287 πάντα

2257 3325 2408 3380 ἔσται
2445 3326 2704 3397 σύγχυσις
2732 3328 2827 3381 καὶ
2854 3327 3068 3398 ταραχὴ
3100 3328 3195 3381 καὶ
3229 3327 3573 3398 πραγμάτων
3606 3320 3879 3393 διαστροφὴ.

2257 3415 2352 3466 καί⁵
2378 3412 2504 3466 οὕτε
2532 3413 2701 3485 ἀρετὴ
2745 3413 2896 3468 ἔσται
2923 3432 2997 3479 τι,
3031 3412 3154 3468 οὔτε
3187 3416 3358 3469 κακία
3382 3432 3395 3445 ·
3431 3416 3491 3468 οῦ
3520 3415 3714 3483 τέχναι,
3740 3410 3792 3462 οῦ
3813 3408 3880 3460 νό-

2261 3517 2373 3571 μοι,
2410 3502 2513 3555 οῦκ
2540 3501 2667 3555 ἀλλο
2692 3520 2742 3555 τι
2775 3502 2882 3556 τῶν
2916 3502 3170 3557 τοιούτων
3194 3504 3369 3557 οὐδέν.
3425 3504 3585 3575 Ὁρᾷς
3630 3501 3723 3554 ποῦ
3749 3498 3882 3552 τείνει

2254 3588 2348 3642 τοῦ
2387 3588 2635 3643 διαϐόλου
2664 3589 2725 3642 τὸ
2750 3589 2962 3661 δέλεαρ,
3002 3590 3099 3644 καὶ
3127 3591 3179 3644 τί
3210 3591 3311 3663 τὴν
3335 3591 3654 3661 οἰκουμένην
3683 3586 3879 3658 ἐργάσα-

2257 3677 2378 3731 σθαι
2404 3676 2690 3751 ἐϐουλήθη,
2720 3680 2815 3733 καὶ
2840 3680 2975 3752 πρὸς
2999 3682 3151 3734 ποῖον
3178 3682 3397 3753 ἀπαντᾷ
3422 3682 3608 3746 τέλος;
3641 3676 3785 3733 Ταῦτ’
3809 3671 3882 3727 οὖν

2255 3764 2457 3826 εἰδότες
2490 3764 2703 3819 ἅπαντα
2751 3766 2848 3821 καὶ
2882 3766 2951 3820 τά
2982 3767 3188 3822 τούτων
3230 3768 3452 3824 πλείονα
3496 3767 3652 3838 (ἐνῆν
3676 3765 3772 3834 γάρ
3808 3760 3882 3813 καὶ

2254 3852 2454 3907 τούτων
2479 3853 2698 3908 πλείονα
2726 3856 2917 3921 εἰπεῖν,
2938 3855 3076 3909 ἀλλά
3099 3858 3212 3920 τοῖς
3235 3857 3613 3929 συνετωτέροις
3638 3851 3878 3908 καὶταῦτα

2253 3941 2478 4011 ἀρκεῖ),
2533 3940 2824 4012 φεύγωμεν
2867 3942 3085 4010 κακίαν,
3117 3943 3371 4015 ἑλώμεθα
3410 3944 3627 4017 ἀρετὴν,
3669 3945 3747 3996 ἵνα
3773 3958 3880 4013 προ-

2253 4030 2569 4099 ηγουμένως
2601 4029 2699 4101 μὲν
2737 4030 2832 4083 καὶ
2860 4041 2887 4071 ει
2913 4030 3003 4083 τὸν
3033 4031 3164 4085 Θεὸν
3197 4033 3353 4086 ἵλεων
3378 4033 3608 4104 ἔχωμεν,
3635 4032 3801 4085 ἔπειτα
3833 4032 3877 4085 δὲ

2253 4116 2348 4169 καὶ
2376 4115 2596 4186 γεέννης
2638 4116 3059 4188 ἀπαλλαγῶμεν,
3120 4119 3214 4172 καὶ
3263 4118 3373 4171 τῶν
3413 4119 3639 4173 αἰωνίων
3681 4119 3878 4172 ἀπολαύο

2254 4219 2437 4275 σωμεν
2451 4202 2691 4271 ἀγαθῶν*
2707 4195 2781 4257 ὧν
2803 4203 3009 4273 γένοιτο
3029 4204 3235 4270 πάντας
3256 4207 3407 4277 ἡμᾶς
3429 4206 3709 4277 ἐπιτυχεῖν,
3729 4206 3875 4277 χάριτι

2253 4291 2347 4345 καὶ
2375 4289 2749 4362 φιλανθρωπίᾳ
2790 4291 2883 4344 τοῦ
2921 4292 3126 4363 Κυρίου
3159 4293 3315 4364 ἡμῶν
3373 4293 3547 4365 Ἰησοῦ
3578 4293 3802 4364 Χριστοῦ,
3823 4294 3876 4345 δι’

2253 4372 2315 4432 οὗ
2355 4378 2449 4431 καὶ
2480 4377 2597 4447 μεθ’
2630 4372 2691 4433 οῦ
2728 4376 2807 4448 τῷ
2834 4379 3008 4449 Πατρὶ
3044 4380 3169 4445 δόξα
3198 4380 3313 4450 ἆμα
3343 4379 3420 4451 τῷ
3453 4381 3590 4450 ἁγίῳ
3626 4378 3873 4449 Πνεῦματι,

2250 4460 2344 4514 νῦν
2376 4460 2470 4513 καὶ
2500 4460 2607 4525 άεὶ,
2636 4461 2729 4514 καί
2753 4462 2831 4525 εἰς
2855 4462 2981 4527 τοὺς
3005 4463 3203 4527 αἰῶνας
3232 4463 3343 4517 τῶν
3371 4464 3605 4517 αἰώνων.
3653 4462 3817 4533 Ἀμήν.

2316 4613 2339 4641 ⁸
2366 4615 2458 4663 Καί
2484 4614 2595 4666 fort.
2629 4616 2917 4668 delendum.
