  <div class='ocr_page' id='page_1' title='image "/cluster/home/n/w/nwhite01/storage/ocr_20150623/63/hvd.32044013655725/406.png"; bbox 0 0 3872 6396; ppageno 0'>
   <div class='ocr_carea' id='block_1_1' title="bbox 469 327 2593 410">
    <p class='ocr_par' dir='ltr' id='par_1_1' title="bbox 469 327 2593 410">
     <span class='ocr_line' id='line_1_1' title="bbox 469 327 2593 410; baseline 0.008 -26"><span class='ocrx_word' id='word_1_1' title='bbox 469 329 566 384; x_wconf 78' lang='lat' dir='ltr'><strong>Vill</strong></span> <span class='ocrx_word' id='word_1_2' title='bbox 617 327 916 398; x_wconf 67' lang='lat' dir='ltr'><strong>ilOJlllJA,</strong></span> <span class='ocrx_word' id='word_1_3' title='bbox 961 329 1208 386; x_wconf 76' lang='lat' dir='ltr'><strong>IIABITA</strong></span> <span class='ocrx_word' id='word_1_4' title='bbox 1256 329 1619 396; x_wconf 73' lang='lat' dir='ltr'><strong>POSTQUAM</strong></span> <span class='ocrx_word' id='word_1_5' title='bbox 1657 331 2062 390; x_wconf 74' lang='lat' dir='ltr'><strong>PRESBYTER</strong></span> <span class='ocrx_word' id='word_1_6' title='bbox 2101 337 2397 410; x_wconf 84' lang='lat' dir='ltr'><strong>GOTf-IUS,</strong></span> <span class='ocrx_word' id='word_1_7' title='bbox 2441 342 2593 401; x_wconf 82' lang='lat' dir='ltr'><strong>ETC.</strong></span> 
     </span>
    </p>
   </div>
   <div class='ocr_carea' id='block_1_2' title="bbox 164 467 1496 541">
    <p class='ocr_par' dir='ltr' id='par_1_2' title="bbox 164 467 1496 541">
     <span class='ocr_line' id='line_1_2' title="bbox 164 467 1496 541; baseline -0.002 -17"><span class='ocrx_word' id='word_1_8' title='bbox 164 468 396 541; x_wconf 79' lang='lat' dir='ltr'><strong>myrrham,</strong></span> <span class='ocrx_word' id='word_1_9' title='bbox 420 483 517 538; x_wconf 79' lang='lat' dir='ltr'><strong>qua:</strong></span> <span class='ocrx_word' id='word_1_10' title='bbox 560 467 886 537; x_wconf 88' lang='lat' dir='ltr'><strong>sepulturam</strong></span> <span class='ocrx_word' id='word_1_11' title='bbox 919 468 1227 523; x_wconf 89' lang='lat' dir='ltr'><strong>ostenderet</strong></span> <span class='ocrx_word' id='word_1_12' title='bbox 1261 467 1371 538; x_wconf 84' lang='lat' dir='ltr'><strong>(a);</strong></span> <span class='ocrx_word' id='word_1_13' title='bbox 1426 469 1496 522; x_wconf 79' lang='lat' dir='ltr'><strong>ita</strong></span> 
     </span>
    </p>
   </div>
   <div class='ocr_carea' id='block_1_3' title="bbox 133 558 1500 628">
    <p class='ocr_par' dir='ltr' id='par_1_3' title="bbox 133 558 1500 628">
     <span class='ocr_line' id='line_1_3' title="bbox 133 558 1500 628; baseline -0.001 -15"><span class='ocrx_word' id='word_1_14' title='bbox 133 559 366 627; x_wconf 75' lang='lat' dir='ltr'><strong>insepultus</strong></span> <span class='ocrx_word' id='word_1_15' title='bbox 395 567 494 614; x_wconf 85' lang='lat' dir='ltr'><strong>est:</strong></span> <span class='ocrx_word' id='word_1_16' title='bbox 522 567 578 612; x_wconf 84' lang='lat' dir='ltr'><strong>et</strong></span> <span class='ocrx_word' id='word_1_17' title='bbox 603 558 718 613; x_wconf 73' lang='lat' dir='ltr'><strong>lucc</strong></span> <span class='ocrx_word' id='word_1_18' title='bbox 752 573 846 627; x_wconf 90' lang='lat' dir='ltr'><strong>per</strong></span> <span class='ocrx_word' id='word_1_19' title='bbox 875 573 936 612; x_wconf 90' lang='lat' dir='ltr'><strong>ea</strong></span> <span class='ocrx_word' id='word_1_20' title='bbox 967 575 1082 628; x_wconf 77' lang='lat' dir='ltr'><strong>qua:</strong></span> <span class='ocrx_word' id='word_1_21' title='bbox 1115 559 1377 614; x_wconf 85' lang='lat' dir='ltr'><strong>faciebant</strong></span> <span class='ocrx_word' id='word_1_22' title='bbox 1404 558 1500 624; x_wconf 90' lang='lat' dir='ltr'><strong>illi,</strong></span> 
     </span>
    </p>
   </div>
   <div class='ocr_carea' id='block_1_4' title="bbox 133 650 1507 721">
    <p class='ocr_par' dir='ltr' id='par_1_4' title="bbox 133 650 1507 721">
     <span class='ocr_line' id='line_1_4' title="bbox 133 650 1507 721; baseline -0.001 -16"><span class='ocrx_word' id='word_1_23' title='bbox 133 651 396 706; x_wconf 79' lang='lat' dir='ltr'><strong>nuntiabant.</strong></span> <span class='ocrx_word' id='word_1_24' title='bbox 434 650 533 705; x_wconf 83' lang='lat' dir='ltr'><strong>Non</strong></span> <span class='ocrx_word' id='word_1_25' title='bbox 584 666 712 721; x_wconf 90' lang='lat' dir='ltr'><strong>ergo</strong></span> <span class='ocrx_word' id='word_1_26' title='bbox 742 650 1086 704; x_wconf 83' lang='lat' dir='ltr'><strong>astronomia:</strong></span> <span class='ocrx_word' id='word_1_27' title='bbox 1120 652 1287 706; x_wconf 84' lang='lat' dir='ltr'><strong>virtus</strong></span> <span class='ocrx_word' id='word_1_28' title='bbox 1315 660 1430 706; x_wconf 88' lang='lat' dir='ltr'><strong>erat</strong></span> <span class='ocrx_word' id='word_1_29' title='bbox 1456 651 1507 706; x_wconf 95' lang='lat' dir='ltr'><strong>id</strong></span> 
     </span>
    </p>
   </div>
   <div class='ocr_carea' id='block_1_5' title="bbox 133 742 1509 813">
    <p class='ocr_par' dir='ltr' id='par_1_5' title="bbox 133 742 1509 813">
     <span class='ocr_line' id='line_1_5' title="bbox 133 742 1509 813; baseline -0.001 -15"><span class='ocrx_word' id='word_1_30' title='bbox 133 744 158 798; x_wconf 87' lang='lat' dir='ltr'><strong>d</strong></span> <span class='ocrx_word' id='word_1_31' title='bbox 182 744 330 806; x_wconf 84' lang='lat' dir='ltr'><strong>fiebat,</strong></span> <span class='ocrx_word' id='word_1_32' title='bbox 352 743 424 798; x_wconf 86' lang='lat' dir='ltr'><strong>sed</strong></span> <span class='ocrx_word' id='word_1_33' title='bbox 446 743 526 798; x_wconf 88' lang='lat' dir='ltr'><strong>Dei</strong></span> <span class='ocrx_word' id='word_1_34' title='bbox 553 743 867 800; x_wconf 74' lang='lat' dir='ltr'><strong>(economire</strong></span> <span class='ocrx_word' id='word_1_35' title='bbox 897 760 910 794; x_wconf 91' lang='lat'><strong>:</strong></span> <span class='ocrx_word' id='word_1_36' title='bbox 942 758 1112 813; x_wconf 92' lang='lat' dir='ltr'><strong>neque</strong></span> <span class='ocrx_word' id='word_1_37' title='bbox 1134 743 1275 796; x_wconf 90' lang='lat' dir='ltr'><strong>enim</strong></span> <span class='ocrx_word' id='word_1_38' title='bbox 1308 744 1387 808; x_wconf 89' lang='lat' dir='ltr'><strong>is,</strong></span> <span class='ocrx_word' id='word_1_39' title='bbox 1418 742 1509 810; x_wconf 85' lang='lat' dir='ltr'><strong>qui</strong></span> 
     </span>
    </p>
   </div>
   <div class='ocr_carea' id='block_1_6' title="bbox 133 833 1509 890">
    <p class='ocr_par' dir='ltr' id='par_1_6' title="bbox 133 833 1509 890">
     <span class='ocr_line' id='line_1_6' title="bbox 133 833 1509 890; baseline 0.001 -3"><span class='ocrx_word' id='word_1_40' title='bbox 133 848 240 890; x_wconf 87' lang='lat' dir='ltr'><strong>utctn</strong></span> <span class='ocrx_word' id='word_1_41' title='bbox 273 835 474 890; x_wconf 83' lang='lat' dir='ltr'><strong>docturus</strong></span> <span class='ocrx_word' id='word_1_42' title='bbox 513 844 733 890; x_wconf 90' lang='lat' dir='ltr'><strong>venerat</strong></span> <span class='ocrx_word' id='word_1_43' title='bbox 762 844 819 888; x_wconf 90' lang='lat' dir='ltr'><strong>ut</strong></span> <span class='ocrx_word' id='word_1_44' title='bbox 859 834 1184 888; x_wconf 81' lang='lat' dir='ltr'><strong>astronomia</strong></span> <span class='ocrx_word' id='word_1_45' title='bbox 1225 833 1509 888; x_wconf 87' lang='lat' dir='ltr'><strong>inducere-</strong></span> 
     </span>
    </p>
   </div>
   <div class='ocr_carea' id='block_1_7' title="bbox 133 925 1512 994">
    <p class='ocr_par' dir='ltr' id='par_1_7' title="bbox 133 925 1512 994">
     <span class='ocr_line' id='line_1_7' title="bbox 133 925 1512 994; baseline -0.001 -12"><span class='ocrx_word' id='word_1_46' title='bbox 133 929 376 994; x_wconf 72' lang='lat' dir='ltr'><strong>effecisset;</strong></span> <span class='ocrx_word' id='word_1_47' title='bbox 399 925 477 984; x_wconf 87' lang='lat' dir='ltr'><strong>sed</strong></span> <span class='ocrx_word' id='word_1_48' title='bbox 505 927 648 982; x_wconf 82' lang='lat' dir='ltr'><strong>illam</strong></span> <span class='ocrx_word' id='word_1_49' title='bbox 675 926 962 981; x_wconf 84' lang='lat' dir='ltr'><strong>admodum</strong></span> <span class='ocrx_word' id='word_1_50' title='bbox 993 927 1250 991; x_wconf 81' lang='lat' dir='ltr'><strong>eliminat,</strong></span> <span class='ocrx_word' id='word_1_51' title='bbox 1273 942 1392 981; x_wconf 92' lang='lat' dir='ltr'><strong>cum</strong></span> <span class='ocrx_word' id='word_1_52' title='bbox 1416 927 1512 982; x_wconf 88' lang='lat' dir='ltr'><strong>de-</strong></span> 
     </span>
    </p>
   </div>
   <div class='ocr_carea' id='block_1_8' title="bbox 134 1017 1508 1086">
    <p class='ocr_par' dir='ltr' id='par_1_8' title="bbox 134 1017 1508 1086">
     <span class='ocr_line' id='line_1_8' title="bbox 134 1017 1508 1086; baseline 0.001 -15"><span class='ocrx_word' id='word_1_53' title='bbox 134 1020 236 1081; x_wconf 75' lang='lat' dir='ltr'><strong>tiuat</strong></span> <span class='ocrx_word' id='word_1_54' title='bbox 259 1021 367 1073; x_wconf 88' lang='lat' dir='ltr'><strong>intra</strong></span> <span class='ocrx_word' id='word_1_55' title='bbox 401 1019 528 1086; x_wconf 90' lang='lat' dir='ltr'><strong>illud,</strong></span> <span class='ocrx_word' id='word_1_56' title='bbox 558 1019 694 1073; x_wconf 89' lang='lat' dir='ltr'><strong>velle</strong></span> <span class='ocrx_word' id='word_1_57' title='bbox 719 1028 770 1073; x_wconf 90' lang='lat' dir='ltr'><strong>et</strong></span> <span class='ocrx_word' id='word_1_58' title='bbox 801 1032 908 1073; x_wconf 91' lang='lat' dir='ltr'><strong>non</strong></span> <span class='ocrx_word' id='word_1_59' title='bbox 934 1018 1093 1084; x_wconf 80' lang='lat' dir='ltr'><strong>velle,</strong></span> <span class='ocrx_word' id='word_1_60' title='bbox 1122 1017 1260 1073; x_wconf 89' lang='lat' dir='ltr'><strong>bona</strong></span> <span class='ocrx_word' id='word_1_61' title='bbox 1290 1028 1345 1072; x_wconf 89' lang='lat' dir='ltr'><strong>et</strong></span> <span class='ocrx_word' id='word_1_62' title='bbox 1371 1019 1508 1073; x_wconf 88' lang='lat' dir='ltr'><strong>mala</strong></span> 
     </span>
    </p>
   </div>
   <div class='ocr_carea' id='block_1_9' title="bbox 136 1111 1510 1183">
    <p class='ocr_par' dir='ltr' id='par_1_9' title="bbox 136 1111 1510 1183">
     <span class='ocr_line' id='line_1_9' title="bbox 136 1111 1510 1183; baseline 0.002 -19"><span class='ocrx_word' id='word_1_63' title='bbox 136 1113 261 1167; x_wconf 89' lang='lat' dir='ltr'><strong>iueri.</strong></span> <span class='ocrx_word' id='word_1_64' title='bbox 287 1111 474 1182; x_wconf 80' lang='lat' dir='ltr'><strong>Ideoque</strong></span> <span class='ocrx_word' id='word_1_65' title='bbox 498 1111 790 1183; x_wconf 79' lang='lat' dir='ltr'><strong>gehennam</strong></span> <span class='ocrx_word' id='word_1_66' title='bbox 822 1111 1052 1165; x_wconf 91' lang='lat' dir='ltr'><strong>minatus</strong></span> <span class='ocrx_word' id='word_1_67' title='bbox 1078 1121 1179 1177; x_wconf 92' lang='lat' dir='ltr'><strong>est,</strong></span> <span class='ocrx_word' id='word_1_68' title='bbox 1208 1121 1262 1167; x_wconf 92' lang='lat' dir='ltr'><strong>et</strong></span> <span class='ocrx_word' id='word_1_69' title='bbox 1286 1127 1510 1182; x_wconf 90' lang='lat' dir='ltr'><strong>regnum</strong></span> 
     </span>
    </p>
   </div>
   <div class='ocr_carea' id='block_1_10' title="bbox 139 1202 1510 1273">
    <p class='ocr_par' dir='ltr' id='par_1_10' title="bbox 139 1202 1510 1273">
     <span class='ocr_line' id='line_1_10' title="bbox 139 1202 1510 1273; baseline 0 -17"><span class='ocrx_word' id='word_1_70' title='bbox 139 1203 323 1257; x_wconf 58' lang='lat' dir='ltr'><strong>iaravit:</strong></span> <span class='ocrx_word' id='word_1_71' title='bbox 351 1218 436 1258; x_wconf 91' lang='lat' dir='ltr'><strong>uon</strong></span> <span class='ocrx_word' id='word_1_72' title='bbox 477 1203 535 1257; x_wconf 92' lang='lat' dir='ltr'><strong>iis</strong></span> <span class='ocrx_word' id='word_1_73' title='bbox 567 1202 655 1273; x_wconf 93' lang='lat' dir='ltr'><strong>qni</strong></span> <span class='ocrx_word' id='word_1_74' title='bbox 685 1219 748 1258; x_wconf 88' lang='lat' dir='ltr'><strong>ex</strong></span> <span class='ocrx_word' id='word_1_75' title='bbox 794 1203 1109 1258; x_wconf 76' lang='lat' dir='ltr'><strong>necessitate</strong></span> <span class='ocrx_word' id='word_1_76' title='bbox 1133 1215 1372 1273; x_wconf 81' lang='lat' dir='ltr'><strong>agerent,</strong></span> <span class='ocrx_word' id='word_1_77' title='bbox 1427 1203 1510 1256; x_wconf 81' lang='lat' dir='ltr'><strong>vel</strong></span> 
     </span>
    </p>
   </div>
   <div class='ocr_carea' id='block_1_11' title="bbox 133 1292 1510 1365">
    <p class='ocr_par' dir='ltr' id='par_1_11' title="bbox 133 1292 1510 1365">
     <span class='ocr_line' id='line_1_11' title="bbox 133 1292 1510 1365; baseline 0.001 -18"><span class='ocrx_word' id='word_1_78' title='bbox 133 1310 212 1349; x_wconf 89' lang='lat' dir='ltr'><strong>nas</strong></span> <span class='ocrx_word' id='word_1_79' title='bbox 255 1295 545 1365; x_wconf 74' lang='lat' dir='ltr'><strong>praeparavit,</strong></span> <span class='ocrx_word' id='word_1_80' title='bbox 587 1295 672 1349; x_wconf 87' lang='lat' dir='ltr'><strong>vel</strong></span> <span class='ocrx_word' id='word_1_81' title='bbox 744 1292 1058 1364; x_wconf 80' lang='lat' dir='ltr'><strong>supplicium</strong></span> <span class='ocrx_word' id='word_1_82' title='bbox 1117 1294 1348 1348; x_wconf 85' lang='lat' dir='ltr'><strong>minatus</strong></span> <span class='ocrx_word' id='word_1_83' title='bbox 1391 1303 1510 1358; x_wconf 75' lang='lat' dir='ltr'><strong>est;</strong></span> 
     </span>
    </p>
   </div>
   <div class='ocr_carea' id='block_1_12' title="bbox 134 1385 1508 1456">
    <p class='ocr_par' dir='ltr' id='par_1_12' title="bbox 134 1385 1508 1456">
     <span class='ocr_line' id='line_1_12' title="bbox 134 1385 1508 1456; baseline 0 -18"><span class='ocrx_word' id='word_1_84' title='bbox 134 1402 258 1455; x_wconf 87' lang='lat' dir='ltr'><strong>nque</strong></span> <span class='ocrx_word' id='word_1_85' title='bbox 280 1385 398 1441; x_wconf 84' lang='lat' dir='ltr'><strong>enim</strong></span> <span class='ocrx_word' id='word_1_86' title='bbox 421 1385 477 1440; x_wconf 87' lang='lat' dir='ltr'><strong>ad</strong></span> <span class='ocrx_word' id='word_1_87' title='bbox 499 1401 555 1441; x_wconf 84' lang='lat' dir='ltr'><strong>ea</strong></span> <span class='ocrx_word' id='word_1_88' title='bbox 579 1400 697 1456; x_wconf 68' lang='lat' dir='ltr'><strong>quin</strong></span> <span class='ocrx_word' id='word_1_89' title='bbox 719 1385 772 1440; x_wconf 91' lang='lat' dir='ltr'><strong>in</strong></span> <span class='ocrx_word' id='word_1_90' title='bbox 798 1386 1069 1441; x_wconf 84' lang='lat' dir='ltr'><strong>voluntate</strong></span> <span class='ocrx_word' id='word_1_91' title='bbox 1093 1395 1216 1440; x_wconf 88' lang='lat' dir='ltr'><strong>sunt</strong></span> <span class='ocrx_word' id='word_1_92' title='bbox 1237 1386 1466 1455; x_wconf 80' lang='lat' dir='ltr'><strong>pertinet</strong></span> <span class='ocrx_word' id='word_1_93' title='bbox 1494 1402 1508 1438; x_wconf 88' lang='lat'><strong>:</strong></span> 
     </span>
    </p>
   </div>
   <div class='ocr_carea' id='block_1_13' title="bbox 151 1475 1513 1546">
    <p class='ocr_par' dir='ltr' id='par_1_13' title="bbox 151 1475 1513 1546">
     <span class='ocr_line' id='line_1_13' title="bbox 151 1475 1513 1546; baseline 0.001 -15"><span class='ocrx_word' id='word_1_94' title='bbox 151 1477 273 1546; x_wconf 88' lang='lat' dir='ltr'><strong>leges</strong></span> <span class='ocrx_word' id='word_1_95' title='bbox 312 1475 560 1546; x_wconf 85' lang='lat' dir='ltr'><strong>posuisset,</strong></span> <span class='ocrx_word' id='word_1_96' title='bbox 618 1491 724 1530; x_wconf 90' lang='lat' dir='ltr'><strong>non</strong></span> <span class='ocrx_word' id='word_1_97' title='bbox 778 1477 976 1531; x_wconf 86' lang='lat' dir='ltr'><strong>monita</strong></span> <span class='ocrx_word' id='word_1_98' title='bbox 1025 1476 1288 1541; x_wconf 82' lang='lat' dir='ltr'><strong>dedisset,</strong></span> <span class='ocrx_word' id='word_1_99' title='bbox 1340 1492 1513 1546; x_wconf 87' lang='lat' dir='ltr'><strong>neque</strong></span> 
     </span>
    </p>
   </div>
   <div class='ocr_carea' id='block_1_14' title="bbox 159 1568 1508 1638">
    <p class='ocr_par' dir='ltr' id='par_1_14' title="bbox 159 1568 1508 1638">
     <span class='ocr_line' id='line_1_14' title="bbox 159 1568 1508 1638; baseline -0.001 -15"><span class='ocrx_word' id='word_1_100' title='bbox 159 1569 357 1633; x_wconf 81' lang='lat' dir='ltr'><strong>fecisset,</strong></span> <span class='ocrx_word' id='word_1_101' title='bbox 383 1569 420 1622; x_wconf 92' lang='lat' dir='ltr'><strong>si</strong></span> <span class='ocrx_word' id='word_1_102' title='bbox 445 1569 757 1624; x_wconf 87' lang='lat' dir='ltr'><strong>necessitate</strong></span> <span class='ocrx_word' id='word_1_103' title='bbox 783 1584 950 1638; x_wconf 88' lang='lat' dir='ltr'><strong>genus</strong></span> <span class='ocrx_word' id='word_1_104' title='bbox 978 1569 1268 1624; x_wconf 90' lang='lat' dir='ltr'><strong>humanum</strong></span> <span class='ocrx_word' id='word_1_105' title='bbox 1292 1568 1508 1638; x_wconf 87' lang='lat' dir='ltr'><strong>ligatum</strong></span> 
     </span>
    </p>
   </div>
   <div class='ocr_carea' id='block_1_15' title="bbox 151 1657 1510 1729">
    <p class='ocr_par' dir='ltr' id='par_1_15' title="bbox 151 1657 1510 1729">
     <span class='ocr_line' id='line_1_15' title="bbox 151 1657 1510 1729; baseline 0 -15"><span class='ocrx_word' id='word_1_106' title='bbox 151 1679 163 1714; x_wconf 93' lang='lat'><strong>:</strong></span> <span class='ocrx_word' id='word_1_107' title='bbox 205 1659 286 1715; x_wconf 87' lang='lat' dir='ltr'><strong>sed</strong></span> <span class='ocrx_word' id='word_1_108' title='bbox 313 1661 417 1729; x_wconf 88' lang='lat' dir='ltr'><strong>quia</strong></span> <span class='ocrx_word' id='word_1_109' title='bbox 439 1659 584 1715; x_wconf 88' lang='lat' dir='ltr'><strong>liberi</strong></span> <span class='ocrx_word' id='word_1_110' title='bbox 613 1674 796 1714; x_wconf 87' lang='lat' dir='ltr'><strong>sumus</strong></span> <span class='ocrx_word' id='word_1_111' title='bbox 815 1669 868 1715; x_wconf 89' lang='lat' dir='ltr'><strong>et</strong></span> <span class='ocrx_word' id='word_1_112' title='bbox 893 1657 1510 1726; x_wconf 88' lang='lat' dir='ltr'><strong>liberiarbitriidomini,</strong></span> 
     </span>
    </p>
   </div>
   <div class='ocr_carea' id='block_1_16' title="bbox 133 1749 1513 1821">
    <p class='ocr_par' dir='ltr' id='par_1_16' title="bbox 133 1749 1513 1821">
     <span class='ocr_line' id='line_1_16' title="bbox 133 1749 1513 1821; baseline 0.003 -19"><span class='ocrx_word' id='word_1_113' title='bbox 133 1754 258 1805; x_wconf 87' lang='lat' dir='ltr'><strong>uavia</strong></span> <span class='ocrx_word' id='word_1_114' title='bbox 297 1750 496 1820; x_wconf 78' lang='lat' dir='ltr'><strong>improbi</strong></span> <span class='ocrx_word' id='word_1_115' title='bbox 538 1749 827 1815; x_wconf 85' lang='lat' dir='ltr'><strong>efficimur,</strong></span> <span class='ocrx_word' id='word_1_116' title='bbox 853 1761 906 1806; x_wconf 90' lang='lat' dir='ltr'><strong>et</strong></span> <span class='ocrx_word' id='word_1_117' title='bbox 927 1765 958 1805; x_wconf 89' lang='lat' dir='ltr'><strong>a</strong></span> <span class='ocrx_word' id='word_1_118' title='bbox 983 1766 1108 1805; x_wconf 83' lang='lat' dir='ltr'><strong>cura</strong></span> <span class='ocrx_word' id='word_1_119' title='bbox 1133 1751 1513 1821; x_wconf 75' lang='lat' dir='ltr'><strong>diligentiaque</strong></span> 
     </span>
    </p>
   </div>
   <div class='ocr_carea' id='block_1_17' title="bbox 133 1841 1509 1911">
    <p class='ocr_par' dir='ltr' id='par_1_17' title="bbox 133 1841 1509 1911">
     <span class='ocr_line' id='line_1_17' title="bbox 133 1841 1509 1911; baseline 0.001 -16"><span class='ocrx_word' id='word_1_120' title='bbox 133 1853 173 1895; x_wconf 75' lang='lat' dir='ltr'><strong>et</strong></span> <span class='ocrx_word' id='word_1_121' title='bbox 200 1841 423 1906; x_wconf 86' lang='lat' dir='ltr'><strong>modesti,</strong></span> <span class='ocrx_word' id='word_1_122' title='bbox 449 1841 696 1896; x_wconf 89' lang='lat' dir='ltr'><strong>salutaria</strong></span> <span class='ocrx_word' id='word_1_123' title='bbox 723 1841 1007 1911; x_wconf 81' lang='lat' dir='ltr'><strong>pharmaca</strong></span> <span class='ocrx_word' id='word_1_124' title='bbox 1035 1841 1101 1896; x_wconf 85' lang='lat' dir='ltr'><strong>ad</strong></span> <span class='ocrx_word' id='word_1_125' title='bbox 1129 1841 1231 1897; x_wconf 91' lang='lat' dir='ltr'><strong>hoc</strong></span> <span class='ocrx_word' id='word_1_126' title='bbox 1258 1841 1509 1897; x_wconf 84' lang='lat' dir='ltr'><strong>(lucentia</strong></span> 
     </span>
    </p>
   </div>
   <div class='ocr_carea' id='block_1_18' title="bbox 133 1933 1512 2006">
    <p class='ocr_par' dir='ltr' id='par_1_18' title="bbox 133 1933 1512 2006">
     <span class='ocr_line' id='line_1_18' title="bbox 133 1933 1512 2006; baseline 0.003 -21"><span class='ocrx_word' id='word_1_127' title='bbox 133 1946 306 1989; x_wconf 76' lang='lat' dir='ltr'><strong>&#39;aturus</strong></span> <span class='ocrx_word' id='word_1_128' title='bbox 344 1934 421 1989; x_wconf 90' lang='lat' dir='ltr'><strong>ille</strong></span> <span class='ocrx_word' id='word_1_129' title='bbox 444 1935 600 2000; x_wconf 82' lang='lat' dir='ltr'><strong>venit,</strong></span> <span class='ocrx_word' id='word_1_130' title='bbox 631 1944 776 1990; x_wconf 91' lang='lat' dir='ltr'><strong>metu</strong></span> <span class='ocrx_word' id='word_1_131' title='bbox 819 1933 1078 2004; x_wconf 82' lang='lat' dir='ltr'><strong>gehenna:</strong></span> <span class='ocrx_word' id='word_1_132' title='bbox 1124 1943 1178 1989; x_wconf 92' lang='lat' dir='ltr'><strong>et</strong></span> <span class='ocrx_word' id='word_1_133' title='bbox 1204 1935 1351 2006; x_wconf 75' lang='lat' dir='ltr'><strong>regni</strong></span> <span class='ocrx_word' id='word_1_134' title='bbox 1392 1948 1512 2003; x_wconf 88' lang='lat' dir='ltr'><strong>pro-</strong></span> 
     </span>
    </p>
   </div>
   <div class='ocr_carea' id='block_1_19' title="bbox 134 2023 1514 2096">
    <p class='ocr_par' dir='ltr' id='par_1_19' title="bbox 134 2023 1514 2096">
     <span class='ocr_line' id='line_1_19' title="bbox 134 2023 1514 2096; baseline 0.001 -19"><span class='ocrx_word' id='word_1_135' title='bbox 134 2040 217 2078; x_wconf 82' lang='lat' dir='ltr'><strong>me</strong></span> <span class='ocrx_word' id='word_1_136' title='bbox 239 2023 410 2080; x_wconf 80' lang='lat' dir='ltr'><strong>inultos</strong></span> <span class='ocrx_word' id='word_1_137' title='bbox 434 2023 723 2096; x_wconf 77' lang='lat' dir='ltr'><strong>corrigens,</strong></span> <span class='ocrx_word' id='word_1_138' title='bbox 749 2033 803 2080; x_wconf 93' lang='lat' dir='ltr'><strong>et</strong></span> <span class='ocrx_word' id='word_1_139' title='bbox 829 2040 926 2095; x_wconf 83' lang='lat' dir='ltr'><strong>per</strong></span> <span class='ocrx_word' id='word_1_140' title='bbox 954 2024 1100 2096; x_wconf 85' lang='lat' dir='ltr'><strong>leges</strong></span> <span class='ocrx_word' id='word_1_141' title='bbox 1123 2023 1514 2096; x_wconf 89' lang='lat' dir='ltr'><strong>philosophiam</strong></span> 
     </span>
    </p>
   </div>
   <div class='ocr_carea' id='block_1_20' title="bbox 140 2133 183 2173">
    <p class='ocr_par' dir='ltr' id='par_1_20' title="bbox 140 2133 183 2173">
     <span class='ocr_line' id='line_1_20' title="bbox 140 2133 183 2173; baseline -0.093 0"><span class='ocrx_word' id='word_1_142' title='bbox 140 2133 183 2173; x_wconf 88' lang='lat' dir='ltr'><strong>S.</strong></span> 
     </span>
    </p>
   </div>
   <div class='ocr_carea' id='block_1_21' title="bbox 133 2209 1516 2282">
    <p class='ocr_par' dir='ltr' id='par_1_21' title="bbox 133 2209 1516 2282">
     <span class='ocr_line' id='line_1_21' title="bbox 133 2209 1516 2282; baseline 0.002 -21"><span class='ocrx_word' id='word_1_143' title='bbox 133 2220 229 2275; x_wconf 32' lang='lat' dir='ltr'><strong>tua,</strong></span> <span class='ocrx_word' id='word_1_144' title='bbox 256 2209 693 2282; x_wconf 79' lang='lat' dir='ltr'><strong>genethlialogiam.</strong></span> <span class='ocrx_word' id='word_1_145' title='bbox 739 2241 811 2250; x_wconf 97' lang='lat'><strong>—</strong></span> <span class='ocrx_word' id='word_1_146' title='bbox 849 2211 980 2278; x_wconf 85' lang='lat' dir='ltr'><strong>Quia</strong></span> <span class='ocrx_word' id='word_1_147' title='bbox 1029 2212 1172 2267; x_wconf 90' lang='lat' dir='ltr'><strong>enim</strong></span> <span class='ocrx_word' id='word_1_148' title='bbox 1212 2225 1382 2281; x_wconf 87' lang='lat' dir='ltr'><strong>neque</strong></span> <span class='ocrx_word' id='word_1_149' title='bbox 1421 2225 1516 2280; x_wconf 85' lang='lat' dir='ltr'><strong>ge-</strong></span> 
     </span>
    </p>
   </div>
   <div class='ocr_carea' id='block_1_22' title="bbox 134 2285 1514 2372">
    <p class='ocr_par' dir='ltr' id='par_1_22' title="bbox 134 2285 1514 2372">
     <span class='ocr_line' id='line_1_22' title="bbox 134 2285 1514 2372; baseline 0.002 -19"><span class='ocrx_word' id='word_1_150' title='bbox 134 2301 290 2370; x_wconf 81' lang='lat' dir='ltr'><strong>aIOgia</strong></span> <span class='ocrx_word' id='word_1_151' title='bbox 316 2285 410 2367; x_wconf 82' lang='lat' dir='ltr'><strong>est,</strong></span> <span class='ocrx_word' id='word_1_152' title='bbox 442 2315 611 2372; x_wconf 87' lang='lat' dir='ltr'><strong>neque</strong></span> <span class='ocrx_word' id='word_1_153' title='bbox 638 2310 905 2356; x_wconf 90' lang='lat' dir='ltr'><strong>astrorum</strong></span> <span class='ocrx_word' id='word_1_154' title='bbox 935 2317 1127 2357; x_wconf 88' lang='lat' dir='ltr'><strong>cursus</strong></span> <span class='ocrx_word' id='word_1_155' title='bbox 1171 2302 1404 2357; x_wconf 90' lang='lat' dir='ltr'><strong>humana</strong></span> <span class='ocrx_word' id='word_1_156' title='bbox 1431 2301 1514 2356; x_wconf 87' lang='lat' dir='ltr'><strong>di-</strong></span> 
     </span>
    </p>
   </div>
   <div class='ocr_carea' id='block_1_23' title="bbox 133 2393 1514 2465">
    <p class='ocr_par' dir='ltr' id='par_1_23' title="bbox 133 2393 1514 2465">
     <span class='ocr_line' id='line_1_23' title="bbox 133 2393 1514 2465; baseline 0.002 -20"><span class='ocrx_word' id='word_1_157' title='bbox 133 2411 159 2457; x_wconf 74' lang='grc' dir='ltr'><strong>ι,</strong></span> <span class='ocrx_word' id='word_1_158' title='bbox 194 2393 268 2447; x_wconf 85' lang='lat' dir='ltr'><strong>vel</strong></span> <span class='ocrx_word' id='word_1_159' title='bbox 300 2394 408 2448; x_wconf 88' lang='lat' dir='ltr'><strong>sine</strong></span> <span class='ocrx_word' id='word_1_160' title='bbox 434 2393 824 2463; x_wconf 89' lang='lat' dir='ltr'><strong>Seripturarum</strong></span> <span class='ocrx_word' id='word_1_161' title='bbox 855 2409 956 2463; x_wconf 85' lang='lat' dir='ltr'><strong>ope</strong></span> <span class='ocrx_word' id='word_1_162' title='bbox 980 2393 1048 2448; x_wconf 89' lang='lat' dir='ltr'><strong>ab</strong></span> <span class='ocrx_word' id='word_1_163' title='bbox 1078 2393 1207 2464; x_wconf 85' lang='lat' dir='ltr'><strong>ipsis</strong></span> <span class='ocrx_word' id='word_1_164' title='bbox 1234 2395 1393 2450; x_wconf 85' lang='lat' dir='ltr'><strong>rebus</strong></span> <span class='ocrx_word' id='word_1_165' title='bbox 1418 2411 1514 2465; x_wconf 91' lang='lat' dir='ltr'><strong>pa-</strong></span> 
     </span>
    </p>
   </div>
   <div class='ocr_carea' id='block_1_24' title="bbox 133 2483 1509 2552">
    <p class='ocr_par' dir='ltr' id='par_1_24' title="bbox 133 2483 1509 2552">
     <span class='ocr_line' id='line_1_24' title="bbox 133 2483 1509 2552; baseline 0.003 -16"><span class='ocrx_word' id='word_1_166' title='bbox 133 2495 182 2539; x_wconf 67' lang='lat' dir='ltr'><strong>st.</strong></span> <span class='ocrx_word' id='word_1_167' title='bbox 200 2484 250 2539; x_wconf 90' lang='lat' dir='ltr'><strong>Si</strong></span> <span class='ocrx_word' id='word_1_168' title='bbox 267 2485 398 2540; x_wconf 87' lang='lat' dir='ltr'><strong>enim</strong></span> <span class='ocrx_word' id='word_1_169' title='bbox 421 2484 517 2538; x_wconf 85' lang='lat' dir='ltr'><strong>sub</strong></span> <span class='ocrx_word' id='word_1_170' title='bbox 539 2483 833 2540; x_wconf 84' lang='lat' dir='ltr'><strong>nativitatis</strong></span> <span class='ocrx_word' id='word_1_171' title='bbox 854 2487 962 2540; x_wconf 90' lang='lat' dir='ltr'><strong>fato</strong></span> <span class='ocrx_word' id='word_1_172' title='bbox 983 2495 1109 2540; x_wconf 90' lang='lat' dir='ltr'><strong>sunt</strong></span> <span class='ocrx_word' id='word_1_173' title='bbox 1131 2500 1218 2541; x_wconf 88' lang='lat' dir='ltr'><strong>res</strong></span> <span class='ocrx_word' id='word_1_174' title='bbox 1239 2487 1509 2552; x_wconf 69' lang='lat' dir='ltr'><strong>humanae,</strong></span> 
     </span>
    </p>
   </div>
   <div class='ocr_carea' id='block_1_25' title="bbox 133 2578 1522 2650">
    <p class='ocr_par' dir='ltr' id='par_1_25' title="bbox 133 2578 1522 2650">
     <span class='ocr_line' id='line_1_25' title="bbox 133 2578 1522 2650; baseline 0.001 -18"><span class='ocrx_word' id='word_1_175' title='bbox 133 2578 380 2633; x_wconf 71' lang='lat' dir='ltr'><strong>:rheribus</strong></span> <span class='ocrx_word' id='word_1_176' title='bbox 400 2579 560 2634; x_wconf 82' lang='lat' dir='ltr'><strong>caedis</strong></span> <span class='ocrx_word' id='word_1_177' title='bbox 586 2594 798 2634; x_wconf 83' lang='lat' dir='ltr'><strong>servum</strong></span> <span class='ocrx_word' id='word_1_178' title='bbox 820 2579 910 2650; x_wconf 87' lang='lat' dir='ltr'><strong>qui</strong></span> <span class='ocrx_word' id='word_1_179' title='bbox 936 2579 1138 2635; x_wconf 88' lang='lat' dir='ltr'><strong>furatus</strong></span> <span class='ocrx_word' id='word_1_180' title='bbox 1163 2580 1278 2635; x_wconf 85' lang='lat' dir='ltr'><strong>est?</strong></span> <span class='ocrx_word' id='word_1_181' title='bbox 1305 2594 1401 2635; x_wconf 89' lang='lat' dir='ltr'><strong>cur</strong></span> <span class='ocrx_word' id='word_1_182' title='bbox 1425 2579 1522 2633; x_wconf 88' lang='lat' dir='ltr'><strong>ad-</strong></span> 
     </span>
    </p>
   </div>
   <div class='ocr_carea' id='block_1_26' title="bbox 133 2671 1520 2742">
    <p class='ocr_par' dir='ltr' id='par_1_26' title="bbox 133 2671 1520 2742">
     <span class='ocr_line' id='line_1_26' title="bbox 133 2671 1520 2742; baseline 0.002 -17"><span class='ocrx_word' id='word_1_183' title='bbox 133 2689 177 2725; x_wconf 83' lang='lat' dir='ltr'><strong>in</strong></span> <span class='ocrx_word' id='word_1_184' title='bbox 207 2687 418 2727; x_wconf 85' lang='lat' dir='ltr'><strong>uxorem</strong></span> <span class='ocrx_word' id='word_1_185' title='bbox 447 2671 513 2727; x_wconf 90' lang='lat' dir='ltr'><strong>ad</strong></span> <span class='ocrx_word' id='word_1_186' title='bbox 550 2672 833 2728; x_wconf 87' lang='lat' dir='ltr'><strong>tribunalia</strong></span> <span class='ocrx_word' id='word_1_187' title='bbox 861 2671 1077 2729; x_wconf 79' lang='lat' dir='ltr'><strong>trabis?</strong></span> <span class='ocrx_word' id='word_1_188' title='bbox 1121 2688 1220 2728; x_wconf 90' lang='lat' dir='ltr'><strong>cur</strong></span> <span class='ocrx_word' id='word_1_189' title='bbox 1262 2681 1314 2728; x_wconf 91' lang='lat' dir='ltr'><strong>te</strong></span> <span class='ocrx_word' id='word_1_190' title='bbox 1357 2672 1520 2742; x_wconf 82' lang='lat' dir='ltr'><strong>pudet</strong></span> 
     </span>
    </p>
   </div>
   <div class='ocr_carea' id='block_1_27' title="bbox 134 2763 1521 2834">
    <p class='ocr_par' dir='ltr' id='par_1_27' title="bbox 134 2763 1521 2834">
     <span class='ocr_line' id='line_1_27' title="bbox 134 2763 1521 2834; baseline 0.004 -19"><span class='ocrx_word' id='word_1_191' title='bbox 134 2764 240 2817; x_wconf 85' lang='lat' dir='ltr'><strong>uala</strong></span> <span class='ocrx_word' id='word_1_192' title='bbox 271 2765 622 2834; x_wconf 84' lang='lat' dir='ltr'><strong>perpetrasti?</strong></span> <span class='ocrx_word' id='word_1_193' title='bbox 642 2763 696 2820; x_wconf 90' lang='lat' dir='ltr'><strong>Si</strong></span> <span class='ocrx_word' id='word_1_194' title='bbox 717 2765 861 2820; x_wconf 90' lang='lat' dir='ltr'><strong>enim</strong></span> <span class='ocrx_word' id='word_1_195' title='bbox 883 2780 950 2820; x_wconf 88' lang='lat' dir='ltr'><strong>ex</strong></span> <span class='ocrx_word' id='word_1_196' title='bbox 979 2764 1303 2821; x_wconf 87' lang='lat' dir='ltr'><strong>necessitate</strong></span> <span class='ocrx_word' id='word_1_197' title='bbox 1332 2779 1521 2834; x_wconf 85' lang='lat' dir='ltr'><strong>pecca-</strong></span> 
     </span>
    </p>
   </div>
   <div class='ocr_carea' id='block_1_28' title="bbox 133 2854 1520 2920">
    <p class='ocr_par' dir='ltr' id='par_1_28' title="bbox 133 2854 1520 2920">
     <span class='ocr_line' id='line_1_28' title="bbox 133 2854 1520 2920; baseline 0.004 -15"><span class='ocrx_word' id='word_1_198' title='bbox 133 2862 185 2920; x_wconf 72' lang='lat' dir='ltr'><strong>it,</strong></span> <span class='ocrx_word' id='word_1_199' title='bbox 212 2869 304 2908; x_wconf 90' lang='lat' dir='ltr'><strong>cur</strong></span> <span class='ocrx_word' id='word_1_200' title='bbox 317 2855 651 2909; x_wconf 70' lang='lat' dir='ltr'><strong>contumeliae</strong></span> <span class='ocrx_word' id='word_1_201' title='bbox 672 2854 835 2910; x_wconf 88' lang='lat' dir='ltr'><strong>verba</strong></span> <span class='ocrx_word' id='word_1_202' title='bbox 863 2869 967 2910; x_wconf 91' lang='lat' dir='ltr'><strong>non</strong></span> <span class='ocrx_word' id='word_1_203' title='bbox 985 2855 1248 2918; x_wconf 88' lang='lat' dir='ltr'><strong>sustines;</strong></span> <span class='ocrx_word' id='word_1_204' title='bbox 1278 2854 1372 2910; x_wconf 88' lang='lat' dir='ltr'><strong>sed</strong></span> <span class='ocrx_word' id='word_1_205' title='bbox 1397 2871 1520 2910; x_wconf 90' lang='lat' dir='ltr'><strong>cum</strong></span> 
     </span>
    </p>
   </div>
   <div class='ocr_carea' id='block_1_29' title="bbox 133 2943 1522 3012">
    <p class='ocr_par' dir='ltr' id='par_1_29' title="bbox 133 2943 1522 3012">
     <span class='ocr_line' id='line_1_29' title="bbox 133 2943 1522 3012; baseline 0.004 -16"><span class='ocrx_word' id='word_1_206' title='bbox 133 2963 140 2995; x_wconf 75' lang='grc' dir='ltr'><strong>ε</strong></span> <span class='ocrx_word' id='word_1_207' title='bbox 173 2954 320 2998; x_wconf 85' lang='lat' dir='ltr'><strong>vocat</strong></span> <span class='ocrx_word' id='word_1_208' title='bbox 344 2945 662 3010; x_wconf 89' lang='lat' dir='ltr'><strong>adulterum,</strong></span> <span class='ocrx_word' id='word_1_209' title='bbox 690 2953 781 3000; x_wconf 92' lang='lat' dir='ltr'><strong>aut</strong></span> <span class='ocrx_word' id='word_1_210' title='bbox 803 2943 1198 3012; x_wconf 85' lang='lat' dir='ltr'><strong>fornicatorem,</strong></span> <span class='ocrx_word' id='word_1_211' title='bbox 1229 2956 1322 3001; x_wconf 91' lang='lat' dir='ltr'><strong>aut</strong></span> <span class='ocrx_word' id='word_1_212' title='bbox 1346 2945 1522 3002; x_wconf 87' lang='lat' dir='ltr'><strong>homi-</strong></span> 
     </span>
    </p>
   </div>
   <div class='ocr_carea' id='block_1_30' title="bbox 134 3035 1524 3099">
    <p class='ocr_par' dir='ltr' id='par_1_30' title="bbox 134 3035 1524 3099">
     <span class='ocr_line' id='line_1_30' title="bbox 134 3035 1524 3099; baseline 0.002 -11"><span class='ocrx_word' id='word_1_213' title='bbox 134 3077 148 3099; x_wconf 92' lang='lat'><strong>,</strong></span> <span class='ocrx_word' id='word_1_214' title='bbox 202 3035 252 3088; x_wconf 88' lang='lat' dir='ltr'><strong>id</strong></span> <span class='ocrx_word' id='word_1_215' title='bbox 279 3037 654 3090; x_wconf 83' lang='lat' dir='ltr'><strong>contumeliam</strong></span> <span class='ocrx_word' id='word_1_216' title='bbox 681 3050 800 3090; x_wconf 91' lang='lat' dir='ltr'><strong>esse</strong></span> <span class='ocrx_word' id='word_1_217' title='bbox 825 3035 1001 3093; x_wconf 89' lang='lat' dir='ltr'><strong>dicis?</strong></span> <span class='ocrx_word' id='word_1_218' title='bbox 1036 3035 1092 3091; x_wconf 90' lang='lat' dir='ltr'><strong>Si</strong></span> <span class='ocrx_word' id='word_1_219' title='bbox 1138 3039 1284 3092; x_wconf 91' lang='lat' dir='ltr'><strong>enim</strong></span> <span class='ocrx_word' id='word_1_220' title='bbox 1325 3053 1431 3092; x_wconf 91' lang='lat' dir='ltr'><strong>non</strong></span> <span class='ocrx_word' id='word_1_221' title='bbox 1457 3054 1524 3092; x_wconf 84' lang='lat' dir='ltr'><strong>ex</strong></span> 
     </span>
    </p>
   </div>
   <div class='ocr_carea' id='block_1_31' title="bbox 147 3127 1524 3200">
    <p class='ocr_par' dir='ltr' id='par_1_31' title="bbox 147 3127 1524 3200">
     <span class='ocr_line' id='line_1_31' title="bbox 147 3127 1524 3200; baseline 0.001 -18"><span class='ocrx_word' id='word_1_222' title='bbox 147 3137 238 3182; x_wconf 92' lang='lat' dir='ltr'><strong>tuo</strong></span> <span class='ocrx_word' id='word_1_223' title='bbox 268 3136 547 3199; x_wconf 86' lang='lat' dir='ltr'><strong>peceatum</strong></span> <span class='ocrx_word' id='word_1_224' title='bbox 576 3127 774 3198; x_wconf 89' lang='lat' dir='ltr'><strong>prodit,</strong></span> <span class='ocrx_word' id='word_1_225' title='bbox 803 3143 980 3199; x_wconf 87' lang='lat' dir='ltr'><strong>neque</strong></span> <span class='ocrx_word' id='word_1_226' title='bbox 1005 3130 1161 3199; x_wconf 89' lang='lat' dir='ltr'><strong>culpa</strong></span> <span class='ocrx_word' id='word_1_227' title='bbox 1189 3138 1272 3184; x_wconf 90' lang='lat' dir='ltr'><strong>est</strong></span> <span class='ocrx_word' id='word_1_228' title='bbox 1300 3129 1352 3185; x_wconf 89' lang='lat' dir='ltr'><strong>id</strong></span> <span class='ocrx_word' id='word_1_229' title='bbox 1379 3129 1524 3200; x_wconf 92' lang='lat' dir='ltr'><strong>quod</strong></span> 
     </span>
    </p>
   </div>
   <div class='ocr_carea' id='block_1_32' title="bbox 169 3220 1528 3292">
    <p class='ocr_par' dir='ltr' id='par_1_32' title="bbox 169 3220 1528 3292">
     <span class='ocr_line' id='line_1_32' title="bbox 169 3220 1528 3292; baseline 0.002 -18"><span class='ocrx_word' id='word_1_230' title='bbox 169 3231 269 3284; x_wconf 90' lang='lat' dir='ltr'><strong>est,</strong></span> <span class='ocrx_word' id='word_1_231' title='bbox 311 3236 485 3291; x_wconf 90' lang='lat' dir='ltr'><strong>neque</strong></span> <span class='ocrx_word' id='word_1_232' title='bbox 512 3220 828 3275; x_wconf 88' lang='lat' dir='ltr'><strong>contumelia</strong></span> <span class='ocrx_word' id='word_1_233' title='bbox 855 3221 906 3275; x_wconf 86' lang='lat' dir='ltr'><strong>id</strong></span> <span class='ocrx_word' id='word_1_234' title='bbox 951 3221 1094 3292; x_wconf 90' lang='lat' dir='ltr'><strong>quod</strong></span> <span class='ocrx_word' id='word_1_235' title='bbox 1132 3220 1348 3276; x_wconf 91' lang='lat' dir='ltr'><strong>dicitur.</strong></span> <span class='ocrx_word' id='word_1_236' title='bbox 1378 3221 1528 3277; x_wconf 83' lang='lat' dir='ltr'><strong>Nunc</strong></span> 
     </span>
    </p>
   </div>
   <div class='ocr_carea' id='block_1_33' title="bbox 140 3311 1530 3382">
    <p class='ocr_par' dir='ltr' id='par_1_33' title="bbox 140 3311 1530 3382">
     <span class='ocr_line' id='line_1_33' title="bbox 140 3311 1530 3382; baseline 0.002 -16"><span class='ocrx_word' id='word_1_237' title='bbox 140 3321 196 3366; x_wconf 89' lang='lat' dir='ltr'><strong>et</strong></span> <span class='ocrx_word' id='word_1_238' title='bbox 225 3327 347 3367; x_wconf 88' lang='lat' dir='ltr'><strong>cum</strong></span> <span class='ocrx_word' id='word_1_239' title='bbox 378 3311 448 3367; x_wconf 90' lang='lat' dir='ltr'><strong>de</strong></span> <span class='ocrx_word' id='word_1_240' title='bbox 476 3311 936 3382; x_wconf 62' lang='lat' dir='ltr'><strong>cieterisjudicas,</strong></span> <span class='ocrx_word' id='word_1_241' title='bbox 969 3320 1165 3367; x_wconf 91' lang='lat' dir='ltr'><strong>etcum</strong></span> <span class='ocrx_word' id='word_1_242' title='bbox 1187 3313 1530 3382; x_wconf 86' lang='lat' dir='ltr'><strong>peccantibus</strong></span> 
     </span>
    </p>
   </div>
   <div class='ocr_carea' id='block_1_34' title="bbox 137 3404 1532 3476">
    <p class='ocr_par' dir='ltr' id='par_1_34' title="bbox 137 3404 1532 3476">
     <span class='ocr_line' id='line_1_34' title="bbox 137 3404 1532 3476; baseline 0.004 -19"><span class='ocrx_word' id='word_1_243' title='bbox 137 3406 352 3470; x_wconf 88' lang='lat' dir='ltr'><strong>noscis,</strong></span> <span class='ocrx_word' id='word_1_244' title='bbox 377 3413 434 3459; x_wconf 90' lang='lat' dir='ltr'><strong>et</strong></span> <span class='ocrx_word' id='word_1_245' title='bbox 466 3421 588 3459; x_wconf 91' lang='lat' dir='ltr'><strong>cum</strong></span> <span class='ocrx_word' id='word_1_246' title='bbox 640 3404 857 3475; x_wconf 79' lang='lat' dir='ltr'><strong>quando</strong></span> <span class='ocrx_word' id='word_1_247' title='bbox 885 3405 1026 3460; x_wconf 90' lang='lat' dir='ltr'><strong>male</strong></span> <span class='ocrx_word' id='word_1_248' title='bbox 1070 3405 1263 3462; x_wconf 88' lang='lat' dir='ltr'><strong>fecisse</strong></span> <span class='ocrx_word' id='word_1_249' title='bbox 1291 3415 1340 3460; x_wconf 91' lang='lat' dir='ltr'><strong>te</strong></span> <span class='ocrx_word' id='word_1_250' title='bbox 1369 3407 1532 3476; x_wconf 87' lang='lat' dir='ltr'><strong>pudet</strong></span> 
     </span>
    </p>
   </div>
   <div class='ocr_carea' id='block_1_35' title="bbox 134 3497 1531 3569">
    <p class='ocr_par' dir='ltr' id='par_1_35' title="bbox 134 3497 1531 3569">
     <span class='ocr_line' id='line_1_35' title="bbox 134 3497 1531 3569; baseline 0.001 -15"><span class='ocrx_word' id='word_1_251' title='bbox 134 3515 177 3554; x_wconf 72' lang='lat' dir='ltr'><strong>&#39;e</strong></span> <span class='ocrx_word' id='word_1_252' title='bbox 218 3498 428 3565; x_wconf 88' lang='lat' dir='ltr'><strong>studes,</strong></span> <span class='ocrx_word' id='word_1_253' title='bbox 457 3506 512 3553; x_wconf 89' lang='lat' dir='ltr'><strong>et</strong></span> <span class='ocrx_word' id='word_1_254' title='bbox 537 3512 631 3554; x_wconf 89' lang='lat' dir='ltr'><strong>eos</strong></span> <span class='ocrx_word' id='word_1_255' title='bbox 655 3499 746 3568; x_wconf 91' lang='lat' dir='ltr'><strong>qui</strong></span> <span class='ocrx_word' id='word_1_256' title='bbox 773 3497 826 3553; x_wconf 93' lang='lat' dir='ltr'><strong>id</strong></span> <span class='ocrx_word' id='word_1_257' title='bbox 854 3498 945 3553; x_wconf 91' lang='lat' dir='ltr'><strong>tibi</strong></span> <span class='ocrx_word' id='word_1_258' title='bbox 975 3498 1231 3569; x_wconf 86' lang='lat' dir='ltr'><strong>objiciunt</strong></span> <span class='ocrx_word' id='word_1_259' title='bbox 1250 3507 1531 3556; x_wconf 83' lang='lat' dir='ltr'><strong>contume-</strong></span> 
     </span>
    </p>
   </div>
   <div class='ocr_carea' id='block_1_36' title="bbox 133 3590 1532 3661">
    <p class='ocr_par' dir='ltr' id='par_1_36' title="bbox 133 3590 1532 3661">
     <span class='ocr_line' id='line_1_36' title="bbox 133 3590 1532 3661; baseline 0.003 -19"><span class='ocrx_word' id='word_1_260' title='bbox 133 3607 237 3647; x_wconf 65' lang='lat' dir='ltr'><strong>isse</strong></span> <span class='ocrx_word' id='word_1_261' title='bbox 259 3599 441 3661; x_wconf 88' lang='lat' dir='ltr'><strong>putas,</strong></span> <span class='ocrx_word' id='word_1_262' title='bbox 475 3601 532 3646; x_wconf 91' lang='lat' dir='ltr'><strong>et</strong></span> <span class='ocrx_word' id='word_1_263' title='bbox 552 3605 646 3660; x_wconf 91' lang='lat' dir='ltr'><strong>per</strong></span> <span class='ocrx_word' id='word_1_264' title='bbox 671 3591 848 3646; x_wconf 87' lang='lat' dir='ltr'><strong>omnia</strong></span> <span class='ocrx_word' id='word_1_265' title='bbox 871 3591 986 3646; x_wconf 73' lang='lat' dir='ltr'><strong>hzec</strong></span> <span class='ocrx_word' id='word_1_266' title='bbox 1006 3590 1300 3656; x_wconf 88' lang='lat' dir='ltr'><strong>confiteris,</strong></span> <span class='ocrx_word' id='word_1_267' title='bbox 1351 3605 1532 3646; x_wconf 86' lang='lat' dir='ltr'><strong>nostra</strong></span> 
     </span>
    </p>
   </div>
   <div class='ocr_carea' id='block_1_37' title="bbox 133 3681 1534 3753">
    <p class='ocr_par' dir='ltr' id='par_1_37' title="bbox 133 3681 1534 3753">
     <span class='ocr_line' id='line_1_37' title="bbox 133 3681 1534 3753; baseline 0.002 -17"><span class='ocrx_word' id='word_1_268' title='bbox 133 3683 415 3737; x_wconf 78' lang='lat' dir='ltr'><strong>:eessitate</strong></span> <span class='ocrx_word' id='word_1_269' title='bbox 447 3681 684 3753; x_wconf 87' lang='lat' dir='ltr'><strong>alligari,</strong></span> <span class='ocrx_word' id='word_1_270' title='bbox 728 3683 822 3737; x_wconf 91' lang='lat' dir='ltr'><strong>sed</strong></span> <span class='ocrx_word' id='word_1_271' title='bbox 866 3681 1112 3738; x_wconf 85' lang='lat' dir='ltr'><strong>libertate</strong></span> <span class='ocrx_word' id='word_1_272' title='bbox 1155 3683 1534 3739; x_wconf 80' lang='lat' dir='ltr'><strong>honorariziis</strong></span> 
     </span>
    </p>
   </div>
   <div class='ocr_carea' id='block_1_38' title="bbox 144 3772 1534 3844">
    <p class='ocr_par' dir='ltr' id='par_1_38' title="bbox 144 3772 1534 3844">
     <span class='ocr_line' id='line_1_38' title="bbox 144 3772 1534 3844; baseline 0.004 -18"><span class='ocrx_word' id='word_1_273' title='bbox 144 3774 196 3826; x_wconf 90' lang='lat' dir='ltr'><strong>ui</strong></span> <span class='ocrx_word' id='word_1_274' title='bbox 247 3773 583 3828; x_wconf 88' lang='lat' dir='ltr'><strong>necessitate</strong></span> <span class='ocrx_word' id='word_1_275' title='bbox 625 3772 933 3828; x_wconf 88' lang='lat' dir='ltr'><strong>detinentur</strong></span> <span class='ocrx_word' id='word_1_276' title='bbox 975 3773 1256 3844; x_wconf 87' lang='lat' dir='ltr'><strong>ignoscere</strong></span> <span class='ocrx_word' id='word_1_277' title='bbox 1309 3775 1534 3831; x_wconf 91' lang='lat' dir='ltr'><strong>scimus.</strong></span> 
     </span>
    </p>
   </div>
   <div class='ocr_carea' id='block_1_39' title="bbox 134 3866 1539 3938">
    <p class='ocr_par' dir='ltr' id='par_1_39' title="bbox 134 3866 1539 3938">
     <span class='ocr_line' id='line_1_39' title="bbox 134 3866 1539 3938; baseline 0.002 -18"><span class='ocrx_word' id='word_1_278' title='bbox 134 3883 172 3920; x_wconf 76' lang='grc' dir='ltr'>ιι</span> <span class='ocrx_word' id='word_1_279' title='bbox 219 3867 384 3936; x_wconf 89' lang='lat' dir='ltr'><strong>quis,</strong></span> <span class='ocrx_word' id='word_1_280' title='bbox 439 3882 474 3922; x_wconf 87' lang='lat' dir='ltr'><strong>a</strong></span> <span class='ocrx_word' id='word_1_281' title='bbox 525 3866 769 3922; x_wconf 61' lang='lat' dir='ltr'><strong>daemone</strong></span> <span class='ocrx_word' id='word_1_282' title='bbox 813 3882 1127 3938; x_wconf 89' lang='lat' dir='ltr'><strong>possessus,</strong></span> <span class='ocrx_word' id='word_1_283' title='bbox 1180 3883 1278 3922; x_wconf 88' lang='lat' dir='ltr'><strong>nos</strong></span> <span class='ocrx_word' id='word_1_284' title='bbox 1316 3883 1539 3937; x_wconf 83' lang='lat' dir='ltr'><strong>percus-</strong></span> 
     </span>
    </p>
   </div>
   <div class='ocr_carea' id='block_1_40' title="bbox 140 3959 1535 4032">
    <p class='ocr_par' dir='ltr' id='par_1_40' title="bbox 140 3959 1535 4032">
     <span class='ocr_line' id='line_1_40' title="bbox 140 3959 1535 4032; baseline 0.001 -18"><span class='ocrx_word' id='word_1_285' title='bbox 140 3970 239 4015; x_wconf 91' lang='lat' dir='ltr'><strong>aut</strong></span> <span class='ocrx_word' id='word_1_286' title='bbox 300 3968 522 4016; x_wconf 87' lang='lat' dir='ltr'><strong>vestem</strong></span> <span class='ocrx_word' id='word_1_287' title='bbox 572 3959 822 4026; x_wconf 89' lang='lat' dir='ltr'><strong>sciderit,</strong></span> <span class='ocrx_word' id='word_1_288' title='bbox 883 3969 976 4016; x_wconf 89' lang='lat' dir='ltr'><strong>aut</strong></span> <span class='ocrx_word' id='word_1_289' title='bbox 1021 3961 1204 4032; x_wconf 87' lang='lat' dir='ltr'><strong>plagas</strong></span> <span class='ocrx_word' id='word_1_290' title='bbox 1259 3961 1535 4028; x_wconf 91' lang='lat' dir='ltr'><strong>intulerit;</strong></span> 
     </span>
    </p>
   </div>
   <div class='ocr_carea' id='block_1_41' title="bbox 133 4051 1536 4123">
    <p class='ocr_par' dir='ltr' id='par_1_41' title="bbox 133 4051 1536 4123">
     <span class='ocr_line' id='line_1_41' title="bbox 133 4051 1536 4123; baseline 0.004 -21"><span class='ocrx_word' id='word_1_291' title='bbox 133 4051 224 4106; x_wconf 70' lang='grc' dir='ltr'><strong>»ιιυ</strong></span> <span class='ocrx_word' id='word_1_292' title='bbox 271 4053 462 4122; x_wconf 90' lang='lat' dir='ltr'><strong>ipsum</strong></span> <span class='ocrx_word' id='word_1_293' title='bbox 520 4066 627 4106; x_wconf 91' lang='lat' dir='ltr'><strong>non</strong></span> <span class='ocrx_word' id='word_1_294' title='bbox 672 4052 923 4123; x_wconf 90' lang='lat' dir='ltr'><strong>punimus</strong></span> <span class='ocrx_word' id='word_1_295' title='bbox 945 4093 960 4116; x_wconf 94' lang='lat'><strong>,</strong></span> <span class='ocrx_word' id='word_1_296' title='bbox 991 4067 1165 4122; x_wconf 89' lang='lat' dir='ltr'><strong>neque</strong></span> <span class='ocrx_word' id='word_1_297' title='bbox 1189 4052 1256 4106; x_wconf 90' lang='lat' dir='ltr'><strong>ad</strong></span> <span class='ocrx_word' id='word_1_298' title='bbox 1278 4052 1536 4122; x_wconf 90' lang='lat' dir='ltr'><strong>judicium</strong></span> 
     </span>
    </p>
   </div>
   <div class='ocr_carea' id='block_1_42' title="bbox 134 4143 1540 4217">
    <p class='ocr_par' dir='ltr' id='par_1_42' title="bbox 134 4143 1540 4217">
     <span class='ocr_line' id='line_1_42' title="bbox 134 4143 1540 4217; baseline 0.004 -20"><span class='ocrx_word' id='word_1_299' title='bbox 134 4160 205 4210; x_wconf 79' lang='lat' dir='ltr'><strong>is,</strong></span> <span class='ocrx_word' id='word_1_300' title='bbox 233 4144 338 4198; x_wconf 90' lang='lat' dir='ltr'><strong>sed</strong></span> <span class='ocrx_word' id='word_1_301' title='bbox 369 4145 544 4200; x_wconf 90' lang='lat' dir='ltr'><strong>etiam</strong></span> <span class='ocrx_word' id='word_1_302' title='bbox 569 4143 687 4215; x_wconf 86' lang='lat' dir='ltr'><strong>ejus</strong></span> <span class='ocrx_word' id='word_1_303' title='bbox 712 4143 1034 4200; x_wconf 88' lang='lat' dir='ltr'><strong>miseremur</strong></span> <span class='ocrx_word' id='word_1_304' title='bbox 1063 4145 1274 4216; x_wconf 87' lang='lat' dir='ltr'><strong>ipsique</strong></span> <span class='ocrx_word' id='word_1_305' title='bbox 1306 4147 1540 4217; x_wconf 84' lang='lat' dir='ltr'><strong>ignosci-</strong></span> 
     </span>
    </p>
   </div>
   <div class='ocr_carea' id='block_1_43' title="bbox 134 4234 1542 4303">
    <p class='ocr_par' dir='ltr' id='par_1_43' title="bbox 134 4234 1542 4303">
     <span class='ocr_line' id='line_1_43' title="bbox 134 4234 1542 4303; baseline 0.005 -16"><span class='ocrx_word' id='word_1_306' title='bbox 134 4250 182 4288; x_wconf 78' lang='lat' dir='ltr'><strong>ia</strong></span> <span class='ocrx_word' id='word_1_307' title='bbox 191 4249 256 4290; x_wconf 91' lang='lat' dir='ltr'><strong>re</strong></span> <span class='ocrx_word' id='word_1_308' title='bbox 270 4234 297 4288; x_wconf 71' lang='grc' dir='ltr'><em>ἲ</em></span> <span class='ocrx_word' id='word_1_309' title='bbox 313 4234 462 4302; x_wconf 85' lang='lat' dir='ltr'><strong>Quia</strong></span> <span class='ocrx_word' id='word_1_310' title='bbox 485 4249 594 4290; x_wconf 89' lang='lat' dir='ltr'><strong>non</strong></span> <span class='ocrx_word' id='word_1_311' title='bbox 615 4235 834 4291; x_wconf 87' lang='lat' dir='ltr'><strong>libertas</strong></span> <span class='ocrx_word' id='word_1_312' title='bbox 852 4235 1082 4303; x_wconf 86' lang='lat' dir='ltr'><strong>arbitrii,</strong></span> <span class='ocrx_word' id='word_1_313' title='bbox 1100 4237 1195 4292; x_wconf 81' lang='lat' dir='ltr'><strong>sed</strong></span> <span class='ocrx_word' id='word_1_314' title='bbox 1214 4236 1542 4294; x_wconf 67' lang='lat' dir='ltr'><strong>daemoniaca</strong></span> 
     </span>
    </p>
   </div>
   <div class='ocr_carea' id='block_1_44' title="bbox 133 4327 1541 4400">
    <p class='ocr_par' dir='ltr' id='par_1_44' title="bbox 133 4327 1541 4400">
     <span class='ocr_line' id='line_1_44' title="bbox 133 4327 1541 4400; baseline 0.006 -22"><span class='ocrx_word' id='word_1_315' title='bbox 133 4337 213 4382; x_wconf 78' lang='lat' dir='ltr'><strong>:as</strong></span> <span class='ocrx_word' id='word_1_316' title='bbox 226 4329 280 4383; x_wconf 91' lang='lat' dir='ltr'><strong>id</strong></span> <span class='ocrx_word' id='word_1_317' title='bbox 294 4327 511 4384; x_wconf 73' lang='lat' dir='ltr'><strong>effecit.</strong></span> <span class='ocrx_word' id='word_1_318' title='bbox 525 4329 866 4400; x_wconf 83' lang='lat' dir='ltr'><strong>Quapropter</strong></span> <span class='ocrx_word' id='word_1_319' title='bbox 877 4365 894 4391; x_wconf 90' lang='lat'><strong>,</strong></span> <span class='ocrx_word' id='word_1_320' title='bbox 907 4327 954 4382; x_wconf 90' lang='lat' dir='ltr'><strong>si</strong></span> <span class='ocrx_word' id='word_1_321' title='bbox 966 4328 1068 4382; x_wconf 89' lang='lat' dir='ltr'><strong>alia</strong></span> <span class='ocrx_word' id='word_1_322' title='bbox 1081 4343 1299 4399; x_wconf 86' lang='lat' dir='ltr'><strong>quoque</strong></span> <span class='ocrx_word' id='word_1_323' title='bbox 1326 4338 1541 4398; x_wconf 89' lang='lat' dir='ltr'><strong>peccata</strong></span> 
     </span>
    </p>
   </div>
   <div class='ocr_carea' id='block_1_45' title="bbox 138 4417 1542 4488">
    <p class='ocr_par' dir='ltr' id='par_1_45' title="bbox 138 4417 1542 4488">
     <span class='ocr_line' id='line_1_45' title="bbox 138 4417 1542 4488; baseline 0.003 -16"><span class='ocrx_word' id='word_1_324' title='bbox 138 4417 486 4473; x_wconf 69' lang='lat' dir='ltr'><strong>necessitate</strong></span> <span class='ocrx_word' id='word_1_325' title='bbox 515 4424 714 4483; x_wconf 86' lang='lat' dir='ltr'><strong>essent,</strong></span> <span class='ocrx_word' id='word_1_326' title='bbox 768 4417 898 4486; x_wconf 91' lang='lat' dir='ltr'><strong>ipsis</strong></span> <span class='ocrx_word' id='word_1_327' title='bbox 941 4418 1102 4473; x_wconf 89' lang='lat' dir='ltr'><strong>etiam</strong></span> <span class='ocrx_word' id='word_1_328' title='bbox 1155 4434 1542 4488; x_wconf 84' lang='lat' dir='ltr'><strong>parceremus:</strong></span> 
     </span>
    </p>
   </div>
   <div class='ocr_carea' id='block_1_46' title="bbox 142 4509 1546 4580">
    <p class='ocr_par' dir='ltr' id='par_1_46' title="bbox 142 4509 1546 4580">
     <span class='ocr_line' id='line_1_46' title="bbox 142 4509 1546 4580; baseline 0.004 -18"><span class='ocrx_word' id='word_1_329' title='bbox 142 4524 210 4563; x_wconf 90' lang='lat' dir='ltr'><strong>ro</strong></span> <span class='ocrx_word' id='word_1_330' title='bbox 260 4509 619 4571; x_wconf 83' lang='lat' dir='ltr'><strong>scimusnos</strong></span> <span class='ocrx_word' id='word_1_331' title='bbox 667 4524 774 4562; x_wconf 91' lang='lat' dir='ltr'><strong>non</strong></span> <span class='ocrx_word' id='word_1_332' title='bbox 804 4510 855 4563; x_wconf 93' lang='lat' dir='ltr'><strong>in</strong></span> <span class='ocrx_word' id='word_1_333' title='bbox 884 4509 1202 4566; x_wconf 89' lang='lat' dir='ltr'><strong>necessitate</strong></span> <span class='ocrx_word' id='word_1_334' title='bbox 1243 4526 1384 4580; x_wconf 90' lang='lat' dir='ltr'><strong>esse,</strong></span> <span class='ocrx_word' id='word_1_335' title='bbox 1425 4513 1546 4568; x_wconf 90' lang='lat' dir='ltr'><strong>ideo</strong></span> 
     </span>
    </p>
   </div>
   <div class='ocr_carea' id='block_1_47' title="bbox 135 4599 1542 4671">
    <p class='ocr_par' dir='ltr' id='par_1_47' title="bbox 135 4599 1542 4671">
     <span class='ocr_line' id='line_1_47' title="bbox 135 4599 1542 4671; baseline 0.003 -17"><span class='ocrx_word' id='word_1_336' title='bbox 135 4599 359 4664; x_wconf 88' lang='lat' dir='ltr'><strong>cimus,</strong></span> <span class='ocrx_word' id='word_1_337' title='bbox 391 4615 509 4654; x_wconf 87' lang='lat' dir='ltr'><strong>non</strong></span> <span class='ocrx_word' id='word_1_338' title='bbox 539 4599 740 4654; x_wconf 92' lang='lat' dir='ltr'><strong>domini</strong></span> <span class='ocrx_word' id='word_1_339' title='bbox 770 4599 961 4665; x_wconf 89' lang='lat' dir='ltr'><strong>servis,</strong></span> <span class='ocrx_word' id='word_1_340' title='bbox 997 4616 1102 4655; x_wconf 89' lang='lat' dir='ltr'><strong>non</strong></span> <span class='ocrx_word' id='word_1_341' title='bbox 1133 4601 1232 4657; x_wconf 89' lang='lat' dir='ltr'><strong>viri</strong></span> <span class='ocrx_word' id='word_1_342' title='bbox 1258 4603 1542 4671; x_wconf 81' lang='lat' dir='ltr'><strong>uxoribus,</strong></span> 
     </span>
    </p>
   </div>
   <div class='ocr_carea' id='block_1_48' title="bbox 133 4690 1544 4760">
    <p class='ocr_par' dir='ltr' id='par_1_48' title="bbox 133 4690 1544 4760">
     <span class='ocr_line' id='line_1_48' title="bbox 133 4690 1544 4760; baseline 0.007 -20"><span class='ocrx_word' id='word_1_343' title='bbox 133 4706 248 4746; x_wconf 75' lang='lat' dir='ltr'><strong>ires</strong></span> <span class='ocrx_word' id='word_1_344' title='bbox 273 4690 450 4757; x_wconf 89' lang='lat' dir='ltr'><strong>viris,</strong></span> <span class='ocrx_word' id='word_1_345' title='bbox 471 4705 584 4746; x_wconf 90' lang='lat' dir='ltr'><strong>non</strong></span> <span class='ocrx_word' id='word_1_346' title='bbox 609 4701 789 4760; x_wconf 89' lang='lat' dir='ltr'><strong>patres</strong></span> <span class='ocrx_word' id='word_1_347' title='bbox 815 4691 957 4756; x_wconf 84' lang='lat' dir='ltr'><strong>filiis,</strong></span> <span class='ocrx_word' id='word_1_348' title='bbox 983 4706 1090 4746; x_wconf 90' lang='lat' dir='ltr'><strong>non</strong></span> <span class='ocrx_word' id='word_1_349' title='bbox 1115 4691 1366 4749; x_wconf 89' lang='lat' dir='ltr'><strong>doctores</strong></span> <span class='ocrx_word' id='word_1_350' title='bbox 1387 4694 1544 4750; x_wconf 84' lang='lat' dir='ltr'><strong>disci-</strong></span> 
     </span>
    </p>
   </div>
   <div class='ocr_carea' id='block_1_49' title="bbox 137 4781 1537 4857">
    <p class='ocr_par' dir='ltr' id='par_1_49' title="bbox 137 4781 1537 4857">
     <span class='ocr_line' id='line_1_49' title="bbox 137 4781 1537 4857; baseline 0.004 -22"><span class='ocrx_word' id='word_1_351' title='bbox 137 4799 215 4836; x_wconf 92' lang='lat' dir='ltr'><strong>on</strong></span> <span class='ocrx_word' id='word_1_352' title='bbox 255 4782 562 4853; x_wconf 81' lang='lat' dir='ltr'><strong>principes</strong></span> <span class='ocrx_word' id='word_1_353' title='bbox 587 4782 840 4850; x_wconf 91' lang='lat' dir='ltr'><strong>subditis,</strong></span> <span class='ocrx_word' id='word_1_354' title='bbox 865 4797 971 4838; x_wconf 90' lang='lat' dir='ltr'><strong>non</strong></span> <span class='ocrx_word' id='word_1_355' title='bbox 1002 4781 1335 4854; x_wconf 88' lang='lat' dir='ltr'><strong>lcgislatores</strong></span> <span class='ocrx_word' id='word_1_356' title='bbox 1356 4783 1421 4840; x_wconf 91' lang='lat' dir='ltr'><strong>iis</strong></span> <span class='ocrx_word' id='word_1_357' title='bbox 1447 4786 1537 4857; x_wconf 91' lang='lat' dir='ltr'><strong>qui</strong></span> 
     </span>
    </p>
   </div>
   <div class='ocr_carea' id='block_1_50' title="bbox 134 4914 1546 4980">
    <p class='ocr_par' dir='ltr' id='par_1_50' title="bbox 134 4914 1546 4980">
     <span class='ocr_line' id='line_1_50' title="bbox 134 4914 1546 4980; baseline 0.005 -18"><span class='ocrx_word' id='word_1_358' title='bbox 134 4922 383 4966; x_wconf 70' lang='lat' dir='ltr'><strong>tument.</strong></span> <span class='ocrx_word' id='word_1_359' title='bbox 401 4916 482 4980; x_wconf 84' lang='lat' dir='ltr'><strong>_in</strong></span> <span class='ocrx_word' id='word_1_360' title='bbox 519 4915 886 4979; x_wconf 69' lang='lat' dir='ltr'><strong>Mawiaaum,-t.</strong></span> <span class='ocrx_word' id='word_1_361' title='bbox 911 4917 971 4979; x_wconf 89' lang='lat'><strong>6,</strong></span> <span class='ocrx_word' id='word_1_362' title='bbox 996 4914 1097 4980; x_wconf 87' lang='lat' dir='ltr'><strong>col._</strong></span> <span class='ocrx_word' id='word_1_363' title='bbox 1115 4917 1225 4980; x_wconf 56' lang='lat'><strong>652,</strong></span> <span class='ocrx_word' id='word_1_364' title='bbox 1253 4917 1338 4980; x_wconf 86' lang='lat' dir='ltr'><strong>lin,</strong></span> <span class='ocrx_word' id='word_1_365' title='bbox 1362 4918 1441 4968; x_wconf 70' lang='grc'><strong>44.</strong></span> <span class='ocrx_word' id='word_1_366' title='bbox 1466 4917 1546 4969; x_wconf 89' lang='lat' dir='ltr'><strong>le-</strong></span> 
     </span>
    </p>
   </div>
   <div class='ocr_carea' id='block_1_51' title="bbox 133 4977 1547 5045">
    <p class='ocr_par' dir='ltr' id='par_1_51' title="bbox 133 4977 1547 5045">
     <span class='ocr_line' id='line_1_51' title="bbox 133 4977 1547 5045; baseline 0.004 -18"><span class='ocrx_word' id='word_1_367' title='bbox 133 4989 292 5040; x_wconf 76' lang='lat' dir='ltr'><strong>egcm</strong></span> <span class='ocrx_word' id='word_1_368' title='bbox 318 4977 472 5026; x_wconf 77' lang='lat' dir='ltr'><strong>enim</strong></span> <span class='ocrx_word' id='word_1_369' title='bbox 495 4977 830 5045; x_wconf 66' lang='lat' dir='ltr'><strong>cognoscentes</strong></span> <span class='ocrx_word' id='word_1_370' title='bbox 852 4977 988 5045; x_wconf 73' lang='lat' dir='ltr'><strong>eum,</strong></span> <span class='ocrx_word' id='word_1_371' title='bbox 1017 4977 1547 5045; x_wconf 61' lang='lat' dir='ltr'><strong>protritionrmundam</strong></span> 
     </span>
    </p>
   </div>
   <div class='ocr_carea' id='block_1_52' title="bbox 133 5039 1543 5103">
    <p class='ocr_par' dir='ltr' id='par_1_52' title="bbox 133 5039 1543 5103">
     <span class='ocr_line' id='line_1_52' title="bbox 133 5039 1543 5103; baseline 0.004 -16"><span class='ocrx_word' id='word_1_372' title='bbox 133 5039 251 5088; x_wconf 60' lang='lat' dir='ltr'><strong>sitm</strong></span> <span class='ocrx_word' id='word_1_373' title='bbox 289 5039 601 5103; x_wconf 68' lang='lat' dir='ltr'><strong>sanctorum</strong></span> <span class='ocrx_word' id='word_1_374' title='bbox 619 5075 633 5099; x_wconf 90' lang='lat'><strong>,</strong></span> <span class='ocrx_word' id='word_1_375' title='bbox 658 5039 752 5103; x_wconf 75' lang='lat' dir='ltr'><strong>sibi</strong></span> <span class='ocrx_word' id='word_1_376' title='bbox 770 5055 947 5103; x_wconf 83' lang='lat' dir='ltr'><strong>aurum</strong></span> <span class='ocrx_word' id='word_1_377' title='bbox 971 5039 1230 5103; x_wconf 72' lang='lat' dir='ltr'><strong>repositum</strong></span> <span class='ocrx_word' id='word_1_378' title='bbox 1252 5039 1543 5093; x_wconf 81' lang='lat' dir='ltr'><strong>obtulerunt.</strong></span> 
     </span>
    </p>
   </div>
   <div class='ocr_carea' id='block_1_53' title="bbox 136 5101 1545 5167">
    <p class='ocr_par' dir='ltr' id='par_1_53' title="bbox 136 5101 1545 5167">
     <span class='ocr_line' id='line_1_53' title="bbox 136 5101 1545 5167; baseline 0.004 -18"><span class='ocrx_word' id='word_1_379' title='bbox 136 5108 335 5167; x_wconf 74' lang='lat' dir='ltr'><strong>qutem</strong></span> <span class='ocrx_word' id='word_1_380' title='bbox 359 5108 416 5151; x_wconf 88' lang='lat' dir='ltr'><strong>et</strong></span> <span class='ocrx_word' id='word_1_381' title='bbox 444 5101 641 5167; x_wconf 68' lang='lat' dir='ltr'><strong>creteste</strong></span> <span class='ocrx_word' id='word_1_382' title='bbox 659 5101 978 5167; x_wconf 66' lang='lat' dir='ltr'><strong>intelligente:</strong></span> <span class='ocrx_word' id='word_1_383' title='bbox 1003 5101 1300 5166; x_wconf 70' lang='lat' dir='ltr'><strong>principium</strong></span> <span class='ocrx_word' id='word_1_384' title='bbox 1320 5104 1425 5166; x_wconf 82' lang='lat' dir='ltr'><strong>ejus</strong></span> <span class='ocrx_word' id='word_1_385' title='bbox 1439 5142 1465 5167; x_wconf 21' lang='grc' dir='ltr'><strong>,ν</strong></span> <span class='ocrx_word' id='word_1_386' title='bbox 1482 5105 1545 5155; x_wconf 83' lang='lat' dir='ltr'><strong>li-</strong></span> 
     </span>
    </p>
   </div>
   <div class='ocr_carea' id='block_1_54' title="bbox 133 5162 1545 5229">
    <p class='ocr_par' dir='ltr' id='par_1_54' title="bbox 133 5162 1545 5229">
     <span class='ocr_line' id='line_1_54' title="bbox 133 5162 1545 5229; baseline 0.006 -19"><span class='ocrx_word' id='word_1_387' title='bbox 133 5162 342 5229; x_wconf 57' lang='lat' dir='ltr'><strong>tteram</strong></span> <span class='ocrx_word' id='word_1_388' title='bbox 377 5163 656 5229; x_wconf 79' lang='lat' dir='ltr'><strong>odorem...</strong></span> <span class='ocrx_word' id='word_1_389' title='bbox 683 5162 956 5229; x_wconf 53' lang='lat' dir='ltr'><strong>Humanum</strong></span> <span class='ocrx_word' id='word_1_390' title='bbox 982 5162 1142 5215; x_wconf 73' lang='lat' dir='ltr'><strong>autem</strong></span> <span class='ocrx_word' id='word_1_391' title='bbox 1162 5162 1545 5229; x_wconf 74' lang='lat' dir='ltr'><strong>ettemporofem</strong></span> 
     </span>
    </p>
   </div>
   <div class='ocr_carea' id='block_1_55' title="bbox 133 5226 1333 5291">
    <p class='ocr_par' dir='ltr' id='par_1_55' title="bbox 133 5226 1333 5291">
     <span class='ocr_line' id='line_1_55' title="bbox 133 5226 1333 5291; baseline 0.003 -18"><span class='ocrx_word' id='word_1_392' title='bbox 133 5226 376 5290; x_wconf 79' lang='lat' dir='ltr'><strong>ligentes</strong></span> <span class='ocrx_word' id='word_1_393' title='bbox 405 5226 737 5289; x_wconf 78' lang='lat' dir='ltr'><strong>sepulturam,</strong></span> <span class='ocrx_word' id='word_1_394' title='bbox 771 5227 1043 5278; x_wconf 76' lang='lat' dir='ltr'><strong>obtulerunt</strong></span> <span class='ocrx_word' id='word_1_395' title='bbox 1066 5226 1333 5291; x_wconf 72' lang='lat' dir='ltr'><strong>myrrham;</strong></span> 
     </span>
    </p>
   </div>
   <div class='ocr_carea' id='block_1_56' title="bbox 3089 355 3186 410">
    <p class='ocr_par' dir='ltr' id='par_1_56' title="bbox 3089 355 3186 410">
     <span class='ocr_line' id='line_1_56' title="bbox 3089 355 3186 410; baseline 0 0"><span class='ocrx_word' id='word_1_396' title='bbox 3089 355 3186 410; x_wconf 75' lang='lat'><strong>510</strong></span> 
     </span>
    </p>
   </div>
   <div class='ocr_carea' id='block_1_57' title="bbox 1618 445 3194 529">
    <p class='ocr_par' dir='ltr' id='par_1_57' title="bbox 1618 445 3194 529">
     <span class='ocr_line' id='line_1_57' title="bbox 1618 445 3194 529; baseline 0.018 -29"><span class='ocrx_word' id='word_1_397' title='bbox 1618 445 1763 516; x_wconf 80' lang='lat' dir='ltr'><strong>leges</strong></span> <span class='ocrx_word' id='word_1_398' title='bbox 1781 449 2064 519; x_wconf 85' lang='lat' dir='ltr'><strong>accipiunt;</strong></span> <span class='ocrx_word' id='word_1_399' title='bbox 2083 453 2178 508; x_wconf 88' lang='lat' dir='ltr'><strong>sed</strong></span> <span class='ocrx_word' id='word_1_400' title='bbox 2199 457 2376 512; x_wconf 86' lang='lat' dir='ltr'><strong>acerbi</strong></span> <span class='ocrx_word' id='word_1_401' title='bbox 2399 459 2712 517; x_wconf 88' lang='lat' dir='ltr'><strong>delictorum</strong></span> <span class='ocrx_word' id='word_1_402' title='bbox 2737 470 3128 527; x_wconf 81' lang='lat' dir='ltr'><strong>examinatores</strong></span> <span class='ocrx_word' id='word_1_403' title='bbox 3139 483 3194 529; x_wconf 89' lang='lat' dir='ltr'><strong>et</strong></span> 
     </span>
    </p>
   </div>
   <div class='ocr_carea' id='block_1_58' title="bbox 1613 539 3187 630">
    <p class='ocr_par' dir='ltr' id='par_1_58' title="bbox 1613 539 3187 630">
     <span class='ocr_line' id='line_1_58' title="bbox 1613 539 3187 630; baseline 0.017 -39"><span class='ocrx_word' id='word_1_404' title='bbox 1613 539 1854 630; x_wconf 85' lang='lat' dir='ltr'><strong>vindices</strong></span> <span class='ocrx_word' id='word_1_405' title='bbox 1874 555 2089 597; x_wconf 88' lang='lat' dir='ltr'><strong>sumus:</strong></span> <span class='ocrx_word' id='word_1_406' title='bbox 2117 545 2397 602; x_wconf 88' lang='lat' dir='ltr'><strong>tribunalia</strong></span> <span class='ocrx_word' id='word_1_407' title='bbox 2425 550 2650 617; x_wconf 87' lang='lat' dir='ltr'><strong>adimus,</strong></span> <span class='ocrx_word' id='word_1_408' title='bbox 2680 554 2858 626; x_wconf 87' lang='lat' dir='ltr'><strong>plagas</strong></span> <span class='ocrx_word' id='word_1_409' title='bbox 2881 559 3187 630; x_wconf 87' lang='lat' dir='ltr'><strong>infligimus,</strong></span> 
     </span>
    </p>
   </div>
   <div class='ocr_carea' id='block_1_59' title="bbox 1614 629 3187 719">
    <p class='ocr_par' dir='ltr' id='par_1_59' title="bbox 1614 629 3187 719">
     <span class='ocr_line' id='line_1_59' title="bbox 1614 629 3187 719; baseline 0.019 -38"><span class='ocrx_word' id='word_1_410' title='bbox 1614 629 2050 699; x_wconf 81' lang='lat' dir='ltr'><strong>castigationibus</strong></span> <span class='ocrx_word' id='word_1_411' title='bbox 2079 636 2296 705; x_wconf 87' lang='lat' dir='ltr'><strong>utimur,</strong></span> <span class='ocrx_word' id='word_1_412' title='bbox 2337 641 2573 712; x_wconf 84' lang='lat' dir='ltr'><strong>nihilque</strong></span> <span class='ocrx_word' id='word_1_413' title='bbox 2605 660 2710 700; x_wconf 93' lang='lat' dir='ltr'><strong>non</strong></span> <span class='ocrx_word' id='word_1_414' title='bbox 2743 650 2951 719; x_wconf 86' lang='lat' dir='ltr'><strong>agimus</strong></span> <span class='ocrx_word' id='word_1_415' title='bbox 2981 629 3038 706; x_wconf 86' lang='lat' dir='ltr'><strong>ut</strong></span> <span class='ocrx_word' id='word_1_416' title='bbox 3065 668 3187 710; x_wconf 89' lang='lat' dir='ltr'><strong>scr-</strong></span> 
     </span>
    </p>
   </div>
   <div class='ocr_carea' id='block_1_60' title="bbox 1614 724 3193 812">
    <p class='ocr_par' dir='ltr' id='par_1_60' title="bbox 1614 724 3193 812">
     <span class='ocr_line' id='line_1_60' title="bbox 1614 724 3193 812; baseline 0.018 -40"><span class='ocrx_word' id='word_1_417' title='bbox 1614 733 1736 773; x_wconf 90' lang='lat' dir='ltr'><strong>vum</strong></span> <span class='ocrx_word' id='word_1_418' title='bbox 1765 737 1794 775; x_wconf 89' lang='lat' dir='ltr'><strong>a</strong></span> <span class='ocrx_word' id='word_1_419' title='bbox 1824 724 2055 793; x_wconf 86' lang='lat' dir='ltr'><strong>nequitia</strong></span> <span class='ocrx_word' id='word_1_420' title='bbox 2087 737 2138 781; x_wconf 92' lang='lat' dir='ltr'><strong>et</strong></span> <span class='ocrx_word' id='word_1_421' title='bbox 2171 728 2338 784; x_wconf 89' lang='lat' dir='ltr'><strong>filium</strong></span> <span class='ocrx_word' id='word_1_422' title='bbox 2372 747 2402 786; x_wconf 86' lang='lat' dir='ltr'><strong>a</strong></span> <span class='ocrx_word' id='word_1_423' title='bbox 2446 735 2643 790; x_wconf 85' lang='lat' dir='ltr'><strong>malitia</strong></span> <span class='ocrx_word' id='word_1_424' title='bbox 2683 739 3000 800; x_wconf 76' lang='lat' dir='ltr'><strong>eximamus.</strong></span> <span class='ocrx_word' id='word_1_425' title='bbox 3051 744 3193 812; x_wconf 83' lang='lat' dir='ltr'><strong>Qua-</strong></span> 
     </span>
    </p>
   </div>
   <div class='ocr_carea' id='block_1_61' title="bbox 1617 815 3192 907">
    <p class='ocr_par' dir='ltr' id='par_1_61' title="bbox 1617 815 3192 907">
     <span class='ocr_line' id='line_1_61' title="bbox 1617 815 3192 907; baseline 0.02 -44"><span class='ocrx_word' id='word_1_426' title='bbox 1617 815 1985 907; x_wconf 7' lang='lat' dir='ltr'><strong>proptergipsis</strong></span> <span class='ocrx_word' id='word_1_427' title='bbox 2012 826 2066 870; x_wconf 90' lang='lat' dir='ltr'><strong>et</strong></span> <span class='ocrx_word' id='word_1_428' title='bbox 2097 819 2415 889; x_wconf 73' lang='lat' dir='ltr'><strong>patdagugos</strong></span> <span class='ocrx_word' id='word_1_429' title='bbox 2446 823 2770 884; x_wconf 90' lang='lat' dir='ltr'><strong>instituimus</strong></span> <span class='ocrx_word' id='word_1_430' title='bbox 2793 873 2809 897; x_wconf 97' lang='lat'><strong>,</strong></span> <span class='ocrx_word' id='word_1_431' title='bbox 2837 843 2889 887; x_wconf 89' lang='lat' dir='ltr'><strong>et</strong></span> <span class='ocrx_word' id='word_1_432' title='bbox 2917 834 2983 890; x_wconf 89' lang='lat' dir='ltr'><strong>ad</strong></span> <span class='ocrx_word' id='word_1_433' title='bbox 3028 840 3192 907; x_wconf 62' lang='lat' dir='ltr'><strong>magi</strong></span> 
     </span>
    </p>
   </div>
   <div class='ocr_carea' id='block_1_62' title="bbox 1616 905 3196 1001">
    <p class='ocr_par' dir='ltr' id='par_1_62' title="bbox 1616 905 3196 1001">
     <span class='ocr_line' id='line_1_62' title="bbox 1616 905 3196 1001; baseline 0.018 -45"><span class='ocrx_word' id='word_1_434' title='bbox 1616 912 1756 957; x_wconf 86' lang='lat' dir='ltr'><strong>strns</strong></span> <span class='ocrx_word' id='word_1_435' title='bbox 1784 905 2058 1001; x_wconf 75' lang='lat' dir='ltr'><strong>mittentes</strong></span> <span class='ocrx_word' id='word_1_436' title='bbox 2089 910 2260 964; x_wconf 86' lang='lat' dir='ltr'><strong>minas</strong></span> <span class='ocrx_word' id='word_1_437' title='bbox 2289 912 2612 972; x_wconf 82' lang='lat' dir='ltr'><strong>intentamus</strong></span> <span class='ocrx_word' id='word_1_438' title='bbox 2639 960 2654 984; x_wconf 94' lang='lat'><strong>,</strong></span> <span class='ocrx_word' id='word_1_439' title='bbox 2682 932 2735 976; x_wconf 92' lang='lat' dir='ltr'><strong>et</strong></span> <span class='ocrx_word' id='word_1_440' title='bbox 2779 926 2961 995; x_wconf 85' lang='lat' dir='ltr'><strong>plagas</strong></span> <span class='ocrx_word' id='word_1_441' title='bbox 3000 905 3196 1001; x_wconf 80' lang='lat' dir='ltr'><strong>inﬂigi-</strong></span> 
     </span>
    </p>
   </div>
   <div class='ocr_carea' id='block_1_63' title="bbox 1617 994 3196 1090">
    <p class='ocr_par' dir='ltr' id='par_1_63' title="bbox 1617 994 3196 1090">
     <span class='ocr_line' id='line_1_63' title="bbox 1617 994 3196 1090; baseline 0.02 -43"><span class='ocrx_word' id='word_1_442' title='bbox 1617 1010 1752 1048; x_wconf 90' lang='lat' dir='ltr'><strong>mus.</strong></span> <span class='ocrx_word' id='word_1_443' title='bbox 1785 994 1913 1064; x_wconf 88' lang='lat' dir='ltr'><strong>Cur,</strong></span> <span class='ocrx_word' id='word_1_444' title='bbox 1941 1009 1995 1054; x_wconf 90' lang='lat' dir='ltr'><strong>et</strong></span> <span class='ocrx_word' id='word_1_445' title='bbox 2019 1016 2120 1071; x_wconf 87' lang='lat' dir='ltr'><strong>qua</strong></span> <span class='ocrx_word' id='word_1_446' title='bbox 2147 1002 2213 1057; x_wconf 86' lang='lat' dir='ltr'><strong>de</strong></span> <span class='ocrx_word' id='word_1_447' title='bbox 2241 1020 2423 1070; x_wconf 87' lang='lat' dir='ltr'><strong>causa,</strong></span> <span class='ocrx_word' id='word_1_448' title='bbox 2455 1009 2538 1064; x_wconf 91' lang='lat' dir='ltr'><strong>die</strong></span> <span class='ocrx_word' id='word_1_449' title='bbox 2569 1012 2736 1068; x_wconf 82' lang='lat' dir='ltr'><strong>mihi?</strong></span> <span class='ocrx_word' id='word_1_450' title='bbox 2768 1017 2812 1069; x_wconf 91' lang='lat' dir='ltr'><strong>si</strong></span> <span class='ocrx_word' id='word_1_451' title='bbox 2840 994 2978 1072; x_wconf 86' lang='lat' dir='ltr'><strong>enim</strong></span> <span class='ocrx_word' id='word_1_452' title='bbox 3005 994 3196 1090; x_wconf 65' lang='lat' dir='ltr'><strong>ipsiex</strong></span> 
     </span>
    </p>
   </div>
   <div class='ocr_carea' id='block_1_64' title="bbox 1617 1085 3190 1180">
    <p class='ocr_par' dir='ltr' id='par_1_64' title="bbox 1617 1085 3190 1180">
     <span class='ocr_line' id='line_1_64' title="bbox 1617 1085 3190 1180; baseline 0.022 -44"><span class='ocrx_word' id='word_1_453' title='bbox 1617 1085 1726 1180; x_wconf 78' lang='lat' dir='ltr'><strong>fato</strong></span> <span class='ocrx_word' id='word_1_454' title='bbox 1753 1090 2100 1147; x_wconf 90' lang='lat' dir='ltr'><strong>constitutum</strong></span> <span class='ocrx_word' id='word_1_455' title='bbox 2130 1094 2198 1148; x_wconf 89' lang='lat' dir='ltr'><strong>sit</strong></span> <span class='ocrx_word' id='word_1_456' title='bbox 2228 1106 2286 1151; x_wconf 91' lang='lat' dir='ltr'><strong>ut</strong></span> <span class='ocrx_word' id='word_1_457' title='bbox 2314 1101 2383 1152; x_wconf 89' lang='lat' dir='ltr'><strong>sit</strong></span> <span class='ocrx_word' id='word_1_458' title='bbox 2403 1100 2712 1171; x_wconf 87' lang='lat' dir='ltr'><strong>improbus,</strong></span> <span class='ocrx_word' id='word_1_459' title='bbox 2746 1109 2812 1162; x_wconf 91' lang='lat' dir='ltr'><strong>ad</strong></span> <span class='ocrx_word' id='word_1_460' title='bbox 2843 1111 2969 1180; x_wconf 91' lang='lat' dir='ltr'><strong>quid</strong></span> <span class='ocrx_word' id='word_1_461' title='bbox 2997 1085 3190 1171; x_wconf 80' lang='lat' dir='ltr'><strong>auxilia</strong></span> 
     </span>
    </p>
   </div>
   <div class='ocr_carea' id='block_1_65' title="bbox 1615 1177 3197 1264">
    <p class='ocr_par' dir='ltr' id='par_1_65' title="bbox 1615 1177 3197 1264">
     <span class='ocr_line' id='line_1_65' title="bbox 1615 1177 3197 1264; baseline 0.02 -32"><span class='ocrx_word' id='word_1_462' title='bbox 1615 1177 1717 1246; x_wconf 87' lang='lat' dir='ltr'><strong>ipsi</strong></span> <span class='ocrx_word' id='word_1_463' title='bbox 1747 1186 2103 1248; x_wconf 59' lang='lat' dir='ltr'><strong>praestentur?</strong></span> <span class='ocrx_word' id='word_1_464' title='bbox 2133 1187 2319 1244; x_wconf 86' lang='lat' dir='ltr'><strong>Palam</strong></span> <span class='ocrx_word' id='word_1_465' title='bbox 2347 1207 2475 1260; x_wconf 86' lang='lat' dir='ltr'><strong>ergo</strong></span> <span class='ocrx_word' id='word_1_466' title='bbox 2497 1205 2579 1248; x_wconf 82' lang='lat' dir='ltr'><strong>est</strong></span> <span class='ocrx_word' id='word_1_467' title='bbox 2600 1210 2722 1250; x_wconf 90' lang='lat' dir='ltr'><strong>eum</strong></span> <span class='ocrx_word' id='word_1_468' title='bbox 2748 1177 3197 1264; x_wconf 32' lang='lat' dir='ltr'><strong>non‘necessitate</strong></span> 
     </span>
    </p>
   </div>
   <div class='ocr_carea' id='block_1_66' title="bbox 1618 1271 3194 1369">
    <p class='ocr_par' dir='ltr' id='par_1_66' title="bbox 1618 1271 3194 1369">
     <span class='ocr_line' id='line_1_66' title="bbox 1618 1271 3194 1369; baseline 0.019 -46"><span class='ocrx_word' id='word_1_469' title='bbox 1618 1271 1785 1341; x_wconf 86' lang='lat' dir='ltr'><strong>ligari,</strong></span> <span class='ocrx_word' id='word_1_470' title='bbox 1821 1273 1917 1328; x_wconf 88' lang='lat' dir='ltr'><strong>sed</strong></span> <span class='ocrx_word' id='word_1_471' title='bbox 1947 1278 2125 1332; x_wconf 92' lang='lat' dir='ltr'><strong>omnia</strong></span> <span class='ocrx_word' id='word_1_472' title='bbox 2159 1281 2210 1334; x_wconf 90' lang='lat' dir='ltr'><strong>in</strong></span> <span class='ocrx_word' id='word_1_473' title='bbox 2238 1283 2460 1338; x_wconf 86' lang='lat' dir='ltr'><strong>arbitrio</strong></span> <span class='ocrx_word' id='word_1_474' title='bbox 2485 1287 2601 1354; x_wconf 90' lang='lat' dir='ltr'><strong>ejus</strong></span> <span class='ocrx_word' id='word_1_475' title='bbox 2633 1289 2732 1343; x_wconf 89' lang='lat' dir='ltr'><strong>sita</strong></span> <span class='ocrx_word' id='word_1_476' title='bbox 2759 1307 2900 1348; x_wconf 89' lang='lat' dir='ltr'><strong>esse.</strong></span> <span class='ocrx_word' id='word_1_477' title='bbox 2948 1296 3194 1369; x_wconf 87' lang='lat' dir='ltr'><strong>Quapro-</strong></span> 
     </span>
    </p>
   </div>
   <div class='ocr_carea' id='block_1_67' title="bbox 1615 1366 3195 1461">
    <p class='ocr_par' dir='ltr' id='par_1_67' title="bbox 1615 1366 3195 1461">
     <span class='ocr_line' id='line_1_67' title="bbox 1615 1366 3195 1461; baseline 0.021 -47"><span class='ocrx_word' id='word_1_478' title='bbox 1615 1371 1734 1431; x_wconf 91' lang='lat' dir='ltr'><strong>pter</strong></span> <span class='ocrx_word' id='word_1_479' title='bbox 1753 1366 1946 1420; x_wconf 83' lang='lat' dir='ltr'><strong>auxilia</strong></span> <span class='ocrx_word' id='word_1_480' title='bbox 1993 1368 2203 1436; x_wconf 85' lang='lat' dir='ltr'><strong>damus,</strong></span> <span class='ocrx_word' id='word_1_481' title='bbox 2243 1382 2301 1428; x_wconf 90' lang='lat' dir='ltr'><strong>et</strong></span> <span class='ocrx_word' id='word_1_482' title='bbox 2338 1374 2407 1429; x_wconf 89' lang='lat' dir='ltr'><strong>ab</strong></span> <span class='ocrx_word' id='word_1_483' title='bbox 2456 1377 2661 1448; x_wconf 85' lang='lat' dir='ltr'><strong>ignavia</strong></span> <span class='ocrx_word' id='word_1_484' title='bbox 2691 1382 2813 1438; x_wconf 90' lang='lat' dir='ltr'><strong>illos</strong></span> <span class='ocrx_word' id='word_1_485' title='bbox 2859 1366 3195 1461; x_wconf 82' lang='lat' dir='ltr'><strong>abducimus,</strong></span> 
     </span>
    </p>
   </div>
   <div class='ocr_carea' id='block_1_68' title="bbox 1614 1458 3199 1540">
    <p class='ocr_par' dir='ltr' id='par_1_68' title="bbox 1614 1458 3199 1540">
     <span class='ocr_line' id='line_1_68' title="bbox 1614 1458 3199 1540; baseline 0.021 -32"><span class='ocrx_word' id='word_1_486' title='bbox 1614 1463 1775 1526; x_wconf 89' lang='lat' dir='ltr'><strong>atque</strong></span> <span class='ocrx_word' id='word_1_487' title='bbox 1801 1458 1865 1512; x_wconf 93' lang='lat' dir='ltr'><strong>ad</strong></span> <span class='ocrx_word' id='word_1_488' title='bbox 1895 1464 2141 1517; x_wconf 89' lang='lat' dir='ltr'><strong>virtutem</strong></span> <span class='ocrx_word' id='word_1_489' title='bbox 2168 1468 2596 1536; x_wconf 83' lang='lat' dir='ltr'><strong>amplectendam</strong></span> <span class='ocrx_word' id='word_1_490' title='bbox 2622 1474 2939 1535; x_wconf 88' lang='lat' dir='ltr'><strong>inducimus.</strong></span> <span class='ocrx_word' id='word_1_491' title='bbox 2969 1482 3080 1537; x_wconf 89' lang='lat' dir='ltr'><strong>Cur</strong></span> <span class='ocrx_word' id='word_1_492' title='bbox 3099 1458 3199 1540; x_wconf 45' lang='lat' dir='ltr'><strong>au;</strong></span> 
     </span>
    </p>
   </div>
   <div class='ocr_carea' id='block_1_69' title="bbox 1616 1551 3198 1637">
    <p class='ocr_par' dir='ltr' id='par_1_69' title="bbox 1616 1551 3198 1637">
     <span class='ocr_line' id='line_1_69' title="bbox 1616 1551 3198 1637; baseline 0.018 -34"><span class='ocrx_word' id='word_1_493' title='bbox 1616 1557 1724 1605; x_wconf 91' lang='lat' dir='ltr'><strong>tem</strong></span> <span class='ocrx_word' id='word_1_494' title='bbox 1757 1551 1806 1605; x_wconf 93' lang='lat' dir='ltr'><strong>in</strong></span> <span class='ocrx_word' id='word_1_495' title='bbox 1827 1553 1959 1607; x_wconf 87' lang='lat' dir='ltr'><strong>mari</strong></span> <span class='ocrx_word' id='word_1_496' title='bbox 1987 1557 2320 1628; x_wconf 84' lang='lat' dir='ltr'><strong>navigamus,</strong></span> <span class='ocrx_word' id='word_1_497' title='bbox 2349 1571 2546 1619; x_wconf 87' lang='lat' dir='ltr'><strong>terram</strong></span> <span class='ocrx_word' id='word_1_498' title='bbox 2570 1567 2815 1637; x_wconf 86' lang='lat' dir='ltr'><strong>eolimus,</strong></span> <span class='ocrx_word' id='word_1_499' title='bbox 2845 1573 3004 1628; x_wconf 90' lang='lat' dir='ltr'><strong>urbes</strong></span> <span class='ocrx_word' id='word_1_500' title='bbox 3029 1577 3198 1631; x_wconf 64' lang='lat' dir='ltr'><strong>aedifi-</strong></span> 
     </span>
    </p>
   </div>
   <div class='ocr_carea' id='block_1_70' title="bbox 1616 1646 3199 1738">
    <p class='ocr_par' dir='ltr' id='par_1_70' title="bbox 1616 1646 3199 1738">
     <span class='ocr_line' id='line_1_70' title="bbox 1616 1646 3199 1738; baseline 0.019 -43"><span class='ocrx_word' id='word_1_501' title='bbox 1616 1654 1818 1705; x_wconf 91' lang='lat' dir='ltr'><strong>camus,</strong></span> <span class='ocrx_word' id='word_1_502' title='bbox 1863 1646 2085 1700; x_wconf 90' lang='lat' dir='ltr'><strong>multam</strong></span> <span class='ocrx_word' id='word_1_503' title='bbox 2112 1649 2430 1710; x_wconf 87' lang='lat' dir='ltr'><strong>adhibemus</strong></span> <span class='ocrx_word' id='word_1_504' title='bbox 2471 1672 2656 1712; x_wconf 89' lang='lat' dir='ltr'><strong>curam</strong></span> <span class='ocrx_word' id='word_1_505' title='bbox 2695 1675 2816 1716; x_wconf 90' lang='lat' dir='ltr'><strong>cum</strong></span> <span class='ocrx_word' id='word_1_506' title='bbox 2846 1665 3199 1738; x_wconf 87' lang='lat' dir='ltr'><strong>infirmamur,</strong></span> 
     </span>
    </p>
   </div>
   <div class='ocr_carea' id='block_1_71' title="bbox 1587 1734 3199 1830">
    <p class='ocr_par' dir='ltr' id='par_1_71' title="bbox 1587 1734 3199 1830">
     <span class='ocr_line' id='line_1_71' title="bbox 1587 1734 3199 1830; baseline 0.021 -46"><span class='ocrx_word' id='word_1_507' title='bbox 1587 1820 1595 1824; x_wconf 26' lang='grc'><strong><em>⁸</em></strong></span> <span class='ocrx_word' id='word_1_508' title='bbox 1619 1734 1872 1802; x_wconf 88' lang='lat' dir='ltr'><strong>pecunias</strong></span> <span class='ocrx_word' id='word_1_509' title='bbox 1911 1735 2271 1807; x_wconf 88' lang='lat' dir='ltr'><strong>impendimus</strong></span> <span class='ocrx_word' id='word_1_510' title='bbox 2291 1786 2304 1807; x_wconf 95' lang='lat'><strong>,</strong></span> <span class='ocrx_word' id='word_1_511' title='bbox 2335 1747 2569 1803; x_wconf 84' lang='lat' dir='ltr'><strong>medicos</strong></span> <span class='ocrx_word' id='word_1_512' title='bbox 2597 1767 2850 1811; x_wconf 87' lang='lat' dir='ltr'><strong>vocamus</strong></span> <span class='ocrx_word' id='word_1_513' title='bbox 2871 1797 2884 1821; x_wconf 96' lang='lat'><strong>,</strong></span> <span class='ocrx_word' id='word_1_514' title='bbox 2915 1734 3199 1830; x_wconf 82' lang='lat' dir='ltr'><strong>pharmaca</strong></span> 
     </span>
    </p>
   </div>
   <div class='ocr_carea' id='block_1_72' title="bbox 1619 1835 3200 1916">
    <p class='ocr_par' dir='ltr' id='par_1_72' title="bbox 1619 1835 3200 1916">
     <span class='ocr_line' id='line_1_72' title="bbox 1619 1835 3200 1916; baseline 0.022 -40"><span class='ocrx_word' id='word_1_515' title='bbox 1619 1839 1680 1893; x_wconf 85' lang='lat' dir='ltr'><strong>pa</strong></span> <span class='ocrx_word' id='word_1_516' title='bbox 1689 1841 1888 1890; x_wconf 87' lang='lat' dir='ltr'><strong>ramus,</strong></span> <span class='ocrx_word' id='word_1_517' title='bbox 1901 1842 2142 1886; x_wconf 88' lang='lat' dir='ltr'><strong>ventrem</strong></span> <span class='ocrx_word' id='word_1_518' title='bbox 2158 1835 2519 1904; x_wconf 75' lang='lat' dir='ltr'><strong>moderantur,</strong></span> <span class='ocrx_word' id='word_1_519' title='bbox 2535 1850 2590 1895; x_wconf 93' lang='lat' dir='ltr'><strong>et</strong></span> <span class='ocrx_word' id='word_1_520' title='bbox 2604 1847 3094 1916; x_wconf 85' lang='lat' dir='ltr'><strong>concupiscentiam</strong></span> <span class='ocrx_word' id='word_1_521' title='bbox 3112 1870 3200 1911; x_wconf 88' lang='lat' dir='ltr'><strong>ca-</strong></span> 
     </span>
    </p>
   </div>
   <div class='ocr_carea' id='block_1_73' title="bbox 1617 1917 3203 2001">
    <p class='ocr_par' dir='ltr' id='par_1_73' title="bbox 1617 1917 3203 2001">
     <span class='ocr_line' id='line_1_73' title="bbox 1617 1917 3203 2001; baseline 0.02 -31"><span class='ocrx_word' id='word_1_522' title='bbox 1617 1917 1900 1986; x_wconf 77' lang='lat' dir='ltr'><strong>Stigamus?</strong></span> <span class='ocrx_word' id='word_1_523' title='bbox 1911 1920 1965 1974; x_wconf 90' lang='lat' dir='ltr'><strong>Si</strong></span> <span class='ocrx_word' id='word_1_524' title='bbox 1983 1923 2148 1990; x_wconf 90' lang='lat' dir='ltr'><strong>enim,</strong></span> <span class='ocrx_word' id='word_1_525' title='bbox 2168 1935 2224 1980; x_wconf 91' lang='lat' dir='ltr'><strong>ut</strong></span> <span class='ocrx_word' id='word_1_526' title='bbox 2243 1935 2296 1980; x_wconf 92' lang='lat' dir='ltr'><strong>tu</strong></span> <span class='ocrx_word' id='word_1_527' title='bbox 2311 1926 2464 1997; x_wconf 91' lang='lat' dir='ltr'><strong>dicis,</strong></span> <span class='ocrx_word' id='word_1_528' title='bbox 2486 1931 2536 1985; x_wconf 93' lang='lat' dir='ltr'><strong>in</strong></span> <span class='ocrx_word' id='word_1_529' title='bbox 2557 1933 2663 1989; x_wconf 89' lang='lat' dir='ltr'><strong>fato</strong></span> <span class='ocrx_word' id='word_1_530' title='bbox 2675 1937 2837 1992; x_wconf 92' lang='lat' dir='ltr'><strong>situm</strong></span> <span class='ocrx_word' id='word_1_531' title='bbox 2851 1949 2936 1995; x_wconf 90' lang='lat' dir='ltr'><strong>est</strong></span> <span class='ocrx_word' id='word_1_532' title='bbox 2951 1951 3006 1998; x_wconf 91' lang='lat' dir='ltr'><strong>et</strong></span> <span class='ocrx_word' id='word_1_533' title='bbox 3023 1946 3203 2001; x_wconf 87' lang='lat' dir='ltr'><strong>vivere</strong></span> 
     </span>
    </p>
   </div>
   <div class='ocr_carea' id='block_1_74' title="bbox 1618 2010 3225 2108">
    <p class='ocr_par' dir='ltr' id='par_1_74' title="bbox 1618 2010 3225 2108">
     <span class='ocr_line' id='line_1_74' title="bbox 1618 2010 3225 2108; baseline 0.022 -49"><span class='ocrx_word' id='word_1_534' title='bbox 1618 2015 1672 2108; x_wconf 67' lang='lat' dir='ltr'><strong>et</strong></span> <span class='ocrx_word' id='word_1_535' title='bbox 1697 2010 1858 2108; x_wconf 72' lang='lat' dir='ltr'><strong>mori,</strong></span> <span class='ocrx_word' id='word_1_536' title='bbox 1887 2013 2173 2083; x_wconf 61' lang='lat' dir='ltr'><strong>superﬂua}</strong></span> <span class='ocrx_word' id='word_1_537' title='bbox 2197 2029 2321 2075; x_wconf 90' lang='lat' dir='ltr'><strong>sunt</strong></span> <span class='ocrx_word' id='word_1_538' title='bbox 2351 2026 2696 2093; x_wconf 90' lang='lat' dir='ltr'><strong>pecuniarum</strong></span> <span class='ocrx_word' id='word_1_539' title='bbox 2735 2045 3007 2102; x_wconf 61' lang='lat' dir='ltr'><strong>cxpeusx,</strong></span> <span class='ocrx_word' id='word_1_540' title='bbox 3039 2053 3225 2108; x_wconf 83' lang='lat' dir='ltr'><strong>super-</strong></span> 
     </span>
    </p>
   </div>
   <div class='ocr_carea' id='block_1_75' title="bbox 1619 2099 3202 2200">
    <p class='ocr_par' dir='ltr' id='par_1_75' title="bbox 1619 2099 3202 2200">
     <span class='ocr_line' id='line_1_75' title="bbox 1619 2099 3202 2200; baseline 0.019 -47"><span class='ocrx_word' id='word_1_541' title='bbox 1619 2099 1709 2154; x_wconf 87' lang='lat' dir='ltr'><strong>flui</strong></span> <span class='ocrx_word' id='word_1_542' title='bbox 1733 2102 2064 2162; x_wconf 90' lang='lat' dir='ltr'><strong>medicorum</strong></span> <span class='ocrx_word' id='word_1_543' title='bbox 2093 2107 2386 2180; x_wconf 88' lang='lat' dir='ltr'><strong>ingressus,</strong></span> <span class='ocrx_word' id='word_1_544' title='bbox 2416 2117 2683 2186; x_wconf 86' lang='lat' dir='ltr'><strong>superflua</strong></span> <span class='ocrx_word' id='word_1_545' title='bbox 2701 2132 2786 2176; x_wconf 88' lang='lat' dir='ltr'><strong>est</strong></span> <span class='ocrx_word' id='word_1_546' title='bbox 2806 2099 3059 2181; x_wconf 71' lang='lat' dir='ltr'><strong>accurata</strong></span> <span class='ocrx_word' id='word_1_547' title='bbox 3085 2099 3202 2200; x_wconf 73' lang='lat' dir='ltr'><strong>phi-</strong></span> 
     </span>
    </p>
   </div>
   <div class='ocr_carea' id='block_1_76' title="bbox 1619 2193 3204 2292">
    <p class='ocr_par' dir='ltr' id='par_1_76' title="bbox 1619 2193 3204 2292">
     <span class='ocr_line' id='line_1_76' title="bbox 1619 2193 3204 2292; baseline 0.021 -48"><span class='ocrx_word' id='word_1_548' title='bbox 1619 2193 1860 2292; x_wconf 77' lang='lat' dir='ltr'><strong>losophia</strong></span> <span class='ocrx_word' id='word_1_549' title='bbox 1876 2211 2036 2292; x_wconf 89' lang='lat' dir='ltr'><strong>quam</strong></span> <span class='ocrx_word' id='word_1_550' title='bbox 2056 2199 2252 2257; x_wconf 82' lang='lat' dir='ltr'><strong>infirmi</strong></span> <span class='ocrx_word' id='word_1_551' title='bbox 2271 2197 2504 2262; x_wconf 81' lang='lat' dir='ltr'><strong>servant.</strong></span> <span class='ocrx_word' id='word_1_552' title='bbox 2523 2208 2675 2288; x_wconf 66' lang='lat' dir='ltr'><strong>Nunc</strong></span> <span class='ocrx_word' id='word_1_553' title='bbox 2688 2224 2863 2269; x_wconf 89' lang='lat' dir='ltr'><strong>autem</strong></span> <span class='ocrx_word' id='word_1_554' title='bbox 2889 2232 2984 2286; x_wconf 90' lang='lat' dir='ltr'><strong>per</strong></span> <span class='ocrx_word' id='word_1_555' title='bbox 3004 2235 3065 2274; x_wconf 88' lang='lat' dir='ltr'><strong>ea</strong></span> <span class='ocrx_word' id='word_1_556' title='bbox 3083 2193 3204 2292; x_wconf 68' lang='lat' dir='ltr'><strong>quc</strong></span> 
     </span>
    </p>
   </div>
   <div class='ocr_carea' id='block_1_77' title="bbox 1619 2287 3200 2379">
    <p class='ocr_par' dir='ltr' id='par_1_77' title="bbox 1619 2287 3200 2379">
     <span class='ocr_line' id='line_1_77' title="bbox 1619 2287 3200 2379; baseline 0.017 -39"><span class='ocrx_word' id='word_1_557' title='bbox 1619 2300 1808 2342; x_wconf 89' lang='lat' dir='ltr'><strong>omnes</strong></span> <span class='ocrx_word' id='word_1_558' title='bbox 1822 2287 2043 2360; x_wconf 85' lang='lat' dir='ltr'><strong>faciunt,</strong></span> <span class='ocrx_word' id='word_1_559' title='bbox 2061 2295 2346 2352; x_wconf 88' lang='lat' dir='ltr'><strong>ostendunt</strong></span> <span class='ocrx_word' id='word_1_560' title='bbox 2361 2299 2492 2355; x_wconf 89' lang='lat' dir='ltr'><strong>nihil</strong></span> <span class='ocrx_word' id='word_1_561' title='bbox 2510 2287 2698 2358; x_wconf 83' lang='lat' dir='ltr'><strong>herum</strong></span> <span class='ocrx_word' id='word_1_562' title='bbox 2717 2321 2837 2362; x_wconf 87' lang='lat' dir='ltr'><strong>esse</strong></span> <span class='ocrx_word' id='word_1_563' title='bbox 2853 2287 3200 2379; x_wconf 79' lang='lat' dir='ltr'><strong>superﬂuum;</strong></span> 
     </span>
    </p>
   </div>
   <div class='ocr_carea' id='block_1_78' title="bbox 1622 2383 3204 2470">
    <p class='ocr_par' dir='ltr' id='par_1_78' title="bbox 1622 2383 3204 2470">
     <span class='ocr_line' id='line_1_78' title="bbox 1622 2383 3204 2470; baseline 0.012 -32"><span class='ocrx_word' id='word_1_564' title='bbox 1622 2383 1716 2438; x_wconf 88' lang='lat' dir='ltr'><strong>sed</strong></span> <span class='ocrx_word' id='word_1_565' title='bbox 1746 2383 2024 2440; x_wconf 89' lang='lat' dir='ltr'><strong>facessunt</strong></span> <span class='ocrx_word' id='word_1_566' title='bbox 2055 2403 2118 2443; x_wconf 89' lang='lat' dir='ltr'><strong>ea</strong></span> <span class='ocrx_word' id='word_1_567' title='bbox 2149 2405 2272 2459; x_wconf 64' lang='lat' dir='ltr'><strong>quae</strong></span> <span class='ocrx_word' id='word_1_568' title='bbox 2300 2392 2365 2446; x_wconf 90' lang='lat' dir='ltr'><strong>ad</strong></span> <span class='ocrx_word' id='word_1_569' title='bbox 2398 2392 2568 2447; x_wconf 89' lang='lat' dir='ltr'><strong>fatum</strong></span> <span class='ocrx_word' id='word_1_570' title='bbox 2590 2405 2860 2464; x_wconf 85' lang='lat' dir='ltr'><strong>spectant,</strong></span> <span class='ocrx_word' id='word_1_571' title='bbox 2885 2415 3063 2470; x_wconf 89' lang='lat' dir='ltr'><strong>neque</strong></span> <span class='ocrx_word' id='word_1_572' title='bbox 3095 2403 3204 2458; x_wconf 88' lang='lat' dir='ltr'><strong>ulla</strong></span> 
     </span>
    </p>
   </div>
   <div class='ocr_carea' id='block_1_79' title="bbox 1620 2477 3205 2553">
    <p class='ocr_par' dir='ltr' id='par_1_79' title="bbox 1620 2477 3205 2553">
     <span class='ocr_line' id='line_1_79' title="bbox 1620 2477 3205 2553; baseline 0.014 -24"><span class='ocrx_word' id='word_1_573' title='bbox 1620 2477 1948 2533; x_wconf 88' lang='lat' dir='ltr'><strong>necessitate</strong></span> <span class='ocrx_word' id='word_1_574' title='bbox 1981 2490 2167 2536; x_wconf 91' lang='lat' dir='ltr'><strong>nostra</strong></span> <span class='ocrx_word' id='word_1_575' title='bbox 2197 2492 2484 2553; x_wconf 86' lang='lat' dir='ltr'><strong>reguntur,</strong></span> <span class='ocrx_word' id='word_1_576' title='bbox 2518 2488 2702 2542; x_wconf 90' lang='lat' dir='ltr'><strong>omnia</strong></span> <span class='ocrx_word' id='word_1_577' title='bbox 2731 2499 2915 2545; x_wconf 88' lang='lat' dir='ltr'><strong>autem</strong></span> <span class='ocrx_word' id='word_1_578' title='bbox 2949 2493 3205 2551; x_wconf 89' lang='lat' dir='ltr'><strong>libertate</strong></span> 
     </span>
    </p>
   </div>
   <div class='ocr_carea' id='block_1_80' title="bbox 1618 2563 3206 2638">
    <p class='ocr_par' dir='ltr' id='par_1_80' title="bbox 1618 2563 3206 2638">
     <span class='ocr_line' id='line_1_80' title="bbox 1618 2563 3206 2638; baseline 0.013 -20"><span class='ocrx_word' id='word_1_579' title='bbox 1618 2563 1835 2620; x_wconf 85' lang='lat' dir='ltr'><strong>arbitrii</strong></span> <span class='ocrx_word' id='word_1_580' title='bbox 1859 2566 2221 2625; x_wconf 89' lang='lat' dir='ltr'><strong>honorantur.</strong></span> <span class='ocrx_word' id='word_1_581' title='bbox 2237 2571 2366 2637; x_wconf 67' lang='lat' dir='ltr'><strong>Quae.</strong></span> <span class='ocrx_word' id='word_1_582' title='bbox 2387 2584 2569 2630; x_wconf 90' lang='lat' dir='ltr'><strong>autem</strong></span> <span class='ocrx_word' id='word_1_583' title='bbox 2590 2577 2837 2632; x_wconf 88' lang='lat' dir='ltr'><strong>laborum</strong></span> <span class='ocrx_word' id='word_1_584' title='bbox 2862 2591 2917 2636; x_wconf 89' lang='lat' dir='ltr'><strong>et</strong></span> <span class='ocrx_word' id='word_1_585' title='bbox 2937 2583 3206 2638; x_wconf 89' lang='lat' dir='ltr'><strong>sudorum</strong></span> 
     </span>
    </p>
   </div>
   <div class='ocr_carea' id='block_1_81' title="bbox 1617 2656 3205 2730">
    <p class='ocr_par' dir='ltr' id='par_1_81' title="bbox 1617 2656 3205 2730">
     <span class='ocr_line' id='line_1_81' title="bbox 1617 2656 3205 2730; baseline 0.013 -22"><span class='ocrx_word' id='word_1_586' title='bbox 1617 2670 1720 2726; x_wconf 90' lang='lat' dir='ltr'><strong>pro</strong></span> <span class='ocrx_word' id='word_1_587' title='bbox 1752 2656 1959 2714; x_wconf 89' lang='lat' dir='ltr'><strong>virtute</strong></span> <span class='ocrx_word' id='word_1_588' title='bbox 1983 2661 2317 2718; x_wconf 87' lang='lat' dir='ltr'><strong>necessitas?</strong></span> <span class='ocrx_word' id='word_1_589' title='bbox 2341 2665 2386 2719; x_wconf 92' lang='lat' dir='ltr'><strong>si</strong></span> <span class='ocrx_word' id='word_1_590' title='bbox 2419 2666 2566 2721; x_wconf 89' lang='lat' dir='ltr'><strong>enim</strong></span> <span class='ocrx_word' id='word_1_591' title='bbox 2595 2683 2664 2722; x_wconf 86' lang='lat' dir='ltr'><strong>ex</strong></span> <span class='ocrx_word' id='word_1_592' title='bbox 2698 2668 2811 2724; x_wconf 92' lang='lat' dir='ltr'><strong>fato</strong></span> <span class='ocrx_word' id='word_1_593' title='bbox 2842 2673 3205 2730; x_wconf 89' lang='lat' dir='ltr'><strong>constitutum</strong></span> 
     </span>
    </p>
   </div>
   <div class='ocr_carea' id='block_1_82' title="bbox 1616 2748 3202 2831">
    <p class='ocr_par' dir='ltr' id='par_1_82' title="bbox 1616 2748 3202 2831">
     <span class='ocr_line' id='line_1_82' title="bbox 1616 2748 3202 2831; baseline 0.013 -31"><span class='ocrx_word' id='word_1_594' title='bbox 1616 2753 1701 2800; x_wconf 89' lang='lat' dir='ltr'><strong>est</strong></span> <span class='ocrx_word' id='word_1_595' title='bbox 1727 2755 1788 2802; x_wconf 92' lang='lat' dir='ltr'><strong>ut</strong></span> <span class='ocrx_word' id='word_1_596' title='bbox 1815 2748 1940 2818; x_wconf 88' lang='lat' dir='ltr'><strong>quis</strong></span> <span class='ocrx_word' id='word_1_597' title='bbox 1965 2750 2038 2806; x_wconf 91' lang='lat' dir='ltr'><strong>sit</strong></span> <span class='ocrx_word' id='word_1_598' title='bbox 2070 2752 2267 2818; x_wconf 86' lang='lat' dir='ltr'><strong>bonus,</strong></span> <span class='ocrx_word' id='word_1_599' title='bbox 2305 2755 2419 2811; x_wconf 88' lang='lat' dir='ltr'><strong>sive</strong></span> <span class='ocrx_word' id='word_1_600' title='bbox 2445 2757 2684 2814; x_wconf 86' lang='lat' dir='ltr'><strong>dormiat</strong></span> <span class='ocrx_word' id='word_1_601' title='bbox 2716 2762 2830 2818; x_wconf 87' lang='lat' dir='ltr'><strong>sive</strong></span> <span class='ocrx_word' id='word_1_602' title='bbox 2862 2773 3056 2820; x_wconf 88' lang='lat' dir='ltr'><strong>stertat</strong></span> <span class='ocrx_word' id='word_1_603' title='bbox 3089 2765 3202 2831; x_wconf 82' lang='lat' dir='ltr'><strong>ille,</strong></span> 
     </span>
    </p>
   </div>
   <div class='ocr_carea' id='block_1_83' title="bbox 1617 2835 3204 2909">
    <p class='ocr_par' dir='ltr' id='par_1_83' title="bbox 1617 2835 3204 2909">
     <span class='ocr_line' id='line_1_83' title="bbox 1617 2835 3204 2909; baseline 0.012 -18"><span class='ocrx_word' id='word_1_604' title='bbox 1617 2835 1797 2894; x_wconf 89' lang='lat' dir='ltr'><strong>bonus</strong></span> <span class='ocrx_word' id='word_1_605' title='bbox 1816 2840 1927 2896; x_wconf 91' lang='lat' dir='ltr'><strong>erit</strong></span> <span class='ocrx_word' id='word_1_606' title='bbox 1953 2859 1968 2896; x_wconf 90' lang='lat'><strong>:</strong></span> <span class='ocrx_word' id='word_1_607' title='bbox 1995 2841 2106 2898; x_wconf 92' lang='lat' dir='ltr'><strong>imo</strong></span> <span class='ocrx_word' id='word_1_608' title='bbox 2126 2860 2258 2900; x_wconf 92' lang='lat' dir='ltr'><strong>vero</strong></span> <span class='ocrx_word' id='word_1_609' title='bbox 2287 2848 2450 2902; x_wconf 85' lang='lat' dir='ltr'><strong>talem</strong></span> <span class='ocrx_word' id='word_1_610' title='bbox 2473 2849 2751 2907; x_wconf 88' lang='lat' dir='ltr'><strong>hominem</strong></span> <span class='ocrx_word' id='word_1_611' title='bbox 2775 2853 2983 2908; x_wconf 90' lang='lat' dir='ltr'><strong>bonum</strong></span> <span class='ocrx_word' id='word_1_612' title='bbox 3006 2869 3204 2909; x_wconf 89' lang='lat' dir='ltr'><strong>vocare</strong></span> 
     </span>
    </p>
   </div>
   <div class='ocr_carea' id='block_1_84' title="bbox 1624 2935 3214 3016">
    <p class='ocr_par' dir='ltr' id='par_1_84' title="bbox 1624 2935 3214 3016">
     <span class='ocr_line' id='line_1_84' title="bbox 1624 2935 3214 3016; baseline 0.014 -28"><span class='ocrx_word' id='word_1_613' title='bbox 1624 2935 1912 2999; x_wconf 89' lang='lat' dir='ltr'><strong>convenit,</strong></span> <span class='ocrx_word' id='word_1_614' title='bbox 1939 2935 2031 3006; x_wconf 89' lang='lat' dir='ltr'><strong>qui</strong></span> <span class='ocrx_word' id='word_1_615' title='bbox 2055 2950 2122 2992; x_wconf 87' lang='lat' dir='ltr'><strong>ex</strong></span> <span class='ocrx_word' id='word_1_616' title='bbox 2154 2940 2480 2998; x_wconf 85' lang='lat' dir='ltr'><strong>necessitate</strong></span> <span class='ocrx_word' id='word_1_617' title='bbox 2511 2944 2634 3000; x_wconf 92' lang='lat' dir='ltr'><strong>talis</strong></span> <span class='ocrx_word' id='word_1_618' title='bbox 2660 2946 2751 3000; x_wconf 91' lang='lat' dir='ltr'><strong>sit.</strong></span> <span class='ocrx_word' id='word_1_619' title='bbox 2783 2948 2919 3016; x_wconf 85' lang='lat' dir='ltr'><strong>Quae</strong></span> <span class='ocrx_word' id='word_1_620' title='bbox 2951 2959 3030 3006; x_wconf 91' lang='lat' dir='ltr'><strong>tot</strong></span> <span class='ocrx_word' id='word_1_621' title='bbox 3060 2953 3214 3009; x_wconf 86' lang='lat' dir='ltr'><strong>labo-</strong></span> 
     </span>
    </p>
   </div>
   <div class='ocr_carea' id='block_1_85' title="bbox 1629 3029 3216 3101">
    <p class='ocr_par' dir='ltr' id='par_1_85' title="bbox 1629 3029 3216 3101">
     <span class='ocr_line' id='line_1_85' title="bbox 1629 3029 3216 3101; baseline 0.012 -20"><span class='ocrx_word' id='word_1_622' title='bbox 1629 3042 1748 3082; x_wconf 89' lang='lat' dir='ltr'><strong>rum</strong></span> <span class='ocrx_word' id='word_1_623' title='bbox 1779 3038 1834 3082; x_wconf 90' lang='lat' dir='ltr'><strong>et</strong></span> <span class='ocrx_word' id='word_1_624' title='bbox 1857 3029 2114 3085; x_wconf 91' lang='lat' dir='ltr'><strong>sudorum</strong></span> <span class='ocrx_word' id='word_1_625' title='bbox 2143 3035 2482 3091; x_wconf 78' lang='lat' dir='ltr'><strong>necessitas?</strong></span> <span class='ocrx_word' id='word_1_626' title='bbox 2511 3037 2557 3091; x_wconf 91' lang='lat' dir='ltr'><strong>si</strong></span> <span class='ocrx_word' id='word_1_627' title='bbox 2599 3040 2742 3093; x_wconf 91' lang='lat' dir='ltr'><strong>enim</strong></span> <span class='ocrx_word' id='word_1_628' title='bbox 2789 3040 2878 3096; x_wconf 92' lang='lat' dir='ltr'><strong>fati</strong></span> <span class='ocrx_word' id='word_1_629' title='bbox 2923 3047 3216 3101; x_wconf 81' lang='lat' dir='ltr'><strong>necessitas</strong></span> 
     </span>
    </p>
   </div>
   <div class='ocr_carea' id='block_1_86' title="bbox 1629 3122 3216 3192">
    <p class='ocr_par' dir='ltr' id='par_1_86' title="bbox 1629 3122 3216 3192">
     <span class='ocr_line' id='line_1_86' title="bbox 1629 3122 3216 3192; baseline 0.011 -19"><span class='ocrx_word' id='word_1_630' title='bbox 1629 3128 1733 3186; x_wconf 88' lang='lat' dir='ltr'><strong>est,</strong></span> <span class='ocrx_word' id='word_1_631' title='bbox 1760 3127 1819 3174; x_wconf 91' lang='lat' dir='ltr'><strong>ut</strong></span> <span class='ocrx_word' id='word_1_632' title='bbox 1842 3122 1962 3190; x_wconf 85' lang='lat' dir='ltr'><strong>quis</strong></span> <span class='ocrx_word' id='word_1_633' title='bbox 1985 3123 2160 3180; x_wconf 88' lang='lat' dir='ltr'><strong>malus</strong></span> <span class='ocrx_word' id='word_1_634' title='bbox 2184 3123 2289 3189; x_wconf 89' lang='lat' dir='ltr'><strong>sit,</strong></span> <span class='ocrx_word' id='word_1_635' title='bbox 2319 3127 2528 3182; x_wconf 89' lang='lat' dir='ltr'><strong>etiamsi</strong></span> <span class='ocrx_word' id='word_1_636' title='bbox 2559 3129 2760 3185; x_wconf 88' lang='lat' dir='ltr'><strong>millies</strong></span> <span class='ocrx_word' id='word_1_637' title='bbox 2787 3148 2908 3187; x_wconf 89' lang='lat' dir='ltr'><strong>sese</strong></span> <span class='ocrx_word' id='word_1_638' title='bbox 2941 3135 3216 3192; x_wconf 90' lang='lat' dir='ltr'><strong>laboribus</strong></span> 
     </span>
    </p>
   </div>
   <div class='ocr_carea' id='block_1_87' title="bbox 1631 3212 3215 3292">
    <p class='ocr_par' dir='ltr' id='par_1_87' title="bbox 1631 3212 3215 3292">
     <span class='ocr_line' id='line_1_87' title="bbox 1631 3212 3215 3292; baseline 0.011 -28"><span class='ocrx_word' id='word_1_639' title='bbox 1631 3212 1940 3279; x_wconf 88' lang='lat' dir='ltr'><strong>excruciet,</strong></span> <span class='ocrx_word' id='word_1_640' title='bbox 1973 3213 2146 3269; x_wconf 91' lang='lat' dir='ltr'><strong>malus</strong></span> <span class='ocrx_word' id='word_1_641' title='bbox 2186 3216 2327 3271; x_wconf 90' lang='lat' dir='ltr'><strong>erit:</strong></span> <span class='ocrx_word' id='word_1_642' title='bbox 2353 3218 2463 3272; x_wconf 91' lang='lat' dir='ltr'><strong>itno</strong></span> <span class='ocrx_word' id='word_1_643' title='bbox 2485 3235 2614 3275; x_wconf 87' lang='lat' dir='ltr'><strong>vero</strong></span> <span class='ocrx_word' id='word_1_644' title='bbox 2647 3237 2823 3292; x_wconf 90' lang='lat' dir='ltr'><strong>neque</strong></span> <span class='ocrx_word' id='word_1_645' title='bbox 2850 3223 2992 3280; x_wconf 89' lang='lat' dir='ltr'><strong>hunc</strong></span> <span class='ocrx_word' id='word_1_646' title='bbox 3019 3229 3215 3282; x_wconf 88' lang='lat' dir='ltr'><strong>malum</strong></span> 
     </span>
    </p>
   </div>
   <div class='ocr_carea' id='block_1_88' title="bbox 1632 3301 3212 3383">
    <p class='ocr_par' dir='ltr' id='par_1_88' title="bbox 1632 3301 3212 3383">
     <span class='ocr_line' id='line_1_88' title="bbox 1632 3301 3212 3383; baseline 0.011 -27"><span class='ocrx_word' id='word_1_647' title='bbox 1632 3301 1814 3358; x_wconf 82' lang='lat' dir='ltr'><strong>dicere</strong></span> <span class='ocrx_word' id='word_1_648' title='bbox 1837 3305 2108 3372; x_wconf 79' lang='lat' dir='ltr'><strong>Convenit,</strong></span> <span class='ocrx_word' id='word_1_649' title='bbox 2137 3308 2226 3376; x_wconf 91' lang='lat' dir='ltr'><strong>qui</strong></span> <span class='ocrx_word' id='word_1_650' title='bbox 2255 3324 2282 3360; x_wconf 89' lang='lat' dir='ltr'><strong>a</strong></span> <span class='ocrx_word' id='word_1_651' title='bbox 2317 3313 2638 3366; x_wconf 87' lang='lat' dir='ltr'><strong>necessitate</strong></span> <span class='ocrx_word' id='word_1_652' title='bbox 2667 3314 2916 3382; x_wconf 86' lang='lat' dir='ltr'><strong>pellatur.</strong></span> <span class='ocrx_word' id='word_1_653' title='bbox 2945 3316 3212 3383; x_wconf 87' lang='lat' dir='ltr'><strong>Quemad-</strong></span> 
     </span>
    </p>
   </div>
   <div class='ocr_carea' id='block_1_89' title="bbox 1633 3393 3220 3469">
    <p class='ocr_par' dir='ltr' id='par_1_89' title="bbox 1633 3393 3220 3469">
     <span class='ocr_line' id='line_1_89' title="bbox 1633 3393 3220 3469; baseline 0.012 -22"><span class='ocrx_word' id='word_1_654' title='bbox 1633 3393 1851 3448; x_wconf 91' lang='lat' dir='ltr'><strong>modum</strong></span> <span class='ocrx_word' id='word_1_655' title='bbox 1869 3396 2011 3450; x_wconf 91' lang='lat' dir='ltr'><strong>enim</strong></span> <span class='ocrx_word' id='word_1_656' title='bbox 2031 3397 2118 3467; x_wconf 91' lang='lat' dir='ltr'><strong>qui</strong></span> <span class='ocrx_word' id='word_1_657' title='bbox 2137 3398 2460 3454; x_wconf 70' lang='lat' dir='ltr'><strong>dminonium</strong></span> <span class='ocrx_word' id='word_1_658' title='bbox 2477 3401 2658 3469; x_wconf 87' lang='lat' dir='ltr'><strong>habet,</strong></span> <span class='ocrx_word' id='word_1_659' title='bbox 2677 3405 2720 3458; x_wconf 90' lang='lat' dir='ltr'><strong>si</strong></span> <span class='ocrx_word' id='word_1_660' title='bbox 2739 3409 3059 3462; x_wconf 84' lang='lat' dir='ltr'><strong>contumelia</strong></span> <span class='ocrx_word' id='word_1_661' title='bbox 3082 3409 3220 3466; x_wconf 80' lang='lat' dir='ltr'><strong>infe-</strong></span> 
     </span>
    </p>
   </div>
   <div class='ocr_carea' id='block_1_90' title="bbox 1635 3485 3225 3567">
    <p class='ocr_par' dir='ltr' id='par_1_90' title="bbox 1635 3485 3225 3567">
     <span class='ocr_line' id='line_1_90' title="bbox 1635 3485 3225 3567; baseline 0.012 -28"><span class='ocrx_word' id='word_1_662' title='bbox 1635 3493 1720 3540; x_wconf 90' lang='lat' dir='ltr'><strong>rat</strong></span> <span class='ocrx_word' id='word_1_663' title='bbox 1741 3485 1952 3555; x_wconf 88' lang='lat' dir='ltr'><strong>(eodem</strong></span> <span class='ocrx_word' id='word_1_664' title='bbox 1972 3489 2113 3542; x_wconf 89' lang='lat' dir='ltr'><strong>enim</strong></span> <span class='ocrx_word' id='word_1_665' title='bbox 2134 3505 2321 3546; x_wconf 90' lang='lat' dir='ltr'><strong>rursus</strong></span> <span class='ocrx_word' id='word_1_666' title='bbox 2339 3501 2460 3546; x_wconf 91' lang='lat' dir='ltr'><strong>utor</strong></span> <span class='ocrx_word' id='word_1_667' title='bbox 2473 3495 2763 3567; x_wconf 88' lang='lat' dir='ltr'><strong>exemplo),</strong></span> <span class='ocrx_word' id='word_1_668' title='bbox 2783 3511 2889 3552; x_wconf 89' lang='lat' dir='ltr'><strong>non</strong></span> <span class='ocrx_word' id='word_1_669' title='bbox 2913 3499 3062 3555; x_wconf 91' lang='lat' dir='ltr'><strong>illum</strong></span> <span class='ocrx_word' id='word_1_670' title='bbox 3077 3500 3225 3558; x_wconf 78' lang='lat' dir='ltr'><strong>dicc-</strong></span> 
     </span>
    </p>
   </div>
   <div class='ocr_carea' id='block_1_91' title="bbox 1636 3580 3220 3654">
    <p class='ocr_par' dir='ltr' id='par_1_91' title="bbox 1636 3580 3220 3654">
     <span class='ocr_line' id='line_1_91' title="bbox 1636 3580 3220 3654; baseline 0.011 -24"><span class='ocrx_word' id='word_1_671' title='bbox 1636 3591 1757 3631; x_wconf 90' lang='lat' dir='ltr'><strong>mus</strong></span> <span class='ocrx_word' id='word_1_672' title='bbox 1786 3580 2234 3635; x_wconf 89' lang='lat' dir='ltr'><strong>contumeliosum</strong></span> <span class='ocrx_word' id='word_1_673' title='bbox 2258 3623 2274 3648; x_wconf 94' lang='lat'><strong>,</strong></span> <span class='ocrx_word' id='word_1_674' title='bbox 2298 3598 2471 3653; x_wconf 89' lang='lat' dir='ltr'><strong>neque</strong></span> <span class='ocrx_word' id='word_1_675' title='bbox 2513 3586 2817 3654; x_wconf 87' lang='lat' dir='ltr'><strong>putabimus</strong></span> <span class='ocrx_word' id='word_1_676' title='bbox 2841 3593 3220 3648; x_wconf 85' lang='lat' dir='ltr'><strong>cuntumeliam</strong></span> 
     </span>
    </p>
   </div>
   <div class='ocr_carea' id='block_1_92' title="bbox 1637 3668 3220 3740">
    <p class='ocr_par' dir='ltr' id='par_1_92' title="bbox 1637 3668 3220 3740">
     <span class='ocr_line' id='line_1_92' title="bbox 1637 3668 3220 3740; baseline 0.008 -17"><span class='ocrx_word' id='word_1_677' title='bbox 1637 3668 1786 3723; x_wconf 90' lang='lat' dir='ltr'><strong>illam</strong></span> <span class='ocrx_word' id='word_1_678' title='bbox 1808 3684 1926 3724; x_wconf 88' lang='lat' dir='ltr'><strong>esse</strong></span> <span class='ocrx_word' id='word_1_679' title='bbox 1945 3672 2266 3740; x_wconf 91' lang='lat' dir='ltr'><strong>convicium,</strong></span> <span class='ocrx_word' id='word_1_680' title='bbox 2286 3673 2380 3728; x_wconf 89' lang='lat' dir='ltr'><strong>sed</strong></span> <span class='ocrx_word' id='word_1_681' title='bbox 2399 3674 2448 3729; x_wconf 90' lang='lat' dir='ltr'><strong>id</strong></span> <span class='ocrx_word' id='word_1_682' title='bbox 2472 3691 2536 3730; x_wconf 85' lang='lat' dir='ltr'><strong>ex</strong></span> <span class='ocrx_word' id='word_1_683' title='bbox 2553 3679 2871 3734; x_wconf 86' lang='lat' dir='ltr'><strong>necessitate</strong></span> <span class='ocrx_word' id='word_1_684' title='bbox 2892 3679 3220 3736; x_wconf 60' lang='lat' dir='ltr'><strong>dicmoniaea</strong></span> 
     </span>
    </p>
   </div>
   <div class='ocr_carea' id='block_1_93' title="bbox 1631 3762 3225 3836">
    <p class='ocr_par' dir='ltr' id='par_1_93' title="bbox 1631 3762 3225 3836">
     <span class='ocr_line' id='line_1_93' title="bbox 1631 3762 3225 3836; baseline 0.009 -21"><span class='ocrx_word' id='word_1_685' title='bbox 1631 3762 1835 3817; x_wconf 79' lang='lat' dir='ltr'><strong>factum</strong></span> <span class='ocrx_word' id='word_1_686' title='bbox 1869 3781 1882 3818; x_wconf 88' lang='lat'><strong>:</strong></span> <span class='ocrx_word' id='word_1_687' title='bbox 1915 3765 1994 3818; x_wconf 91' lang='lat' dir='ltr'><strong>sic</strong></span> <span class='ocrx_word' id='word_1_688' title='bbox 2020 3780 2122 3820; x_wconf 89' lang='lat' dir='ltr'><strong>nec</strong></span> <span class='ocrx_word' id='word_1_689' title='bbox 2154 3765 2460 3836; x_wconf 90' lang='lat' dir='ltr'><strong>improbum</strong></span> <span class='ocrx_word' id='word_1_690' title='bbox 2482 3810 2497 3836; x_wconf 92' lang='lat'><strong>,</strong></span> <span class='ocrx_word' id='word_1_691' title='bbox 2529 3771 2576 3824; x_wconf 91' lang='lat' dir='ltr'><strong>si</strong></span> <span class='ocrx_word' id='word_1_692' title='bbox 2604 3786 2633 3823; x_wconf 92' lang='lat' dir='ltr'><strong>a</strong></span> <span class='ocrx_word' id='word_1_693' title='bbox 2682 3769 2794 3825; x_wconf 86' lang='lat' dir='ltr'><strong>fato</strong></span> <span class='ocrx_word' id='word_1_694' title='bbox 2824 3781 2878 3827; x_wconf 93' lang='lat' dir='ltr'><strong>ct</strong></span> <span class='ocrx_word' id='word_1_695' title='bbox 2905 3774 3225 3829; x_wconf 85' lang='lat' dir='ltr'><strong>necessitate</strong></span> 
     </span>
    </p>
   </div>
   <div class='ocr_carea' id='block_1_94' title="bbox 1640 3854 3225 3932">
    <p class='ocr_par' dir='ltr' id='par_1_94' title="bbox 1640 3854 3225 3932">
     <span class='ocr_line' id='line_1_94' title="bbox 1640 3854 3225 3932; baseline 0.008 -24"><span class='ocrx_word' id='word_1_696' title='bbox 1640 3854 1892 3924; x_wconf 90' lang='lat' dir='ltr'><strong>pellatur,</strong></span> <span class='ocrx_word' id='word_1_697' title='bbox 1911 3855 2210 3926; x_wconf 91' lang='lat' dir='ltr'><strong>improbum</strong></span> <span class='ocrx_word' id='word_1_698' title='bbox 2241 3873 2512 3929; x_wconf 89' lang='lat' dir='ltr'><strong>vocemus,</strong></span> <span class='ocrx_word' id='word_1_699' title='bbox 2537 3871 2594 3914; x_wconf 89' lang='lat' dir='ltr'><strong>ut</strong></span> <span class='ocrx_word' id='word_1_700' title='bbox 2618 3877 2718 3918; x_wconf 90' lang='lat' dir='ltr'><strong>nec</strong></span> <span class='ocrx_word' id='word_1_701' title='bbox 2743 3863 2939 3919; x_wconf 90' lang='lat' dir='ltr'><strong>bonum</strong></span> <span class='ocrx_word' id='word_1_702' title='bbox 2957 3866 3225 3932; x_wconf 89' lang='lat' dir='ltr'><strong>similiter,</strong></span> 
     </span>
    </p>
   </div>
   <div class='ocr_carea' id='block_1_95' title="bbox 1641 3947 3226 4024">
    <p class='ocr_par' dir='ltr' id='par_1_95' title="bbox 1641 3947 3226 4024">
     <span class='ocr_line' id='line_1_95' title="bbox 1641 3947 3226 4024; baseline 0.006 -21"><span class='ocrx_word' id='word_1_703' title='bbox 1641 3947 1862 4003; x_wconf 82' lang='lat' dir='ltr'><strong>bonum.</strong></span> <span class='ocrx_word' id='word_1_704' title='bbox 1896 3947 2007 4003; x_wconf 88' lang='lat' dir='ltr'><strong>Nisi</strong></span> <span class='ocrx_word' id='word_1_705' title='bbox 2059 3951 2202 4004; x_wconf 88' lang='lat' dir='ltr'><strong>enim</strong></span> <span class='ocrx_word' id='word_1_706' title='bbox 2249 3951 2428 4006; x_wconf 91' lang='lat' dir='ltr'><strong>omnia</strong></span> <span class='ocrx_word' id='word_1_707' title='bbox 2472 3954 2551 4008; x_wconf 89' lang='lat' dir='ltr'><strong>sic</strong></span> <span class='ocrx_word' id='word_1_708' title='bbox 2598 3956 3009 4024; x_wconf 88' lang='lat' dir='ltr'><strong>constituamus,</strong></span> <span class='ocrx_word' id='word_1_709' title='bbox 3068 3969 3226 4013; x_wconf 86' lang='lat' dir='ltr'><strong>erunt</strong></span> 
     </span>
    </p>
   </div>
   <div class='ocr_carea' id='block_1_96' title="bbox 1644 4039 3225 4114">
    <p class='ocr_par' dir='ltr' id='par_1_96' title="bbox 1644 4039 3225 4114">
     <span class='ocr_line' id='line_1_96' title="bbox 1644 4039 3225 4114; baseline 0.007 -20"><span class='ocrx_word' id='word_1_710' title='bbox 1644 4041 1822 4096; x_wconf 88' lang='lat' dir='ltr'><strong>omnia</strong></span> <span class='ocrx_word' id='word_1_711' title='bbox 1849 4039 2116 4109; x_wconf 90' lang='lat' dir='ltr'><strong>confusio,</strong></span> <span class='ocrx_word' id='word_1_712' title='bbox 2135 4045 2487 4113; x_wconf 89' lang='lat' dir='ltr'><strong>perturbatio,</strong></span> <span class='ocrx_word' id='word_1_713' title='bbox 2517 4061 2694 4102; x_wconf 90' lang='lat' dir='ltr'><strong>rerum</strong></span> <span class='ocrx_word' id='word_1_714' title='bbox 2720 4049 2964 4114; x_wconf 87' lang='lat' dir='ltr'><strong>eversio;</strong></span> <span class='ocrx_word' id='word_1_715' title='bbox 2997 4064 3099 4105; x_wconf 88' lang='lat' dir='ltr'><strong>nec</strong></span> <span class='ocrx_word' id='word_1_716' title='bbox 3118 4050 3225 4104; x_wconf 77' lang='lat' dir='ltr'><strong>vir-</strong></span> 
     </span>
    </p>
   </div>
   <div class='ocr_carea' id='block_1_97' title="bbox 1648 4135 3231 4212">
    <p class='ocr_par' dir='ltr' id='par_1_97' title="bbox 1648 4135 3231 4212">
     <span class='ocr_line' id='line_1_97' title="bbox 1648 4135 3231 4212; baseline 0.006 -25"><span class='ocrx_word' id='word_1_717' title='bbox 1648 4143 1754 4202; x_wconf 87' lang='lat' dir='ltr'><strong>tus,</strong></span> <span class='ocrx_word' id='word_1_718' title='bbox 1775 4149 1874 4189; x_wconf 88' lang='lat' dir='ltr'><strong>nec</strong></span> <span class='ocrx_word' id='word_1_719' title='bbox 1888 4135 2089 4190; x_wconf 88' lang='lat' dir='ltr'><strong>malitia</strong></span> <span class='ocrx_word' id='word_1_720' title='bbox 2108 4138 2231 4202; x_wconf 88' lang='lat' dir='ltr'><strong>erit;</strong></span> <span class='ocrx_word' id='word_1_721' title='bbox 2247 4153 2351 4192; x_wconf 89' lang='lat' dir='ltr'><strong>non</strong></span> <span class='ocrx_word' id='word_1_722' title='bbox 2379 4147 2542 4204; x_wconf 88' lang='lat' dir='ltr'><strong>artes,</strong></span> <span class='ocrx_word' id='word_1_723' title='bbox 2573 4153 2678 4194; x_wconf 76' lang='lat' dir='ltr'><strong>no.1</strong></span> <span class='ocrx_word' id='word_1_724' title='bbox 2705 4139 2869 4211; x_wconf 89' lang='lat' dir='ltr'><strong>leges,</strong></span> <span class='ocrx_word' id='word_1_725' title='bbox 2888 4142 3020 4195; x_wconf 90' lang='lat' dir='ltr'><strong>nihil</strong></span> <span class='ocrx_word' id='word_1_726' title='bbox 3047 4141 3231 4212; x_wconf 85' lang='lat' dir='ltr'><strong>hujus-</strong></span> 
     </span>
    </p>
   </div>
   <div class='ocr_carea' id='block_1_98' title="bbox 1645 4228 3228 4304">
    <p class='ocr_par' dir='ltr' id='par_1_98' title="bbox 1645 4228 3228 4304">
     <span class='ocr_line' id='line_1_98' title="bbox 1645 4228 3228 4304; baseline 0.004 -22"><span class='ocrx_word' id='word_1_727' title='bbox 1645 4228 2071 4284; x_wconf 84' lang='lat' dir='ltr'><strong>cemodi.Vidcu’</strong></span> <span class='ocrx_word' id='word_1_728' title='bbox 2095 4245 2202 4300; x_wconf 92' lang='lat' dir='ltr'><strong>quo</strong></span> <span class='ocrx_word' id='word_1_729' title='bbox 2225 4231 2403 4286; x_wconf 84' lang='lat' dir='ltr'><strong>tendat</strong></span> <span class='ocrx_word' id='word_1_730' title='bbox 2430 4247 2554 4286; x_wconf 88' lang='lat' dir='ltr'><strong>esca</strong></span> <span class='ocrx_word' id='word_1_731' title='bbox 2583 4232 2799 4298; x_wconf 86' lang='lat' dir='ltr'><strong>diaboli,</strong></span> <span class='ocrx_word' id='word_1_732' title='bbox 2824 4235 3019 4304; x_wconf 88' lang='lat' dir='ltr'><strong>etquid</strong></span> <span class='ocrx_word' id='word_1_733' title='bbox 3043 4236 3228 4291; x_wconf 86' lang='lat' dir='ltr'><strong>orbem</strong></span> 
     </span>
    </p>
   </div>
   <div class='ocr_carea' id='block_1_99' title="bbox 1648 4319 3232 4394">
    <p class='ocr_par' dir='ltr' id='par_1_99' title="bbox 1648 4319 3232 4394">
     <span class='ocr_line' id='line_1_99' title="bbox 1648 4319 3232 4394; baseline 0.006 -21"><span class='ocrx_word' id='word_1_734' title='bbox 1648 4326 1806 4374; x_wconf 76' lang='lat' dir='ltr'><strong>terra:</strong></span> <span class='ocrx_word' id='word_1_735' title='bbox 1822 4319 2189 4387; x_wconf 75' lang='lat' dir='ltr'><strong>efﬁcerevelit,</strong></span> <span class='ocrx_word' id='word_1_736' title='bbox 2208 4332 2260 4376; x_wconf 88' lang='lat' dir='ltr'><strong>et</strong></span> <span class='ocrx_word' id='word_1_737' title='bbox 2274 4322 2338 4377; x_wconf 89' lang='lat' dir='ltr'><strong>ad</strong></span> <span class='ocrx_word' id='word_1_738' title='bbox 2357 4337 2517 4394; x_wconf 89' lang='lat' dir='ltr'><strong>quem</strong></span> <span class='ocrx_word' id='word_1_739' title='bbox 2550 4326 2706 4378; x_wconf 88' lang='lat' dir='ltr'><strong>linem</strong></span> <span class='ocrx_word' id='word_1_740' title='bbox 2730 4326 2905 4386; x_wconf 86' lang='lat' dir='ltr'><strong>omnia</strong></span> <span class='ocrx_word' id='word_1_741' title='bbox 2932 4327 3232 4383; x_wconf 79' lang='lat' dir='ltr'><strong>adducere?</strong></span> 
     </span>
    </p>
   </div>
   <div class='ocr_carea' id='block_1_100' title="bbox 1651 4407 3230 4487">
    <p class='ocr_par' dir='ltr' id='par_1_100' title="bbox 1651 4407 3230 4487">
     <span class='ocr_line' id='line_1_100' title="bbox 1651 4407 3230 4487; baseline 0.006 -23"><span class='ocrx_word' id='word_1_742' title='bbox 1651 4407 1774 4464; x_wconf 82' lang='lat' dir='ltr'><strong>Haec</strong></span> <span class='ocrx_word' id='word_1_743' title='bbox 1800 4421 1976 4466; x_wconf 90' lang='lat' dir='ltr'><strong>autem</strong></span> <span class='ocrx_word' id='word_1_744' title='bbox 2006 4414 2184 4467; x_wconf 90' lang='lat' dir='ltr'><strong>omnia</strong></span> <span class='ocrx_word' id='word_1_745' title='bbox 2206 4418 2439 4468; x_wconf 79' lang='lat' dir='ltr'><strong>scientes</strong></span> <span class='ocrx_word' id='word_1_746' title='bbox 2461 4425 2517 4469; x_wconf 88' lang='lat' dir='ltr'><strong>et</strong></span> <span class='ocrx_word' id='word_1_747' title='bbox 2545 4417 2626 4470; x_wconf 90' lang='lat' dir='ltr'><strong>his</strong></span> <span class='ocrx_word' id='word_1_748' title='bbox 2652 4417 2799 4486; x_wconf 91' lang='lat' dir='ltr'><strong>plura</strong></span> <span class='ocrx_word' id='word_1_749' title='bbox 2825 4418 3058 4487; x_wconf 91' lang='lat' dir='ltr'><strong>(possem</strong></span> <span class='ocrx_word' id='word_1_750' title='bbox 3087 4419 3230 4474; x_wconf 88' lang='lat' dir='ltr'><strong>enim</strong></span> 
     </span>
    </p>
   </div>
   <div class='ocr_carea' id='block_1_101' title="bbox 1649 4503 3226 4578">
    <p class='ocr_par' dir='ltr' id='par_1_101' title="bbox 1649 4503 3226 4578">
     <span class='ocr_line' id='line_1_101' title="bbox 1649 4503 3226 4578; baseline 0.006 -22"><span class='ocrx_word' id='word_1_751' title='bbox 1649 4503 1814 4556; x_wconf 86' lang='lat' dir='ltr'><strong>multa</strong></span> <span class='ocrx_word' id='word_1_752' title='bbox 1837 4503 2057 4568; x_wconf 83' lang='lat' dir='ltr'><strong>addere,</strong></span> <span class='ocrx_word' id='word_1_753' title='bbox 2085 4504 2176 4558; x_wconf 86' lang='lat' dir='ltr'><strong>sed</strong></span> <span class='ocrx_word' id='word_1_754' title='bbox 2197 4506 2628 4574; x_wconf 83' lang='lat' dir='ltr'><strong>prudentioribus</strong></span> <span class='ocrx_word' id='word_1_755' title='bbox 2654 4511 2769 4562; x_wconf 76' lang='lat' dir='ltr'><strong>lucc</strong></span> <span class='ocrx_word' id='word_1_756' title='bbox 2791 4511 3100 4578; x_wconf 85' lang='lat' dir='ltr'><strong>sufficiant),</strong></span> <span class='ocrx_word' id='word_1_757' title='bbox 3125 4525 3226 4565; x_wconf 88' lang='lat' dir='ltr'><strong>nc—</strong></span> 
     </span>
    </p>
   </div>
   <div class='ocr_carea' id='block_1_102' title="bbox 1651 4596 3237 4672">
    <p class='ocr_par' dir='ltr' id='par_1_102' title="bbox 1651 4596 3237 4672">
     <span class='ocr_line' id='line_1_102' title="bbox 1651 4596 3237 4672; baseline 0.005 -23"><span class='ocrx_word' id='word_1_758' title='bbox 1651 4597 1874 4666; x_wconf 87' lang='lat' dir='ltr'><strong>quitiam</strong></span> <span class='ocrx_word' id='word_1_759' title='bbox 1928 4596 2210 4666; x_wconf 85' lang='lat' dir='ltr'><strong>fugiamus,</strong></span> <span class='ocrx_word' id='word_1_760' title='bbox 2262 4603 2509 4654; x_wconf 89' lang='lat' dir='ltr'><strong>virtutem</strong></span> <span class='ocrx_word' id='word_1_761' title='bbox 2560 4599 2844 4669; x_wconf 88' lang='lat' dir='ltr'><strong>eligamus,</strong></span> <span class='ocrx_word' id='word_1_762' title='bbox 2891 4613 2950 4655; x_wconf 92' lang='lat' dir='ltr'><strong>ut</strong></span> <span class='ocrx_word' id='word_1_763' title='bbox 2974 4603 3237 4672; x_wconf 85' lang='lat' dir='ltr'><strong>imprimis</strong></span> 
     </span>
    </p>
   </div>
   <div class='ocr_carea' id='block_1_103' title="bbox 1652 4689 3230 4763">
    <p class='ocr_par' dir='ltr' id='par_1_103' title="bbox 1652 4689 3230 4763">
     <span class='ocr_line' id='line_1_103' title="bbox 1652 4689 3230 4763; baseline 0.002 -20"><span class='ocrx_word' id='word_1_764' title='bbox 1652 4689 1819 4745; x_wconf 87' lang='lat' dir='ltr'><strong>Deum</strong></span> <span class='ocrx_word' id='word_1_765' title='bbox 1848 4690 2138 4760; x_wconf 88' lang='lat' dir='ltr'><strong>propitium</strong></span> <span class='ocrx_word' id='word_1_766' title='bbox 2169 4692 2482 4756; x_wconf 73' lang='lat' dir='ltr'><strong>habeamus,</strong></span> <span class='ocrx_word' id='word_1_767' title='bbox 2516 4691 2814 4761; x_wconf 88' lang='lat' dir='ltr'><strong>deiudcque</strong></span> <span class='ocrx_word' id='word_1_768' title='bbox 2843 4708 2872 4746; x_wconf 89' lang='lat' dir='ltr'><strong>a</strong></span> <span class='ocrx_word' id='word_1_769' title='bbox 2894 4695 3139 4763; x_wconf 84' lang='lat' dir='ltr'><strong>gehenna</strong></span> <span class='ocrx_word' id='word_1_770' title='bbox 3165 4693 3230 4746; x_wconf 86' lang='lat' dir='ltr'><strong>li-</strong></span> 
     </span>
    </p>
   </div>
   <div class='ocr_carea' id='block_1_104' title="bbox 1652 4782 3236 4856">
    <p class='ocr_par' dir='ltr' id='par_1_104' title="bbox 1652 4782 3236 4856">
     <span class='ocr_line' id='line_1_104' title="bbox 1652 4782 3236 4856; baseline 0.003 -18"><span class='ocrx_word' id='word_1_771' title='bbox 1652 4782 1938 4851; x_wconf 84' lang='lat' dir='ltr'><strong>beremur,</strong></span> <span class='ocrx_word' id='word_1_772' title='bbox 1973 4793 2133 4855; x_wconf 89' lang='lat' dir='ltr'><strong>atque</strong></span> <span class='ocrx_word' id='word_1_773' title='bbox 2157 4785 2372 4840; x_wconf 81' lang='lat' dir='ltr'><strong>:eternis</strong></span> <span class='ocrx_word' id='word_1_774' title='bbox 2400 4786 2638 4838; x_wconf 85' lang='lat' dir='ltr'><strong>fruamur</strong></span> <span class='ocrx_word' id='word_1_775' title='bbox 2663 4785 2816 4840; x_wconf 86' lang='lat' dir='ltr'><strong>bonis</strong></span> <span class='ocrx_word' id='word_1_776' title='bbox 2840 4803 2853 4840; x_wconf 92' lang='lat'><strong>:</strong></span> <span class='ocrx_word' id='word_1_777' title='bbox 2879 4802 2997 4856; x_wconf 78' lang='lat' dir='ltr'><strong>qua:</strong></span> <span class='ocrx_word' id='word_1_778' title='bbox 3029 4786 3236 4843; x_wconf 82' lang='lat' dir='ltr'><strong>utinam</strong></span> 
     </span>
    </p>
   </div>
   <div class='ocr_carea' id='block_1_105' title="bbox 1653 4875 3241 4946">
    <p class='ocr_par' dir='ltr' id='par_1_105' title="bbox 1653 4875 3241 4946">
     <span class='ocr_line' id='line_1_105' title="bbox 1653 4875 3241 4946; baseline 0.001 -16"><span class='ocrx_word' id='word_1_779' title='bbox 1653 4890 1755 4931; x_wconf 91' lang='lat' dir='ltr'><strong>nos</strong></span> <span class='ocrx_word' id='word_1_780' title='bbox 1769 4890 1956 4931; x_wconf 89' lang='lat' dir='ltr'><strong>omnes</strong></span> <span class='ocrx_word' id='word_1_781' title='bbox 1985 4889 2395 4946; x_wconf 89' lang='lat' dir='ltr'><strong>consequamur,</strong></span> <span class='ocrx_word' id='word_1_782' title='bbox 2424 4876 2592 4946; x_wconf 88' lang='lat' dir='ltr'><strong>gratia</strong></span> <span class='ocrx_word' id='word_1_783' title='bbox 2611 4886 2666 4930; x_wconf 89' lang='lat' dir='ltr'><strong>et</strong></span> <span class='ocrx_word' id='word_1_784' title='bbox 2684 4875 3006 4945; x_wconf 84' lang='lat' dir='ltr'><strong>benignitate</strong></span> <span class='ocrx_word' id='word_1_785' title='bbox 3026 4877 3241 4932; x_wconf 87' lang='lat' dir='ltr'><strong>Domini</strong></span> 
     </span>
    </p>
   </div>
   <div class='ocr_carea' id='block_1_106' title="bbox 1654 4965 3241 5038">
    <p class='ocr_par' dir='ltr' id='par_1_106' title="bbox 1654 4965 3241 5038">
     <span class='ocr_line' id='line_1_106' title="bbox 1654 4965 3241 5038; baseline -0.001 -18"><span class='ocrx_word' id='word_1_786' title='bbox 1654 4967 1825 5022; x_wconf 89' lang='lat' dir='ltr'><strong>nostri</strong></span> <span class='ocrx_word' id='word_1_787' title='bbox 1849 4965 1974 5022; x_wconf 85' lang='lat' dir='ltr'><strong>Jesu</strong></span> <span class='ocrx_word' id='word_1_788' title='bbox 1992 4965 2213 5033; x_wconf 84' lang='lat' dir='ltr'><strong>Christi,</strong></span> <span class='ocrx_word' id='word_1_789' title='bbox 2234 4983 2328 5037; x_wconf 88' lang='lat' dir='ltr'><strong>per</strong></span> <span class='ocrx_word' id='word_1_790' title='bbox 2351 4983 2509 5038; x_wconf 85' lang='lat' dir='ltr'><strong>quem</strong></span> <span class='ocrx_word' id='word_1_791' title='bbox 2536 4977 2590 5023; x_wconf 92' lang='lat' dir='ltr'><strong>et</strong></span> <span class='ocrx_word' id='word_1_792' title='bbox 2610 4981 2729 5021; x_wconf 91' lang='lat' dir='ltr'><strong>cum</strong></span> <span class='ocrx_word' id='word_1_793' title='bbox 2743 4982 2850 5037; x_wconf 87' lang='lat' dir='ltr'><strong>quo</strong></span> <span class='ocrx_word' id='word_1_794' title='bbox 2865 4967 3006 5022; x_wconf 75' lang='lat' dir='ltr'><strong>Patri</strong></span> <span class='ocrx_word' id='word_1_795' title='bbox 3027 4967 3192 5038; x_wconf 89' lang='lat' dir='ltr'><strong>gloria</strong></span> <span class='ocrx_word' id='word_1_796' title='bbox 3218 5007 3241 5034; x_wconf 78' lang='lat'><strong>,</strong></span> 
     </span>
    </p>
   </div>
   <div class='ocr_carea' id='block_1_107' title="bbox 1656 5060 3240 5132">
    <p class='ocr_par' dir='ltr' id='par_1_107' title="bbox 1656 5060 3240 5132">
     <span class='ocr_line' id='line_1_107' title="bbox 1656 5060 3240 5132; baseline 0.001 -14"><span class='ocrx_word' id='word_1_797' title='bbox 1656 5076 1756 5118; x_wconf 87' lang='lat' dir='ltr'><strong>una</strong></span> <span class='ocrx_word' id='word_1_798' title='bbox 1777 5076 1897 5116; x_wconf 87' lang='lat' dir='ltr'><strong>eum</strong></span> <span class='ocrx_word' id='word_1_799' title='bbox 1918 5061 2117 5132; x_wconf 91' lang='lat' dir='ltr'><strong>Spiritu</strong></span> <span class='ocrx_word' id='word_1_800' title='bbox 2131 5072 2338 5130; x_wconf 87' lang='lat' dir='ltr'><strong>sancto,</strong></span> <span class='ocrx_word' id='word_1_801' title='bbox 2371 5076 2511 5116; x_wconf 89' lang='lat' dir='ltr'><strong>nunc</strong></span> <span class='ocrx_word' id='word_1_802' title='bbox 2535 5070 2590 5116; x_wconf 92' lang='lat' dir='ltr'><strong>et</strong></span> <span class='ocrx_word' id='word_1_803' title='bbox 2616 5076 2849 5130; x_wconf 89' lang='lat' dir='ltr'><strong>semper,</strong></span> <span class='ocrx_word' id='word_1_804' title='bbox 2877 5069 2931 5116; x_wconf 90' lang='lat' dir='ltr'><strong>et</strong></span> <span class='ocrx_word' id='word_1_805' title='bbox 2955 5060 3008 5116; x_wconf 90' lang='lat' dir='ltr'><strong>in</strong></span> <span class='ocrx_word' id='word_1_806' title='bbox 3034 5061 3240 5119; x_wconf 69' lang='lat' dir='ltr'><strong>saecula</strong></span> 
     </span>
    </p>
   </div>
   <div class='ocr_carea' id='block_1_108' title="bbox 1653 5154 2209 5228">
    <p class='ocr_par' dir='ltr' id='par_1_108' title="bbox 1653 5154 2209 5228">
     <span class='ocr_line' id='line_1_108' title="bbox 1653 5154 2209 5228; baseline -0.005 -17"><span class='ocrx_word' id='word_1_807' title='bbox 1653 5154 1992 5211; x_wconf 61' lang='lat' dir='ltr'><strong>sccculorum.</strong></span> <span class='ocrx_word' id='word_1_808' title='bbox 2020 5155 2209 5228; x_wconf 80' lang='lat' dir='ltr'><strong>Amen.</strong></span> 
     </span>
    </p>
   </div>
  </div>
