3872 6396
1285 302 1345 360 S.
1370 300 1648 361 JOANNIS
1674 293 2143 357 CllRYSOSTOMl
2178 293 2499 352 ABCHIEP.
2526 295 3057 358 CONSTANTINOP.
3346 248 3365 277 ξ
3658 320 3734 377 ηιξ

549 417 3730 459 W

1898 478 2241 542 HOMILIA
2284 481 2398 544 IX.

562 634 803 705 Ejusdem
823 675 839 699 ,
871 630 1009 703 quod
1037 646 1139 684 non
1168 637 1397 699 oporteat
1426 626 1494 680 ad
1518 626 1705 679 circum
1735 623 1813 678 vel
1840 622 1907 675 ad
1933 623 2128 676 theatra

621 724 917 780 ascendere.
947 721 1016 775 Et
1042 738 1161 775 cum
1188 719 1294 773 illis
1320 717 1599 771 molestiam
1625 726 1856 778 creasset,
1876 712 2055 767 deinde
2077 711 2129 764 in

618 824 865 871 conventu
892 813 1119 885 sequenti
1150 820 1260 881 post
1289 811 1433 865 illain
1467 808 1782 863 Dominicam
1805 847 1819 871 ,
1845 822 1960 859 cum
2004 820 2126 857 cou-

623 906 849 962 cessisset
870 905 1107 973 epismpo
1129 902 1352 963 cuidam,
1380 900 1469 971 qui
1489 914 1551 954 ea:
1576 896 1781 952 Galatia
1809 904 2007 950 venerat
2030 891 2127 965 (a),

616 995 952 1052 concionandi
973 994 1290 1067 facultatem,
1312 1001 1358 1046 et
1384 992 1491 1061 ipse
1512 990 1771 1053 tacuisset,
1796 998 1943 1055 atque
1962 988 2012 1039 in
2034 985 2128 1038 ltoc

619 1105 818 1161 quoque
847 1088 965 1143 illos
992 1085 1322 1154 offendisset,
1369 1084 1502 1136 hanc
1545 1082 1721 1136 habuit
1771 1079 2035 1133 Itontiliam
2075 1076 2129 1130 in

619 1181 808 1253 Magna
832 1179 1062 1244 ecclesia,
1091 1178 1144 1232 in
1170 1176 1301 1231 illud
1333 1192 1352 1231 :
1382 1175 1541 1229 Pater
1569 1187 1721 1227 meus
1762 1185 1930 1238 usque
1971 1167 2131 1223 modo

620 1282 895 1344 operatur,
926 1279 981 1326 et
1008 1284 1108 1339 ego
1136 1283 1333 1339 operor
1361 1266 1539 1334 (Joan.
1569 1265 1622 1319 5.
1659 1261 1746 1331 17)
1780 1261 1879 1334 (lt).

622 1366 674 1418 ι.
704 1358 1250 1431 ConstantinOpolitani
1277 1356 1496 1428 graviter
1517 1353 1787 1423 increpati,
1817 1349 2125 1422 frequentio-

550 1474 629 1511 res
658 1456 725 1510 ad
754 1454 1046 1517 concionem
1076 1450 1299 1505 veniunt.
1317 1478 1391 1488 —
1419 1446 1600 1517 Nuper
1628 1444 1785 1499 valde
1806 1459 1901 1498 vos
1930 1440 2131 1513 pupugi

549 1547 619 1603 de
647 1544 870 1601 theatris
893 1554 947 1598 ct
974 1541 1042 1597 de
1070 1537 1408 1611 equestribus
1440 1538 1577 1592 ludis
1608 1536 1831 1605 loquens
1864 1551 1878 1588 :
1906 1532 2133 1601 ideoque

550 1641 702 1694 laetor
728 1647 779 1692 et
804 1635 1012 1692 cxsulto
1039 1632 1330 1689 secundum
1357 1630 1706 1701 apostolicam
1737 1642 1920 1683 vocem
1949 1625 2133 1685 dicen-

554 1741 660 1798 tem
691 1748 703 1782 :
732 1726 803 1781 Et
828 1727 942 1798 quis
969 1734 1043 1780 est
1070 1725 1157 1796 qui
1186 1740 1265 1777 me
1293 1724 1529 1792 laetiﬁcat,
1563 1722 1661 1775 nisi
1690 1720 1777 1789 qui
1802 1720 2131 1774 contristatur

551 1793 718 1875 ex‘me
747 1793 1173 1890 (2.-Cor.2.§)?
1224 1813 1447 1869 Multum
1501 1812 1643 1869 enim
1694 1811 1848 1866 video
1897 1808 2130 1865 fructum

545 1928 612 1967 ex
646 1911 746 1966 hac
788 1910 999 1964 tristitia
1045 1907 1332 1962 orientem.
1380 1906 1511 1960 Nam
1550 1914 1605 1960 et
1650 1904 1961 1975 pharmaea,
2012 1916 2131 1972 qua:

548 2005 730 2059 ulcera
751 2010 962 2067 sanant,
989 1999 1139 2072 prius
1158 2000 1378 2054 vulnera
1403 1997 1671 2063 mordent,
1696 2006 1749 2052 et
1775 2004 1901 2051 tunc
1926 2013 1956 2050 a
1982 1994 2130 2050 sanie

550 2096 777 2149 liberant
803 2111 816 2147 :
840 2096 910 2147 ita
936 2100 991 2147 et
1015 2105 1197 2147 sermo
1222 2090 1311 2159 qui
1339 2088 1637 2163 auditorem
1667 2086 1853 2158 pungit
1873 2129 1889 2153 ,
1920 2086 2131 2140 initium

546 2184 898 2242 correctionis
926 2181 1070 2238 facit.
1120 2180 1269 2237 Sicut
1308 2183 1453 2235 enim
1495 2180 1549 2236 in
1590 2178 1907 2249 corporibus
1935 2176 2132 2232 nostris

548 2292 677 2331 caro
724 2289 844 2345 qua:
890 2272 1061 2329 semel
1102 2280 1345 2328 emortua
1388 2280 1494 2339 est,
1528 2286 1633 2325 non
1667 2271 1957 2326 sectionem
1979 2310 1993 2334 ,
2026 2284 2131 2323 non

554 2369 836 2435 pharmaca
854 2404 870 2428 ,
902 2378 1009 2418 non
1029 2362 1264 2417 cauteria
1286 2362 1477 2424 sentit;
1504 2362 1727 2431 ideoque
1748 2360 1957 2415 etiamsi
1986 2360 2133 2413 innu-

555 2470 702 2511 mera
744 2454 1118 2519 adhibeantur,
1147 2468 1253 2508 non
1298 2451 1367 2507 ad
1408 2454 1688 2507 sanitatem
1727 2451 1902 2506 redire
1934 2460 2131 2520 potest,

552 2563 675 2602 cum
727 2546 1019 2600 curationis
1070 2545 1279 2599 initium
1315 2552 1370 2598 et
1409 2543 1810 2597 fundamentum
1854 2544 2129 2608 amiserit;

553 2655 674 2710 qua:
700 2653 828 2695 vero
856 2637 1018 2693 sentit
1044 2645 1099 2693 et
1128 2635 1326 2692 ferrum
1344 2644 1397 2691 et
1424 2637 1597 2706 ignem
1621 2646 1674 2690 et
1697 2636 2002 2706 pharmaca,
2027 2635 2135 2689 cito

554 2732 621 2787 ad
651 2730 1009 2787 valetudinem
1033 2728 1293 2785 redierit:
1317 2729 1396 2783 sic
1420 2737 1473 2781 et
1500 2728 1552 2782 in
1582 2728 1880 2789 animabus,
1909 2743 2026 2796 qua:
2056 2727 2136 2780 in-

555 2824 785 2880 scnsiles
814 2830 960 2885 sunt,
994 2837 1099 2876 non
1131 2820 1287 2875 facile
1317 2829 1625 2884 mutentur;
1656 2836 1775 2890 qua:
1802 2835 1932 2875 vero
1962 2821 2139 2875 sciunt

555 2928 609 2971 et
638 2915 839 2985 pudore
866 2913 1005 2968 allici
1037 2922 1093 2967 et
1118 2912 1440 2966 erubescere
1465 2927 1528 2966 ac
1555 2911 1742 2966 dolore
1774 2913 1942 2981 premi
1976 2913 2027 2965 in
2059 2914 2139 2965 in-

555 3005 972 3075 crepationibus,
990 3003 1279 3057 maximum
1302 3002 1457 3056 nobis
1479 3003 1721 3072 prazbeut
1737 3012 2132 3073 argumentum,

555 3097 697 3167 quod
727 3096 834 3151 cito
858 3111 888 3149 a
920 3095 1153 3164 nequitia
1180 3093 1456 3149 destiturte
1485 3094 1609 3148 sint.
1642 3094 1927 3165 Propterea
1954 3095 2141 3151 beatus

559 3190 768 3251 Paulus,
801 3201 921 3241 cum
951 3185 1065 3240 haec
1091 3185 1270 3249 sciret,
1301 3199 1396 3240 eos
1434 3186 1523 3255 qui
1564 3183 1815 3239 dolebant
1850 3186 2005 3239 valde
2039 3201 2137 3256 ap-

559 3280 835 3351 probabat,
865 3277 1037 3347 deque
1067 3277 1175 3331 illis
1202 3277 1519 3344 laetabatur;
1561 3277 1628 3331 de
1660 3278 1725 3331 iis
1754 3294 1882 3332 vero
1912 3279 2001 3348 qui
2031 3294 2136 3334 non

561 3373 630 3427 ita
662 3370 835 3425 allecti
866 3378 1042 3434 erant,
1072 3368 1392 3437 chperabat
1418 3369 1603 3423 dicens
1628 3385 1638 3421 :
1667 3367 1767 3433 Qui
1798 3370 1940 3423 nullo
1971 3369 2143 3437 affecti

559 3465 736 3518 dolore
761 3478 814 3516 se
842 3461 1158 3516 tradiderunt
1186 3461 1520 3532 impudicitia:
1539 3504 1554 3527 ,
1585 3462 1639 3515 in
1666 3463 2014 3530 operationem
2044 3465 2141 3517 im-

565 3553 825 3608 munditiis
844 3552 1026 3617 omnis,
1051 3551 1103 3605 in
1129 3551 1397 3605 avaritiam
1420 3550 1637 3622 (Epltes.
1658 3553 1710 3606 4.
1738 3553 1850 3621 19).
1875 3555 1975 3619 Qui
2000 3556 2141 3609 enim

560 3646 745 3701 dolere
793 3644 1006 3706 nescit,
1050 3643 1323 3714 quomodo
1366 3632 1621 3712 umquam
1669 3645 1989 3716 corrigatur,
2042 3648 2143 3701 nisi

564 3741 711 3809 prius
765 3738 897 3793 illud
947 3736 1229 3793 didicerit?
1274 3736 1537 3803 Quoniam
1591 3737 1749 3807 igitur
1774 3738 1875 3793 hoc
1927 3756 1955 3792 a
1997 3741 2147 3796 vobis

562 3840 708 3887 recte
727 3828 922 3884 factum
939 3837 1042 3894 est,
1064 3827 1219 3882 valde
1242 3827 1561 3883 conﬁdimus
1583 3843 1679 3897 pro
1698 3830 1918 3886 caritate
1940 3841 2111 3885 vestra
2134 3852 2147 3887 :

562 3923 608 3977 si
634 3921 779 3977 enim
809 3919 1098 3987 alloquium
1131 3934 1293 3973 unum
1324 3916 1393 3972 ita
1424 3933 1522 3973 vos
1548 3919 1854 3983 momordit,
1877 3930 1927 3976 et
1957 3922 2008 3976 in
2034 3931 2150 3977 tau-

566 4025 673 4069 tam
704 4014 1032 4067 anxietatem
1062 4026 1158 4065 vos
1186 4010 1437 4080 conjecit,
1474 4018 1531 4065 ut
1554 4012 1734 4065 animo
1762 4012 2063 4070 deliceretis
2094 4026 2150 4071 et

568 4104 950 4168 turbaremini;
984 4103 1323 4157 manifestum
1355 4111 1439 4156 est
1466 4103 1610 4173 quod
1642 4104 1879 4158 secunda
1911 4117 1966 4160 et
1993 4109 2147 4162 tertia

572 4198 775 4271 addita,
804 4196 872 4250 ab
909 4195 1056 4249 omni
1090 4193 1278 4248 morbo
1311 4209 1409 4249 vos
1452 4193 1717 4250 liberabit.
1767 4196 1834 4249 Et
1879 4204 1938 4250 ut
1977 4197 2150 4253 disca-

575 4292 646 4345 tis
672 4304 757 4343 me
784 4302 889 4342 non
919 4286 1072 4341 vobis
1100 4285 1404 4340 adulantem
1438 4285 1551 4340 haec
1576 4286 1784 4348 dicere.
1827 4304 1921 4357 per
1945 4304 2005 4343 ea
2033 4306 2152 4365 qua:

570 4397 738 4451 nuper
757 4379 1072 4435 exltihuistis
1088 4378 1349 4433 dictorum
1368 4388 1669 4433 nostrorum
1694 4382 1970 4438 veritatem
1998 4388 2151 4439 testi-

571 4473 710 4528 ﬁcati
738 4473 885 4526 estis.
917 4471 1127 4526 Etenim
1155 4470 1244 4539 qui
1274 4471 1351 4525 sic
1383 4471 1641 4539 increpati
1672 4471 1893 4528 fueratis
1916 4516 1930 4539 ,
1964 4485 2021 4530 ιιι
2048 4477 2149 4532 do-

570 4566 751 4622 leretis
775 4574 827 4619 et
855 4564 1036 4618 animo
1083 4563 1406 4627 deﬁceretis,
1458 4564 2015 4631 proxima'Domiuica
2077 4572 2147 4641 (c)

630 4678 717 4739 (α)
742 4675 862 4726 Erat
898 4683 1012 4739 tunc
1042 4675 1278 4739 temporis
1307 4673 1543 4725 Leontius
1565 4677 1820 4739 episcopus
1852 4679 2148 4732 Galatarum.

568 4737 674 4810 nos
696 4746 867 4810 autent
884 4738 1097 4810 vigebat,
1122 4737 1314 4810 quando
1332 4740 1589 4800 episcopus
1601 4737 1908 4803 peregrinus
1922 4744 2154 4795 advenie-

568 4804 669 4857 Νι,
695 4802 740 4850 ei
764 4800 946 4859 cepiam
969 4797 1158 4848 dicendi
1183 4798 1363 4847 facere.

632 4863 705 4924 (lt)
748 4861 1036 4924 Necessario
1067 4859 1277 4924 legenda
1300 4867 1414 4910 sunt
1437 4874 1495 4909 ea
1518 4874 1628 4924 qua:
1649 4862 1778 4913 circa
1804 4864 1930 4915 hunc
1961 4866 2153 4918 titulum

568 4922 779 4972 diutinus
809 4924 856 4970 in
882 4922 1077 4971 Monito.
1106 4922 1309 4971 Multum
1334 4924 1503 4972 tribuit
1537 4923 1937 4976 Montel'aleonius
1965 4928 2042 4979 his
2078 4931 2151 4978 in-

568 4983 1141 5060 dicibus,"crcshditqt‘te
1155 4981 1406 5060 radeou'eps
1439 4984 1624 5060 additos
1646 4998 1818 5060 esse‘a
1841 4990 2049 5060 quodam
2072 4990 2156 5051 qui

570 5055 617 5115 εἰ
654 5043 863 5115 doctoris
899 5043 1042 5115 lateri
1064 5043 1259 5115 haesisse:
1274 5045 1544 5115 pateretur.
1580 5046 1692 5096 Meo
1712 5043 1876 5115 lateri
1891 5043 2153 5115 numquam

572 5106 808 5175 ejusmodi
849 5103 972 5153 latro
1008 5106 1488 5175 barbarusbzereat,
1527 5121 1684 5175 apage
1710 5111 1722 5158 !
1748 5109 1982 5175 Plerique
2022 5103 2152 5163 enim

572 5168 761 5216 indices
792 5167 961 5237 harum
996 5167 1220 5237 undecim
1256 5167 1569 5237 homiliaruut
1590 5167 1655 5237 ita
1688 5180 1803 5220 sunt
1836 5167 2065 5237 corrupti,
2103 5184 2155 5227 ut

572 5242 667 5276 nec
703 5228 1013 5288 grammatica
1045 5230 1167 5276 ratio
1196 5236 1403 5278 constet.
1446 5229 1497 5277 ld
1536 5231 1681 5280 etiam
1706 5236 1933 5284 convenit
1956 5228 2003 5284 in
2028 5228 2155 5288 hanc

573 5288 798 5337 indicem.
836 5289 1063 5337 Breviter
1094 5302 1223 5338 nunc
1256 5298 1420 5339 contra
1454 5290 1591 5341 ludos
1614 5295 1863 5344 circenses
1891 5305 1943 5346 et
1966 5298 2153 5348 theatra

570 5350 804 5411 disputat,
828 5349 953 5411 quod
976 5350 1219 5410 eOpiosins
1234 5357 1285 5398 et
1303 5353 1645 5402 vehementius
1665 5355 1729 5403 de
1750 5368 1805 5404 re
1825 5357 1997 5407 eadem
2020 5360 2155 5409 dixe-

572 5419 647 5521 rsalt
673 5413 731 5521 inh
731 5410 910 5521 1ultima
930 5416 1043 5460 ante
1066 5411 1191 5460 hanc
1214 5412 1424 5475 homilia,
1449 5428 1559 5477 quae
1582 5416 1762 5478 legitur
1787 5425 1823 5467 t.
1848 5418 1896 5479 6,
1923 5420 2016 5471 col.
2040 5422 2151 5472 263.

631 5486 678 5521 tl.
756 5488 892 5521 ΑττΒ.

631 5488 678 5521 (1.
707 5488 892 5521 ΒΙΔΤΤΒ.

570 5485 1032 5605 inquit
1045 5532 1335 5605 Matthteius,
1345 5536 1487 5605 istam
1504 5537 1726 5605 ultimam
1729 5540 1972 5591 homiliam
1988 5544 2158 5596 habuit

570 5594 1112 5670 ﬁlioamipomimcam
1145 5603 1308 5670 autem
1345 5597 1425 5670 hic
1454 5599 1669 5670 appellat
1703 5600 1885 5670 festunl
1903 5594 2153 5665 paschatis.

573 5652 645 5706 Eo
664 5657 1029 5731 die_apiscqpltts
1052 5670 1116 5729 ex
1142 5655 1327 5731 Gala-tia
1350 5652 1838 5731 habuit'concionctn.
1852 5652 2157 5731 nééié'éigo

570 5725 737 5785 contra
749 5716 1172 5787 Ma-ntflfalconium
1191 5720 1360 5787 videor
1377 5722 1600 5773 docunsse
1614 5726 1751 5774 istam
1773 5726 1837 5775 ult
1849 5716 1988 5777 imam
2003 5716 2155 5779 homi-

549 5776 666 5828 liam
677 5791 775 5829 non
787 5778 869 5831 die
880 5778 1143 5845 Dominica,
1155 5782 1244 5833 scd
1256 5783 1456 5835 sabbato
1473 5794 1589 5837 ante
1601 5788 1771 5850 pascha
1790 5803 1902 5840 esse
1916 5776 2139 5842 habit—ani.

2239 623 2380 678 illam
2412 626 2749 697 insequente,
2776 632 3110 702 Splendidius
3154 641 3308 696 nobis
3351 643 3593 703 theatrum
3625 655 3737 710 exhi-

2236 716 2449 784 buistis,
2475 722 2898 779 nutnerosiorem
2924 738 3247 784 conventum
3269 742 3316 785 et
3348 734 3580 804 majorem
3602 742 3741 801 alacri-

2237 813 2436 874 tatem;
2468 823 2762 883 omnesque
2788 819 3036 887 suspensi
3065 822 3229 877 eratis
3248 862 3269 887 ,
3296 824 3432 877 sicut
3470 826 3738 892 hirundinum

2162 973 2169 979 Π
2235 900 2362 968 pulli
2386 915 2415 954 a
2433 900 2559 957 nido
2587 905 2903 974 pendentes,
2923 920 2978 965 et
2998 911 3065 966 ad
3088 912 3323 985 tinguant
3347 927 3566 975 nostram
3591 923 3744 983 initiae.

2238 996 2337 1043 tes.
2363 990 2563 1047 Deinde
2586 996 2706 1064 quia
2741 997 2890 1053 fratri
2916 1010 3125 1069 nostro,
3154 1005 3242 1074 qui
3264 1022 3329 1061 ex
3350 1007 3541 1063 Galatia
3562 1028 3741 1083 venerat,

2235 1094 2393 1182 quem
2422 1092 2477 1182 et
2507 1094 2724 1154 promer
2764 1088 2935 1158 ipsam
2987 1090 3244 1150 Ecclesiae
3291 1097 3457 1168 legem
3501 1107 3741 1175 peregrinos

2236 1175 2305 1226 ita
2336 1175 2608 1244 suscipere
2629 1178 2910 1247 jubentem
2932 1224 2946 1246 ,
2976 1193 3032 1239 et
3080 1196 3299 1255 propter
3338 1194 3660 1251 venerandam
3682 1215 3739 1253 ta-

2235 1263 2418 1319 nitiem
2450 1264 2862 1337 ltonorabamus,
2889 1272 3062 1337 locum
3092 1279 3357 1335 cessimus
3383 1291 3437 1335 ut
3462 1288 3741 1346 conciomrc-

2236 1363 2343 1447 tur,
2367 1357 2729 1417 occlamantes
2751 1364 3103 1435 recedebatis,
3127 1370 3363 1439 graviter
3385 1371 3616 1442 ferentes,
3634 1384 3739 1447 quasi

2231 1444 2341 1516 jam
2371 1447 2462 1502 diu
2489 1450 2626 1506 fame
2674 1458 3073 1527 premeremini,
3114 1468 3171 1515 et
3216 1461 3447 1532 linguam
3475 1444 3672 1523 nostram
3698 1476 3743 1525 in

2236 1546 2507 1595 secantem
2604 1555 2939 1615 exoptantes,
2991 1549 3132 1605 illam
3180 1568 3379 1626 nempe
3431 1556 3744 1629 increpantem,

2238 1641 2579 1703 pungentem,
2608 1635 2845 1692 dolonem
2866 1638 3201 1707 ail'erentem,
3232 1643 3460 1716 idipsum
3485 1647 3690 1707 facienus
3707 1671 3749 1711 ac

2235 1722 2280 1777 si
2308 1724 2561 1793 puerulus
2590 1728 2923 1797 verberatus,
2968 1732 3297 1806 increpatus,
3326 1754 3393 1792 ne
3430 1741 3503 1794 sic
3527 1744 3697 1813 quidem
3728 1764 3748 1800 α

2236 1823 2405 1868 matre
2424 1815 2728 1884 absisteret,
2759 1820 2853 1875 sed
2885 1821 3101 1890 plorans
3127 1837 3463 1896 sequeretur,
3490 1834 3749 1891 vestiunt-Illis

2236 1906 2422 1960 matris
2437 1906 2503 1961 ab
2524 1908 2690 1964 latere
2716 1910 2947 1979 ltazrens,
2982 1923 3034 1969 et
3055 1929 3115 1970 se
3148 1918 3370 1973 trahens
3392 1932 3503 1990 post
3525 1922 3645 1977 illam
3668 1942 3749 1979 cum

2235 1994 2717 2054 lamentationibus.
2740 2000 3028 2073 Propterea
3045 2008 3259 2063 exsulto
3278 2020 3332 2063 et
3352 2013 3518 2080 gestio
3539 2030 3631 2082 pra:
3649 2018 3750 2071 volu-

2238 2094 2400 2155 ptate,
2427 2087 2747 2161 beatumque
2770 2108 2857 2149 me
2886 2108 3006 2151 esse
3034 2097 3427 2166 pracdicointer
3457 2110 3528 2157 tot
3551 2118 3751 2162 amatores

2236 2177 2580 2245 concionans,
2619 2197 2714 2236 vos
2745 2183 2823 2237 sic
2855 2185 3150 2254 pendentes
3175 2187 3384 2246 habens
3410 2208 3441 2246 e
3471 2192 3623 2263 lingua
3653 2213 3750 2251 mea.

2238 2265 2350 2321 lloc
2379 2270 2508 2325 mihi
2534 2271 2684 2326 radio
2720 2274 2881 2329 solari
2913 2275 3121 2333 dulcius
3148 2288 3263 2347 est,
3295 2282 3403 2337 hoc
3443 2285 3552 2341 luce
3569 2290 3751 2351 statim;

2239 2359 2339 2415 hoc
2358 2362 2461 2416 vita
2473 2373 2619 2421 certe
2634 2373 2737 2433 est,
2759 2376 2864 2422 tam
2884 2379 3066 2439 gratos
3085 2371 3281 2430 habere
3296 2376 3580 2442 auditores,
3596 2382 3666 2449 qui
3683 2399 3753 2435 non

2240 2452 2399 2506 modo
2423 2455 2696 2523 plaudere,
2717 2458 2809 2513 sed
2832 2462 2995 2516 etiam
3015 2465 3210 2535 corrigi
3239 2469 3447 2533 volunt,
3465 2471 3547 2536 qui
3565 2472 3755 2543 incrcpati

2241 2559 2344 2597 non
2375 2546 2637 2614 resiliunt,
2661 2548 2755 2604 sed
2777 2549 2842 2604 ad
2869 2550 3234 2624 increpantem
3258 2559 3579 2630 confugiunt.
3599 2563 3696 2619 Ideo
3722 2580 3758 2621 et

2240 2652 2339 2708 ego
2363 2655 2482 2694 cum
2515 2642 2705 2713 majori
2752 2645 3026 2704 alacritate
3069 2666 3165 2705 vos
3189 2653 3557 2725 alloquuturus
3582 2676 3758 2725 sum,et

2244 2747 2411 2800 nuper
2434 2732 2697 2790 dictorum
2725 2738 2975 2808 reliquias
3000 2743 3307 2800 redditurus
3345 2748 3533 2815 hodie;
3574 2754 3757 2823 increpa-

2244 2822 2386 2877 tione
2408 2839 2549 2881 nunc
2564 2826 2881 2894 dimissa,ne
2892 2848 3073 2888 rursus
3091 2835 3308 2906 ignavos
3334 2822 3760 2900 incusandosttnlic-

2244 2914 2319 2968 sis
2336 2915 2585 2971 damnum
2606 2918 2888 2977 alferamus
2908 2965 2924 2990 ,
2956 2923 3082 2979 dum
3107 2936 3273 2983 totum
3295 2931 3607 3003 colloquium
3624 2940 3676 2989 all
3700 2955 3761 2990 cos

2244 3008 2547 3077 arguendos
2565 3011 2915 3069 insumemus.
2946 3015 3167 3073 Etiamsi
3186 3022 3333 3076 enim
3355 3025 3484 3079 nihil
3503 3042 3529 3079 a
3560 3029 3684 3081 nobis
3706 3032 3759 3082 di-

2246 3111 2480 3165 ceretur,
2512 3102 2561 3157 id
2592 3104 2734 3174 quod
2771 3107 2887 3162 heri
2914 3111 3139 3182 contigit
3184 3114 3317 3169 satis
3362 3128 3502 3171 esset
3528 3119 3586 3173 ad
3609 3124 3761 3189 eosqni

2248 3208 2371 3263 erga
2400 3194 2809 3264 hippodromum
2839 3199 3049 3258 fuerunt
3074 3213 3127 3258 et
3155 3205 3300 3261 rabie
3328 3208 3602 3276 ducuntur,
3624 3214 3678 3266 ab
3698 3215 3761 3268 hac

2249 3284 2621 3356 intempestiva
2649 3293 3084 3361 concupiscentia
3113 3300 3463 3355 avertendos.
3491 3303 3671 3358 Etenim
3693 3320 3763 3357 ct:-

2253 3377 2349 3433 des
2380 3378 2432 3432 in
2465 3378 2817 3450 hippodromo
2844 3384 2958 3440 heri
2991 3398 3194 3457 patrata
3232 3389 3334 3462 (a),
3365 3394 3602 3465 tragtedia
3630 3396 3761 3450 uri-em

2250 3477 2415 3525 totam
2447 3472 2706 3543 implevit,
2739 3476 3024 3533 mulierum
3056 3481 3251 3536 choros
3280 3484 3690 3549 circumattraxit.
3713 3490 3764 3541 to-

2252 3578 2368 3616 rum
2399 3564 2644 3619 lamentis
2670 3566 2848 3623 multis
2876 3568 3133 3639 replevit,
3158 3573 3284 3628 dum
3312 3576 3361 3630 is
3386 3579 3473 3646 qui
3514 3592 3540 3630 a
3582 3579 3764 3633 canibus

2252 3654 2323 3707 ita
2350 3655 2989 3715 miserabiliterconcisus
3015 3670 3069 3716 et
3096 3662 3372 3733 disceptus
3403 3666 3585 3733 fuerat,
3603 3685 3765 3738 pernice

2251 3744 2395 3798 dium
2438 3746 2687 3815 populum
2726 3751 3160 3817 gestarcturJiic
3186 3763 3243 3808 ut
3274 3757 3417 3821 novi,
3451 3759 3533 3825 qui
3576 3759 3764 3827 postridie

2254 3837 2516 3905 nuptiales
2562 3838 2835 3908 lampadas
2882 3856 3209 3900 accensurus
3257 3858 3397 3914 erat,
3433 3864 3547 3903 cum
3587 3856 3763 3919 apparat

2257 3928 2472 3983 thalami
2503 3941 2705 4012 essent,
2739 3942 2790 3987 et
2820 3934 2999 3988 omnia
3030 3935 3095 3989 ad
3128 3937 3348 4006 nuptias
3370 3942 3674 4003 concinnata,
3698 3942 3765 3992 sub

2256 4022 2504 4077 Praetoris
2530 4024 2737 4091 ordine,
2766 4026 2818 4079 in
2850 4027 3027 4082 Stadio
3064 4028 3239 4084 locum
3275 4032 3500 4099 habens,
3538 4050 3640 4089 cum
3667 4035 3760 4087 inira

2255 4123 2513 4179 curreret,
2541 4116 2859 4172 instantibus
2880 4120 3077 4189 aurigis
3100 4128 3153 4175 et
3178 4132 3366 4179 mutuo
3391 4127 3762 4183 concertantibus

2257 4204 2465 4260 medius
2493 4207 2821 4277 interceptus
2841 4251 2857 4275 ,
2889 4212 3175 4266 violentam
3211 4215 3357 4269 illam
3402 4227 3456 4271 et
3486 4218 3761 4271 miserabilem

2259 4308 2483 4352 mortem
2517 4299 2697 4365 subiit,
2729 4301 2902 4369 capite
2930 4312 2983 4356 et
3009 4306 3262 4359 extremis
3293 4309 3544 4362 membris
3559 4308 3759 4362 ahscissis.

2328 4391 2382 4446 Ξ.
2434 4392 2676 4448 Vidistin’
2706 4395 3039 4466 hippodromi
3068 4397 3339 4456 fructum?
3373 4404 3437 4458 Et
3458 4406 3571 4474 quid
3596 4405 3648 4458 ad
3668 4420 3760 4461 nos.

2258 4482 2469 4552 inquies
2493 4524 2506 4547 ,
2536 4485 2623 4554 qui
2654 4500 2865 4540 sursum
2896 4488 3182 4545 sedemus?
3210 4493 3287 4547 Ad
3318 4511 3414 4549 vos
3448 4496 3758 4549 ωλιὶηιθειιὲδι

2257 4576 2398 4628 enim
2416 4591 2511 4631 vos
2528 4581 2879 4634 concurrendi
2894 4582 3123 4637 studium
3140 4587 3558 4653 excitaretis,illa
3572 4586 3759 4642 infmnon

2257 4669 2583 4724 evenissent.
2632 4671 2735 4725 Sed
2764 4688 2830 4727 ne
2859 4688 3045 4728 rursus
3074 4677 3435 4733 molestiorem
3476 4680 3661 4735 reddam
3680 4693 3758 4731 scr-

2260 4778 2471 4816 monem
2500 4773 2554 4817 et
2582 4766 2771 4821 vulnus
2799 4766 3045 4822 refricem
3078 4811 3092 4833 ,
3127 4768 3242 4825 lucc
3269 4782 3459 4828 vestra:
3496 4772 3757 4829 conscientia

2261 4855 2570 4926 relinquens
2594 4898 2609 4922 ,
2643 4873 2814 4926 nuper
2839 4858 3105 4915 dictorum
3135 4864 3385 4933 reliquias
3421 4866 3545 4920 dare
3568 4866 3753 4920 conabor.

2258 4947 2512 5012 Quaenam
2538 4963 2668 5018 ergo
2692 4965 2862 5018 nuper
2889 4951 3234 5009 dicebamus?
3254 4955 3536 5013 Narrabatn
3560 4957 3754 5013 Christum

2262 5038 2663 5095 fundamentum
2696 5044 2874 5097 vocari
2914 5044 2932 5114 (
2959 5046 3010 5099 1.
3037 5045 3158 5100 Cor.
3191 5049 3246 5103 ὅ.
3280 5049 3339 5105 il
3366 5050 3420 5118 ),
3451 5060 3503 5103 ut
3529 5051 3605 5119 qui
3631 5047 3753 5102 otnn'u

2262 5138 2438 5196 portet
2461 5169 2477 5195 ,
2501 5130 2762 5186 sustineat
2784 5142 2944 5203 atque
2965 5147 3137 5203 gestet
3162 5154 3175 5190 :
3201 5136 3303 5193 hoc
3322 5154 3460 5194 nunc
3483 5156 3542 5193 ex
3565 5140 3650 5191 alio
3670 5149 3753 5206 apo-

2260 5219 2452 5274 Stolico
2502 5220 2647 5275 dicto
2696 5222 3069 5281 demonstrare
3115 5228 3236 5282 volo
3266 5248 3279 5283 :
3314 5229 3395 5283 hic
3430 5231 3561 5284 enim
3594 5229 3664 5297 qui
3698 5226 3750 5277 illa

2260 5311 2412 5374 dixit,
2433 5311 2632 5366 dictum
2650 5314 2776 5368 illud
2811 5315 3169 5385 interpretans
3187 5323 3292 5378 ait:
3318 5321 3412 5388 Qui
3433 5338 3541 5373 cum
3566 5322 3619 5374 sit
3637 5320 3751 5386 spltr

2261 5404 2358 5458 dor
2394 5406 2574 5469 gloriae
2617 5418 2662 5459 et
2710 5410 2875 5478 ﬁgura
2918 5410 3215 5466 substantia:
3255 5415 3388 5484 ejus,
3420 5423 3607 5483 portans
3638 5410 3749 5465 0:an

2262 5494 2409 5550 verba
2435 5497 2634 5552 virtutis
2658 5514 2783 5564 sum,
2808 5517 2896 5570 per
2915 5502 3137 5572 scipsum
3158 5506 3495 5575 purgationem
3515 5505 3748 5573 fat-ints,“-

2288 5668 2301 5681 ,
2325 5606 2397 5681 (ᾳ)
2422 5605 2551 5671 Εῖεο
2572 5608 2718 5681 etiam
2735 5609 2983 5681 Dorpiuiea
2994 5614 3238 5681 paschalis
3255 5617 3433 5681 merant
3450 5616 3537 5664 ludi
3556 5618 3744 5681 circense.

2265 5669 2448 5739 Eodem
2471 5669 2621 5739 modo
2646 5675 2793 5739 etiam
2816 5669 3106 5739 Antiocheni
3140 5679 3187 5725 iu
3208 5679 3388 5739 jejunio
3406 5676 3602 5739 magtioft

2262 5732 2652 5843 ﬂigati'lheatra.
2681 5733 2749 5787 Cf.
2770 5743 2809 5788 t.’
2831 5736 2880 5801 2,
2904 5738 2997 5790 col.
3027 5740 3128 5801 153,
3158 5732 3365 5803 151ξόΙό
3386 5756 3399 5804 ς
3424 5732 3525 5792 οῑῖ.
3550 5740 3587 5799 ι,
3608 5732 3746 5786 ωηι-
