4064 6562
289 441 373 500 su
887 442 956 498 Ix
997 442 1300 501 HOMILIA.
1343 443 1408 500 IN
1449 421 1935 501 ILLUDIMTEH

2039 439 2169 496 EUS
2213 437 2443 506 USQUE
2481 439 2673 499 M000
2711 442 3108 501 OPERATUR.

3607 444 3709 501 51'}.

1657 1049 1662 1052 ’
1735 1082 1903 1162 [582]
1958 1091 2198 1148 οιιιΑιΑ
2221 1095 2297 1149 ev.

343 1385 426 1453 είς
451 1382 664 1453 θέατρα
690 1382 1050 1453 ἀναϐαίνειν.
1084 1381 1189 1453 Καὶ
1219 1382 1506 1453 λυπήσας
1542 1381 1934 1453 αὐίτοὺς,ἐίτα

343 1451 416 1519 τῇ
452 1449 706 1522 συνάξει
745 1450 818 1519 τῇ
843 1451 971 1520 μετ’
999 1451 1243 1522 ἐκείνην
1277 1449 1392 1520 τὴν
1419 1453 1714 1520 κυριακὴν
1742 1449 1932 1522 παρα-

345 1521 619 1590 χωρήσας
649 1523 840 1591 εἱπεῖν
879 1519 1189 1591 ἐπισκόπει)
1213 1521 1330 1574 ἀπὸ
1362 1519 1663 1591 Γαλατίας
1693 1519 1934 1591 ἀφιγμέ-

342 1589 442 1656 νῳ,
487 1591 583 1644 καί
615 1590 927 1660 λσιτήσας,
949 1590 1047 1660 καί
1071 1589 1143 1660 ἐν
1166 1591 1351 1660 τούτῳ
1378 1589 1688 1656 λυπήσας,
1709 1589 1935 1658 ταύινην

339 1662 534 1726 εἴρηκε
565 1658 682 1728 τὴν
701 1656 942 1728 ὁμιλίαν
963 1659 1034 1728 ἐν
1054 1656 1129 1726 τῇ
1151 1656 1382 1728 μεγάλῃ
1409 1660 1707 1728 ἐκκλησία
1729 1663 1816 1726 είς
1842 1656 1930 1726 τέ’ρ,

352 1731 406 1800 ῘΟ
440 1729 640 1798 Πατήρ
661 1747 784 1800 μου
819 1729 929 1795 ἓως

339 1798 517 1869 (opm.

338 1915 408 1968 α’.
461 1914 674 1985 Σφόδρα
711 1911 1048 1985 καθηψάμην
1081 1913 1234 1984 ὑμῶν
1287 1913 1479 1986 πρῴην
1526 1914 1653 1986 περὶ
1691 1915 1932 1988 θεάτρων

268 2001 359 2051 καὶ
390 1997 752 2069 ἱπποδρομίας
774 1995 1089 2068 διαλεχθείς·
1111 1995 1200 2049 διά
1219 1995 1375 2051 τοῦτο
1398 1997 1574 2069 χαίρω
1595 2001 1688 2052 καὶ
1714 1999 1933 2071 εὐφραί-

266 2105 428 2158 νομαι
455 2086 601 2140 κατά
635 2085 735 2157 τὴν
767 2084 1130 2156 ἀποστολικὶψ
1169 2084 1351 2153 φωνὴν
1377 2085 1472 2158 τήν
1501 2085 1795 2156 λέγουσαν·
1821 2087 1931 2141 Καὶ

262 2178 354 2240 τίς
404 2175 573 2229 ἐστιν
605 2176 638 2228 ό
663 2173 1003 2243 εὐφραίνων
1033 2189 1130 2242 με,
1169 2174 1219 2226 εἱ
1245 2171 1332 2241 μὴ
1381 2175 1415 2227 ό
1458 2174 1836 2244 λυπούμενος
1865 2173 1933 2238 ἐξ

259 2263 448 2329 ἐιιοῦ;
484 2262 659 2316 Πολὺν
691 2262 799 2331 7&9
834 2261 945 2332 ὁρῶ
971 2259 1183 2331 καρπὸν
1228 2260 1334 2314 ἀπὸ
1365 2261 1465 2330 τῆς
1497 2260 1672 2332 λύπης
1703 2261 1935 2330 βλαστά-

258 2366 422 2401 νοντα
457 2347 683 2417 ταύτης.
723 2348 876 2401 Ἐπεὶ
912 2347 1008 2400 καὶ
1035 2345 1104 2400 τά
1131 2345 1396 2417 φάρμακα
1428 2346 1498 2400 τὰ
1527 2347 1842 2419 διορθοῦντα
1865 2347 1934 2400 τά

256 2437 400 2506 ἕλκη
430 2437 698 2507 πρότερον
721 2435 906 2488 δάκνει
925 2433 992 2488 τὰ
1015 2433 1319 2506 τραύματα,
1345 2435 1437 2487 καὶ
1456 2435 1578 2488 τότε
1605 2435 1934 2490 ἀπαλλάττει

252 2525 363 2593 τῆς
433 2523 759 2593 σηπεδόνος·
812 2521 956 2575 οὕτω
1009 2523 1102 2576 καί⁵
1176 2520 1250 2594 [6]
1304 2521 1459 2592 λόγος
1513 2521 1934 2594 καθικνούμενος

253 2609 555 2682 ἀκροατοῦ,
585 2609 758 2681 ἀρχὴν
781 2611 1011 2662 ποιεῖται
1033 2608 1389 2679 διορθώσεως.
1417 2609 1678 2679 Καθάπερ
1703 2610 1810 2682 γὰρ
1840 2611 1936 2663 ἐπὶ

250 2699 370 2751 τῶν
406 2699 673 2769 σωμάτων
701 2697 808 2751 τῶν
858 2697 1141 2768 ἡμετέρων
1192 2699 1227 2768 ἡ
1275 2697 1374 2768 μὲν
1417 2696 1564 2762 ἆπαξ
1605 2697 1936 2769 νεκρωθεῖσα

253 2788 402 2858 σὰρξ
428 2789 488 2840 οὐ
514 2788 710 2857 τομῆς,
741 2787 801 2840 ού
831 2786 1156 2857 φαρμάκων,
1183 2785 1244 2838 ού
1285 2785 1557 2856 καυτῆρος
1586 2786 1931 2841 αἰσθάνεται’

1735 1082 1903 1162 [εει]

287 1311 388 1369 τοῦ
417 1309 623 1373 αὑτοῦ.
657 1310 792 1380 περὶ
821 1311 929 1366 τοῦ
973 1309 1054 1379 μὴ
1086 1307 1215 1365 δεῖν
1247 1313 1334 1380 είς
1364 1311 1756 1382 ἱπποδρομίας
1781 1313 1935 1383 μηδὲ

343 1385 426 1446 είς
451 1382 664 1448 θέατρα
690 1382 1050 1436 ἀναϐαίνειν.
1084 1381 1189 1434 Kal
1219 1382 1506 1450 λυπήσας
1542 1383 1783 1453 αὐτοὺς,
1804 1381 1934 1438 εἷτα

343 1451 416 1519 τῇ
452 1449 706 1515 συνάξει
745 1450 818 1519 τῇ
843 1451 971 1520 μετ’
999 1451 1241 1518 ἐκείνην
1277 1451 1392 1520 τὴν
1419 1453 1714 1520 κυριακὴν
1743 1470 1932 1522 παρα-

345 1521 619 1590 χωρήσας
649 1523 840 1574 εἱπεῖν
879 1519 1189 1585 ἐπισκόπῳ
1213 1521 1330 1574 ἀπὸ
1362 1523 1663 1587 Γαλατίας
1693 1522 1934 1591 ἀφιγμέ-

342 1610 442 1656 rgo.
487 1591 583 1644 καί
641 1590 927 1660 σιγήσας,
949 1590 1047 1642 καὶ
1071 1589 1143 1641 ἐν
1166 1591 1351 1657 τούτῳ
1378 1589 1688 1656 λυπήσας,
1709 1593 1935 1658 ταύτην

339 1662 534 1752 εξρηλιε
565 1658 682 1740 τὴν
701 1661 942 1744 ὁμιλίαν
963 1659 1034 1752 ἐξ
1054 1656 1129 1726 τῇ
1151 1658 1382 1752 μεγάλῃ
1409 1660 1707 1752 ἐκκληξίᾳ
1729 1663 1816 1752 είς
1842 1664 1930 1752 τίν,

90 1727 94 1822 ξ
346 1731 406 1822 Ρ
440 1727 640 1798 Πατήρ
661 1747 784 1800 μου
819 1729 929 1795 ἓως
984 1727 1116 1796 ἄρτι
1161 1727 1458 1797 ἐργάζεται
1485 1770 1502 1793 ,
1551 1727 1712 1800 κάγὼ
1757 1729 1932 1802 ἐργὰο

249 2872 450 2943 διόπερ
478 2871 589 2925 οὐδ’
625 2872 694 2926 ἂν
731 2871 901 2943 μυρία
929 2871 1176 2942 γένηται,
1221 2870 1356 2941 πρὸς
1386 2871 1594 2940 ὑγίειαν
1624 2871 1937 2926 ἐπανελθεῖν

248 2959 533 3027 δύναται,
575 2960 674 3032 τὴν
721 2958 896 3031 ἀρχὴν
935 2959 1030 3013 καὶ
1072 2959 1168 3030 τὴν
1209 2958 1462 3013 ὑπόθεσιν
1501 2958 1602 3030 τῆς
1644 2960 1939 3032 θεραπείας

251 3047 611 3102 ἀπολέσασα·
652 3049 686 3117 ἡ
727 3047 784 3101 δὲ
816 3044 1177 3117 αἰσθανομένη
1221 3047 1314 3100 καὶ
1358 3046 1597 3118 σιδηρίου
1643 3049 1735 3100 καὶ
1769 3049 1938 3117 πυρὸς

253 3134 357 3186 καὶ
388 3133 713 3204 φαρμάκων,
752 3135 962 3203 ταχέως
985 3133 1050 3185 ἂν
1083 3132 1219 3203 πρὸς
1245 3133 1305 3186 τὸ
1331 3133 1592 3202 ὑγιαίνειν
1620 3134 1901 3188 ἐπανέλθοι
1920 3152 1934 3166 ·

251 3220 405 3274 οὕτω
428 3222 491 3293 δή
521 3221 618 3275 καὶ
650 3221 742 3275 ἐπὶ
768 3221 877 3276 τῶν
907 3221 1117 3293 ψυχῶν,
1158 3222 1213 3274 αἱ
1242 3220 1343 3291 μὲν
1374 3221 1692 3293 ἀναλγήτως
1729 3221 1930 3276 διακεί-

257 3325 424 3378 μεναι
454 3309 558 3362 ούκ
596 3309 664 3363 ἂν
707 3307 906 3380 ῥᾳδίως
949 3307 1356 3380 μεταϐληθείεν,
1402 3311 1458 3366 αἱ
1493 3309 1551 3363 δέ
1595 3309 1789 3362 εἰδυῖαι
1838 3311 1932 3364 καὶ

255 3399 618 3469 αἰσχύνεσθαι
660 3399 754 3454 καὶ
783 3397 1041 3470 ἐρυθριᾷν
1071 3399 1163 3452 καὶ
1207 3398 1391 3467 ἀλγεῖν
1431 3398 1525 3452 καὶ
1571 3397 1856 3452 ὀδυνᾶσθαι
1881 3401 1938 3452 ἐν

259 3489 390 3549 ταῖς
421 3487 792 3558 ἐπιτιμήσεσι,
831 3484 1091 3557 μεγίστην
1135 3487 1270 3556 ἡμῖν
1305 3485 1633 3558 παρέχουσιν
1667 3486 1939 3551 ἀπόδειξιν

258 3573 358 3627 τοῦ
385 3575 592 3646 ταχέως
626 3572 1028 3645 ἀποστήσεσθαι
1056 3573 1156 3644 τῆς
1183 3574 1399 3638 κακίας.
1433 3573 1523 3627 Διὸ
1560 3575 1623 3640 δὴ
1658 3575 1751 3628 καὶ
1781 3576 1809 3628 6
1834 3593 1928 3644 μα-

260 3664 454 3732 κάριος
483 3662 716 3729 Παῦλος,
742 3661 912 3715 ταῦτα
949 3660 1125 3726 εἰδὼς,
1151 3661 1278 3726 τοὺς
1311 3661 1407 3732 μὲν
1440 3661 1776 3732 λυπηθέντας
1807 3662 1934 3730 σφόο

260 3747 368 3819 δρα
394 3749 706 3820 ἀπεδέχετο,
737 3749 832 3802 καὶ
863 3747 1080 3820 ἔχαιρεν
1104 3747 1196 3801 ἐπὶ
1219 3748 1420 3812 αὐτοῖς,
1445 3750 1552 3802 τῶν
1581 3750 1637 3803 δὲ
1673 3751 1771 3820 οὐχ
1792 3749 1936 3802 οὕτω

261 3835 623 3906 διακειμένων
652 3835 997 3905 ἀπεγίνωσκε
1033 3834 1225 3903 λέγων’
1253 3836 1483 3902 Οἳτινες
1518 3837 1940 3906 ἀπηλγηκότες

264 3921 514 3991 ἑαυτοὺς
547 3922 902 3992 παρέδωκαν
932 3921 1006 3991 τῇ
1038 3922 1320 3992 ἀσελγείᾳ
1362 3925 1449 3990 είς
1481 3923 1769 3993 ἐργασίαν
1798 3923 1941 3977 ἀκα-

268 4013 515 4081 θαρσίας
533 4011 782 4080 ἀπάσης
798 4011 869 4066 ὲν
884 4012 1228 4080 πλεονεξίᾳ.
1263 4012 1322 4066 '0
1344 4013 1452 4084 7&9
1469 4013 1568 4066 οὐκ
1583 4011 1737 4077 είδὼς
1757 4012 1940 4082 ἀλγεῖν

268 4099 380 4162 πῶς
400 4098 465 4153 ἂν
485 4098 803 4170 διορθωθείη
822 4097 972 4162 ποτὲ,
997 4098 1135 4170 πλὴν
1151 4100 1199 4152 εἱ
1231 4100 1304 4170 μὴ
1337 4100 1599 4172 πρότερον
1619 4101 1776 4154 τοῦτο
1807 4101 1941 4163 αὐτὸ

274 4177 446 4256 μάθος
477 4187 633 4240 Ἐπεὶ
650 4181 744 4241 οῦν
759 4184 916 4240 τοῦτο
934 4187 1061 4256 ὑμῖν
1083 4185 1457 4258 κατώρθωται,
1479 4187 1682 4258 σφόδρα
1705 4187 1940 4260 θαρροῦ-

275 4291 366 4342 μεν
381 4275 519 4346 ὑπὲρ
539 4275 639 4344 τῆς
665 4273 935 4344 ὑμετέρας
955 4272 1194 4344 ἀγάπης·
1213 4273 1262 4325 εἱ
1282 4272 1391 4344 γὰρ
1413 4274 1508 4344 μία
1527 4273 1758 4339 διάλεξις
1769 4274 1940 4339 οὕτως

274 4360 440 4426 ἐδακε,
460 4363 557 4415 καὶ
574 4363 656 4423 είς
675 4359 940 4430 τοσαύτην
964 4360 1203 4428 ἀγωνίαν
1229 4359 1583 4431 κατέστησεν,
1601 4361 1676 4424 ὼς
1697 4363 1791 4415 καὶ
1812 4362 1940 4416 ἀθυ-

277 4449 386 4516 μεῖν
403 4449 495 4500 καὶ
506 4446 854 4519 θορυϐεῖσθαι
874 4446 968 4500 καὶ
984 4445 1369 4516 ταράττεσθαι,
1387 4445 1606 4518 εῦδηλον
1623 4448 1940 4520 ὅτιδευτέρα

275 4535 358 4587 καὶ
373 4535 530 4605 τρίτη
552 4533 980 4604 προσγενομένη,
997 4534 1174 4604 πάσης
1191 4533 1486 4600 ἀπαλλάξει
1499 4535 1596 4606 τῆς
1609 4535 1936 4607 ἀρρωστίας.

278 4623 376 4676 Καὶ
399 4623 484 4676 ῖνα
513 4622 725 4694 μάθητε
744 4623 828 4674 ὅτι
859 4622 918 4674 οὑ
953 4621 1261 4688 κολακεύων
1293 4622 1436 4692 ὑμᾶς
1465 4621 1608 4691 λέγω
1634 4621 1808 4677 ταῦτα
1829 4663 1844 4688 ,
1870 4624 1937 4678 δι’

277 4700 341 4761 ὧν
367 4712 429 4780 τῇ
452 4707 759 4779 προτεραίᾳ
781 4706 1146 4774 ἐπεδείξασθε,
1165 4707 1253 4761 διά
1281 4706 1486 4762 τούτων
1520 4708 1938 4780 ἐμαρτυρήσατε

277 4797 375 4859 τοῖς
407 4793 731 4866 παρ”ήμῶν
771 4793 1078 4866 εἰρημένοις
1119 4793 1393 4870 ἀλήθειαν.
1438 4793 1550 4848 Καὶ
1578 4795 1685 4864 7&9
1725 4793 1939 4850 οίούτω

276 4881 570 4953 δηχθέντες,
601 4880 653 4934 οἱ
695 4879 870 4944 οὕτως
898 4880 1266 4951 όδυνηθέντες,
1298 4882 1348 4935 οἱ
1394 4880 1569 4944 οὕτως
1603 4881 1939 4952 ἀλγήσαντες

278 4972 360 5023 καὶ
378 4969 786 5041 ἀθυμήσαντες,
809 4967 1069 5040 ἐπιούσης
1097 4968 1196 5039 τῆς
1227 4969 1496 5040 κυριακῆς
1516 4969 1614 5040 τῆς
1648 4969 1763 5040 μετ’
1798 4970 1940 5023 ἐκεί-

278 5077 364 5130 νην
414 5057 800 5129 λαμπρότερον
862 5056 993 5127 ἡμῖν
1047 5055 1110 5108 τὸ
1161 5053 1388 5128 θέατρον
1447 5055 1780 5126 ἐποιήσατε,
1843 5060 1938 5113 καὶ

280 5147 486 5201 πλείονα
527 5145 623 5198 τὸν
666 5143 922 5213 σύλλογον
969 5142 1062 5198 καὶ
1089 5143 1308 5214 μείζονα
1337 5142 1433 5214 τὴν
1476 5142 1803 5214 προθυμίαν,
1841 5146 1936 5199 καὶ

281 5235 462 5298 πάντες
502 5228 603 5305 ἦτε
646 5230 947 5302 μετέωροι,
976 5230 1229 5300 καθάπερ
1262 5230 1464 5284 νεοττοὶ
1510 5230 1790 5300 χελιδόνων
1839 5232 1938 5302 τῆς

281 5323 457 5384 καλιᾶς
503 5319 911 5390 ἐκκρεμάμενοι
936 5359 951 5382 ,
1013 5317 1106 5372 καὶ
1154 5317 1290 5389 πρὸς
1335 5315 1606 5388 ἡμετέραν
1648 5319 1937 5390 κεχηνότες

281 5408 527 5477 γλῶτταν.
572 5402 706 5459 Εἶτα
748 5404 933 5475 ἐπειδὴ
963 5403 1188 5474 ἀδελφὺν
1224 5403 1488 5477 ἡμέτερον
1519 5403 1626 5458 ἀπὸ
1671 5405 1934 5472 Γαλατίας

281 5496 617 5567 ἀφικόμενον,
659 5493 754 5546 καὶ
793 5492 858 5544 δι’
885 5492 1045 5546 αὑτὸν
1078 5493 1176 5563 τῆς
1214 5491 1506 5556 ἐκκλησίας
1533 5493 1625 5546 τὸν
1650 5492 1811 5564 νόμον
1846 5495 1934 5548 τὸν

279 5587 389 5650 τοὺς
420 5584 608 5650 ξένους
632 5580 805 5645 οὕτως
831 5579 1184 5651 ὑποδέχεσθαι
1229 5578 1516 5633 κελεύοντα
1535 5620 1549 5646 ,
1573 5580 1667 5633 καὶ
1712 5580 1800 5634 διὰ
1835 5581 1934 5652 τὴν

283 5671 525 5743 λαμπράν
551 5668 747 5723 πολιὰν
788 5667 1095 5738 τιμῶντες,
1142 5668 1619 5739 παρεχωρήσαμεν
1648 5667 1796 5740 αὐτῷ
1838 5669 1932 5722 τοῦ

283 5761 442 5830 λόγου,
493 5757 871 5821 καταϐοῶντες
915 5757 1239 5828 ἀνεχωρεῖτε
1261 5793 1278 5820 ,
1331 5754 1774 5820 δεινοπαθοῦντες
1794 5797 1808 5820 ,
1857 5757 1932 5824 ῶς

289 5847 476 5921 μκῴν
514 5844 670 5918 [385]
697 5845 886 5918 χρόνον
928 5842 1083 5915 λιμὴν
1112 5841 1522 5927 ὑπομείναντες,
1548 5842 1647 5924 καξι
1660 5843 1770 5921 τὴν
1794 5847 1926 5922 ημε.

3701 1179 3740 1206 ο

2035 1319 2199 1391 τέραν
2229 1321 2522 1388 ποθοῦντες
2550 1323 2796 1392 γλῶτταν
2813 1322 2913 1394 τὴν
2939 1321 3234 1393 τεμοῦσαν,
3257 1319 3356 1392 τὴν
3380 1318 3709 1391 ἐπιτιμήσαο

2037 1425 2158 1474 σαν,
2191 1410 2288 1481 τὴν
2313 1410 2702 1483 καθικομένην,
2736 1410 2832 1482 τὴν
2866 1410 3236 1481 ὀδυνήσασαν·
3269 1407 3468 1461 ταύτὸν
3501 1407 3708 1461 ποιοῦν-

2033 1514 2144 1560 τες,
2174 1492 2284 1550 οἷον
2317 1497 2384 1551 ἂν
2411 1500 2460 1551 εἱ
2491 1499 2702 1553 παιδίον
2726 1498 3078 1567 τυπτόμενον,
3114 1495 3540 1567 ἐπιτιμώμενον,
3570 1494 3705 1565 μηδέ

2032 1582 2201 1648 οὓτως
2236 1586 2504 1658 ἀποσταίη
2559 1587 2659 1657 τῆς
2696 1585 2899 1656 μητρὸς
2938 1625 2953 1648 ,
2994 1582 3130 1639 ἀλλά
3167 1581 3706 1654 κλαυθμυριζόμενον

2034 1671 2238 1736 ἕποιτο,
2263 1673 2372 1727 τῶν
2419 1673 2650 1744 ἱματίων
2699 1673 2798 1742 τῆς
2846 1670 3053 1742 μητρὸς
3098 1673 3164 1723 ἐκ
3222 1669 3466 1737 πλαγίων
3506 1667 3702 1739 ἐχόμε-

2033 1777 2144 1820 νον,
2188 1761 2282 1812 καὶ
2325 1760 2720 1831 ἐπισυρόμενον
2771 1760 2908 1830 αὐτῇ
2953 1757 3090 1828 μετὰ
3128 1756 3238 1810 τῶν
3291 1754 3559 1828 ὀδυρμῶν.
3607 1757 3708 1808 Διά

2031 1846 2204 1900 ταῦτα
2251 1847 2456 1918 σκιρτῶ
2498 1847 2593 1900 καὶ
2641 1846 2876 1917 πέτομαι
2917 1846 3024 1899 ὑπὸ
3063 1848 3160 1915 τῆς
3201 1843 3418 1915 ἡδονῆς,
3444 1842 3544 1917 ,καὶ
3595 1859 3701 1911 μα-

2030 1929 2222 2000 κάριον
2248 1930 2482 2000 ἐμαυτὸν
2517 1925 2658 1983 εἷναί
2709 1947 2852 2000 φημι
2879 1931 2935 1984 ἐν
2961 1927 3233 1988 τοσούτοις
3265 1927 3521 1996 ἐρασταῖς
3557 1925 3706 1992 ἀγω-

2033 2011 2340 2083 νιζόμενος,
2389 2013 2564 2075 οὕτως
2600 2012 3043 2084 ἐκκρεμαμένους
3071 2012 3213 2082 ὑμᾶς
3255 2010 3391 2080 ἔχων
3427 2009 3524 2080 τῆς
3572 2009 3708 2079 ἡμε-

2031 2097 2196 2166 τέρας
2244 2095 2504 2167 γλώττης.
2537 2094 2706 2150 Τοῦτο
2760 2097 2883 2167 ἐμοὶ
2931 2095 3028 2166 τῆς
3073 2095 3286 2158 ἀκτῖνος
3315 2091 3534 2161 ταύτης
3577 2089 3707 2159 γλυο

2033 2185 2277 2256 κύτερον,
2317 2184 2474 2237 τοῦτο
2517 2185 2690 2253 φωτὸς
2724 2183 2893 2254 ἥδιον,
2930 2181 3092 2235 τοῦτο
3125 2180 3258 2252 ζωὴ.
3299 2178 3362 2232 τὸ
3399 2177 3572 2252 οὕτως
3612 2177 3718 2230 εύ-ε·

1995 2293 2001 2298 ε
2031 2271 2326 2342 γνωμόνων
2355 2269 2733 2342 ἐπιτυγχάνειν
2747 2268 3054 2341 ἀκροατῶν,
3079 2269 3177 2338 ούχ
3202 2267 3387 2330 ἁπλῶς
3421 2264 3704 2337 κροτῆσαί,

2033 2358 2168 2413 ἀλλά
2199 2358 2555 2430 διορθωθῆναι
2587 2357 2931 2428 βουλομένων
2951 2396 2966 2420 ,
3000 2354 3443 2426 ἐπιτιμωμένων,
3486 2351 3581 2404 καὶ
3629 2349 3705 2422 μὴ

2033 2444 2488 2517 ἀποσκιρτὼντων
2510 2485 2525 2508 ,
2561 2444 2697 2498 ἀλλά
2732 2443 2868 2516 πρὸς
2915 2443 3007 2497 τὸν
3047 2443 3383 2512 ἐπιτιμῶντα
3433 2454 3705 2506 καταφευ-

2034 2535 2257 2604 γόντων.
2293 2532 2394 2587 Διά
2425 2532 2489 2603 δὴ
2519 2531 2676 2586 τοῦτο
2701 2533 2792 2585 καὶ¹
2819 2531 2978 2595 αὐτὸς
3008 2530 3147 2602 μετά
3179 2529 3421 2590 πλείονος
3447 2526 3544 2592 τῆς
3572 2540 3707 2594 1:90-

2047 2621 2246 2693 θυμίας
2272 2624 2370 2692 τῆς
2403 2620 2538 2691 πρὸς
2575 2620 2717 2690 ὑμᾶς
2748 2618 2989 2689 ἅπτομαι
3017 2615 3300 2680 διαλέξεως
3325 2654 3342 2679 ,
3380 2613 3472 2666 καὶ
3499 2611 3568 2664 τὰ
3598 2610 3720 2663 λεί-⁷

2033 2708 2177 2779 ψανα
2208 2709 2316 2761 τῶν
2367 2705 2556 2778 πρῴην
2587 2707 2714 2776 ὑμῖν
2765 2704 3068 2776 εἰρημένων
3109 2699 3398 2755 ἀποδοῦναι
3446 2699 3705 2769 βούλομαι

2037 2797 2296 2867 σήμερον,
2331 2794 2429 2866 τὴν
2473 2792 2788 2864 ἐπιτίμησιν
2815 2791 2910 2846 νῦν
2948 2791 3126 2860 ἀφεὶς,
3154 2789 3242 2842 ἵνα
3293 2787 3368 2858 μὴ
3403 2786 3564 2842 πάλιν
3590 2786 3704 2847 τοῖς

2038 2883 2300 2954 ῥᾳθύμοις
2345 2880 2735 2951 ἐγκαλοῦντες,
2773 2881 2898 2943 τοὺς
2947 2877 3268 2940 σπουδαίους
3316 2874 3703 2945 ζημιῴσωμεν,

2035 2972 2326 3043 ὀλόκληρον
2369 2973 2467 3040 τὴν
2517 2969 2750 3036 διάλεξιν
2787 2970 2866 3033 εἱς
2912 2967 3002 3020 τὸν
3057 2967 3282 3020 ἐκείνων
3325 2963 3706 3023 ἀναλίσκοντες

2037 3060 2276 3128 ἔλεγχον.
2315 3058 2377 3110 Εἰ
2413 3057 2519 3128 γάρ
2559 3056 2654 3108 καὶ
2693 3055 2859 3126 μηδὲν
2895 3055 3025 3123 παρ’
3075 3052 3229 3122 ἡμῶν
3263 3051 3478 3121 είρητο,
3524 3047 3705 3102 ἱκανὸν

2037 3147 2096 3200 τὸ
2124 3146 2250 3216 χθὲς
2283 3144 2571 3214 γενόμενον
2602 3144 2696 3195 καὶ
2726 3143 2851 3202 τοὺς
2878 3140 3082 3210 σφόδρα
3117 3139 3424 3209 μεμηνότας
3453 3136 3545 3190 καὶ
3578 3135 3706 3187 λυσ-

2039 3233 2244 3296 σῶντας
2276 3231 2406 3302 περὶ
2443 3231 2542 3300 τὴν
2582 3227 2946 3298 ἱπποδρομίαν
2991 3226 3296 3296 ἀποστῆσαι
3337 3224 3435 3292 τῆς
3477 3221 3706 3290 ἀκαίρου

2035 3319 2238 3390 ταύτης
2276 3317 2592 3388 ἐπιθυμίας.
2621 3316 2731 3369 Καί⁹
2772 3313 2881 3384 7&9
2921 3304 3231 3384 τραγῳδίας
3257 3311 3355 3380 τὴν
3389 3310 3542 3363 πόλιν
3575 3309 3706 3378 ἡμῖν

2037 3405 2330 3476 ἐνέπλησεν
2353 3404 2381 3457 6
2406 3404 2565 3473 φόνος
2587 3404 2616 3456 6
2647 3402 2775 3472 χθὲς
2799 3403 2855 3454 ἐν
2888 3403 2953 3471 τῇ
2985 3398 3316 3472 ἱπποδρομία
3361 3395 3591 3464 συμϐὰς,
3618 3411 3708 3464 χο-

2038 3491 2164 3560 ροὺς
2201 3487 2474 3558 γυναικῶν
2508 3486 2834 3558 περιέστησε
2860 3527 2875 3550 ,
2908 3483 3172 3537 κωκυτῶν
3213 3481 3420 3536 πολλῶν
3451 3481 3550 3551 τὴν
3580 3481 3708 3547 ἀγο-

2047 3576 2146 3648 ρὰν
2177 3576 2486 3647 ἐπλήρωσε,
2513 3574 2608 3628 τοῦ
2638 3573 2725 3626 διά
2754 3571 2864 3627 τῶν
2897 3571 3156 3643 ἁρμάτων
3185 3563 3705 3648 ἀποτμηθέντοςῌοῦε

2034 3644 2143 3720 τως
2182 3644 2426 3720 ἐλεεινῶς
2461 3655 2550 3709 διὰ
2601 3654 2772 3723 μέσου
2817 3654 3116 3725 φερομένου
3163 3652 3257 3705 τοῦ
3291 3647 3485 3722 δήμου.
3540 3644 3706 3711 Οὗτος

2035 3743 2163 3816 7&9,
2194 3744 2268 3808 ὼς
2289 3743 2479 3814 ἔγνων,
2504 3745 2569 3814 τῇ
2593 3731 2822 3816 ἐπιούσῃ
2853 3741 3056 3812 μέλλων
3085 3740 3387 3812 γαμηλίους
3406 3736 3703 3808 λαμπάδας

2042 3835 2322 3898 ἀνάπτειν,
2355 3832 2464 3885 τῶν
2494 3831 2779 3885 παστάδων
2817 3829 3160 3900 ύφανθεισῶν
3193 3830 3285 3883 καὶ
3313 3828 3420 3880 τῶν
3455 3826 3589 3897 πρὸς
3615 3824 3705 3876 τὸν

2041 3921 2217 3991 γάμον
2246 3919 2692 3991 ηὑτρεπισμένων
2727 3918 3011 3982 ἁπάντων,
3042 3917 3147 3970 ὑπὸ
3174 3915 3270 3986 τὴν
3308 3914 3458 3979 τάξιν
3480 3913 3578 3982 τὴν
3609 3909 3700 3963 τοῦ

2041 4008 2279 4078 ἐπάρχου
2309 4006 2476 4060 τελῶν
2514 4009 2571 4060 ἐν
2602 4005 2680 4076 τῷ
2705 4005 2902 4075 σταδίῳ
2929 4004 3077 4058 κάτω
3100 4001 3420 4074 διατρέχων,
3448 3998 3699 4052 ἐπελθόν·

2040 4112 2147 4148 των
2178 4095 2286 4148 τῶν
2328 4094 2556 4166 ἡνιόχων
2594 4093 2686 4147 καὶ
2737 4093 2874 4164 πρὸς
2927 4091 3187 4163 ἀλλήλους
3239 4087 3702 4159 φιλονεικούντων,

2044 4185 2206 4255 μέσος
2246 4183 2599 4254 ἀποληφθεὶς,
2628 4183 2720 4236 τὸν
2753 4181 2924 4252 βίαιον
2959 4180 3146 4235 τοῦτον
3185 4179 3279 4233 κοιλ⁸
3312 4176 3541 4232 ἐλεεινὸν
3575 4174 3702 4228 ὑπέε

2044 4289 2194 4343 μεινε
2225 4271 2475 4337 θάνατον,
2520 4270 2619 4343 τὴν
2646 4271 2890 4341 κεφαλὴν
2923 4270 3059 4341 μετά
3099 4268 3207 4321 τῶν
3242 4267 3426 4338 ἄκρων
3461 4267 3707 4336 ἀποτμη-

2042 4360 2174 4424 θείς.

2121 4447 2188 4517 β’.
2219 4441 2373 4510 Εἶδες
2401 4447 2498 4517 τῆς
2530 4444 2893 4517 ἱπποδρομίας
2936 4445 3024 4498 τὸν
3060 4442 3302 4514 καρπόν;
3345 4442 3454 4495 Καὶ
3483 4441 3534 4493 τί
3571 4439 3707 4512 πρὶις

2041 4536 2190 4606 ἡμᾶς
2227 4534 2353 4598 τοὺς
2383 4534 2494 4588 ἄνω
2525 4533 2870 4604 καθημένους
2890 4573 2904 4596 ,
2939 4531 3071 4603 φησί
3097 4550 3111 4598 ;
3143 4531 3284 4600 Πρὸς
3319 4530 3462 4599 ὑμᾶς
3487 4529 3585 4598 μὲν
3613 4527 3705 4582 οὖν

2045 4625 2279 4696 μάλιστα
2303 4641 2316 4654 ·
2370 4625 2418 4678 εἱ
2451 4623 2559 4694 γὰρ
2595 4625 2670 4696 μὴ
2707 4625 2864 4694 ὑμεῖς
2899 4623 3134 4690 σπουδὴν
3166 4621 3434 4673 ἐποιεῖσθε
3487 4619 3706 4692 συντρέ-

2000 4757 2016 4773 .
2040 4731 2175 4785 χειν,
2200 4714 2299 4767 οὐκ
2324 4713 2388 4766 ἂν
2436 4712 2503 4765 τὰ
2545 4713 2696 4766 κάτω
2729 4709 3028 4781 τελούμενα
3067 4710 3295 4777 ἐγίνετο.
3337 4699 3477 4760 ⁹Αλλ’
3508 4709 3595 4760 ἵνα
3629 4709 3704 4777 μὴ

2041 4801 2202 4855 πάλιν
2241 4798 2640 4870 φορτικώτερον
2669 4799 2880 4868 ποιήσω
2915 4797 3006 4849 τὸν
3044 4795 3198 4863 λόγον
3242 4795 3336 4847 καὶ
3365 4791 3612 4856 ἀναξάνω
3642 4794 3702 4846 τὸ

2039 4889 2227 4955 ἕλκος,
2263 4886 2573 4941 καταλιπὼν
2604 4885 2757 4956 ύμῶν
2787 4883 2862 4954 τῷ
2907 4883 3166 4936 συνειδότι
3195 4882 3388 4948 ταῦτα,
3420 4883 3488 4935 τά
3525 4882 3704 4936 λειπό-

2044 4993 2179 5044 μενα
2199 4973 2306 5026 τῶν
2329 4971 2517 5044 πρῴην
2540 4973 2666 5042 ὑμῖν
2695 4971 3002 5041 εἰρημένων
3029 4969 3323 5025 ἀποδοῦναι
3346 4971 3737 5042 πειράσομαι..

2043 5061 2176 5115 Τίνα
2209 5055 2300 5114 οὖν
2324 5055 2392 5130 ἦν
2419 5060 2486 5112 τά
2519 5055 2708 5131 πρῴην
2738 5057 3037 5130 εἱρημένα;
3079 5057 3306 5125 Ἔλεγον
3340 5059 3420 5112 ὃτι
3456 5059 3703 5129 θεμέλιος

2041 5150 2069 5203 ὁ
2097 5146 2330 5217 Χριστὸς
2372 5145 2633 5216 κέκληται
2662 5145 2738 5208 ῶς
2765 5143 2946 5215 φέρων
2997 5144 3214 5198 ἅπαντα
3246 5147 3341 5198 καὶ
3381 5146 3704 5216 συγκρατῶν

2042 5241 2136 5294 καὶ
2163 5234 2559 5298 διαϐαστάζωψ
2597 5233 2757 5288 τοῦτο
2781 5233 2876 5288 νῦν
2896 5233 2956 5298 ἐξ
2983 5234 3346 5305 ἀποστολικῆς
3372 5237 3562 5307 ἐτέρας
3607 5237 3673 5306 ῥή

2043 5345 2178 5392 σεως
2209 5325 2486 5390 ἀποδεῖξαι
2517 5322 2796 5394 βούλομαι.
2833 5314 3001 5385 Οὗτος
3032 5323 3141 5393 7&9
3167 5325 3196 5376 6
3219 5325 3403 5377 ἐκεῖνα
3433 5323 3697 5395 εἰρηκὼς,

2041 5413 2355 5486 ἑρμηνεύων
2383 5411 2594 5483 ἐκείνην
2611 5410 2707 5482 τὴν
2735 5409 2897 5476 λέξιν,
2923 5411 3222 5482 φησίν·⁶“ος
3233 5409 3318 5466 ῶν
3339 5413 3699 5482 ἀπαύγασμα

2036 5501 2147 5572 τῆς
2178 5500 2362 5568 δόξης
2400 5499 2497 5552 καὶ
2552 5500 2854 5567 χαρακτὴρ
2887 5495 2996 5566 τῆς
3037 5498 3434 5566 ὑποστάσεως
3481 5499 3696 5560 αὑτοῦ.

2035 5589 2230 5659 φέρων
2252 5605 2314 5642 τε
2334 5587 2404 5641 τὰ
2437 5585 2633 5640 πάντα
2663 5584 2742 5652 τῷ
2761 5586 2982 5655 ῥήματι
3011 5584 3119 5655 τῆς
3151 5585 3460 5655 δυνάμεως
3488 5585 3696 5652 αὐτοῦ,

2034 5677 2107 5730 δι’
2152 5675 2367 5730 ἑαυτοῦ
2417 5672 2788 5742 καθαρισμὸν
2835 5673 3241 5744 ποιησάμενος
3264 5715 3279 5740 ,
3323 5671 3602 5726 ἐκάθισεν
3627 5672 3701 5726 ἐν

2033 5763 2200 5832 δεξιᾷ
2228 5762 2336 5832 τῆς
2351 5761 2786 5832 μεγαλωσύνης
2807 5761 2877 5815 ἐν
2897 5761 3178 5830 ὑψηλοῖς.
3204 5761 3268 5812 Τί
3289 5761 3426 5824 ἐστι,
3456 5759 3658 5827 Φέρων
3673 5775 3698 5827 ;

2044 5850 2322 5923 ’ἱινιοχῶν,
2374 5849 2672 5922 κυϐερνῶν,
2719 5848 3042 5919 οίκονομῶν,
3079 5847 3410 5922 διακρατῶν,
3453 5864 3692 5921 συγκραθ-
