4064 6570
441 420 546 477 513

436 544 566 608 τῶν,
597 509 993 610 διαϐαστάζων.
1018 543 1092 598 O6
1117 543 1227 614 γὰρ
1255 543 1321 613 δὴ
1347 541 1507 614 μόνον
1532 543 1596 595 ἐκ
1618 541 1712 595 τοῦ
1743 542 1818 613 μὴ
1841 542 1994 605 ὄντος
2024 544 2103 605 είς

433 629 496 683 τὸ
531 625 667 684 εἶναι
703 632 917 685 ἅπαντα
951 632 1293 702 παρήγαγεν,
1335 629 1472 683 ἀλλὰ
1501 629 1595 682 καὶ
1631 629 1938 699 γενομένων
1972 647 2104 701 προσ
2136 668 2170 696 ,-

1231 424 1291 480 S.
1330 421 1617 481 JOANNIS
1654 423 2148 480 CHRYSOSTOMI
2191 402 2514 480 ARCIIIEP.
2552 422 3104 480 CONSTANTINOP.
3748 424 3836 479 5M

2214 538 2639 610 οἰκοδομούντων
2666 539 2770 592 ὑπὸ
2796 539 2896 608 τῆς
2931 537 3269 610 βαρϐαρικῆς
3296 537 3603 609 ἐπιϐουλῆς,
3633 543 3718 596 καὶ
3737 547 3840 615 χρά-

2209 642 2298 678 νου
2326 625 2644 697 τριϐομένου
2671 626 2866 679 πολλοῦ
2897 622 3050 688 οὗτος
3093 629 3121 679 ὁ
3157 625 3281 686 ναὸς
3318 625 3662 695 ἀπηρτίζετο.
3709 631 3841 686 Ἐπεὶ

434 718 544 768 νοεῖ
564 716 810 788 καθάπερ
837 719 866 770 6
892 716 1234 786 γεγεννηκὼς
1263 717 1425 770 αὑτὸν
1466 717 1674 787 Πατήρ.
1706 716 1798 768 Διὸ
1828 716 1922 769 καὶ
1943 714 2104 768 τοῦτο
2208 708 2300 766 οὖν
2346 715 2375 767 6
2427 714 2635 785 Ἰησοῦς
2676 715 2803 787 περὶ
2849 715 2944 769 τοῦ
2997 713 3247 785 σώματος
3296 712 3392 766 τοῦ
3431 714 3618 768 ἐαυτοῦ
3665 715 3839 786 ἔλεγεν,

431 801 605 871 δηλῶν
632 803 842 872 ἔλεγεν·
874 804 936 858 '0
958 805 1159 872 Πατήρ
1178 822 1298 873 μου
1318 803 1429 869 ἕως
1450 803 1580 871 ἄρτι
1598 798 1913 870 ἐργάζεται,
1941 801 2102 871 κάγὼ
2207 800 2301 853 τὸν
2342 801 2574 873 σταυρὸν
2625 801 2802 872 δηλῶν
2851 803 2946 856 καὶ
3005 801 3102 872 τὴν
3152 801 3453 854 ἀνάστασιν
3480 817 3493 830 ⁸
3563 802 3709 857 τοῦτο
3742 807 3837 877 γάρ

431 887 758 957 ἐργάζομαι.
801 890 891 944 Διὸ
934 891 1028 944 καὶ
1059 891 1258 962 μᾶλλον
1288 890 1513 960 ἐζήτουν
1556 889 1720 942 αὑτὸν
1759 891 1808 941 οί
1852 889 2094 943 Ἰουδαῖοι

431 975 765 1041 ἀποκτεῖναι,
798 977 858 1031 οὑ
892 977 1051 1048 μόνον
1089 980 1170 1032 ὅτι
1199 977 1323 1030 ἔλυε
1354 976 1413 1030 τὸ
1437 976 1724 1041 σάϐϐατον,
1759 976 1874 1029 ἀλλ’
1903 977 1984 1030 ὅτι
2004 979 2099 1031 καὶ

431 1062 648 1134 Πατέρα
667 1063 833 1117 αὑτοῦ
861 1064 1013 1134 ἔλεγε
1035 1065 1126 1118 τὸν
1141 1064 1293 1129 Θεὸν,
1317 1064 1430 1118 ἴσον
1453 1065 1644 1117 ἐαυτὸν
1667 1064 1836 1118 ποιῶν
1858 1065 1935 1136 τῷ
1955 1065 2097 1136 Θεῷ.

411 1182 413 1185 -
502 1148 612 1200 Ποῦ
641 1149 790 1222 [584]
819 1151 912 1204 νῦν
941 1150 992 1204 οί
1017 1149 1126 1205 τῶν
1169 1151 1460 1222 αἱρετικῶν
1490 1151 1711 1216 παῖδες,
1746 1151 1796 1206 οἱ
1827 1151 1969 1206 κατὰ
1999 1152 2099 1222 τῆς

431 1235 637 1290 ἑαυτῶν
667 1239 980 1309 μαινόμενοι
1021 1239 1313 1310 σωτηρίας,
1347 1239 1441 1292 καὶ
1471 1238 1572 1308 τῆς
1605 1239 1846 1310 ἰσότητος
1870 1240 2097 1310 ἀποσχί-

431 1321 616 1385 ζοντες
659 1323 821 1377 αὑτὸν
867 1324 966 1394 τῆς
1011 1324 1148 1396 πρὸς
1191 1325 1281 1377 τὸν
1334 1325 1591 1395 Πατέρα;
1625 1326 1972 1380 ἀκουέτωσαν
2000 1327 2095 1382 τοῦ

429 1409 810 1478 εὐαγγελιστοῦ
833 1412 932 1483 τὴν
952 1413 1134 1483 φωνήν
1158 1413 1306 1481 (ὅταν
1331 1412 1390 1465 δέ
1406 1412 1495 1466 τὸν
1521 1415 1911 1486 εὑαγγελιστὴν
1934 1417 2092 1481 είπω,

427 1497 519 1550 τὸν
567 1499 982 1573 Χριστὸνιλέγω
1033 1501 1124 1554 τὸν
1179 1501 1430 1555 κινοῦντα
1477 1502 1642 1556 αὑτοῦ
1694 1503 1794 1574 τὴν
1839 1504 2093 1577 4.0m)-

428 1585 819 1652 ἁκουέτωσαν,
871 1589 966 1642 καὶ
1019 1583 1479 1660 ἐντραπιῖτωσαν,
1541 1591 1638 1645 καὶ
1695 1592 2095 1647 παυσάσθωσαν

426 1671 648 1725 τοιαῦτα
673 1673 1008 1744 μαινόμενοι.
1041 1675 1149 1728 Καὶ
1175 1675 1283 1746 γὰρ
1307 1676 1356 1728 al
1395 1675 1635 1731 Ἰουδαῖοι
1657 1677 1744 1731 διὰ
1759 1678 1918 1733 τοῦτο
1935 1679 2094 1733 αὑτὸν

426 1755 667 1822 ἐδίωκον,
721 1760 802 1814 ὅτι
851 1761 962 1814 ίσον
999 1761 1192 1815 ἐαυτὸν
1243 1761 1436 1832 ἔλεγε*
1468 1764 1563 1817 καὶ
1600 1759 1746 1819 οὗτοι
1795 1765 1883 1820 διὰ
1934 1766 2093 1821 τοῦτο

425 1843 881 1916 ἀπαγχονίζονται
907 1889 923 1913 ,
967 1849 1047 1902 ὅτι
1078 1848 1281 1920 ταύτην
1323 1851 1667 1922 ἀναφέρομεν
1703 1853 1854 1924 αὑτῷ
1882 1853 1978 1926 τὴν
2006 1857 2094 1909 εὑ-

426 1933 638 2003 φημίαν
667 1933 796 2005 παρ’
828 1933 996 1988 αὑτοῦ
1033 1935 1429 2002 παιδευθέντες.
1477 1938 1613 1992 Ἀλλ’
1638 1940 1737 1995 οὑκ
1771 1941 1956 2008 αὑτοῦ,
1991 1961 2095 2016 φη-

427 2018 531 2084 σὶν,
571 2020 692 2074 ούδέ
725 2019 819 2074 τοῦ
855 2023 1241 2093 εὐαγγελιστοῦ
1264 2023 1401 2096 αῦτη
1425 2027 1458 2098 ἡ
1483 2027 1663 2097 ψῆφος
1691 2023 1785 2100 ἧν,
1817 2029 1956 2084 ἀλλὰ
1983 2031 2092 2086 τῶν

434 2105 724 2162 Ἰουδαίων.
762 2107 1015 2162 Μάλιστα
1051 2109 1184 2180 μὲν,
1215 2110 1264 2164 εί
1300 2112 1392 2164 καὶ⁵
1431 2113 1539 2166 τῶν
1571 2113 1841 2170 Ἰουδαίων
1873 2111 1964 2188 ἦν,
1999 2119 2093 2172 καὶ

421 2193 576 2248 τοῦτό
608 2213 700 2249 σου
730 2198 986 2267 μέγιστον
1012 2197 1263 2270 ἔγκλημα
1292 2202 1388 2255 κα)⁵
1411 2202 1614 2274 ἐσχάτη
1645 2205 1979 2278 κατηγορία,
2009 2208 2093 2262 ὅτι

422 2282 568 2354 ᾶπερ
607 2285 656 2337 οί
691 2285 1006 2356 ἀγνώμονες
1066 2287 1313 2342 Ἰουδαῖοι
1362 2290 1603 2358 συνεῖδον
1635 2291 1744 2345 ἀπὸ
1772 2292 1882 2348 τῶν
1915 2296 2092 2366 ῥημά-

421 2388 529 2424 των
580 2373 1133 2445 κατασκευαζόμενα,
1165 2375 1338 2430 ταῦτα
1381 2377 1544 2441 αὑτὸς
1593 2377 1947 2450 ἐθελοκωφῶν
1996 2383 2091 2454 οὑχ

420 2454 571 2526 δρᾷς.
615 2454 691 2509 U6
742 2455 850 2528 γὰρ
889 2456 956 2528 δὴ
987 2458 1196 2514 οῖκοθεν
1233 2459 1373 2513 αὐτὰ
1406 2460 1644 2530 εἰσῆγον,
1675 2461 1790 2515 ἀλλ’
1828 2463 1921 2534 ἀφ’
1961 2458 2036 2518 ὧν
2062 2468 2091 2520 6

422 2539 657 2609 Χριστὸς
699 2542 853 2610 ἐλεγε
902 2545 1348 2616 συλλογιζόμενος
1393 2547 1612 2612 αὑτούς.
1646 2549 1756 2602 Καὶ
1785 2550 1872 2605 ἵνα
1913 2552 2094 2625 μάθῃς

420 2625 504 2679 ὃτι
531 2626 651 2679 οὑδὲ
692 2628 960 2683 Ἰουδαίων
990 2632 1138 2684 ἐστὶν
1171 2635 1204 2702 η
1235 2631 1378 2698 λέξις
1421 2632 1559 2704 αῦτη
1584 2676 1599 2700 ,
1629 2635 1766 2690 ἀλλὰ
1799 2638 1890 2691 τοῦ
1923 2639 2088 2709 εὐαγ-

420 2713 670 2782 γελιστοῦ
701 2716 796 2768 καὶ
823 2715 1003 2787 ψῆφος
1036 2718 1129 2771 καὶ
1153 2720 1309 2790 ῥῆσις
1345 2725 1363 2788 (
1392 2722 1520 2775 ὅταν
1548 2722 1605 2776 δέ
1633 2723 1774 2778 είπω
1798 2725 1892 2780 τοῦ
1925 2727 2088 2795 εὐαγ-

420 2801 691 2869 γελιστοῦ,
736 2803 830 2857 τοῦ
879 2806 1116 2876 Χριστοῦ
1167 2807 1310 2875 λέγω
1337 2808 1430 2861 τοῦ
1470 2808 1744 2874 κινοῦντος
1781 2812 1946 2867 αὑτοῦ
1989 2817 2088 2886 τὴν

418 2889 734 2961 διάνοιαν),
781 2891 920 2971 αὑτὰ
960 2897 1029 2946 τὰ
1062 2895 1284 2966 ῥήματα
1330 2895 1572 2960 ἐξέταζε.
1619 2898 1680 2952 '0
1719 2900 1920 2971 Πατήρ
1945 2920 2083 2971 μου.

419 2979 496 3031 06
524 2979 682 3031 παντί
711 2969 810 3032 που
832 2979 986 3050 δῆλον
1007 2981 1098 3035 καὶ
1117 2981 1194 3052 τῷ
1216 2982 1417 3053 σφόδρα
1447 2987 1676 3056 ἀνοήτῳ,
1705 2987 1788 3040 ὅτι
1807 2969 1895 3042 διά
1927 2969 2083 3044 τοῦτο

420 3061 594 3131 εἶπεν,
646 3068 709 3120 Ὃ
739 3068 940 3137 Πατήρ
963 3087 1105 3138 μου,
1135 3070 1220 3124 ἵνα
1247 3070 1376 3124 ίδιον
1412 3071 1576 3126 αὑτοῦ
1607 3075 1894 3150 ἀποφήνῃς
1931 3078 2004 3130 Τὸ
2031 3079 2087 3131 δέ

418 3155 718 3223 ἐπαγαγεῖν
765 3155 947 3220 πάλιν,
997 3155 1364 3227 Ἔργάζεται,
1407 3158 1569 3229 κάγὼ
1610 3160 1944 3230 ἐργάζομαι,
1978 3159 2089 3234 ἆρα

417 3241 518 3294 οὐκ
570 3241 793 3312 ἰσότητά
840 3243 957 3295 ἐστι
991 3244 1531 3314 κατασκευάζοντοςς
1570 3247 1706 3300 Οὐδὲ
1753 3248 1862 3320 γὰρ
1911 3243 2086 3314 εἶπεν,

421 3327 968 3400 Ἐργάζεταιέκεῖνος,
992 3331 1101 3403 ἐγὼ
1125 3331 1181 3385 δέ
1209 3332 1467 3404 ὑπουργῶ
1488 3329 1827 3407 ’Ἐργάζεται
1860 3339 2084 3404 ἐκεῖνος,

417 3416 529 3485 ἐγὼ
565 3416 622 3470 δέ
657 3418 1041 3490 ὑπηρετοῦμαι
1065 3437 1077 3450 ·
1111 3420 1510 3488 ἀλλ’,Ἐκεῖνος
1553 3425 1848 3496 ἐργάζεται
1873 3466 1886 3489 ,
1929 3427 2087 3496 κάγὼ

416 3503 739 3576 ἐργάζομαι.
785 3505 944 3579 Ὁρᾷς
971 3507 1088 3572 πῶς
1114 3507 1214 3562 οὑκ
1245 3509 1511 3563 Ἰουδαίων
1531 3506 1599 3582 ἦν
1633 3513 1923 3580 ἀπόφασις,
1954 3515 2089 3570 ἀλλὰ

415 3593 526 3644 τῶν
558 3593 767 3647 ἐκείνου
805 3594 1064 3665 ῥημάτων
1098 3595 1413 3668 κατασκευὴ
1438 3597 1498 3651 τὸ
1529 3596 1859 3669 λεγόμενον;
1888 3601 1954 3655 El
1977 3603 2086 3674 γὰρ

428 3679 697 3733 Ἰουδαίων
741 3675 809 3752 ἦν
853 3681 1244 3756 πεπλανημένη
1291 3700 1374 3748 τις
1409 3684 1635 3739 ὑπόνοια
1679 3687 1772 3740 καὶ
1802 3686 1980 3758 ψῆφος
2027 3689 2088 3743 τὸ

417 3765 533 3819 ῐσον
553 3767 716 3821 αὑτὸν
749 3771 921 3822 ποιεῖν
961 3768 1038 3840 τῷ
1063 3768 1204 3839 Θεῷ,
1239 3768 1332 3824 καὶ
1370 3770 1534 3834 αὑτὸς
1577 3772 1677 3842 μὲν
1709 3775 1811 3827 οὑκ
1840 3775 2087 3829 ἐϐούλετο

411 3852 572 3905 τοῦτο
596 3853 1012 3921 ὑποπτεύεσθαι,
1041 3857 1090 3908 οί
1110 3855 1167 3909 δέ
1210 3857 1450 3911 Ἰουδαῖοι
1477 3858 1551 3930 μὴ
1579 3859 1902 3931 βουλομένου
1932 3861 2086 3915 τοῦτο

413 3941 583 3994 αὑτοῦ
611 3940 951 4008 ὑπώπτευον,
982 3942 1144 4016 ἐτερα
1171 3943 1525 4008 ὑπονοοῦντες
1565 3948 1694 4018 παρ’
1736 3946 1764 4000 ὃ
1792 3947 1953 4012 αὑτὸς
1988 3966 2086 4004 κα-

413 4029 756 4083 τασκευάσαι
785 4028 1038 4084 ἐϐούλετο
1056 4047 1070 4062 ο
1111 4031 1211 4084 οὑκ
1246 4030 1311 4084 ἂν
1335 4031 1466 4084 αὑτὸ
1496 4033 1679 4086 εἴασεν
1702 4032 1874 4100 οῦτως
1905 4035 2085 4107 ἀδιόρο

415 4115 584 4169 θωτον
615 4117 643 4169 6
674 4115 1086 4188 εὑαγγελιστὴς,
1117 4117 1230 4170 ἀλλ’
1264 4119 1649 4190 ἐπεσημήνατο
1693 4119 1760 4173 ἂν
1803 4119 1895 4173 καὶ
1933 4117 2083 4176 εἷπεν

413 4203 550 4262 αὐτὸ
587 4205 791 4274 σαφῶς.
829 4205 939 4259 Καὶ
967 4206 1075 4278 γὰρ
1108 4206 1230 4271 ἔθος
1256 4207 1438 4271 αὑτοῖς
1467 4207 1625 4261 τοῦτο
1648 4212 1840 4279 ποιεῖν,
1869 4212 1961 4266 καὶ
1983 4213 2082 4268 αύ-

413 4294 528 4355 ⁴τοῖς
553 4292 648 4344 καὶ
678 4290 758 4362 τῷ
791 4292 996 4362 Ἰησοῦ·
1023 4295 1116 4346 καὶ
1139 4294 1300 4347 τοῦτο
1329 4292 1388 4360 ἐξ
1424 4295 1542 4360 ἐνὸς
1577 4297 1671 4350 καὶ
1698 4297 1952 4366 δευτέρου
1982 4319 2085 4356 παο

419 4378 782 4454 ραδείγματος
823 4379 1156 4451 πειράσομαι
1195 4381 1321 4453 ὑμῖν
1357 4383 1577 4448 ποιῆσαι
1623 4385 1802 4457 δῆλον,
1844 4388 1924 4442 ὅτι
1957 4390 2084 4443 ὅταν

413 4467 544 4539 εἴπῃ
564 4486 618 4521 τι
645 4471 674 4523 6
693 4468 945 4540 Χριστὸς,
977 4471 1072 4524 καὶ⁷
1100 4471 1300 4544 ἑτέρως
1326 4471 1423 4544 μὲν
1446 4473 1575 4526 αὑτὸ
1604 4473 1734 4548 εἴπῃ
1759 4477 1940 4542 αὑτὸς,
1971 4479 2085 4532 ἐτέ-

417 4573 525 4627 ρως
555 4556 612 4610 δέ
642 4556 1059 4612 ὑποπτεύσωσιν
1106 4560 1158 4612 οί
1198 4560 1458 4624 Ἰουδαῖοι,
1490 4561 1794 4632 διορθοῦται
1815 4566 1844 4618 6
1865 4567 2081 4636 εὐαγγε-

413 4645 620 4716 λιστής.
657 4647 768 4701 Καὶ
798 4647 883 4701 ἵνα
912 4647 1090 4720 μάθῃς
1120 4647 1276 4702 τοῦτο
1306 4649 1513 4720 σαφῶς,
1545 4651 1776 4705 ἄκουσον
1801 4654 1964 4708 αὑτοῦ
1988 4656 2081 4708 τοῦ

425 4731 668 4787 Ἰωάννου
709 4735 842 4789 αὐτὸ
871 4754 1030 4790 τουτο
1055 4737 1210 4806 δῆλον
1235 4737 1531 4801 ποιοῦντος.
1587 4739 1801 4810 Ἐπειδὴ
1827 4741 1934 4812 γάρ
1970 4743 2082 4795 είσ-

411 4819 574 4892 ἦλθεν
621 4822 701 4886 είς
727 4823 818 4877 τὸν
849 4824 975 4878 ναὸν
1023 4824 1119 4878 τοῦ
1144 4824 1301 4889 Θεοῦ,
1333 4825 1427 4878 καὶ
1453 4825 1578 4888 τοὺς
1605 4826 1956 4893 κολλυϐιστὰς
1996 4829 2082 4896 ἐξη

412 4907 572 4967 ἐϐαλε
605 4911 930 4981 φραγέλλιον
961 4914 1214 4984 ποιήσας,
1239 4915 1331 4966 καὶ
1354 4912 1534 4982 ἔλεγεν
1557 4929 1570 4944 ⁸
1596 4915 1692 4984 Μὴ
1731 4917 1948 4971 ποιεῖτε
1977 4919 2083 4972 τὸν

410 4988 578 5051 οἷκον
604 4993 708 5047 τοῦ
739 4997 964 5062 Πατρός
981 5013 1100 5064 μου
1130 4995 1299 5049 οἷκον
1331 4996 1618 5066 ἐμπορίου
1646 5014 1660 5028 ·
1688 5000 2079 5070 προσελθόντες

420 5075 468 5127 οί
505 5075 857 5147 Γραμματεῖς
890 5077 982 5130 καὶ
1025 5079 1072 5130 οί
1121 5078 1403 5147 Φαρισαῖοι
1449 5078 1668 5147 ἔλεγον·
1722 5083 1782 5136 Τί
1831 5085 2084 5154 σημεῖον

413 5157 710 5222 δεικνύεις
747 5158 910 5226 ημῖν,
942 5157 1028 5212 ὅτι
1076 5160 1262 5215 ταῦτα
1283 5160 1504 5228 nou-22c;
1533 5163 1598 5216 Τί
1619 5157 1710 5217 οὖν
1743 5165 1940 5232 αὑτός;
1965 5170 2082 5223 Δύο

412 5259 560 5297 σατε
600 5244 710 5298 τὸν
739 5245 893 5299 ναὸν
923 5245 1172 5314 τοῦτον,
1216 5247 1314 5301 καί
1346 5246 1461 5318 ἐγὼ
1503 5248 1572 5303 ἐν
1601 5248 1799 5320 τρισὶν
1839 5253 2086 5322 ἡμέραις

414 5341 594 5412 ἐγερῶ
639 5345 826 5397 αὐτόν
853 5361 868 5376 ·
909 5349 1038 5417 περὶ
1080 5346 1174 5400 τοῦ
1230 5345 1480 5420 σώματος
1513 5347 1606 5402 τοῦ
1652 5351 1846 5405 ἑαυτοῦ
1888 5352 2080 5423 λέγων.

428 5429 566 5482 Ἀλλ’
597 5430 794 5483 ἐκεῖνοι
825 5431 957 5485 αὑτὸ
997 5435 1057 5486 οὑ
1109 5436 1368 5500 συνεῖδον,
1399 5435 1534 5491 ἀλλὰ
1559 5436 1612 5489 τί
1639 5455 1809 5507 φασι;
1856 5443 2082 5497 Τεσσα-

407 5516 672 5590 ράκοντα
695 5519 791 5572 καὶ
817 5517 886 5584 ἐξ
923 5519 1127 5575 ἔτεσιν
1142 5522 1491 5593 ᾠκοδομήθη
1522 5527 1554 5578 ό
1587 5526 1732 5592 ναὸς
1762 5522 1960 5595 οὗτος,
1985 5531 2083 5584 καί

413 5604 496 5661 σὺ
523 5604 593 5658 ἐν
607 5607 801 5675 τρισίν
821 5607 1058 5677 ἡμέραις
1079 5609 1297 5678 ἐγερεῖς
1327 5613 1543 5677 αὺτόν;
1576 5615 1703 5685 περὶ
1728 5615 1822 5669 τοῦ
1836 5617 1964 5671 ναοῦ
1991 5618 2084 5672 τοῦ

428 5697 718 5752 Ἰουδαϊκοῦ
763 5699 857 5754 τοῦ
901 5701 989 5755 διὰ
1042 5701 1205 5757 λίθων
1246 5705 1754 5776 κατεσκευασμένου
1796 5707 2080 5786 λέγοντες*

418 5788 628 5852 ἐκεῖνος
669 5786 776 5860 γὰρ
829 5789 1233 5862 τεσσαράκοντα
1285 5792 1376 5846 καὶ
1415 5792 1475 5860 ἐξ
1534 5793 1710 5847 ἐτεσιν
1758 5795 2080 5870 ᾠκοδομήθη

420 5873 560 5949 μετὰ
588 5872 686 5950 τὴν
712 5875 964 5931 ἐπάνοδον
995 5877 1099 5931 ἀπὸ
1127 5878 1461 5948 Βαϐυλῶνος,
1498 5879 1949 5954 διακωλυομένων
1975 5883 2079 5939 τῶν

2207 889 2322 942 ἐστι
2353 888 2434 954 τὸ,
2461 890 2699 945 Λύσατε
2718 890 2826 944 τὸν
2845 890 2996 944 ναὸν
3023 889 3256 952 τοῦτον,
3289 889 3390 942 καὶ
3411 888 3482 942 ἐν
3513 891 3698 956 τρισίν
3720 893 3841 961 ἡμέ-

2198 993 2336 1044 ραις
2362 975 2546 1045 ἐγερῶ
2589 979 2808 1031 αὐτόν’
2841 977 3038 1030 ἐκεῖνοι
3066 975 3123 1029 δέ
3149 977 3278 1045 περὶ⁸
3309 974 3407 1028 τοῦ
3436 977 3562 1030 ναοῦ
3598 976 3688 1030 τοῦ
3733 980 3841 1033 Ἰου-

2205 1063 2390 1117 δαϊκοῦ
2430 1063 2752 1117 ὑπώπτευον
2776 1081 2790 1094 ·
2836 1065 2959 1118 ὅθεν
2998 1065 3093 1117 καὶ
3141 1064 3362 1132 ἔλεγον·
3420 1065 3840 1132 Τεσσαρὰκοντα

2205 1151 2303 1204 καὶ
2341 1151 2410 1216 ἐξ
2456 1151 2662 1206 ἐτεσιν
2699 1151 3050 1222 ᾠκοδομήθη
3089 1155 3122 1206 ό
3146 1151 3295 1216 ναὸς
3326 1146 3529 1218 οὗτος,
3562 1152 3656 1206 καί
3683 1153 3756 1208 σὺ
3781 1155 3838 1208 ἐν·

2204 1238 2398 1305 τρισὶν
2424 1238 2668 1308 ἡμέραις
2695 1238 2916 1309 ἐγερεῖς
2943 1239 3169 1304 αὑτόν;
3197 1237 3347 1311 [385]
3371 1238 3474 1310 ὅρα
3499 1239 3613 1302 πῶς
3637 1240 3693 1293 οὐ
3723 1258 3836 1313 παρα

2205 1326 2440 1396 έδραμεν
2473 1327 2604 1381 αὐτὸ
2631 1328 2659 1380 6
2683 1326 3096 1399 εὑαγγελιστὴς,
3116 1327 3233 1381 ἀλλ’
3248 1328 3498 1399 ἐπήγαγε
3520 1327 3616 1399 τὴν
3644 1327 3834 1400 6:690:9-

2205 1430 2312 1476 σιν,
2355 1413 2561 1482 λέγων·
2606 1414 2872 1482 Ἐκεῖνος
2916 1415 2986 1469 δὲ
3026 1414 3200 1486 ἔλεγε
3231 1415 3369 1484 περὶ
3419 1413 3526 1469 τοῦ
3575 1416 3714 1470 ναοῦ
3748 1417 3834 1471 τοῦ

2201 1500 2474 1570 σώματος
2494 1502 2700 1557 αὐτοῦ.
2715 1503 2860 1556 .ούδέ
2887 1502 2998 1574 γὰρ
3021 1498 3142 1556 εἷπε
3160 1541 3174 1566 ,
3191 1502 3406 1557 Λύσατε
3426 1501 3489 1556 τὸ
3513 1502 3664 1574 σῶμα
3684 1502 3831 1561 τοῦτο.

2201 1587 2356 1650 ἀλλὰ,
2391 1589 2502 1643 Τὸν
2525 1589 2695 1654 ναὸν,
2724 1590 2810 1642 ἵνα
2829 1589 2977 1663 δείξῃ
2999 1591 3089 1644 τὸν
3107 1590 3239 1644 Θεὸν
3254 1591 3348 1644 τὸν
3368 1590 3617 1645 οἰκοῦντα
3630 1589 3832 1662 [ἐνοικῆ

2201 1674 2398 1730 λύσατε
2433 1674 2522 1730 τὸν
2559 1675 2686 1730 ναὸν
2723 1676 2814 1732 τὸν
2853 1677 3033 1749 πολλῷ
3062 1677 3308 1749 βελτίονα
3329 1676 3425 1731 τοῦ
3467 1676 3756 1732 Ἰουδαῖκοῦ.
3785 1678 3833 1730 ’0

2204 1762 2302 1833 μέν
2334 1762 2442 1835 γάρ
2473 1758 2584 1834 εἶχε
2613 1764 2708 1817 τὸν
2751 1765 2932 1836 νόμον,
2981 1768 3010 1820 6
3039 1766 3094 1820 δέ
3127 1765 3217 1819 τὸν
3253 1763 3552 1836 νομοθέτην
3575 1782 3587 1795 ·
3615 1765 3640 1818 ὁ
3671 1765 3757 1834 μὲν
3781 1766 3843 1818 1'0-

2201 1851 2437 1921 γράμμα
2469 1850 2529 1903 τὸ
2556 1852 2896 1918 ἀποκτεῖνον,
2932 1853 2960 1905 6
3001 1853 3058 1906 δέ
3087 1853 3149 1907 τὸ
3191 1852 3413 1923 πνεῦμα
3448 1852 3507 1904 τὸ
3538 1851 3828 1916 ζωοποιοῦν·

2199 1932 2229 1984 ὁ
2263 1933 2363 2004 μὲν
2391 1934 2491 1992 τὴν
2524 1935 2718 2007 ῥάϐδον
2753 1935 2853 2000 τὴν
2888 1935 3118 2008 Ἀαρὼν,
3145 1937 3174 1990 6
3198 1937 3256 1990 δέ
3281 1937 3384 2007 τὴν
3415 1934 3606 2006 ῥάϐδον
3644 1935 3825 1988 Ἰεσσαί.

2279 2017 2836 2094 γ’Πάλινάλλαχοῦτὸ
2853 2024 2946 2077 ἐπὶ
2978 2024 3086 2077 τῶν
3133 2024 3316 2096 ἄρτων
3355 2023 3540 2096 θαῦμα
3583 2024 3830 2092 ποιήσαντι

2198 2106 2416 2180 ἀπάρας
2457 2109 2555 2163 σὺν
2589 2111 2772 2175 αὑτοῖς
2797 2151 2812 2176 ,
2843 2110 3109 2165 διέϐαινεν
3145 2113 3224 2176 είς
3252 2111 3315 2165 τὸ
3356 2111 3551 2182 πέραν,
3591 2111 3678 2163 καὶ
3701 2109 3828 2177 ἔλεγε

2199 2198 2312 2261 τοῖς
2349 2197 2617 2271 μαθηταῖς
2641 2217 2656 2230 ο
2692 2198 3026 2269 Προσέχετε
3057 2199 3176 2256 ἀπὸ
3208 2199 3322 2268 τῆς
3367 2198 3549 2270 ζύμης
3597 2197 3703 2252 τῶν
3730 2199 3825 2250 Φα-

2190 2284 2447 2352 ρισαίων
2471 2287 2569 2339 καὶ
2600 2285 3037 2342 Σαδδουκαίων.
3080 2289 3141 2342 Ol
3174 2287 3231 2341 δέ
3266 2287 3454 2369 ,ζύμην
3490 2285 3789 2349 ἀκούσαντες
3814 2323 3830 2346 ορ

2199 2372 2325 2442 περὶ
2351 2371 2528 2443 ἄρτων
2548 2373 2867 2428 ὑπώπτευον
2885 2392 2900 2406 ο
2921 2375 3086 2439 αὐτὸς
3113 2373 3169 2429 δέ
3193 2375 3254 2428 οὑ
3287 2375 3419 2445 περὶ
3446 2373 3618 2444 ἄρτων
3645 2372 3820 2439 ἔλεγε-ι,

2197 2458 2332 2514 ἀλλὰ
2363 2461 2610 2533 περὶτῆς
2637 2461 2982 2527 διδασκαλίας
3008 2462 3116 2518 τῶν
3147 2460 3480 2534 Φαρισαίων.
3505 2460 3667 2544 [Ἐπεὶ
3695 2459 3786 2529 γὰρ
3803 2469 3826 2497 ⁸

2197 2546 2370 2611 ἄλλως
2411 2548 2507 2619 μὲν
2542 2549 2701 2612 αὐτὸς
2726 2544 2896 2613 εἶπεν,
2925 2550 3097 2613 ἄλλως
3133 2550 3190 2604 δέ
3229 2549 3593 2603 ὑπώπτευσαν
3621 2550 3824 2610 ἐκεῖνοι,

2195 2634 2297 2706 δρα
2332 2634 2450 2698 πῶς
2475 2634 2780 2707 διορθοῦται
2821 2637 2952 2691 αὑτὸ
2975 2676 2990 2700 ,
3033 2635 3238 2706 λέγων·
3292 2636 3492 2700 Οὕτως
3532 2633 3716 2703 ἀκμὴν
3744 2633 3826 2685 καί

2195 2719 2363 2792 ὑμεῖς
2395 2721 2681 2776 ἀσύνετοί
2721 2723 2904 2787 ἐστε;
2939 2725 3011 2778 οὐ
3035 2723 3350 2794 μέμνησθε
3380 2721 3520 2789 τοὺς
3551 2719 3713 2774 πέντε
3735 2717 3822 2786 ἄρ·

2193 2822 2338 2874 τους
2372 2807 2470 2861 καὶ
2499 2810 2736 2876 πόσους
2775 2811 3064 2880 κοφίνους
3106 2805 3384 2876 ἐλάϐετε,
3427 2808 3525 2864 καὶ
3552 2807 3682 2873 τοὺς
3699 2803 3834 2860 ἑπτα

2194 2893 2414 2962 ἄρτους
2435 2896 2532 2949 καὶ
2566 2899 2756 2964 πόσας
2788 2896 3087 2966 σπυρίδας
3107 2896 3352 2950 ἐλάϐετε
3375 2912 3394 2961 ;
3420 2894 3544 2962 πῶς
3572 2896 3639 2949 οὐ
3662 2892 3823 2948 νοεῖτε

2194 2977 2286 3032 ὅτι
2334 2981 2406 3033 οὐ
2458 2980 2594 3050 περὶ
2645 2981 2838 3053 ἄρτων
2881 2978 3054 3036 εἶπον
3085 2980 3246 3052 ὑμῖν,
3275 2981 3440 3037 ἀλλὰ
3466 2980 3594 3049 περὶ
3627 2976 3724 3046 τῆς
3753 2978 3823 3029 δι·

2192 3064 2528 3136 δασκαλίας
2564 3069 2682 3123 τῶν
2725 3070 3079 3138 Φαρισαίων,
3109 3069 3263 3122 ὥστε
3298 3069 3642 3138 προσέχειν;
3686 3066 3822 3137 ὐρᾷς

2194 3153 2312 3217 πῶς
2337 3154 2430 3208 καὶ
2469 3153 2561 3208 ἐπὶ
2589 3154 2683 3208 τοῦ
2714 3155 2842 3209 ναοῦ
2882 3157 2910 3209 6
2944 3155 3335 3226 εὑαγγελιστὴς
3372 3155 3467 3210 καὶ
3502 3153 3716 3208 ἐνταῦθα
3742 3153 3821 3202 αὑ·

2192 3238 2284 3304 τὸς
2313 3240 2420 3294 τῶν
2448 3241 2876 3314 πεπλανημένων
2904 3242 3208 3315 διορθοῦται
3242 3242 3343 3315 τὴν
3373 3241 3655 3305 ὑπόνοιαν;
3690 3237 3820 3294 Οὕτω

2191 3329 2372 3383 τοίνυν
2409 3331 2503 3384 καὶ
2531 3331 2624 3384 ἐπὶ
2650 3330 2742 3384 τοῦ
2783 3331 2898 3386 ἴσον
2928 3331 3116 3386 ἐαυτὸν
3149 3333 3324 3385 ποιεῖν
3341 3329 3420 3402 τῷ
3449 3328 3562 3400 Θεῷ
3581 3367 3596 3392 ,
3621 3327 3663 3380 εἰ
3684 3325 3818 3388 αὑτὸς

2197 3418 2294 3487 μὲν
2316 3417 2414 3471 οὑκ
2436 3418 2608 3471 ἐποίει
2632 3420 2823 3474 ἐαυτὸν
2852 3419 2964 3473 ίσον
2985 3419 3062 3490 τῷ
3091 3417 3230 3490 Θεῷ,
3259 3419 3308 3472 οἱ
3334 3417 3392 3473 δέ
3437 3416 3668 3470 Ἰουδαῖοι
3687 3414 3818 3467 τοῦτο

2193 3502 2512 3559 ὑπώπτευον
2538 3506 2646 3560 ἀπὸ
2675 3506 2783 3561 τῶν
2818 3507 3123 3578 εἰρημένων
3139 3547 3154 3571 ,
3184 3505 3492 3577 διώρθωσεν
3511 3501 3572 3558 ἄν
3591 3503 3679 3572 τὴν
3705 3500 3812 3552 ὑπό-

2193 3607 2338 3646 νοιαν
2360 3591 2564 3663 ταύτην
2588 3595 2616 3646 ὁ
2639 3593 3048 3666 εὑαγγελιστὴς,
3079 3592 3173 3647 καὶ
3202 3587 3354 3646 εἶπεν
3376 3593 3458 3645 ὃτι
3494 3589 3714 3644 Ἰουδαῖοι
3737 3587 3818 3657 μὲν

2195 3674 2308 3729 ἴσον
2338 3675 2530 3729 ἐαυτὸν
2559 3674 2808 3747 ἐνόμιζον
2831 3675 2992 3730 αὑτὸν
3022 3677 3193 3729 ποιεῖν
3213 3672 3292 3746 τῷ
3323 3673 3460 3744 Θεῷ,
3487 3671 3636 3734 αὑτὸς
3664 3669 3714 3722 δὲ
3735 3666 3816 3719 οὐκ

2193 3763 2366 3816 ἐποίει
2403 3761 2563 3816 τοῦτο
2600 3763 2720 3817 ούδέ
2758 3759 3180 3827 κατεσκεύαζεν.
3207 3762 3324 3816 Ἵνα
3350 3761 3408 3816 δὲ
3428 3761 3518 3814 ἀπ’
3541 3755 3705 3813 αὐτῶν
3726 3751 3815 3806 τῶν

2197 3845 2459 3916 ῥημάτων
2494 3845 2696 3918 μάθῃς,
2721 3845 2806 3898 61:
2841 3843 2999 3899 τοῦτο
3037 3845 3270 3916 μάλιστα
3299 3842 3549 3897 ἐϐούλετο
3579 3835 3816 3911 πηγνύναι

2192 3933 2251 3985 ἐν
2290 3935 2412 3998 ταῖς
2454 3933 2564 3988 τῶν
2605 3932 2904 4004 ἀνθρώπων
2950 3933 3239 3998 διανοίαις,
3277 3930 3534 4002 ἀνωτέρω
3573 3927 3656 3981 τὸν
3682 3923 3811 3990 λόγον

2194 4021 2484 4092 ἀγάγωμεν
2506 4021 2596 4074 καὶ
2621 4020 2879 4092 μάθωμεν
2912 4020 2963 4073 τί
2985 4037 3115 4072 ποτε
3151 4019 3544 4090 ἐγκαλούμενος
3560 4013 3714 4068 ταῦτα
3733 4011 3812 4063 άτι-

2192 4107 2450 4177 ελογεῖτο.
2488 4109 2554 4161 Τί
2584 4108 2700 4162 ποτ’
2737 4106 2828 4162 οὖν
2863 4103 2929 4179 ἦν
2957 4108 3092 4179 ὅπερ
3118 4107 3420 4161 ἐνεκαλεῖτο
3444 4123 3458 4172 ;
3482 4107 3596 4159 '01:
3629 4103 3680 4155 ἐν
3704 4095 3809 4174 σεδ-

2192 4196 2340 4268 ϐἁτῳ
2375 4197 2511 4268 ἔργα
2538 4197 2710 4250 ἐποίει
2731 4214 2745 4227 ’
2781 4197 2886 4250 Διά
2932 4195 3129 4260 τοῦτο,
3157 4197 3324 4265 φησὶν
3343 4236 3360 4262 ,
3387 4194 3622 4250 ἐδίωκον
3654 4185 3810 4241 αὑτὸν

2191 4285 2244 4340 οί
2289 4285 2552 4340 Ἰουδαῖοι
2575 4326 2591 4353 ,
2623 4284 2713 4339 ὅτι
2747 4283 2933 4339 ταῦτα
2965 4285 3150 4338 ἐποίει
3189 4281 3259 4338 έν
3298 4281 3584 4346 σαϐϐάτῳ.
3621 4270 3804 4340 Ποῖαδὴ

2191 4370 2407 4438 ταῦτα;
2453 4373 2576 4427 "01:
2623 4372 2716 4426 τὸν
2754 4372 3118 4443 παραλυτικὸν
3162 4371 3383 4441 ἔσφιγξε
3408 4409 3425 4437 ,
3463 4368 3552 4422 καὶ
3597 4361 3805 4419 ἐκέλευσε

2190 4459 2336 4530 αὐτῷ
2372 4461 2469 4532 τὴν
2499 4460 2686 4532 κλίνην
2715 4459 2899 4513 λαϐεῖν
2934 4460 3028 4514 καὶ
3053 4459 3306 4514 ἀπελθεῖν
3333 4461 3414 4522 είς
3441 4457 3528 4511 τὸν
3558 4451 3704 4543 οἶκον.
3723 4445 3805 4543 ⁸Διὸ

2190 4548 2286 4602 καὶ⁷
2313 4546 2624 4618 ἐρωτῶντες
2663 4547 2826 4602 αὑτὸν
2860 4546 3066 4616 ἔλεγον,
3109 4548 3193 4612 τίς
3228 4549 3313 4618 εἴη
3347 4549 3376 4602 6
3414 4542 3656 4607 ἐπιτάξας
3683 4537 3803 4628 εὑτίῇ

2189 4634 2361 4688 ταῦτα
2380 4634 2550 4688 ποιεῖν
2571 4633 2630 4686 ἐν
2651 4633 2903 4704 σαϐϐάτῳ
2919 4649 2934 4663 ·
2955 4635 2982 4686 6
3004 4632 3061 4686 δέ
3081 4633 3204 4704 ἔφη,
3244 4633 3296 4686 '0
3319 4630 3573 4702 ποιήσας
3586 4643 3654 4698 με
3672 4627 3797 4692 -ῠπτιιι

2187 4719 2414 4787 ἐκεῖνός
2437 4737 2539 4790 μοι
2569 4716 2770 4775 εἷπενο
2789 4714 2966 4789 Ἀρον
2991 4718 3108 4788 τὴν
3143 4720 3363 4788 κλίνην
3388 4735 3500 4773 σου
3529 4713 3616 4770 καί
3648 4711 3799 4776 ὕπαγε

2189 4812 2277 4876 εὶς
2296 4809 2402 4863 τὸν
2421 4805 2588 4863 οἶκόν
2609 4823 2747 4863 σου.
2778 4809 2922 4882 Πρὸς
2947 4807 3118 4860 ταῦτα
3143 4806 3592 4878 δυσχεραίνοντες,
3616 4797 3798 4882 ἐδίωκον

2189 4897 2368 4964 αὑτὸν,
2401 4897 2482 4953 ὅτι
2511 4896 2684 4951 ταῦτα
2710 4879 2967 4962 ἐπέταξεν
2997 4897 3055 4948 ἐν
3087 4895 3360 4982 σαϐϐάτῳ,
3393 4896 3522 4982 ὅπερ
3549 4879 3796 4982 66613-06-

2193 5003 2295 5058 μου
2336 4984 2644 5054 παράϐασις
2664 4985 2757 5038 καὶ
2786 4983 2955 5047 λύσις.
2991 4982 3054 5036 Τί
3082 4978 3174 5038 οὖν
3206 4976 3663 5063 ἀπολογούμενοςὸ

2192 5051 2315 5130 στὸς
2336 5051 2517 5134 λέγει;
2659 5064 2872 5150 λΠατήρ
2906 5083 3035 5150 μου
3055 5064 3164 5150 ἕως
3191 5065 3320 5150 ἄρτι
3347 5059 3640 5150 ἐργάζεται,

2189 5148 2515 5219 ἐργάζομαι.
2561 5147 2751 5201 Καίτοι
2784 5164 2848 5217 γε
2881 5148 3052 5201 πολλὰ
3097 5149 3259 5219 ἐτερα
3296 5147 3422 5217 ἐνῆν
3461 5143 3635 5204 εἰπεῖν,
3675 5143 3716 5189 εἰ
3745 5144 3793 5197 τε

2191 5234 2630 5307 ἀπολογήσασθαι
2660 5235 2912 5289 ἐϐούλετο
2949 5237 3126 5308 μόνον,
3155 5235 3290 5290 ἀλλὰ
3318 5235 3391 5306 μὴ
3421 5231 3576 5297 δείξαι
3604 5227 3688 5295 τὴν
3709 5219 3790 5308 i36-

2191 5340 2348 5394 τητα.
2380 5305 2644 5388 Πολλάκις
2667 5323 2776 5395 γὰρ
2798 5305 2961 5393 ἐλύθη
2989 5323 3049 5377 τὸ
3075 5305 3362 5389 σάϐϐατον,
3381 5305 3482 5374 καὶ
3508 5314 3694 5406 πρῶτοὶι
3713 5305 3788 5406 μὲν

2191 5412 2284 5466 ἐπὶ
2312 5413 2409 5483 τῆς
2434 5413 2639 5475 πόλεως
2663 5412 2762 5482 τῆς
2802 5410 3206 5481 Ἱεριχουντίων.
3234 5411 3362 5463 Ὅτε
3386 5408 3488 5477 γὰρ
3513 5396 3786 5474 προσέϐαλον

2192 5503 2301 5562 τοῖς
2335 5499 2564 5570 τείχεσιν
2583 5541 2597 5564 ,
2620 5498 2760 5552 ἐπτὰ
2793 5500 3000 5570 ἡμέρας
3021 5497 3330 5550 ἐκελεύοντο
3355 5496 3631 5560 σάλπιγγας
3658 5493 3786 5575 vim:

2194 5587 2553 5660 χειριζόμενοι
2584 5569 2852 5658 περιιέναι
2883 5588 2950 5641 τὰ
2973 5586 3148 5657 τείχη,
3181 5586 3270 5640 καὶ
3293 5584 3458 5647 οῦτως
3478 5569 3732 5648 κατηνέχθη
3760 5579 3780 5632 ’ἶ

2255 5889 2280 5918 ⁸
2317 5887 2448 5937 ιιύτι.
2474 5887 2570 5936 ἐπεὶ
2595 5885 2722 5949 γοῦν.
