3872 6396
500 299 603 353 an;

502 414 618 467 dies
647 413 782 467 tubis
806 412 1049 467 instructi
1080 409 1307 465 circuire
1339 423 1519 463 muros
1539 449 1553 475 ,
1586 417 1639 462 et
1664 406 1741 461 sic
1770 405 1895 460 urbs
1927 420 2083 460 ever-

502 522 560 560 sa
582 515 667 561 est
696 506 830 573 (Jos.
863 505 915 559 6.
946 505 1021 575 5).
1054 501 1207 570 Quod
1229 511 1405 556 autem
1434 502 1485 555 in
1516 509 1720 570 septem
1746 498 1851 551 illis
1871 498 2081 562 diebus,

503 596 872 664 undecumque
900 593 1275 664 inceperimus,
1314 592 1590 646 sabbatum
1624 589 1862 644 incidete
1894 603 2082 642 neces-

502 700 561 741 se
591 687 681 750 sit,
722 686 892 740 cuivis
943 684 1279 739 manifestum
1333 693 1435 737 est.
1489 681 1763 736 Manifesta
1822 695 1950 750 ergo
2004 687 2086 732 est

501 777 701 830 solutio
756 776 980 830 sabbati.
1010 775 1215 829 Rursus
1254 773 1561 828 circumcidi
1597 771 1756 841 jussit
1811 769 2081 824 hominem

505 878 692 921 octavo
727 868 813 923 die
836 885 847 921 :
870 881 1090 921 necesse
1118 876 1199 920 est
1236 864 1322 919 hic
1346 879 1558 934 quoque
1589 862 1867 916 sabbatum
1898 860 2031 914 solvi
2066 875 2080 923 ;

504 976 625 1013 naut
657 976 780 1015 eum
812 962 898 1029 qui
929 960 980 1013 in
1014 958 1233 1013 sabbato
1264 966 1419 1011 natus
1444 957 1532 1022 sit,
1555 968 1770 1010 necesse
1797 961 1881 1007 est
1903 953 1953 1005 in
1979 952 2083 1005 alio

502 1053 727 1107 sabbato
765 1052 1093 1107 circumcidi.
1139 1049 1455 1105 Sacerdotes
1499 1058 1678 1103 autem
1733 1061 1854 1100 cum
1895 1043 2083 1113 majori

506 1143 754 1199 facultate
781 1143 904 1197 illud
920 1142 1218 1206 solvebant,
1234 1155 1423 1195 rursus
1442 1141 1493 1191 in
1519 1137 1741 1192 sabbato
1763 1135 2081 1190 sacrificium

503 1236 697 1292 offerre
723 1236 856 1307 jussi
892 1254 905 1291 :
937 1236 1023 1290 ubi
1054 1249 1183 1289 vero
1208 1230 1758 1295 sacrilicium,eratet
1779 1228 2079 1292 excoriare,

507 1344 695 1395 urere,
752 1338 807 1383 et
859 1328 1012 1382 altari
1077 1328 1392 1395 imponere,
1449 1333 1503 1378 et
1546 1338 1737 1393 aquam
1792 1320 1985 1376 afferre
2032 1329 2086 1375 et

508 1420 646 1488 ligna
686 1419 950 1485 scindere,
996 1428 1050 1474 et
1089 1419 1298 1473 cineres
1341 1414 1531 1470 efferre
1576 1424 1630 1469 et
1674 1413 1774 1467 alia
1815 1416 1976 1466 multa
2008 1409 2080 1465 fa-

507 1528 631 1567 cere
660 1526 879 1566 necesse
903 1521 1051 1576 erat,
1094 1521 1147 1564 et
1174 1509 1252 1563 sic
1280 1508 1559 1562 sabbatum
1596 1505 1826 1560 solvere.
1862 1503 1942 1558 Ad
1975 1504 2089 1558 [1:130

507 1618 635 1658 vero
663 1605 771 1673 ipsa
799 1604 958 1658 etiam
1003 1601 1203 1655 ereatio
1234 1599 1510 1654 sabbatum
1542 1586 1822 1652 solvebat:
1861 1610 1981 1649 nam
2010 1593 2089 1648 sol

509 1701 761 1764 operatur
797 1695 846 1748 in
875 1694 1118 1756 sabbato,
1162 1700 1217 1747 et
1258 1692 1378 1745 luna
1406 1690 1593 1755 currit,
1640 1698 1693 1744 et
1716 1688 1960 1743 diversus
2002 1688 2091 1742 ille

508 1789 782 1844 stellarum
807 1787 1001 1841 chorus
1025 1794 1263 1855 apparet,
1282 1793 1335 1839 et
1356 1783 1503 1838 venti
1520 1782 1667 1846 ï¬‚ant,
1700 1791 1754 1837 et
1778 1780 1953 1835 fontes
1974 1795 2091 1834 sca-

512 1881 734 1942 turiunt,
766 1888 818 1933 et
843 1876 1058 1931 flumina
1091 1877 1282 1942 fluunt,
1303 1889 1450 1929 mare
1479 1880 1867 1937 commovetur,
1891 1870 2095 1925 semina

508 1970 808 2041 germinant
835 1978 889 2024 et
918 1968 1130 2038 plantae,
1157 1976 1297 2022 terra
1328 1966 1486 2035 parit,
1521 1980 1620 2020 nec
1655 1980 1759 2018 non
1796 1966 1948 2019 bruta
1980 1977 2097 2016 ont-

513 2069 620 2125 nia,
645 2062 927 2131 ipsumque
956 2058 1231 2114 hominum
1259 2071 1448 2128 genus.
1478 2055 1777 2125 Numquam
1806 2054 1947 2109 enim
1982 2070 2097 2107 mu-

512 2153 641 2208 liere
663 2153 715 2207 in
740 2151 961 2205 sabbato
983 2149 1335 2220 parturiente,
1358 2158 1543 2201 natura
1559 2146 2094 2215 exspectavitlegem,

512 2245 804 2308 etdistnlit,
834 2244 1005 2299 donec
1032 2242 1312 2297 transisset
1339 2241 1640 2303 sabbatum,
1667 2250 1718 2294 et
1754 2249 1880 2293 tunc
1909 2247 2091 2309 partus

514 2340 920 2403 absolveretur;
948 2336 1041 2392 sed
1078 2351 1231 2391 suum
1256 2350 1391 2404 opus
1419 2335 1580 2388 etiam
1604 2333 1658 2387 in
1681 2332 1903 2386 sabbato
1934 2331 2097 2401 perfi-

515 2434 711 2489 ciebat.
742 2433 805 2486 Et
830 2445 1079 2501 superna:
1110 2444 1324 2499 quoque
1349 2427 1573 2481 virtutes
1602 2425 1655 2479 in
1682 2424 1903 2478 sabbato
1941 2423 2099 2477 mini-

514 2534 705 2589 strant,
760 2537 930 2594 neque
983 2522 1346 2578 intermittunt
1386 2518 1740 2574 ministerium
1792 2515 2099 2572 suum.Cur

514 2632 690 2687 ergo,
746 2615 832 2671 dic
886 2615 1058 2681 mihi,
1114 2629 1235 2668 cum
1292 2620 1371 2666 tot
1427 2611 1507 2666 sui
1551 2608 1867 2665 defendendi
1912 2608 2099 2663 modos

518 2709 760 2774 haberet,
786 2707 929 2762 nullo
961 2708 1150 2761 horum
1179 2712 1263 2765 est
1291 2718 1439 2767 usus,
1474 2716 1647 2772 neque
1678 2700 1847 2763 dixit,
1875 2699 1984 2754 Cur
2012 2714 2100 2755 me

518 2799 780 2855 accusatis
827 2798 970 2869 quod
1014 2797 1291 2853 sabbatum
1339 2793 1586 2850 solvam?
1625 2792 1933 2847 sacerdotes
1958 2792 2098 2845 enim

519 2894 569 2944 in
597 2890 812 2946 .lericho
836 2891 1145 2954 solverunt,
1171 2897 1226 2943 et
1254 2888 1306 2942 in
1338 2886 1537 2956 templo
1564 2885 1779 2938 solvunt
1812 2902 1826 2938 :
1860 2883 1985 2953 qttid
2016 2898 2101 2938 me

518 2984 782 3038 accusatis
819 2982 961 3053 quod
990 2980 1270 3035 sabbatum
1303 2978 1549 3033 solvam?
1575 2977 1657 3031 sol
1688 2977 1831 3031 enim
1866 2959 2023 3030 solvit
2047 2982 2102 3029 et

519 3077 639 3131 luna
672 3086 727 3132 et
752 3076 923 3131 stellm
950 3082 1004 3130 et
1025 3076 1198 3129 omnis
1220 3080 1488 3136 creatura,
1518 3084 1744 3139 superna
1777 3078 1830 3123 et
1861 3066 2098 3122 inferna:

516 3168 610 3223 sed
648 3168 731 3222 his
776 3165 1024 3221 omnibus
1069 3163 1248 3218 missis
1285 3161 1350 3217 ad
1399 3162 1612 3216 Patrem
1660 3160 1826 3225 venit,
1878 3158 2099 3213 dicens:

518 3260 675 3313 Pater
701 3274 841 3311 meus
868 3264 1151 3326 operatur,
1173 3263 1222 3308 et
1251 3269 1343 3324 ego
1374 3268 1577 3321 aperor.
1636 3249 1819 3318 Neque
1855 3248 1999 3303 enim
2044 3261 2103 3301 se

517 3362 722 3408 tantum
748 3350 1041 3407 defendere
1069 3348 1304 3414 volebat,
1336 3345 1431 3401 sed
1467 3345 1632 3401 etiam
1658 3342 1879 3398 honoris
1907 3341 2103 3412 parita-

520 3458 627 3503 tem
656 3445 962 3502 ostendere.
1009 3442 1134 3498 Ideo
1170 3456 1277 3497 non
1308 3440 1483 3503 dixit,
1514 3438 1760 3509 Operor;
1792 3450 2021 3505 namque
2047 3442 2103 3490 et

522 3539 637 3609 ipsa
667 3546 853 3593 natura
881 3544 1168 3603 operatur;
1196 3548 1302 3587 non
1332 3532 1476 3585 enim
1515 3530 1607 3584 ille
1632 3537 1750 3584 erat
1784 3543 1849 3583 ex
1891 3534 2106 3582 creatu-

518 3644 699 3685 rarum
729 3642 952 3683 numero
977 3644 991 3680 :
1016 3624 1108 3680 sed
1133 3666 1147 3689 ,
1177 3624 1407 3694 Operor,
1425 3637 1550 3676 nam
1569 3628 1625 3675 et
1650 3620 1808 3676 Pater
1828 3627 2100 3689 cperatur.

520 3720 672 3775 Illius
698 3718 841 3775 enim
873 3724 991 3772 erat
1013 3715 1327 3771 substantiae
1349 3723 1405 3769 et
1427 3711 1726 3783 potestatis.

589 3813 645 3868 4.
672 3810 1010 3881 QuaprOpter
1035 3823 1142 3862 non
1183 3821 1247 3862 ac
1286 3806 1329 3860 si
1375 3820 1440 3860 ex
1469 3811 1843 3859 creaturarum
1876 3814 2105 3857 numero

520 3911 687 3970 esset,
712 3916 833 3957 sese
861 3898 1124 3966 defendit,
1148 3898 1242 3954 sed
1269 3906 1328 3952 ut
1354 3897 1497 3951 illius
1520 3895 1784 3966 genuinus
1826 3895 2011 3950 Filius.
2037 3894 2105 3950 Et

519 4006 580 4051 ut
599 3996 774 4051 discas
797 3994 913 4049 htcc
940 4008 1044 4047 non
1072 4007 1142 4047 ex
1161 3994 1471 4060 conjectura
1495 3989 1635 4043 dicta
1655 3988 1842 4053 fuisse;
1860 3988 2106 4057 discipuli

520 4101 736 4158 quoque
773 4084 1063 4155 aliquando
1092 4082 1376 4139 sabbatum
1418 4082 1718 4146 solverunt,
1763 4093 1885 4134 cum
1929 4080 2108 4148 spicas

522 4180 819 4235 evellerent
848 4192 912 4230 ac
940 4173 1307 4238 comederent,
1356 4182 1410 4227 et
1437 4188 1561 4227 cum
1587 4171 1758 4227 Judtci
1788 4179 2107 4226 accusarent

523 4286 588 4327 ac
618 4271 884 4335 dicerent,
911 4268 1027 4323 Non
1050 4266 1201 4323 vides
1246 4267 1298 4321 in
1328 4266 1551 4322 sabbato
1580 4264 1707 4335 quid
1751 4264 1826 4319 illi
1871 4263 2108 4320 faciant?

524 4378 810 4432 numquam
839 4362 1057 4435 Patrem.
1078 4359 1149 4413 ibi
1183 4366 1467 4423 memorat,
1496 4356 1591 4412 sed
1613 4355 1739 4427 quid
1767 4355 1937 4411 dicit?
1982 4353 2107 4410 Non

522 4453 713 4525 legistis
749 4451 872 4523 quid
910 4451 1081 4521 fecerit
1122 4448 1288 4503 David
1332 4448 1537 4518 quando
1579 4447 1800 4502 esuriit?
1851 4446 2107 4517 quomodo

522 4544 803 4609 intraverit,
829 4553 875 4596 et
927 4558 1082 4613 panes
1124 4540 1485 4612 propositionis
1537 4539 1827 4602 comederit,
1854 4555 1979 4609 quos
2005 4555 2105 4593 non

522 4635 703 4690 licebat
745 4632 845 4705 ipsi
896 4631 1176 4695 comedere,
1207 4646 1298 4684 nec
1326 4629 1392 4683 iis
1419 4629 1505 4699 qui
1522 4645 1634 4682 cum
1660 4628 1752 4705 illo
1781 4628 1963 4682 erant?
2004 4644 2108 4683 non

520 4726 716 4795 legistis
743 4724 879 4793 quod
913 4722 1196 4778 sacerdotes
1222 4722 1295 4781 in,
1320 4720 1509 4790 templo
1536 4704 1797 4775 sabbatum
1823 4720 2038 4785 uiolant,
2061 4730 2109 4775 ct

520 4814 772 4885 i'nculpati
797 4822 913 4869 sunt
961 4812 1175 4883 (Matth.
1204 4813 1292 4867 12.
1327 4814 1362 4868 '5
1383 4843 1401 4855 -
1427 4811 1462 4867 5
1484 4811 1543 4881 )â€˜l
1574 4810 1762 4867 Videnâ€˜
1803 4811 2105 4882 quomodo,

520 4906 735 4977 quando
754 4905 822 4961 de
843 4905 1014 4961 servis
1033 4905 1125 4961 dat
1155 4906 1447 4971 rationem,
1476 4918 1666 4960 servos
1683 4903 1737 4961 in
1767 4904 2005 4961 medium
2026 4903 2107 4959 af-

1207 296 1266 351 S.
1305 292 1582 350 JOANNIS
1617 290 2093 348 CllRYSOSTONII
2133 289 2449 346 ARCHIEP.
2492 289 3023 346 CONSTANTINOP.
3609 304 3685 360 Î´Î¹Î´

2194 404 2348 471 ferat,
2384 403 2639 458 Davidcm
2667 415 2721 465 et
2752 404 3064 459 sacerdotes
3092 421 3107 469 ;
3136 404 3345 475 quando
3371 419 3525 465 autem
3546 413 3601 469 de
3620 438 3690 485 se,

2193 498 2439 551 Patrem?
2466 496 2617 564 Quod
2646 498 2689 550 si
2708 498 2995 567 aliquando
3010 498 3132 553 aliis
3155 506 3333 552 utatur
3346 478 3709 581 defensionibus;a

2193 596 2250 641 ut
2276 602 2395 641 cum
2446 587 2609 642 dicit:
2655 587 2717 643 Si
2744 589 3179 643 circumcisioneÂ»:
3206 590 3382 659 accipit
3424 593 3570 662 homo,
3606 604 3697 656 mihi

2192 679 2532 748 indignantini
2555 721 2571 747 ,
2601 683 2738 749 quod
2778 689 2936 733 totum
2964 682 3220 734 hominem
3263 698 3434 737 sanum
3458 689 3625 755 fecerim
3661 696 3700 747 á¼±Î¹

2198 771 2404 824 sabbato
2432 769 2610 842 (Joan.
2636 772 2689 824 7.
2733 769 2867 841 23)?
2893 786 2956 826 ac
2996 787 3232 837 rursum,
3264 774 3387 840 Quis
3410 792 3466 829 ea:
3486 778 3600 833 vobis
3635 796 3702 845 est,

2196 864 2282 933 qui
2324 879 2423 917 non
2462 864 2623 917 solvat
2667 878 2819 919 ovem
2848 879 2999 919 suam
3045 872 3101 919 et
3129 863 3301 919 bovem
3340 865 3484 936 (Luc.
3513 871 3585 925 13.
3611 875 3706 941 15)?

2200 954 2333 1010 nihil
2381 956 2615 1011 mirum:
2668 970 2775 1011 non
2803 956 2945 1012 enim
2993 972 3210 1028 semper
3252 958 3478 1029 loquitur
3512 965 3705 1031 utilem,

2198 1048 2293 1103 sed
2324 1047 2610 1118 aliquando
2639 1049 2801 1103 etiam
2834 1058 2891 1103 ut
2922 1048 3106 1113 homo,
3136 1049 3259 1119 quia
3286 1059 3339 1104 et
3371 1051 3497 1107 Deus
3523 1063 3569 1108 et
3589 1054 3707 1109 humo

2198 1148 2333 1193 erat.
2368 1138 2463 1193 llic
2494 1154 2623 1193 vero
2651 1140 2945 1194 secundum
2991 1140 3308 1211 dignitatem
3343 1156 3483 1197 suam
3511 1143 3706 1214 loquitur,

2200 1232 2421 1287 dicens:
2455 1230 2613 1285 Pater
2644 1249 2784 1287 meus
2814 1249 2971 1299 usque
2996 1232 3146 1287 modo
3173 1244 3432 1303 operatur,
3460 1247 3504 1289 et
3525 1254 3600 1307 ego
3621 1256 3708 1307 opt-

2202 1340 2307 1375 ror.
2340 1322 2464 1377 ltleo
2504 1323 2580 1377 ait
2621 1323 2969 1392 evangelista,
2998 1323 3460 1395 Persequcbantur
3484 1328 3611 1382 illum
3645 1331 3711 1384 lu-

2206 1414 2303 1468 daci
2326 1455 2340 1479 ,
2384 1429 2487 1469 non
2522 1415 2697 1469 solum
2727 1416 2848 1485 quia
2898 1415 3180 1471 sabbatum
3211 1417 3488 1480 solvebat,
3518 1421 3597 1473 sed
3626 1424 3711 1491 quia

2196 1509 2408 1565 Patrem
2434 1526 2587 1563 suum
2613 1510 2824 1579 dicebat
2847 1509 3033 1577 Deum,
3059 1509 3321 1581 :cqnalem
3344 1525 3403 1567 se
3429 1510 3605 1568 faciens
3622 1514 3712 1570 Deo.

2198 1600 2309 1670 Ego
2338 1615 2469 1655 vero
2497 1601 2675 1656 ethoc
2702 1601 2933 1656 libenter
2962 1601 3279 1656 hmreticum
3304 1602 3712 1673 interrogaverim:

2200 1694 2409 1748 Patrem
2445 1710 2599 1749 suum
2628 1694 2840 1749 dicebat
2886 1695 3074 1757 Deum,
3120 1704 3214 1749 aut
3266 1710 3373 1750 non
3403 1695 3624 1751 dicebat?
3656 1699 3719 1753 lu-

2198 1785 2365 1841 daica:
2410 1786 2681 1856 Opinionis
2731 1787 2833 1842 hoc
2890 1797 3027 1853 erat,
3084 1796 3177 1841 ant
3227 1789 3502 1843 sententia:
3530 1788 3719 1844 Christi?

2200 1877 2420 1933 Etiamsi
2447 1879 2591 1932 enim
2615 1877 2902 1932 admodum
2935 1879 3273 1949 impudenter
3297 1881 3487 1949 egerit,
3505 1894 3530 1931 a
3555 1881 3722 1936 veritate

2199 1970 2557 2025 convincitur.
2584 1970 2823 2037 Dicebat,
2850 1970 3009 2026 Pater
3026 1989 3164 2026 meus
3181 1988 3345 2044 usque
3368 1978 3511 2027 modo
3525 1984 3722 2042 operatur,

2201 2072 2248 2115 et
2273 2079 2363 2133 ego
2395 2079 2574 2133 operor
2594 2078 2613 2116 :
2638 2064 2877 2119 solvebat
2905 2063 3211 2129 sabbatum,
3235 2074 3335 2119 aut
3360 2080 3461 2119 non
3501 2066 3724 2121 solvebat?

2202 2156 2380 2211 Palam
2406 2166 2487 2211 est
2516 2167 2693 2212 autem
2721 2157 2864 2227 quod
2892 2157 3021 2212 illttd
3050 2158 3325 2215 solveret:
3348 2158 3564 2230 Operor,
3585 2162 3725 2229 ittquit,

2201 2258 2254 2303 et
2285 2250 2373 2303 ille
2412 2262 2685 2319 operatur.
2729 2248 2895 2321 igitur
2943 2260 3191 2306 neutrum
3229 2267 3422 2307 eorum
3451 2268 3511 2307 ex
3534 2253 3727 2324 opinione

2202 2339 2421 2395 Judaiea
2437 2350 2571 2403 erat,
2592 2341 2685 2396 sed
2714 2357 2777 2396 ex
2812 2340 3011 2396 Christi
3042 2343 3412 2399 declaratione
3438 2346 3727 2405 etsententia,

2203 2433 2417 2503 etquod
2445 2433 2678 2490 solveret
2705 2436 3008 2500 sabbatum,
3033 2444 3088 2490 et
3115 2436 3257 2506 quod
3288 2436 3502 2492 Patrem
3526 2451 3651 2490 suum
3672 2438 3731 2491 di-

2202 2534 2353 2579 ceret
2404 2524 2592 2580 Deum.
2631 2525 2915 2593 Quomodo
2956 2542 3106 2597 ergn,
3138 2542 3260 2581 cum
3289 2527 3413 2582 haec
3440 2543 3500 2582 es
3529 2529 3733 2581 scntcnlia

2203 2614 2398 2671 Christi
2447 2631 2569 2672 esse
2615 2616 2780 2684 dicat,
2813 2617 2942 2671 illud
2976 2616 3290 2673 Judacorum
3329 2619 3628 2688 suspicionis
3647 2633 3733 2673 esse

2203 2705 2359 2773 dicis,
2390 2723 2510 2762 eum
2544 2718 2719 2763 tamen
2746 2710 3141 2765 consectarium
3172 2712 3245 2765 sit
3268 2720 3331 2767 et
3353 2711 3476 2767 huic
3501 2720 3627 2766 arcte
3646 2712 3737 2780 jun~

2204 2810 2370 2865 ctum,
2400 2811 2452 2855 et
2473 2801 2633 2856 simili
2662 2801 2820 2857 modo
2845 2802 2912 2857 ab
2935 2803 3263 2874 evangelista
3291 2802 3736 2860 enuntieturlï¬‚m

2204 2907 2401 2963 quippe
2422 2893 2597 2947 omnia
2630 2902 2753 2946 sunt
2775 2894 3114 2965 evangelista:
3145 2896 3422 2951 enarratio
3443 2937 3457 2957 ,
3482 2895 3740 2963 explicantis

2205 3000 2265 3040 ea
2290 3001 2407 3055 quae
2434 3000 2462 3039 a
2484 2984 2698 3040 Christo
2719 2985 2855 3040 dicta
2883 2996 3027 3040 sunt.
3056 2984 3284 3058 Ideoque
3311 2986 3513 3043 Judaeis
3534 3002 3739 3043 accusan-

2208 3078 2370 3143 tibus,
2387 3077 2616 3144 dicebat,
2646 3077 2785 3147 quod
2812 3090 3271 3149 persequerentur
3288 3080 3467 3146 illum,
3493 3096 3588 3135 non
3612 3080 3740 3135 solum

2206 3170 2327 3239 quia
2350 3168 2627 3223 sabbatum
2654 3169 2917 3235 snlvebat,
2943 3169 3036 3223 sed
3064 3169 3221 3224 etiam
3242 3172 3371 3240 quia
3402 3171 3602 3226 Patrem
3627 3186 3739 3223 suum

2208 3259 2418 3315 dicebat
2442 3260 2630 3327 Deum,
2652 3260 2886 3332 seipsum
2922 3261 3030 3316 Deo
3057 3262 3321 3333 aequalem
3358 3262 3743 3319 faciens.\'enua

2208 3350 2321 3405 haec
2340 3351 2709 3406 haereticorum
2726 3352 3022 3408 eonfutatio
3036 3353 3124 3409 hic
3148 3353 3407 3410 idoneum
3427 3367 3479 3410 et
3496 3370 3743 3426 congruen-

2210 3450 2316 3498 tem
2348 3441 2507 3497 habet
2537 3445 2695 3498 tinem
2728 3462 2743 3497 :
2772 3445 2817 3499 si
2846 3460 2975 3500 vero
2996 3446 3159 3501 etiam
3190 3446 3408 3503 discere
3433 3448 3616 3513 velitis,
3640 3462 3748 3518 qur-

2209 3548 2332 3588 nam
2360 3534 2428 3588 sit
2448 3537 2691 3604 operatio
2707 3551 2806 3605 qua
2837 3536 2993 3592 Pater
3012 3547 3283 3608 operatur,
3305 3550 3366 3595 et
3382 3540 3544 3594 Filius
3559 3554 3745 3609 quoque;

2209 3625 2438 3681 dixerim
2469 3640 2589 3682 esse
2624 3627 3015 3697 providentiam
3046 3644 3177 3700 erga
3227 3644 3320 3685 res
3364 3645 3580 3693 omnes,
3604 3646 3747 3686 carust

2210 3719 2673 3775 conservationem
2700 3729 2756 3774 et
2783 3735 2990 3775 curam.
3022 3720 3154 3788 Quae
3178 3722 3324 3777 enim
3352 3724 3598 3778 videntur
3610 3721 3745 3777 omnia

2211 3825 2305 3866 sex
2331 3808 2541 3866 dierum
2570 3812 2743 3881 spatio
2786 3811 2925 3868 facta
2975 3823 3131 3881 sunt,
3167 3812 3231 3867 Et
3255 3816 3505 3885 requievit
3549 3815 3669 3870 Deus
3689 3814 3748 3866 sit

2212 3906 2424 3974 septimo
2472 3904 2625 3978 (Gen.
2655 3904 2711 3959 2.
2750 3906 2842 3977 2)Í¾
2874 3905 3208 3977 providentia
3238 3917 3426 3963 autem
3456 3909 3648 3963 illorum
3670 3922 3746 3959 nos

2212 4001 2496 4072 requievit.
2555 3999 2704 4056 llanc
2755 4000 2931 4070 itaque
2987 3999 3387 4070 providentiam
3434 4002 3746 4073 operationem

2214 4102 2371 4149 vocat
2416 4094 2661 4149 Christus
2693 4133 2709 4159 ,
2756 4092 2943 4148 dicens
2997 4109 3011 4146 :
3068 4091 3229 4148 Pater
3267 4110 3415 4149 meus
3442 4105 3677 4164 aperatar,
3712 4103 3747 4145 et

2214 4206 2305 4261 ego
2335 4204 2537 4258 operor,
2571 4187 2878 4258 providens,
2925 4203 3140 4255 curans,
3196 4189 3393 4261 inquit,
3442 4204 3743 4249 consensus.

2214 4283 2519 4343 continens,
2542 4280 2672 4335 nihil
2701 4281 2883 4337 sinens
2909 4280 3100 4337 difï¬‚ui.
3117 4283 3440 4355 Dogmatum
3466 4300 3586 4354 ergo
3612 4294 3741 4339 recto-

2215 4389 2335 4429 rum
2363 4374 2821 4430 demonstratione
2847 4374 2928 4429 vel
2948 4390 3016 4430 ex
3044 4375 3200 4431 dictis
3223 4387 3470 4448 accepta,
3492 4386 3747 4433 accuratum

2215 4469 2338 4523 vitae
2379 4468 2678 4523 institutum
2723 4476 2778 4522 et
2819 4466 3086 4537 dogmatis
3128 4483 3428 4540 congruum
3485 4469 3745 4524 addamus:

2215 4558 2647 4629 quandoquidem
2686 4573 2792 4613 non
2844 4558 3041 4614 sufï¬cit
3082 4560 3240 4615 nobis
3284 4561 3355 4615 ad
3405 4562 3624 4615 salutem
3664 4560 3745 4613 sola

2215 4660 2488 4707 rectorum
2514 4650 2823 4721 dogmatum
2850 4651 3100 4715 scientia,
3130 4651 3226 4708 sed
3254 4667 3392 4722 opus
3413 4663 3499 4709 est
3526 4653 3621 4706 vita
3646 4665 3747 4719 quo.

2214 4760 2318 4816 que
2362 4744 2601 4816 optima;
2634 4755 2692 4801 ut
2720 4761 2816 4815 per
2855 4743 3035 4801 omnia
3058 4746 3170 4802 Deo
3196 4748 3423 4818 gloriam
3463 4747 3744 4802 referentes.

2216 4838 2480 4909 promissa
2510 4837 2651 4893 bona
2678 4852 3107 4907 consequamur:
3131 4839 3216 4895 cui
3247 4839 3416 4910 gloria
3441 4850 3497 4895 et
3519 4836 3746 4908 impetitur

2218 4933 2272 4989 in
2300 4931 2493 4988 secula
2520 4931 2861 4987 saeculorum.
2887 4933 3082 4987 Amen.

1882 5220 2234 5285 HOMILIA
2280 5222 2363 5283 X.

533 5360 780 5431 Ejusdem
806 5361 1037 5427 Itontilia,
1057 5362 1227 5417 habita
1243 5362 1295 5417 in
1314 5363 1523 5418 ecclesia
1558 5363 1809 5435 Apostoli,
1844 5373 2108 5436 postquam

607 5452 874 5523 episcopus
900 5453 1073 5524 paucis
1093 5454 1417 5510 concionatns
1446 5454 1613 5525 fuerat
1638 5498 1654 5524 ,
1681 5457 1735 5511 in
1762 5456 1893 5511 illud
1920 5472 1940 5512 :
1966 5456 2107 5514 Mes-

2209 5367 2471 5437 juventus.
2491 5395 2565 5407 â€”
2591 5364 2804 5422 Vidistis
2829 5379 3015 5423 senem
3045 5366 3293 5424 eumdem
3321 5377 3372 5425 et
3389 5368 3737 5438 juvenemtï¬t

2216 5472 2339 5513 nem
2379 5471 2605 5527 corpore
2624 5497 2640 5523 ,
2677 5457 2928 5528 juvenem
2954 5458 3177 5515 animo?
3204 5459 3404 5515 vidistis
3434 5456 3670 5513 canitiem
3690 5450 3737 5501 vi

595 5546 672 5602 sis
707 5545 921 5615 quidem
959 5545 1124 5601 multa
1148 5587 1164 5614 ,
1213 5547 1445 5616 operarii
1472 5557 1648 5604 autem
1687 5547 1840 5618 pauci
1870 5546 2101 5620 (Matth.
2211 5561 2424 5621 gentem
2462 5559 2516 5603 et
2543 5558 2871 5605 senectutem
2913 5548 3110 5605 robore
3140 5550 3434 5620 vigentem?
3458 5549 3607 5603 Tales
3633 5541 3742 5597 eain

589 5636 644 5693 9.
671 5636 739 5692 57
762 5636 806 5709 ).

593 5729 645 5785 i.
663 5729 908 5787 Senectus
925 5730 975 5785 in
997 5727 1224 5787 Ecclesia
1240 5730 1397 5787 utilis.
1422 5729 1685 5798 Quomodo
1707 5732 1768 5787 sit
1790 5734 1941 5788 etiam
1954 5733 2091 5789 utilis

2211 5650 2332 5696 sunt
2346 5656 2432 5696 res
2446 5650 2849 5707 nostrm,eontra
2863 5656 3021 5713 quam
3031 5641 3171 5713 apud
3186 5652 3445 5697 externos.
3461 5644 3501 5695 Î‘
3510 5638 3605 5709 pud
3614 5643 3741 5689 exter

2208 5733 2485 5797 nosenim
2514 5744 2762 5791 senectus
2790 5734 2995 5791 inutilis
3017 5746 3135 5804 est;
3170 5746 3223 5791 ut
3248 5735 3391 5791 miles
3421 5732 3510 5803 qui
3538 5727 3600 5785 ad
3628 5724 3739 5781 illam
