4064 6534
162 342 245 405 5Ιὸ

166 467 304 529 πόλις.
333 466 451 518 ὀτι
472 462 531 517 δέ
552 463 607 515 ἐν
634 461 752 525 ταῖς
780 459 919 514 ἐπτά
942 459 1197 531 ἡμέραις,
1219 457 1341 511 ὅθεν
1362 456 1428 510 ἂν
1453 451 1804 524 ποιησώμεθα

164 555 237 621 τὴν
262 551 432 623 ἀρχὴν
452 589 468 615 ,
504 548 721 619 ἀνάγκη
762 547 826 600 τὸ
874 546 1147 599 σάϐϐατον
1195 543 1475 614 ἐμπεσεῖν,
1505 539 1670 593 παντί
1702 556 1805 591 που

162 640 307 709 δῆλον.
339 639 496 691 Ὅθεν
530 637 710 706 δῆλον,
746 635 829 688 ὅτι
850 634 1015 703 ἐλύθη
1039 633 1100 685 τὸ
1138 630 1428 685 σάϐϐατον.
1457 628 1627 681 Πάλιν
1648 643 1806 696 περι-

164 726 419 796 τέμνεσθαι
452 724 702 777 ἐκέλευεν
739 721 1023 792 ἄνθρωπον
1054 721 1120 789 τῇ
1157 718 1321 789 ὀγδόῃ
1348 715 1561 786 ἡμέρᾳο
1594 713 1807 782 ἀνάγκη

164 815 235 866 καὶ
276 810 504 865 ἐνταῦθα
546 810 707 864 πάλιν
756 806 819 861 τὸ
854 806 1137 861 σάϐϐατον,
1169 804 1393 857 λύεσθαι
1418 821 1432 834 ο
1474 804 1566 856 τὸν
1605 801 1712 871 γὰρ
1752 801 1805 853 ἐν

165 900 385 969 σαϐϐάτῳ
406 898 667 967 τεχθέντα
694 896 908 965 ἀνάγκη
937 894 1016 963 τῷ
1044 893 1216 964 ἐτέρῳ
1250 891 1507 965 σαϐϐάτῳ
1534 908 1601 943 πε
1612 906 1808 961 ριτμη-

165 990 312 1058 θῆναι.
343 988 403 1041 Οἰ
446 986 504 1039 δὲ
553 985 717 1055 ἱερεῖς
753 984 846 1036 καὶ
888 980 1028 1052 μετά
1074 979 1318 1044 πλείονος
1354 978 1455 1049 τῆς
1493 975 1812 1048 περιουσίας

165 1076 267 1128 αὐτὸ
298 1074 447 1126 έλυον
471 1113 485 1135 ,
513 1069 681 1142 {386]
717 1070 810 1123 καὶ
858 1080 885 1109 α
922 1067 1084 1121 πάλιν
1114 1065 1304 1119 θυσίαν
1344 1067 1401 1118 ἐν
1434 1064 1688 1133 σαϐϐάτῳ
1722 1080 1813 1116 κε-

164 1162 411 1232 λευόμενοι
456 1157 758 1228 ἀναφέρειν
780 1172 794 1186 ·
833 1155 967 1209 ὅπου
1013 1153 1068 1206 δὲ
1102 1152 1280 1217 θυσία,
1316 1152 1407 1206 καὶ
1446 1150 1687 1222 ἐκδέρειν
1718 1148 1812 1204 καὶ

166 1254 331 1311 καίειν,
372 1249 469 1302 καὶ
521 1244 824 1301 ἐπιτιθέναι
868 1242 1281 1313 θυσιαστηρίῳ,
1327 1242 1421 1295 καὶ
1465 1241 1809 1310 ὑδροφορεῖν,

165 1342 240 1392 καὶ
281 1336 407 1403 ξύλα
449 1335 699 1404 διακλᾷν,
755 1332 849 1385 καὶ
910 1331 1121 1401 τέφραν
1168 1329 1446 1400 ἐκφέρειν,
1509 1328 1602 1381 καὶ
1647 1328 1814 1400 ἔτερα

163 1424 355 1477 τ-λείονα
402 1423 580 1474 ποιεῖν
614 1420 827 1490 ἀνάγκη
862 1413 952 1489 ἦν,
998 1419 1091 1471 καὶ
1131 1416 1220 1470 διὰ
1271 1414 1426 1470 τοῦτο
1456 1414 1516 1468 τὸ
1547 1414 1813 1469 σάϐϐατον

160 1511 375 1564 λύεσθαι.
422 1508 580 1562 Μετὰ
609 1506 814 1560 τούτων
858 1507 951 1559 καὶ
1000 1507 1033 1577 ἡ
1083 1504 1257 1568 κτίσις
1283 1502 1420 1575 αὑτὴ
1453 1502 1512 1556 τὸ
1547 1502 1813 1556 σάϐϐατον

160 1601 264 1652 ἔλυε
283 1615 295 1627 ·
332 1598 426 1651 καὶ
453 1596 565 1667 γάρ
595 1596 745 1665 ἥλιος
775 1594 1067 1664 ἐργάζεται
1100 1594 1159 1645 ἐν
1188 1591 1462 1662 σαϐϐάτῳ,
1492 1591 1585 1644 καὶ
1617 1591 1812 1661 σελήνη

158 1688 338 1759 τρέχει,
368 1685 461 1737 καὶ
514 1684 544 1734 ὁ
594 1682 835 1745 ποικίλος
882 1680 990 1734 τῶν
1041 1682 1254 1750 ἄστρων
1293 1680 1472 1749 φαίνει
1510 1678 1689 1749 χορὸς,
1719 1678 1813 1731 καὶ

160 1778 325 1844 ἀνεμοι
355 1771 598 1833 πνέουσι,
631 1770 724 1823 καὶ
754 1769 928 1838 πηγαὶ
964 1767 1206 1840 βρύουσι,
1232 1768 1326 1820 καὶ
1356 1767 1588 1836 ποταμοὶ
1612 1765 1812 1836 ῥέουσι,

156 1860 240 1915 καὶ
265 1860 500 1913 θάλαττα
528 1859 780 1919 κινεῖται,
816 1856 909 1909 καὶ
944 1855 1231 1925 σπέρματα
1266 1853 1570 1919 ἀναδίδοται
1603 1853 1694 1904 καί.
1716 1871 1817 1922 φυ-

160 1949 233 2007 τὰ,
265 1948 355 1999 καὶ
397 1947 430 2016 ἡ
476 1944 552 2013 γῆ
603 1942 777 1995 τίκτει
815 1940 909 1995 καὶ
941 1939 1012 1993 τὰ
1040 1940 1208 2007 ἄλογα
1245 1941 1481 2003 ᾶπαντα,
1517 1937 1595 1990 έτι
1636 1938 1692 1990 δέ
1724 1940 1817 1992 καὶ

161 2034 209 2086 τὸ
236 2033 335 2085 τῶν
372 2030 675 2104 ἀνθρώπων
703 2029 876 2097 γένος.
916 2026 1183 2079 Οὐδέποτε
1211 2025 1341 2097 γάρ,
1372 2024 1627 2095 γυναικὸς
1654 2025 1817 2079 κυού-

166 2139 246 2190 c1};
275 2123 329 2172 ἐν
364 2119 639 2188 σαϐϐάτῳ,
674 2119 706 2186 ἡ
740 2116 900 2185 φύσις
933 2115 1184 2185 ἀνέμεινε
1227 2116 1319 2168 τὸν
1364 2114 1547 2184 νόμον,
1588 2113 1684 2166 καὶ
1731 2113 1818 2179 ἐξ·

163 2208 355 2271 εδέξατο
403 2206 693 2277 παρελθεῖν
726 2206 786 2258 τὸ
821 2203 1107 2267 σάϐϐατον,
1141 2202 1234 2255 καὶ
1281 2201 1401 2255 τότε
1448 2201 1674 2271 λυθῆναι
1719 2199 1815 2263 τὰς

115 2291 123 2299 “
162 2296 357 2359 ὠδῖνας,
383 2293 518 2346 ἀλλά
550 2291 834 2362 εἰργάζετο
869 2289 930 2342 τὸ
977 2289 1174 2359 ἑαυτῆς
1213 2288 1371 2359 ἔργον
1420 2288 1512 2340 καὶ
1548 2285 1815 2340 σαϐϐάτου

160 2385 311 2444 ὄντος.
350 2381 459 2434 Καὶ
488 2381 546 2433 αἰ
575 2380 688 2433 άνω
726 2379 780 2432 δὲ
811 2378 1069 2448 δυνάμεις
1105 2375 1497 2447 ὑπηρετοῦνται
1528 2376 1585 2427 ἐν
1616 2374 1810 2427 σαϐϐά⁹

160 2487 246 2539 τῳ,
276 2468 367 2522 καὶ
388 2468 448 2520 οὐ
472 2467 889 2537 διαλιμπάνουσι
913 2465 1010 2533 τὴν
1032 2463 1305 2517 διακονίαν
1328 2462 1425 2533 τὴν
1453 2463 1660 2515 ἑαυτῶν
1682 2462 1820 2532 πλη-

162 2555 354 2624 ροῦσαι.
389 2555 544 2617 Τίνος
575 2550 667 2607 οῦν
690 2552 898 2615 ἐνεκεν,
934 2550 1055 2604 εἰπέ
1088 2568 1197 2621 μοι,
1235 2549 1502 2612 τοσαύτας
1525 2548 1662 2618 έχων
1682 2549 1818 2601 ἀπο-

162 2642 327 2711 λογίας
361 2641 615 2713 ἀφορμάς
636 2680 649 2701 ,
688 2639 912 2709 οὐδεμία
942 2636 1145 2691 τούτων
1181 2636 1463 2707 κέχρηται,
1494 2636 1613 2689 οὑδὲ
1650 2635 1818 2704 λέγει,

160 2730 216 2782 Τί
236 2748 318 2800 μοι
348 2730 647 2797 ἐγκαλεῖτε,
683 2727 764 2781 ὅτι
812 2726 922 2779 λύω
953 2724 1014 2778 τὸ
1050 2724 1352 2789 σάϐϐατον;
1384 2724 1475 2777 καὶ
1515 2724 1623 2794 γὰρ
1652 2725 1698 2777 οἱ
1741 2724 1818 2777 ἰε-

168 2818 266 2885 ρεῖς
290 2818 345 2869 ἐν
382 2815 693 2887 Ἱεριχοῦντι
718 2813 933 2879 ἔλυσαν,
964 2812 1058 2867 καὶ
1090 2813 1139 2865 οί
1169 2813 1226 2865 ἐν
1256 2810 1332 2882 τῷ
1365 2810 1493 2883 ἱερῷ
1525 2811 1740 2865 λύουσι·
1766 2811 1819 2865 τί

172 2922 248 2974 μοι
280 2904 580 2972 ἐγκαλεῖτε,
610 2903 691 2956 δτι
739 2902 850 2956 λύω
900 2901 1199 2967 σάϐϐατον;
1233 2901 1328 2954 καὶ
1361 2900 1469 2971 γάρ
1511 2900 1661 2971 ἥλιος
1704 2900 1818 2953 λύει

172 2994 250 3044 καί
280 2993 471 3063 σελήνη
520 2993 617 3046 καὶ
655 2990 885 3062 ἀστέρες
917 2990 1011 3043 καὶ
1044 2991 1193 3043 πᾶσα
1226 2990 1259 3059 ἡ
1292 2989 1488 3053 κτίσις,
1520 2989 1675 3059 καὶὴ
1708 2988 1821 3042 ἀνω

173 3082 251 3132 καί
278 3082 309 3150 ἡ
339 3081 486 3134 κάτω
506 3094 519 3107 ⁶
550 3079 686 3133 ἀλλά
717 3078 894 3132 πάντα
927 3075 1099 3131 ταῦτα
1137 3078 1317 3146 ἀφεὶς,
1347 3077 1439 3129 ἐπὶ
1469 3075 1560 3129 τὸν
1603 3076 1822 3147 Πατέρα

170 3164 330 3238 ἦλθεν,
352 3168 526 3237 λέγων
546 3184 559 3196 ·
608 3168 662 3220 Ὁ
694 3166 897 3234 Πατήρ
920 3184 1042 3236 μου
1069 3163 1387 3234 ἐργάζεται,
1410 3163 1569 3235 κάγὼ
1590 3163 1823 3233 ἐργάζο-

170 3275 275 3325 μαι.
299 3258 370 3309 Οὐ
397 3255 506 3327 γάρ
537 3255 601 3325 δὴ
634 3254 1076 3326 ἀπολογήσασθαι
1103 3253 1353 3306 ἐϐούλετο
1375 3251 1555 3324 μόνον,
1577 3252 1709 3306 ἀλλά
1731 3252 1825 3306 καὶ

174 3350 255 3419 τήν
284 3348 545 3419 ἰσοτιμίαν
586 3347 776 3414 δεῖξαι.
810 3346 905 3399 Διὰ
950 3345 1108 3399 τοῦτο
1150 3344 1247 3397 οὐκ
1279 3338 1821 3415 εἶπεν,Ἐργάζομαι,

179 3436 252 3487 καὶ
283 3436 383 3505 γάρ
413 3438 445 3506 ἡ
479 3434 659 3497 κτίσις
700 3430 993 3505 ἐργάζεται
1014 3448 1028 3462 σ
1076 3431 1136 3484 οὑ
1187 3430 1294 3500 γὰρ
1326 3425 1395 3501 ἦν
1426 3430 1523 3499 τῆς
1558 3429 1786 3492 κτίσεως
1809 3444 1822 3457 ⁸

179 3522 660 3595 ἁλλ’,Ἐργάζομαι,
691 3522 785 3574 καὶ
816 3520 925 3592 γὰρ
951 3521 978 3574 ὁ
1002 3518 1193 3589 Πατὴρ
1232 3516 1540 3588 ἐργάζεται.
1576 3517 1687 3587 Τῆς
1718 3518 1825 3589 γάρ

180 3609 340 3673 οὐσίας
365 3610 579 3680 ἐκείνης
604 3604 671 3679 ἦν
696 3606 789 3660 καὶ
815 3607 914 3677 τῆς
940 3604 1207 3672 ἐξουσίας.

237 3697 289 3752 δ’.
329 3698 422 3750 Διά
458 3696 618 3751 τοῦτο
659 3696 756 3765 οὐχ
793 3694 868 3757 ὼς
916 3693 1019 3763 τῆς
1064 3693 1293 3757 κτίσεως
1337 3691 1413 3745 ὣν
1457 3692 1825 3760 ἀπολογεῖται,

184 3784 278 3837 ἀλλ’
306 3786 377 3848 ὡς
410 3785 620 3838 ἐκείνου
669 3782 915 3853 γέννημα
961 3783 1197 3850 γνήσιον.
1235 3781 1345 3833 Καὶ
1382 3781 1467 3834 ἵνα
1523 3779 1700 3851 μάθῃς
1744 3781 1827 3833 ὅτι

185 3872 233 3923 οὐ
260 3871 555 3943 στοχασμὸς
589 3869 657 3924 τά
682 3867 968 3942 εἰρημένα,
1000 3867 1194 3922 ἔλυσάν
1229 3884 1355 3921 ποτε
1391 3869 1484 3921 καὶ
1511 3868 1559 3921 οί
1590 3867 1828 3939 μαθηταὶ

184 3960 233 4012 τὸ
256 3960 511 4014 σάϐϐατον
543 3958 811 4021 τίλλοντες
846 3957 1083 4026 στάχυας
1112 3956 1205 4009 καὶ
1229 3955 1517 4018 ἐσθίοντες,
1543 3956 1639 4009 καὶ
1664 3957 1830 4025 ἐγκα-

184 4046 386 4101 λούντων
416 4046 526 4101 τῶν
565 4045 832 4100 Ἰουδαίων
858 4045 951 4097 καὶ
993 4044 1286 4113 λέγοντωνο
1305 4043 1416 4113 Οὑχ
1444 4043 1574 4115 ὁρᾷς
1603 4043 1660 4097 ἐν
1696 4042 1829 4096 σαϐ-

185 4134 310 4206 ϐάτῳ
356 4134 407 4189 τί
450 4127 598 4189 οῦτοι
642 4131 916 4199 ποιοῦσιν;
948 4130 1183 4201 οὐδαμοῦ
1221 4128 1314 4181 τοῦ
1343 4128 1555 4200 Πατρός
1585 4128 1827 4201 ἐμνήσθη

184 4224 296 4289 ἐκεῖ,
324 4222 457 4277 ἀλλά
479 4222 534 4276 τί
561 4237 757 4292 φησιν;
784 4220 905 4273 Οὐκ
928 4219 1229 4288 ¹ἀνέγνωτε
1259 4216 1317 4270 τί
1341 4216 1592 4284 ἐποίησε
1624 4216 1825 4279 Δαυῒδ,

182 4313 262 4367 ὅτε
292 4314 607 4374 ἐπείνασε;
642 4308 769 4376 πῶς
795 4307 1045 4377 εἰσῆλθε
1061 4306 1110 4372 b,
1142 4306 1240 4359 καὶ
1279 4304 1421 4371 τοὺς
1454 4305 1674 4373 ἄρτους
1718 4304 1829 4374 τῆς

181 4400 489 4468 προθέσεως
531 4400 775 4468 ἔφαγεν,
817 4395 925 4460 οὓς
964 4397 1075 4449 οὐκ
1118 4393 1264 4459 ἐξὸν
1302 4392 1462 4459 αὐτῷ
1501 4389 1581 4463 ἦν
1618 4392 1830 4462 φαγεῖν

182 4487 262 4539 καί
284 4487 401 4555 τοῖς
419 4485 548 4557 μετ’
572 4483 759 4538 αὑτοῦ
773 4499 790 4545 ;
813 4484 923 4536 οὐκ
944 4480 1237 4551 ἀνέγνωτε
1263 4480 1351 4534 ὅτι
1381 4482 1435 4533 οἱ
1454 4478 1629 4547 ἱερεῖς
1658 4479 1728 4532 ἐν
1750 4479 1831 4545 τῷ

180 4575 296 4644 ἱερῷ
331 4576 395 4629 τὸ
435 4573 744 4628 σάϐϐατον
774 4569 1112 4638 ,ϐεϐηλοῦσι
1136 4610 1151 4634 ,
1194 4567 1293 4622 καί
1336 4568 1591 4623 ἀναίτιοί
1630 4570 1788 4622 εἰσιν
1809 4584 1829 4632 ;

189 4662 331 4734 Ὁρᾷς
358 4661 498 4729 πῶς,
528 4662 617 4715 ὅτε
667 4659 764 4731 μὲν
814 4656 956 4729 ὑπὲρ
990 4655 1101 4710 τῶν
1129 4655 1330 4710 δούλων
1360 4658 1591 4710 ποιεῖται
1618 4655 1709 4711 τὸν
1738 4654 1829 4709 λό-

234 4810 255 4838 ⁸
280 4808 553 4859 Delendum
574 4804 657 4856 καί
680 4808 735 4853 ιιι
755 4804 951 4866 legatur
973 4802 1106 4866 ξλυον
1136 4800 1275 4866 πάλιν
1298 4801 1541 4866 ﬁniam...

230 4869 258 4912 δ
275 4871 391 4922 Bibl.
414 4871 519 4926 πῶς
539 4868 751 4927 εἰσῆλθεν
774 4861 839 4923 εἰς
857 4866 938 4914 τὸν
961 4864 1091 4913 οἶκον
1108 4861 1194 4913 τοῦ
1218 4862 1361 4914 Θεοῦ.

867 342 914 397 Χ
952 338 1258 406 ΠΟΒΠΙᾹΑ,
1293 338 1359 395 ΙΝ
1400 337 1628 403 ILLUD,
1669 332 1819 390 MES:

1964 331 2227 401 QUIDEM
2297 333 2557 402 MULTA,
2595 335 2728 392 ETC

3484 333 3591 395 5I6

1906 468 2021 520 γον,
2052 452 2179 514 τοὺς
2215 452 2430 515 δούλους
2473 454 2551 515 είς
2583 453 2746 523 μέσον
2776 452 2953 522 φέρει,
2988 451 3077 506 τὸν
3114 451 3280 506 Δαυῒδ
3322 451 3411 507 καὶ
3462 457 3588 520 τοὺς

1911 537 2118 608 ἱερέας·
2152 539 2238 590 ὅτε
2269 538 2323 590 δέ
2356 540 2492 609 ὑπὲρ
2524 537 2740 604 ἑαυτοῦ,
2766 539 2857 593 τὸν
2898 539 3149 609 Πατέρα;
3184 540 3242 593 El
3276 539 3332 593 δέ
3364 558 3465 593 που
3492 543 3587 595 καὶ

1908 626 2122 697 ἑτέραις
2153 615 2415 697 κέχρηται
2446 627 2781 696 ἀπολογίαις,
2815 629 2889 691 ὡς
2936 629 3061 681 ὅταν
3104 628 3239 700 λέγῃ
3261 645 3275 659 ⁸
3322 631 3389 683 El
3422 645 3587 698 περιο

1908 713 2097 783 τομὴν
2140 712 2425 781 λαμϐάνει
2471 713 2815 782 ἄνθρωπος,
2853 714 2979 785 ἐμοὶ
3021 715 3276 783 χολᾶτε,
3312 715 3400 770 ὅτι
3441 717 3590 772 6.10-

1909 802 2225 869 ἄνθρωπον
2261 799 2395 870 ὑγιῆ
2423 801 2800 870 ἐποιησάμην
2829 802 2897 855 ὲν
2931 802 3239 870 σαϐϐάτῳ;
3272 804 3364 858 καὶ
3393 805 3550 859 πάλιν
3569 823 3583 835 ·

1880 886 2012 953 ίτίς
2057 887 2120 951 ἐξ
2165 887 2329 956 ὑμῶν
2356 889 2547 953 ἐστιν,
2586 888 2653 952 ὃς
2694 892 2766 943 οὐ
2808 890 2939 943 λύει
2984 889 3050 944 τὸ
3077 892 3373 958 πρόϐατον
3401 894 3588 949 αὑτοῦ

1911 976 2008 1027 καὶ
2031 976 2135 1028 τὸν
2156 975 2353 1040 ,ϐοῦν;
2376 974 2525 1027 οὐδὲν
2549 974 2859 1044 θαυμαστόν
2882 992 2893 1004 ·
2926 977 2987 1029 οὑ
3018 976 3125 1047 γάρ
3147 977 3322 1032 πάντα
3339 979 3413 1043 ὡς
3432 979 3586 1045 Θεὸς,

1910 1062 2025 1116 ἀλλ’
2054 1061 2202 1115 ἔστιν
2232 1062 2363 1115 ὅπου
2392 1062 2486 1114 καὶ
2511 1061 2586 1119 ὼς
2617 1061 2901 1133 ἄνθρωπος
2933 1062 3257 1131 διαλέγεται,
3286 1066 3471 1136 ἐπειδὴ
3492 1068 3589 1120 καὶ

1911 1149 2043 1213 Θεὸς
2075 1150 2168 1203 καὶ
2206 1149 2491 1219 ἄνθρωπος
2530 1143 2618 1219 ἦν.
2638 1148 2899 1202 Ἐνταῦθα
2929 1149 3110 1220 μέντοι
3145 1150 3278 1221 πρὸς
3301 1153 3401 1222 τὴν
3432 1152 3588 1219 ἀξίαν

1912 1237 2007 1308 τὴν
2039 1236 2229 1291 ἐαυτοῦ
2267 1236 2556 1305 φθέγγεται
2583 1236 2784 1306 λέγων·
2831 1236 2883 1289 Ὁ
2912 1236 3114 1306 Πατήρ
3142 1255 3261 1308 μου
3307 1238 3419 1305 ἕως
3458 1240 3590 1309 ἄρτι

1911 1325 2205 1395 ἐργάζεται
2243 1324 2404 1395 κάγὼ
2426 1322 2753 1393 ἐργάζομαι.
2786 1323 2885 1377 Διά
2908 1323 3065 1377 τοῦτό
3101 1342 3265 1397 φησιν
3297 1328 3325 1379 ό
3358 1327 3589 1397 εὐαγγε-

1912 1415 2119 1485 λιστὴς,
2138 1414 2393 1467 Ἐδίωκον
2422 1413 2583 1467 αὑτὸν
2615 1414 2664 1465 οἱ
2708 1413 2969 1478 Ἰουδαῖοι,
2998 1414 3059 1467 οὑ
3097 1415 3256 1486 μόνον
3284 1416 3364 1470 ὃτι
3388 1416 3509 1470 ἔλυε
3529 1418 3591 1471 τὸ

1914 1502 2201 1567 σάϐϐατον,
2240 1501 2351 1555 ἀλλ’
2378 1502 2458 1554 δτι
2482 1502 2574 1555 καὶ
2604 1501 2823 1571 Πατέρα
2853 1502 2980 1554 ἴδιον
3009 1501 3161 1571 έλεγε
3181 1503 3272 1556 τὸν
3298 1503 3453 1569 Θεὸν,
3479 1506 3590 1559 ίσον

1914 1591 2105 1645 ἐαυτὸν
2143 1588 2311 1643 ποιῶν
2344 1588 2424 1658 τῷ
2456 1588 2596 1659 Θεῷ.
2615 1587 2757 1658 Ἐγὼ
2788 1588 2842 1641 δέ
2885 1590 3105 1643 κάκεῖνο
3140 1591 3307 1661 ἡδέως
3340 1591 3405 1645 ἂν
3450 1592 3592 1663 ἐροί-

1921 1696 2027 1750 μην
2059 1678 2149 1732 τὸν
2176 1677 2447 1750 αἱρετικόν
2466 1695 2478 1707 ο
2515 1676 2733 1747 Πατέρα
2773 1676 2901 1729 ίδιον
2936 1676 3086 1750 ἔλεγε
3111 1676 3201 1730 τὸν
3230 1677 3382 1742 Θεὸν,
3423 1678 3455 1748 ἢ
3486 1680 3588 1732 οὐκ

1916 1748 2069 1835 ἔλεγε
2092 1783 2107 1830 ;
2132 1748 2245 1837 τῆς
2275 1764 2572 1834 Ἰουδαϊκῆς
2601 1764 2851 1827 ὑπονοίας
2876 1748 3032 1817 τοῦτο
3068 1759 3157 1835 ἦν,
3187 1764 3219 1835 ἢ
3248 1768 3347 1835 τῆς
3381 1765 3591 1834 ἀποφά-

1919 1872 2057 1918 σεως
2084 1853 2177 1907 τοῦ
2208 1851 2474 1925 Χριστοῦς
2508 1851 2613 1906 κᾶν
2645 1850 2752 1921 γὰρ
2783 1851 3039 1922 μυριάκις
3068 1852 3418 1923 ἀναισχυντῇ.
3441 1854 3591 1925 παρὰ

1916 1942 2013 2012 τῆς
2041 1940 2298 2011 ἀληθείας
2321 1941 2617 2011 ἐλέγχεται.
2639 1938 2791 2011 [587]
2809 1938 3053 2007 Ἔλεγεν,
3070 1940 3150 1992 ὅτι
3176 1940 3228 1992 Ὀ
3253 1941 3454 2011 Πατήρ
3473 1962 3592 2013 μου

1916 2032 2026 2097 ἕως
2048 2031 2177 2099 ἄρτι
2199 2029 2514 2100 ἐργάζεται,
2539 2028 2700 2098 κάγὼ
2729 2026 3037 2097 ἐργάζομαι
3056 2046 3069 2059 ·
3096 2028 3216 2082 ἔλυε
3236 2029 3297 2083 τὸ
3322 2031 3591 2087 σάϐϐατον

1917 2118 2067 2189 ἢούκ
2092 2118 2242 2169 έλυεν
2263 2135 2277 2183 ;
2312 2116 2544 2187 Εύδηλον
2562 2118 2643 2170 ὅτι
2666 2116 2816 2169 ἔλυεν
2835 2133 2848 2145 ·
2863 2115 3213 2190 Ἐργάζομαι.
3227 2136 3299 2188 φη
3310 2120 3379 2179 σὶ.
3403 2122 3592 2174 κάκεῖ-

1911 2222 2008 2268 ,νος
2052 2205 2361 2275 ἐργάζεται.
2399 2204 2605 2257 Οὐκοῦν
2634 2204 2912 2275 οὐδέτερον
2943 2202 3144 2258 τούτων
3193 2206 3292 2275 τῆς
3336 2208 3593 2273 ὑπονοίας

1916 2287 1984 2363 ἦν
2031 2292 2130 2362 τῆς
2168 2291 2642 2363 Ἰουδαῖκῆς,ἀλλά
2688 2291 2787 2359 τῆς
2818 2290 2912 2344 τοῦ
2962 2290 3199 2363 Χριστοῦ
3252 2298 3593 2367 κατασκευῆς

1917 2398 1978 2434 τε
2028 2382 2120 2434 καὶ
2167 2380 2512 2450 ἀποφάσεως,
2547 2380 2642 2433 καὶ
2676 2380 2735 2432 τὸ
2781 2379 2925 2433 λύειν
2974 2380 3032 2433 τὸ
3077 2380 3363 2447 σάϐϐατον,
3394 2385 3490 2438 καὶ
3534 2384 3595 2438 τὸ

1921 2468 2139 2539 Πατέρα
2168 2468 2297 2521 ίδιον
2321 2468 2498 2535 λέγειν
2525 2468 2614 2520 τὸν
2634 2467 2784 2520 Θεὸν.
2806 2468 2932 2531 Πῶς
2955 2464 3068 2530 οῦν,
3097 2467 3267 2522 ταῦτα
3296 2469 3467 2539 λέγων
3493 2472 3593 2541 τῆς

1919 2556 2248 2624 ἀποφάσεως
2284 2550 2421 2607 εἶναι
2451 2555 2544 2607 τοῦ
2574 2554 2827 2625 Χριστοῦ,
2856 2556 3031 2607 ἐκεῖνο
3057 2555 3156 2626 τῆς
3186 2555 3294 2611 τῶν
3327 2557 3595 2613 Ἰουδαίων

1921 2644 2174 2706 ὑπονοίας
2200 2642 2397 2710 λέγεις,
2421 2642 2617 2712 ἐφεξῆς
2642 2643 2890 2713 κείμενον
2916 2642 3011 2696 καὶ⁸
3034 2645 3377 2715 συνημμένον
3397 2646 3592 2718 τούτῳ,

1920 2732 2014 2785 καί
2031 2730 2231 2801 ὁμοίως
2251 2730 2668 2801 ἀπηγγελμένον
2690 2748 2764 2782 πα
2770 2728 2838 2801 ρὰ
2854 2729 2945 2783 τοῦ
2969 2730 3351 2800 εὐαγγελιστοῦ
3372 2749 3386 2799 ;
3413 2734 3596 2789 Πάντα

1920 2822 2027 2890 γὰρ
2077 2818 2252 2871 ταῦτα
2298 2818 2606 2886 ἀπαγγελία
2655 2817 2749 2870 τοῦ
2794 2817 3177 2886 εὐαγγελιστοῦ
3223 2820 3391 2887 ἐστιν,
3424 2822 3595 2894 ἐρμη-

1921 2908 2165 2971 νεύοντος
2195 2906 2262 2960 τά
2300 2906 2451 2978 παρά
2478 2905 2570 2959 τοῦ
2606 2904 2844 2975 Χριστοῦ
2879 2907 3163 2979 εἰρημένα.
3200 2908 3291 2961 Διὸ
3331 2911 3425 2963 καὶ
3469 2912 3597 2964 Ἰουο

1922 2996 2084 3050 δαίων
2128 2996 2500 3064 ἐγκαλούντων
2533 2993 2735 3062 ἔλεγεν,
2771 2994 3105 3051 ὃτιέδίωκον
3133 2996 3314 3061 αὑτὸν,
3339 2998 3399 3050 οὐ
3437 2999 3596 3069 μόνον

1922 3087 2005 3138 ὃτι
2031 3084 2151 3137 ἔλυε
2178 3084 2236 3136 τὸ
2268 3082 2556 3145 σάϐϐατον,
2594 3081 2710 3135 ἀλλ’
2736 3082 2818 3134 ὅτι
2847 3081 2939 3135 καὶ
2965 3083 3182 3154 Πατέρα
3215 3085 3408 3138 ἐαυτοῦ
3443 3086 3595 3157 ἔλεγε

1922 3171 2014 3224 τὸν
2060 3169 2212 3233 Θεὸν,
2242 3170 2353 3223 ἴσον
2398 3168 2586 3221 ἐαυτὸν
2634 3167 2802 3222 ποιῶν
2836 3168 2913 3240 τῷ
2949 3170 3087 3241 Θεῷ.
3106 3171 3243 3223 Ἀλλ’
3272 3174 3300 3225 ὁ
3327 3174 3425 3243 μέν
3453 3174 3597 3228 κατὰ

1923 3258 2031 3313 τῶν
2058 3256 2346 3328 αἱρετικῶν
2372 3256 2589 3326 ἐλεγχος
2611 3256 2813 3325 ἀρκοῦν
2851 3256 2963 3328 ἔχει
3006 3259 3066 3311 τὸ
3105 3258 3286 3321 τέλος·
3323 3261 3370 3312 εί
3396 3260 3452 3314 δὲ
3479 3261 3597 3330 βού·

1925 3347 2079 3401 λεσθε
2112 3348 2204 3401 καὶ
2236 3346 2332 3417 τὴν
2363 3346 2625 3419 ἐργασίαν
2665 3346 2855 3416 μαθεῖν
2893 3346 2973 3409 τίς
3004 3348 3131 3399 ποτέ
3160 3348 3304 3401 ἐστιν
3335 3349 3399 3419 ἦν
3427 3351 3455 3403 ό
3487 3350 3599 3404 Πα-

1923 3435 2029 3507 τὴρ
2066 3434 2375 3506 ἐργάζεται,
2410 3433 2503 3487 καὶ
2535 3432 2603 3505 ἢν
2634 3435 2661 3487 ό
2690 3432 2837 3500 Υἱὸς,
2868 3434 2967 3504 τήν
3007 3435 3259 3504 πρόνοιαν
3288 3435 3497 3507 εἴποιμι
3530 3438 3597 3491 ἂν

1924 3522 2032 3574 τῶν
2072 3520 2261 3587 ὄντων,
2292 3521 2390 3591 τὴν
2435 3520 2814 3591 διακράτησιν,
2858 3520 2958 3591 τὴν
3002 3521 3343 3593 κηδεμονίαν.
3382 3524 3461 3578 Τά
3498 3524 3597 3595 μὲν

1925 3608 2034 3679 γάρ
2062 3609 2360 3679 φαινόμενα
2386 3608 2563 3662 πάντα
2594 3609 2651 3660 ἐν
2680 3606 2740 3673 ἐξ
2769 3609 3003 3679 ἡμέραις
3034 3609 3225 3679 γέγονε
3246 3628 3259 3641 ο
3308 3612 3412 3665 Καὶ
3457 3630 3597 3666 κατ-

1926 3699 2198 3752 έπαυσεν
2230 3700 2263 3750 ό
2294 3698 2438 3764 Θεὸς
2469 3697 2538 3750 ἐν
2582 3695 2657 3765 τῇ
2680 3696 2870 3765 ἡμέρᾳ
2911 3695 2986 3766 τῇ
3023 3698 3240 3768 ἐϐδόμῃ
3262 3718 3274 3731 ο
3317 3702 3350 3771 ή
3383 3700 3439 3754 δὲ
3473 3700 3601 3773 πρό-

1928 3806 2047 3843 νοια
2083 3787 2262 3841 αὐτῶν
2296 3788 2397 3841 οὐκ
2427 3786 2721 3840 ἐπαύσατο.
2754 3784 2967 3857 Ταύτην
2995 3787 3173 3841 τοίνυν
3213 3788 3311 3859 τὴν
3342 3788 3599 3860 πρόνοιαν

1928 3876 2190 3949 ἐργασίαν
2219 3874 2375 3929 καλεῖ
2397 3877 2424 3929 ὁ
2451 3873 2703 3946 Χριστὸς,
2730 3874 2905 3943 λέγων
2923 3891 2939 3909 ο
2974 3875 3028 3927 Ὀ
3055 3875 3258 3943 Πατήρ
3279 3893 3399 3945 μου
3425 3876 3600 3946 ἐργάο

1929 3963 2104 4027 ζεται,
2148 3963 2309 4032 κάγὼ
2356 3960 2680 4033 ἐργάζομαι,
2711 3963 2973 4033 προνοῶν,
3006 3962 3320 4034 κηδόμενος,
3368 3963 3598 4035 διακρα-

1929 4058 2061 4124 τῶν,
2092 4058 2246 4129 φησὶ,
2274 4057 2535 4127 συνέχων,
2568 4055 2722 4109 οὐδὲν
2771 4055 2950 4125 ἀφιεὶς
2996 4054 3334 4127 διαρρυῆναι.
3363 4055 3601 4127 Δεξάμε-

1929 4162 2010 4199 νοι
2055 4143 2342 4216 τοιγαροῦν
2390 4143 2501 4196 τῶν
2543 4142 2718 4215 ὀρθῶν
2766 4142 3050 4213 δογμάτων
3078 4144 3175 4214 τὴν
3198 4142 3469 4209 ἀπόδειξιν
3507 4144 3627 4198 καὶ.

1930 4235 1996 4287 ἐκ
2041 4231 2149 4286 τῶν
2196 4230 2517 4303 εἰρημένων,
2547 4229 2747 4303 ἀκριϐῆ
2778 4228 3050 4283 πολιτείαν
3079 4228 3174 4282 καὶ
3201 4228 3600 4301 συμϐαίνουσαν

1929 4322 2042 4383 τοῖς
2091 4318 2320 4389 δόγμασι
2365 4316 2720 4389 προσθῶμενο
2766 4317 3063 4388 ἐπειδήπερ
3112 4315 3213 4370 οὑκ
3260 4316 3418 4387 ἀρκεῖ
3466 4316 3601 4388 πρὸς

1933 4406 2202 4478 σωτηρίαν
2258 4407 2388 4476 ἡμῖν
2440 4404 2573 4475 μόνη
2628 4406 2661 4472 ἡ
2706 4404 2815 4459 τῶν
2858 4403 3033 4476 ὀρθῶν
3060 4403 3339 4475 δογμάτων
3375 4403 3597 4472 γνῶσις,

1932 4494 2069 4550 ἀλλὰ
2113 4495 2193 4548 δεῖ
2236 4495 2331 4548 καὶ
2375 4493 2649 4557 πολιτείας
2677 4492 3041 4564 ἀρίστης,’ίνα
3067 4490 3154 4545 διὰ
3196 4491 3412 4544 πάντων
3444 4490 3602 4556 δόξαν

1932 4583 2353 4653 ἀναπέμψαντες
2400 4581 2478 4652 τῷ
2523 4580 2640 4653 Θεῷ
2678 4580 3021 4650 ἐπιτύχωμεν
3048 4578 3157 4633 τῶν
3181 4577 3602 4649 ἐπηγγελμένων

1936 4671 2159 4741 ἀγαθῶν
2180 4687 2195 4702 ο
2243 4663 2287 4739 ᾧ
2320 4672 2353 4741 ὴ
2385 4671 2510 4737 δόξα
2542 4670 2635 4723 καὶ
2658 4668 2718 4722 τὸ
2750 4668 2949 4740 κράτος
2983 4668 3065 4731 είς
3094 4667 3218 4730 τούς
3247 4664 3448 4729 αἰῶνας
3494 4665 3601 4719 τῶν

1938 4759 2167 4815 αἰώνων.
2186 4759 2376 4830 Ἀμήν.

1736 5239 1977 5293 ΟΜΙΛΙΔ
2017 5236 2071 5293 l'.

169 5418 281 5474 Τοῦ
317 5414 505 5472 αὑτοῦ
532 5409 756 5483 ὁμιλία,
783 5407 1039 5483 ῥηθεῖσα
1074 5407 1144 5462 ἐν
1174 5403 1575 5483 τῇΔὲκκλησία
1616 5400 1692 5483 τῇ
1734 5400 1834 5455 ἐπὶ

229 5488 337 5544 τοῦ
380 5472 1140 5545 Ἀποσὶόλούξὲέτιονκόπου
1179 5472 1354 5547 ὀλίγα
1388 5472 1833 5547 προορμήσαν-

231 5543 356 5627 τὸς,
404 5559 493 5624 εις
544 5553 613 5609 τὸ
636 5591 653 5619 ,
703 5543 767 5608 ’θ’
803 5552 901 5624 μὲν
939 5548 1195 5622 θερισμὸς
1223 5543 1489 5611 πολὺς,ὀί
1522 5544 1578 5599 δὲ
1608 5543 1837 5615 ἐργάται

260 5631 401 5683 λίγοι
412 5670 426 5683 .

229 5633 529 5772 άὲῗγὲῖδετε
555 5714 648 5769 τὸν
676 5711 906 5784 γέροντα
939 5708 1032 5763 καὶ
1063 5706 1201 5769 νέον,
1232 5705 1462 5779 γέροντα
1494 5704 1590 5774 μὲν
1620 5700 1697 5773 τῷ
1730 5700 1837 5754 σώ-

163 5826 313 5877 ματι,
344 5806 464 5859 νέον
492 5805 547 5859 δὲ
581 5803 657 5874 τῷ
688 5800 1023 5873 φρονήματι;
1073 5795 1235 5849 εἴδετε
1268 5791 1456 5845 πολιὰν
1487 5789 1837 5862 ἀκμάζουσαν

1937 5402 2033 5456 καὶ
2064 5402 2249 5474 γήρως
2269 5400 2420 5455 τόνον
2442 5397 2783 5473 σφριγῶντα;
2812 5396 3048 5451 Τοιαῦτα
3078 5396 3187 5468 γὰρ
3205 5400 3272 5450 τὰ
3297 5398 3430 5470 παρ’
3452 5398 3604 5469 ἡμῖν,

1938 5494 2031 5547 ἀπ’
2065 5494 2310 5556 ἐναντίας
2358 5493 2471 5556 τοῖς
2528 5490 2746 5556 ἔξωθεν.
2781 5489 2905 5543 Ἐπί⁸
2952 5490 3049 5562 μὲν
3097 5490 3206 5561 γὰρ
3253 5489 3362 5543 τῶν
3409 5488 3607 5554 ἔξωθεν

1940 5591 2281 5665 πραγμάτων
2324 5590 2384 5645 τὸ
2415 5590 2590 5663 γῆρας
2614 5589 2913 5661 ἀχρηστονο
2940 5581 3075 5655 οἷον,
3103 5589 3131 5641 ὁ
3162 5587 3493 5657 στρατιώτης
3526 5586 3607 5649 εἰς

1940 5690 2142 5760 ταύτην
2184 5687 2352 5743 ἐλθὼν
2389 5689 2487 5759 τὴν
2531 5686 2764 5758 ἡλικίαν,
2793 5688 2852 5739 οὐ
2895 5686 3115 5740 δύναται
3141 5685 3309 5737 τεῖναι
3344 5682 3515 5748 τόξον,
3542 5682 3606 5734 οὐ

1946 5787 2096 5859 βέλος
2140 5787 2375 5857 ἀφεῖναι,
2407 5785 2527 5842 οὐτε
2558 5785 2683 5858 δόρυ
2717 5766 2911 5849 σεῖσαι,
2941 5782 3062 5836 οὑτε
3108 5782 3271 5835 ἵππον
3318 5777 3603 5851 ἀναϐῆναι,
