4064 6510
548 469 670 522 οὔτε
703 467 905 538 τείχεσι
934 463 1278 537 προσϐαλεῖν,
1300 460 1423 515 οὔτε
1458 461 1586 514 ἀλλο
1613 460 1850 514 τοιοῦτον
1878 462 2028 514 οὐδὲν
2053 463 2217 532 ἐργά-

552 557 748 611 σασθαι
797 553 1050 608 δύναται·
1089 551 1182 605 καὶ
1224 551 1254 602 6
1295 549 1636 622 κυϐερνήτης
1671 548 1752 614 δὲ,
1783 549 1910 602 ὅταν
1949 549 2098 620 αὐτῷ
2130 550 2221 602 τὸν

547 643 700 697 τόνον
729 641 831 711 τῆς
862 639 1060 710 σαρκὸς
1092 636 1305 710 χαλάσῃ
1349 635 1412 689 τὸ
1457 637 1653 708 γῆρας,
1683 637 1743 688 ού
1787 635 1995 706 σχοινία
2027 638 2217 698 τεῖναι,

545 729 646 799 οὐχ
698 728 838 781 ίστία
881 726 1238 789 ἀναπετάσαι,
1273 724 1335 777 ού
1369 722 1850 794 μεταχειρίσασθαι
1897 723 2111 791 κώπην,
2155 723 2216 775 οὐ

551 814 860 888 μεταθεῖναι
885 812 1094 877 οἴακας,
1124 811 1184 865 ού
1229 811 1564 882 μαχέσασθαι
1591 810 1851 881 κύμασιν,
1879 811 1979 862 οὐκ
2005 811 2133 864 ἀλλο
2165 827 2217 863 τι

547 905 656 959 τῶν
685 903 940 956 τοιούτων
964 902 1269 972 δυνήσεται.
1302 899 1470 952 Πάλιν
1500 899 1528 950 6
1553 899 1790 968 γηπόνος
1827 900 1884 950 ἐν
1919 897 2089 968 τούτῳ
2123 899 2220 968 τῆς

548 992 762 1063 ήλικίας
806 989 902 1051 ὣν,
935 990 995 1042 ού
1027 987 1211 1055 ζεῦξαι
1248 986 1395 1056 βοῦς,
1425 987 1521 1039 οὐκ
1568 987 1794 1058 ἄροτρον
1839 985 2084 1050 ἑλκύσαι,
2117 987 2218 1040 οὐκ

547 1079 849 1151 ἀναρρῆξαι
879 1081 973 1130 καὶ
1002 1076 1292 1145 ἀνατεμεῖν
1327 1073 1588 1136 αῦλακας.
1621 1074 1680 1126 ού
1719 1072 2054 1144 θεραπεῦσαι
2099 1072 2217 1125 δέν-

547 1167 694 1238 δρον,
729 1167 788 1218 ού
821 1165 966 1235 χορῷ
987 1163 1305 1235 θεριζόντων
1332 1161 1521 1214 ἐαυτὸν
1546 1161 1855 1229 ἐγκαθίσαι,
1891 1162 1990 1215 οὐκ
2019 1161 2145 1214 ἀλλο
2165 1177 2217 1212 τι

547 1255 656 1305 τῶν
689 1253 838 1324 [588]
867 1251 1122 1303 τοιούτων
1144 1251 1400 1321 πράττειν
1434 1247 1638 1317 ἰσχύσει
1658 1265 1670 1276 ·
1706 1249 1818 1300 ἀλλ’
1841 1249 2070 1311 ἕκαστος
2097 1248 2218 1302 τού-

549 1361 654 1395 των
682 1341 818 1392 οἴκοι
855 1338 1106 1406 κάθηται,
1138 1337 1234 1407 τήν
1268 1335 1376 1388 ἀπὸ
1411 1338 1507 1405 τῆς
1534 1335 1748 1405 ήλικίας
1782 1335 2027 1388 ἀτέλειαν
2055 1335 2214 1406 ἔχων,

548 1432 642 1484 καὶ
671 1428 882 1497 ἀνάγκῃ
915 1425 1124 1496 μεγάλῃ
1153 1424 1246 1476 καὶ
1272 1424 1646 1494 ἀπαραιτήτῳ,
1673 1422 1750 1493 τῷ
1783 1424 1948 1494 γήρᾳ,
1982 1423 2218 1493 πεπεδη-

552 1520 730 1590 μένος.
765 1516 906 1567 Ἀλλ’
933 1515 1031 1583 οὐχ
1083 1515 1111 1565 6
1151 1511 1250 1584 τῆς
1267 1511 1595 1581 Ἐκκλησίας
1646 1511 1962 1574 διδάσκαλος
2007 1510 2216 1573 οὕτως’

545 1604 684 1659 ἀλλά
729 1602 844 1655 τότε
898 1601 1130 1672 μάλιστα
1177 1599 1503 1664 ἀγωνιεῖται,
1539 1600 1632 1651 καὶ
1678 1599 1850 1665 λόγων
1881 1598 2095 1668 ἅψεται,
2125 1597 2220 1651 καὶ

548 1691 895 1746 διδασκαλίαν
945 1686 1346 1758 προθήσει,κα“ι
1393 1685 1517 1738 λαὸν
1569 1685 1830 1757 ρυθμίσαι
1875 1685 2217 1756 πειράσεται.

550 1781 624 1832 Τδ
673 1777 780 1849 γάρ
829 1778 1004 1847 γῆρας
1051 1777 1108 1828 ἐν
1159 1774 1256 1844 μέν
1305 1775 1416 1835 τοῖς
1449 1772 1626 1836 ἄλλοις
1655 1774 1945 1843 ἄχρηστον,
1983 1776 2040 1826 ἐν
2071 1774 2217 1846 δέτῇ

546 1863 843 1938 Ἐκκλησία
865 1864 957 1916 καὶ
1001 1865 1113 1926 τοῖς
1156 1862 1254 1930 τῆς
1303 1861 1504 1931 ἀρετῆς
1548 1860 1728 1924 πόνοις
1780 1861 2216 1932 χρησιμώτατον.

562 1953 715 2006 Ἐπεὶ
763 1952 855 2005 καὶ
879 1953 906 2002 6
937 1950 1203 2020 μακάριος
1241 1947 1491 2018 ’Λϐραάμ
1520 1947 1580 1999 τὸ
1618 1949 1868 2018 μέγιστον
1900 1945 2059 2002 ἆθλον
2098 1949 2218 2004 τότε

549 2040 740 2112 ήρατο.
776 2039 864 2091 ὅτε
893 2036 1095 2106 ταύτην
1117 2031 1217 2106 ἦγε
1245 2035 1341 2105 τὴν
1367 2035 1583 2104 ἡλικίαν
1607 2050 1621 2066 ο
1655 2035 1775 2088 τότε
1805 2034 1934 2107 γάρ,
1963 2035 2084 2089 τότε
2121 2039 2222 2109 τῆς

549 2126 763 2196 φύσεως
787 2126 885 2195 τὴν
910 2122 1195 2194 τυραννίδα
1221 2121 1506 2186 κατέλυσε,
1533 2123 1626 2174 καὶ
1649 2121 1738 2174 τὸν
1763 2123 1929 2176 παῖδα
1955 2124 2222 2193 κατέσφα-

547 2215 637 2279 ξεν
665 2231 678 2244 ο
719 2213 918 2282 ἔσφαξε
955 2210 1085 2280 γάρ,
1120 2212 1168 2262 εί
1196 2210 1290 2263 καὶ
1315 2210 1390 2280 μὴ
1415 2212 1480 2280 τῇ
1517 2209 1702 2281 πείρα,
1735 2208 1866 2261 ἀλλὰ
1892 2212 1959 2282 τῇ
1990 2209 2182 2284 γνώμῃ
2202 2227 2217 2243 ο

548 2304 598 2356 εί
647 2301 739 2354 καὶ
793 2303 867 2371 μὴ
911 2298 987 2370 τῷ
1017 2297 1180 2357 τέλει.
1215 2296 1350 2350 ἀλλά
1390 2299 1456 2368 τῇ
1491 2296 1785 2367 προθέσει·
1837 2299 1886 2350 εί
1915 2299 2007 2351 καὶ
2037 2299 2112 2372 μή
2144 2299 2222 2370 τῷ

549 2391 718 2462 ἔργῳ,
754 2388 888 2442 ἀλλά
916 2390 983 2458 τῇ
1011 2385 1244 2458 διανοίᾳ·
1279 2385 1399 2438 τότε
1444 2384 1552 2438 τῶν
1607 2384 1750 2438 ίδίων
1781 2385 2104 2456 σπλάγχνων
2130 2388 2223 2457 γέ-

549 2497 705 2548 γονεν
739 2479 936 2548 ἱερεὺς,
969 2481 1060 2528 καὶ
1107 2474 1165 2540 ἐξ
1213 2475 1381 2544 αὐτῆς
1424 2474 1605 2544 σχεδὸν
1647 2475 1744 2545 τῆς
1795 2475 2009 2544 φύσεως
2033 2477 2224 2532 ἑαυτὸν

554 2565 895 2636 μετοικίσας,
927 2565 1020 2616 καὶ
1056 2563 1190 2633 πρὸς
1237 2562 1329 2614 τόν
1377 2561 1604 2632 οὐρανὸν
1636 2563 2128 2634 μεθορμισάμενος,
2163 2565 2224 2619 τὸ

551 2651 864 2723 θαυμαστὸν
897 2652 1072 2703 ἐκεῖνο
1094 2651 1187 2702 καὶ
1209 2647 1510 2720 παράδοξον
1543 2649 1702 2718 ἔργον
1731 2651 1916 2720 ήνυσε.
1950 2652 2058 2705 Καὶ
2081 2651 2226 2706 Παῦ·

550 2739 663 2806 λος,
710 2742 739 2793 ὀ
783 2740 879 2810 τῆς
927 2737 1252 2808 οἰκουμένης
1301 2736 1636 2802 διδάσκαλος,
1668 2739 1725 2791 ἐν
1759 2737 2030 2811 βαθυτάτῃ
2065 2739 2225 2812 πολιᾷ

552 2829 692 2899 πρὸς
718 2827 842 2890 τοὺς
871 2827 1218 2897 θαυμαστοὺς
1267 2824 1509 2888 ἐκείνους
1556 2825 1772 2894 ἀγῶνας
1818 2826 2102 2896 ἀπεδύετο,
2133 2829 2225 2882 καὶ

549 2916 726 2989 δεσμά
770 2916 866 2970 καὶ
911 2914 1129 2978 ἁλύσεις
1176 2913 1270 2966 καὶ
1318 2912 1667 2984 δεσμωτήρια
1697 2914 1756 2967 ἐν
1783 2917 2116 2987 γεγηρακότι
2147 2915 2226 2988 τῷ

553 3004 767 3076 σώματι
794 3004 932 3075 μετά
964 3002 1162 3074 πολλῆς
1195 3001 1357 3074 έφερε
1386 3000 1485 3070 τῆς
1513 3001 1754 3066 εὐτονίας
1774 3019 1786 3032 ·
1823 3002 2098 3058 καὶτοῦτο
2133 3004 2227 3076 δη-

552 3092 661 3145 λῶν
696 3092 857 3156 αύτδς
905 3091 1121 3159 ἐλεγενο
1167 3089 1262 3156 Ὠς
1309 3088 1548 3155 Παῦλος
1587 3091 1950 3160 πρεσϐύτης,
1983 3090 2121 3146 νυνί
2159 3091 2228 3145 δὲ

552 3179 653 3234 καὶ
689 3178 935 3249 δέσμιος
969 3179 1040 3232 ἐν
1064 3174 1295 3248 Χριστῷ
1321 3175 1539 3245 Ἰησοῦ.
1568 3178 1677 3231 Καὶ
1705 3177 1880 3233 ταῦτα
1916 3178 2082 3248 λέγω,
2107 3180 2227 3252 οὐχὶ

551 3266 652 3340 τήν
696 3267 921 3338 νεότητα
960 3266 1239 3338 ἀτιμάζων
1259 3281 1273 3294 ⁸
1308 3264 1432 3318 ἐπεὶ⁸
1462 3265 1558 3320 καὶ
1585 3265 1636 3318 oi
1671 3264 1769 3337 τήν
1800 3267 2029 3338 κάμινον
2055 3285 2227 3322 κατα-

553 3355 896 3426 πατήσαντες
926 3353 1131 3418 παῖδες,
1160 3352 1269 3406 νέοι
1304 3352 1509 3424 σφόδρα
1538 3353 1632 3406 καὶ
1663 3353 1925 3424 μειράκια
1960 3349 2102 3426 ἦσαν
2130 3373 2224 3410 κο-

555 3442 705 3515 μιδῇ,
747 3443 842 3496 καὶ
876 3443 906 3495 ὀ
932 3441 1030 3513 τὴν
1075 3440 1408 3514 προφητείαν
1460 3437 1753 3512 δεξάμενος
1792 3441 2060 3514 Ἱερεμίας
2082 3458 2098 3474 ο
2133 3443 2228 3497 καὶ

552 3531 751 3604 Δανιὴλ
798 3531 876 3598 δὲ,
903 3531 994 3585 ὅτε
1031 3530 1157 3594 τοὺς
1181 3529 1403 3592 λέοντας
1429 3529 1700 3600 ἐχαλίνου,
1730 3532 1824 3585 καὶ
1851 3532 1938 3586 διά
1967 3532 2066 3605 τήν
2095 3533 2232 3604 ἀφα-

552 3633 646 3672 τον
691 3618 856 3673 αὑτοῦ
901 3617 1211 3689 παρρησίαν
1239 3615 1308 3670 τά
1335 3615 1622 3689 ἀπόρρητα
1659 3617 1842 3673 ἐκεῖνα
1869 3620 1976 3673 τῶν
2005 3619 2099 3674 τοῦ
2134 3621 2230 3692 βα-

555 3704 747 3769 σιλέως
777 3705 1072 3776 ὀνειράτων
1123 3705 1203 3769 είς
1237 3704 1403 3775 μέσον
1435 3703 1600 3774 ἐξῆγε
1639 3705 1734 3760 καὶ
1778 3706 1914 3777 δῆλα
1941 3708 2115 3763 ἐποίει
2150 3709 2230 3782 τῷ

553 3791 892 3864 θεασαμένῳ,
918 3792 1124 3864 σφόδρα
1148 3791 1265 3856 νέος
1288 3787 1356 3863 ἦν
1371 3807 1384 3822 ’
1418 3791 1513 3845 καὶ
1537 3791 1686 3846 οὐδὲν
1711 3794 1744 3864 ή
1765 3794 1950 3863 νεότης
1975 3796 2230 3867 ἐμπόδιον

553 3885 743 3954 γέγονε
778 3884 914 3955 πρὸς
957 3882 1056 3956 τήν
1105 3882 1306 3956 ἀρετήν
1343 3883 1437 3936 τοῦ
1469 3883 1822 3955 ἀνδρός.Ἐπὶ
1854 3886 1951 3955 μὲν
1975 3887 2086 3958 γὰρ
2120 3887 2230 3942 τῶν

554 3972 776 4038 ἔξωθεν,
807 3973 942 4043 ὅπερ
988 3970 1157 4042 ἔφθην
1204 3971 1396 4036 εἰπὼν,
1429 3973 1523 4026 καὶ
1553 3971 1732 4043 γῆρας
1757 3970 1960 4046 ἔξωρον
1986 3977 2080 4030 καὶ
2112 3975 2230 4030 νεό-

553 4077 656 4131 της
695 4061 873 4130 ἄωρος
923 4058 1152 4130 μέγιστα
1199 4056 1498 4128 κωλύματα
1544 4059 1738 4128 γένοιτ’
1769 4060 1865 4114 ἀν’
1913 4063 2005 4115 ἐπὶ
2042 4063 2098 4117 δὲ
2121 4065 2230 4120 τῶν

554 4147 948 4217 παλαισμάτων
971 4148 1068 4217 τῆς
1094 4146 1292 4217 ἀρετῆς
1329 4146 1428 4200 οὐκ
1457 4146 1559 4212 ἔτι,
1589 4147 1702 4200 ἀλλ’
1732 4147 1849 4211 ἐνὸς
1881 4149 2057 4220 χρεία,
2087 4151 2229 4220 γνώ-

557 4251 668 4307 μης
699 4233 858 4306 μόνον
888 4233 981 4286 καὶ
1003 4232 1178 4304 ψυχῆς
1202 4234 1747 4306 παρεσκευασμένης,
1778 4238 1870 4289 καί¹
1897 4235 2017 4290 οὔτε
2042 4240 2229 4312 νεότης

555 4323 846 4392 ἄχρηστος,
879 4319 1000 4374 οὗτε
1033 4321 1208 4393 γῆρας
1241 4322 1631 4395 ἀνεπιτήδειον,
1667 4324 1780 4377 ἀλλ’
1809 4325 1865 4377 ἐν
1894 4326 2129 4399 ἑκατέρα
2160 4331 2227 4400 τῇ

557 4407 745 4480 ήλικίᾳ
786 4406 993 4479 ὦριμον
1032 4408 1128 4462 ῐδοι
1167 4426 1254 4471 τις
1285 4409 1351 4464 ἂν
1382 4409 1613 4482 βρύοντα
1641 4411 1733 4464 τὸν
1763 4413 1993 4484 καρπὸν,
2047 4416 2225 4486 μόνον,

554 4494 882 4567 ὅπερέφθην
910 4493 1101 4564 εἰπὼν,
1130 4497 1179 4550 εί
1201 4497 1382 4568 ψυχήν
1419 4515 1502 4562 τις
1545 4498 1655 4552 ἃνει
1699 4499 1811 4570 ἔχοι
1843 4503 2115 4573 νήφουσαν
2136 4503 2228 4556 καί⁸

557 4581 869 4652 φιλοσοφεῖν
897 4583 1285 4655 ἐπισταμένην,
1316 4585 1410 4639 καὶ
1433 4584 1523 4638 διά
1545 4585 1645 4655 τῆς
1674 4586 1870 4658 πολλῆς
1907 4589 2107 4662 ἀρετῆς
2131 4590 2226 4643 τοῦ

555 4669 692 4724 Θεοῦ
737 4671 835 4743 τὴν
863 4669 1076 4724 εὔνοιαν
1109 4672 1520 4744 ἐπισπωμένην.
1553 4672 1639 4744 Μὴ
1668 4673 1845 4727 τοίνυν
1881 4676 2066 4746 μηδεὶς
2096 4695 2229 4749 προ-

553 4758 804 4813 ϐαλέσθω
839 4761 976 4830 μήτε
1003 4761 1229 4828 νεότητα
1257 4761 1394 4832 μήτε
1419 4761 1595 4832 γῆρας
1623 4763 1701 4825 είς
1733 4764 2028 4832 ἀπολογίαν
2061 4767 2227 4836 ρᾳθυ-

559 4847 720 4917 μίαςθ
760 4848 883 4900 ἐπεὶ
913 4848 1006 4901 καὶ
1043 4847 1138 4901 νῦν
1169 4847 1353 4902 πολλοὶ
1379 4849 1507 4918 παρ’
1538 4851 1667 4920 ἡμῖν
1705 4852 1816 4903 νέοι
1847 4853 1906 4904 τὸ
1932 4870 2228 4923 πνευματι-

557 4935 652 4987 κὸν
681 4934 836 4989 τοῦτο
867 4935 1130 5007 πληροῦσι
1165 4935 1411 5007 θέατρον,
1436 4938 1486 4989 οἱ
1516 4936 1570 4990 δὲ
1591 4940 1957 5010 γεγηρακότες
1985 4943 2040 4993 ἐν
2064 4943 2224 4994 ἱππο-

554 5019 805 5092 δρομίαις
832 5022 1197 5092 ἀσχημονοῦσι
1217 5039 1231 5054 '
1255 5023 1431 5096 ἕτεροι
1452 5025 1497 5078 δ’
1519 5021 1586 5079 αὖ
1618 5025 1778 5079 πάλιν
1808 5027 2058 5097 γέροντες
2089 5030 2226 5099 μετὰ

553 5125 657 5179 της
696 5108 883 5174 πολιᾶς
917 5110 1056 5184 [καὶ]
1089 5115 1155 5184 τῇ
1185 5113 1445 5184 ἀκροάσει
1478 5111 1830 5185 κοσμοῦνται,
1871 5117 1977 5169 νίοι
2023 5117 2078 5170 δέ
2129 5117 2226 5190 τήν

556 5197 780 5266 νεότητα
821 5195 907 5249 διά
937 5198 1036 5267 τῆς
1066 5198 1298 5270 θεωρίας
1335 5201 1432 5270 τῆς
1478 5203 1653 5254 ἐκεῖσε
1685 5202 2025 5272 ἀλογωτέραν
2058 5221 2226 5258 κατα-

559 5282 931 5346 σκευάζουσιν.
967 5285 1026 5336 El
1054 5285 1163 5356 γάρ
1195 5287 1290 5340 καὶ
1323 5287 1506 5340 πολλοὶ
1537 5289 1586 5340 οί
1617 5290 1878 5360 παρόντες
1925 5293 2078 5360 ἡμῖν,
2109 5292 2222 5345 ἀλλ’

555 5374 655 5427 ούκ
683 5372 791 5442 ἔχω
825 5373 984 5444 κόρον
1003 5391 1016 5404 °
1046 5375 1108 5428 ού
1133 5376 1240 5446 γάρ
1274 5377 1499 5440 πολλοὺς
1529 5378 1830 5451 ἐϐουλόμην
1861 5385 2114 5450 παρεῖναι
2139 5384 2226 5454 μό-

555 5475 668 5524 νον,
693 5458 830 5513 ἀλλά
849 5459 1077 5524 πάντας,
1108 5461 1201 5515 καὶ
1230 5463 1431 5534 μηδένα
1453 5463 1556 5534 τῆς
1584 5465 1878 5538 ἐκκλησίας
1913 5468 2225 5538 ἀπολιμπά-

553 5547 741 5604 νεσθαι
767 5563 782 5579 ο
819 5547 979 5615 ὥστε,
1012 5548 1116 5614 ἓως
1143 5548 1208 5604 ἂν
1241 5551 1474 5622 φάνηται
1505 5551 1608 5606 κᾶν
1646 5547 1726 5618 εἷς
1760 5554 2224 5628 ἀποϐουκολούμε-

557 5654 665 5701 νος,
699 5635 1102 5710 διαρῤήγνυμαι
1136 5639 1229 5695 καὶ
1265 5639 1627 5712 διακόπτομαι
1661 5643 1780 5707 ταῖς
1823 5642 2052 5710 ὀδύναις.
2073 5645 2224 5700 Ἐπεὶ

617 5807 646 5837 ⁸
668 5805 809 5856 Tolle
839 5806 898 5856 ἄν

1389 343 1449 399 S.
1487 341 1773 398 JOANNS
1808 341 2290 398 CIIRYSOSTUMI
2332 344 2647 399 ARCHIEP.
2690 343 3233 401 CONSTANTINOP.
3827 356 3907 413 5:3

2325 463 2419 514 καὶ
2443 463 2472 515 6
2502 463 2704 534 ποιμὴν
2730 464 2934 528 ἐκεῖνος
2956 464 3025 517 τά
3054 465 3514 534 ἐνενηκονταεννέα
3545 470 3753 538 πμϐατα
3780 495 3911 533 κατα-

2323 549 2516 612 λιπὼν,
2549 551 2640 602 ἐπὶ⁸
2667 550 2727 603 τὸ
2761 549 2819 603 ἓν
2858 551 2920 604 τὺ
2953 551 3360 622 πεπλανημένον
3394 557 3741 625 κατηπείγετο,
3765 567 3838 617 καὶ
3863 571 3909 620 οὔ

2328 636 2592 707 πρότερον
2615 637 2848 708 ἀπέστη,
2877 638 2984 700 ἕως
3017 639 3080 691 ἀν
3100 639 3128 678 δ
3160 639 3289 692 αὐτὸ
3322 640 3454 708 πρὸς
3491 643 3582 714 τὴν
3622 645 3792 719 ἀγέλην
3835 653 3909 705 ἐπ.

2325 725 2586 794 ανήγαγε,
2621 724 2713 777 καί
2742 723 2942 796 πολλὴν
2970 725 3110 796 ὑπὲρ
3138 727 3300 780 αὐτοῦ
3339 729 3561 800 σπουδήν
3587 732 3787 790 ἐποιεῖτο
3805 755 3817 768 ·
3839 745 3912 795 καὶ

2325 811 2433 881 γάρ
2460 810 2721 880 ἐχώλευεν
2755 813 2784 864 6
2807 811 2914 865 τῶν
2943 812 3138 865 ἑκατὸν
3160 813 3410 884 ἀριθμὸς,
3431 815 3529 879 ἕως
3551 819 3758 874 ἀπέλαϐε
3781 825 3828 877 τὸ
3851 827 3909 888 ἓν.

2325 899 2418 972 καὶ
2450 900 2517 951 τὰ
2547 898 2742 951 ἑκατὸν
2769 899 2889 952 τότε
2915 899 3106 953 ἐκατὸν
3135 901 3369 968 ἐγένετο,
3391 901 3475 954 δτε
3505 904 3592 957 καὶ
3613 906 3748 960 τοῦτο
3766 909 3911 963 διεσὼ.

2325 983 2416 1048 θη.
2450 985 2542 1056 Μή
2571 985 2633 1055 δή
2674 1003 2763 1054 μοι
2787 985 2912 1054 λέγε
2944 986 3026 1038 δτι
3056 981 3135 1050 εἷς
3163 985 3313 1059 [589]
3343 988 3486 1042 ἐστιν
3511 991 3539 1042 6
3565 992 3761 1061 ἀδελφὸς
3779 997 3803 1047 ό
3821 1000 3914 1052 ἀπα.

2324 1071 2507 1135 λωλώς
2531 1089 2544 1102 ·
2595 1072 2712 1126 ἀλλ’
2738 1073 2988 1144 ἐννόησον
3020 1073 3102 1128 ὅτι
3146 1074 3393 1145 ἀδελφὸς,
3433 1077 3493 1130 τὸ
3533 1083 3913 1150 περισπούδαστον

2323 1157 2403 1229 τῷ
2433 1158 2551 1229 Θεῷ
2579 1159 2737 1223 ζῶον,
2772 1159 2914 1231 ὑπὲρ
2947 1155 3008 1214 οὗ
3044 1161 3285 1216 τοσαῦτα
3313 1163 3539 1232 ἐγένετο,
3568 1168 3694 1239 ὺπέρ
3725 1164 3912 1226 0616:5-

2329 1263 2450 1316 μιον
2479 1243 2618 1318 αἷμα
2645 1247 2814 1317 ἐχύθη
2845 1249 2937 1301 καὶ
2960 1249 3092 1320 τιμὴ
3123 1251 3430 1322 κατεϐλήθη
3462 1255 3696 1325 τοσαύτη,
3718 1258 3835 1310 δι’ὀν
3853 1263 3913 1314 οὗ.

2330 1333 2488 1406 ρανὺς
2535 1335 2721 1406 ἐτάθη,
2753 1336 2846 1388 καὶ
2879 1335 3027 1406 ήλιος
3057 1337 3295 1409 ἀνήφθη,
3323 1339 3416 1392 καὶ
3448 1340 3632 1412 σελήνη
3657 1344 3824 1415 τρέχει,
3846 1350 3913 1400 καί

2328 1424 2568 1488 ποικίλος
2614 1425 2858 1497 ἀστέρων
2904 1427 3250 1497 καταλάμπει
3284 1430 3461 1500 χορὸς,
3493 1433 3580 1485 καὶ
3608 1435 3703 1505 ἀήρ
3723 1437 3910 1508 ἡπλώθη,

2327 1513 2419 1564 καὶ
2453 1512 2695 1566 θάλασσα
2739 1513 2990 1584 ἐξεχύθη,
3023 1516 3117 1568 καὶ
3159 1516 3232 1587 γῆ
3289 1517 3634 1591 ἐθεμελιώθη,
3675 1524 3757 1577 καὶ
3788 1529 3914 1593 πηγαὶ

2329 1597 2573 1668 βρύουσι,
2622 1600 2716 1652 καὶ
2755 1601 2988 1671 ποταμοὶ
3022 1600 3227 1672 ῥέουσι,
3253 1603 3349 1656 καὶ
3397 1605 3496 1676 δρη
3544 1608 3732 1679 πέπηγε
3755 1627 3766 1640 ο
3805 1612 3855 1663 δι’
3873 1614 3914 1663 ὃν

2327 1685 2592 1754 λειμῶνες
2620 1689 2713 1740 καὶ
2747 1688 3084 1759 παράδεισοι,
3107 1689 3176 1742 δι’
3204 1690 3263 1743 δν
3293 1691 3576 1762 σπέρματα
3605 1697 3691 1748 καὶ
3723 1700 3850 1765 φυτὰ,
3868 1699 3915 1752 δι’

2325 1771 2384 1826 δν
2412 1773 2480 1827 τά
2509 1774 2727 1829 ποικίλα
2754 1775 2863 1829 τῶν
2896 1777 3078 1846 φυτῶν
3104 1776 3260 1849 γένη,
3291 1778 3358 1832 δι’
3384 1779 3441 1832 ὃν
3470 1781 3534 1834 τά
3555 1784 3609 1835 ἐν
3634 1783 3780 1854 ὄρεσι,
3800 1787 3851 1838 τά
3876 1789 3916 1840 ἐν

2327 1861 2604 1932 ἐρημίαις,
2638 1861 2706 1916 τά
2735 1862 2793 1915 ἐν
2827 1861 3035 1926 πόλεσι,
3075 1863 3143 1916 τὰ
3166 1865 3224 1916 ἐν
3251 1865 3477 1930 πεδίοις,
3504 1869 3570 1922 τά
3595 1870 3648 1922 ἐν
3677 1871 3918 1936 νάπαις.τᾶ

2337 1949 2395 2001 ἐν
2427 1947 2669 2018 βουνοῖς·
2699 1948 2766 2001 δι’
2795 1948 2853 2002 δν
2879 1950 2928 2002 οί
2958 1949 3139 2022 μυρίοι
3162 1950 3272 2003 τῶν
3313 1953 3505 2023 ἰχθύων
3542 1953 3704 2026 δῆμοι,
3730 1958 3783 2010 δι’
3799 1959 3843 2011 ὃν
3871 1963 3916 2011 τὰ

2327 2035 2547 2090 ποικίλα
2579 2034 2688 2089 τῶν
2715 2035 3055 2106 τετραπόδων
3087 2037 3240 2109 γένη,
3271 2039 3340 2092 δι’
3368 2040 3426 2093 δν
3457 2041 3521 2095 τά
3549 2044 3820 2098 παντοδαπά
3841 2048 3918 2097 τῶν

2327 2121 2554 2192 ὀρνίθων
2601 2121 2763 2192 φῦλα,
2791 2122 2858 2176 δι’
2886 2123 2945 2176 δν
2977 2123 3159 2195 νόμος,
3186 2126 3252 2179 δι’
3285 2125 3346 2180 ὃν
3382 2129 3660 2200 προφῆται,
3683 2131 3807 2185 δι’δν
3826 2136 3919 2186 ἁπτι-

2329 2209 2528 2273 στολοι,
2555 2209 2623 2263 δι’
2651 2209 2710 2263 δν
2742 2210 2810 2264 τά
2838 2210 3006 2282 μυρία
3032 2211 3289 2283 θαύματα
3316 2215 3502 2284 γέγονε
3521 2233 3534 2247 ο
3560 2217 3609 2270 τί
3629 2219 3775 2272 δεῖτά
3796 2223 3920 2273 πολλὰ

2327 2296 2536 2366 λέγειν;
2565 2297 2634 2351 δι’
2667 2297 2726 2351 δν
2756 2299 2786 2352 6
2821 2299 3114 2370 μονογενής
3139 2300 3269 2366 Υἱὸς
3305 2303 3401 2357 τοῦ
3435 2303 3567 2358 Θεοῦ
3601 2306 3841 2377 ἄνθρωπος
3860 2313 3919 2376 γέ-

2329 2401 2474 2454 γονε,
2505 2384 2600 2438 καὶ
2623 2385 2916 2456 γενόμενος
2943 2385 3177 2459 ἐσφάγη.

2401 2471 2467 2542 β’.
2512 2472 2794 2542 Ἐννόησον
2826 2473 2924 2544 δση
2953 2472 3030 2545 τῷ
3075 2474 3192 2547 Θεῷ
3220 2479 3570 2549 πραγματεία
3599 2480 3721 2553 ὑπὲρ
3746 2483 3828 2551 τῆς
3845 2483 3921 2535 τῶν

2329 2559 2632 2632 ἀνθρώπων
2663 2561 2954 2632 σωτηρίας,
2983 2562 3077 2616 καὶ
3105 2563 3180 2635 μὴ
3202 2568 3614 2638 καταφρονήσῃς
3643 2570 3832 2639 μηδενὸς
3853 2572 3918 2621 ἀν-

2331 2645 2573 2718 θρώπου,
2606 2645 2743 2700 ἀλλά
2766 2647 3102 2713 διαλυθέντος
3127 2649 3218 2702 τοῦ
3252 2650 3481 2723 θεάτρου
3506 2654 3681 2708 τούτου
3705 2655 3782 2709 τοῦ
3800 2673 3921 2709 πνενο

2339 2733 2591 2805 ματικοῦ,
2621 2733 2962 2806 ἀναζήτησον
2989 2735 3078 2788 τὸν
3100 2737 3497 2807 ἀπολειφθέντα
3517 2781 3532 2803 ,
3572 2741 3658 2795 καὶ
3683 2741 3747 2812 μή
3775 2743 3921 2813 πρότε-

2332 2837 2426 2892 ρον
2476 2821 2720 2893 ἀποστῇς
2752 2822 2856 2886 ἕως
2902 2822 2969 2876 ἂν
3021 2823 3184 2877 αὐτὸν
3229 2826 3538 2901 ἐπαγάγῃς,
3587 2830 3673 2882 καὶ
3722 2833 3777 2902 τῇ
3804 2831 3923 2900 μητρὶ

2333 2907 2606 2982 συνάψῃς,
2669 2909 2766 2964 καὶ
2829 2909 2932 2981 τῆς
3005 2914 3247 2983 πονηρᾶς
3323 2915 3610 2988 ἀπαγάγῃς
3675 2918 3922 2987 συνηθείας.

2332 2995 2429 3050 καὶ
2502 2995 2594 3049 τὸν
2677 2995 3020 3067 αἰχμάλωτον
3084 2998 3358 3074 διασώσῃς
3410 3004 3504 3056 καὶ
3555 3004 3641 3056 τὸν
3675 3021 3928 3056 καταποντι-

2335 3081 2530 3136 σθέντα
2576 3082 2819 3157 ἀνιμήσῃ
2841 3123 2858 3149 ,
2916 3085 3010 3138 καὶ
3063 3086 3153 3139 τὸν
3210 3086 3544 3160 θηριάλωτον
3595 3090 3692 3144 τῶν
3735 3091 3926 3162 χαλεπῶν

2332 3168 2647 3246 ἀπαλλάξῃς
2683 3171 2905 3244 θηρίων.
2947 3173 3079 3227 Τίνα
3138 3175 3246 3248 γάρ
3302 3178 3369 3232 ἂν
3419 3179 3597 3251 σχοίης
3649 3179 3923 3248 συγγνώμην.

2331 3257 2454 3312 τίνα
2522 3258 2844 3328 ἀπολογίαν;
2901 3261 2996 3326 Είς
3073 3263 3388 3318 ἀποστόλων
3445 3269 3816 3339 παραγινόμιοα
3856 3268 3924 3335 Θή-

2334 3361 2468 3408 καςο
2512 3344 2727 3416 ὁρῶμεν
2769 3346 2950 3400 αὐτῶν
3005 3347 3074 3402 τά
3109 3350 3401 3422 τραύματα
3453 3355 3544 3407 καὶ
3588 3355 3651 3406 :‘1
3697 3355 3923 3423 στίγματα.

2333 3431 2395 3486 τὸ
2423 3426 2562 3504 αἷμα
2603 3433 2664 3486 τὸ
2710 3433 2832 3505 ρέον
2862 3434 2923 3488 τὸ
2961 3439 3185 3508 χρυσίου
3232 3441 3591 3513 τιμιώτερον,
3620 3442 3707 3505 τὰς
3733 3441 3925 3502 ἁλύσεις.

2334 3521 2428 3585 τὰς
2464 3521 2733 3592 μάστιγας
2755 3562 2770 3584 ,
2813 3523 2940 3587 τοὺς
2981 3523 3244 3593 θανάτους
3280 3531 3406 3593 τοὺς
3454 3530 3839 3602 καθημερινοῦς,
3861 3529 3926 3586 οὓς

2335 3605 2478 3678 ὑπὲρ
2501 3606 2602 3678 τῆς
2636 3607 2962 3679 Ἐκκλησίας
2992 3610 3191 3665 έπαθον
3216 3628 3230 3643 ·
3255 3615 3348 3668 τὸν
3378 3617 3583 3669 Παύλου
3603 3615 3815 3688 μαθητήν
3829 3616 3926 3686 μετὰ

2334 3694 2549 3749 Παύλου
2568 3696 2844 3767 πανταχοῦ
2876 3700 3284 3771 περιτρέχοντα,
3323 3704 3418 3756 καὶ
3442 3705 3516 3775 τῷ
3535 3705 3804 3775 διδασκάλῳ
3825 3719 3926 3772 παρ-

2338 3781 2652 3854 ισούμενον,
2701 3784 2792 3838 καὶ
2829 3784 2919 3839 τὶν
2970 3787 3168 3858 μόσχον
3207 3789 3284 3860 τῷ
3319 3791 3501 3864 ταύρῳ
3534 3790 3925 3862 συμϐεϐλημένον

2334 3871 2425 3924 τὸν
2446 3871 2540 3924 τοῦ
2567 3870 2783 3944 πρώτου
2824 3873 2930 3926 τῶν
2963 3875 3274 3930 ἀποστόλων
3301 3880 3527 3950 ἀδελφὸν
3546 3921 3560 3943 ,
3599 3881 3682 3932 τὸν
3717 3879 3843 3933 άλιέα
3864 3876 3928 3927 τδν

2337 3959 2580 4029 σαγήνην
2609 3957 2942 4015 ἀπλώσαντα
2977 3961 3070 4014 καὶ
3098 3961 3419 4034 ἀνθρώπους
3449 3967 3568 4020 ἀντὶ
3604 3965 3775 4037 ἰχθύων
3801 3961 3929 4017 ἁλιεύ-

2337 4061 2526 4111 σαντα,
2555 4045 2647 4100 τὸν
2662 4041 2756 4096 τοῦ
2789 4046 3112 4117 Εύαγγελίου
3144 4053 3394 4122 κήρυκαο
3420 4056 3514 4108 καὶ
3541 4055 3767 4123 καθάπερ
3791 4055 3836 4105 ἐν
3853 4053 3931 4100 λει-

2340 4134 2477 4206 μῶνι
2532 4137 2646 4200 τοῖς
2690 4137 2892 4192 τούτων
2945 4139 3299 4212 ἐντρυφῶμεν
3352 4143 3766 4215 κατορθώμασιν.
3813 4141 3860 4190 Οἱ
3891 4138 3927 4187 δὲ

2337 4223 2565 4292 ἀφέντες
2581 4226 2747 4296 ήμάς,
2768 4225 2948 4279 ῖππων
2964 4226 3170 4296 ἀλόγων
3190 4228 3459 4300 κάθηνται
3476 4232 3756 4302 γιγνόμενοι
3770 4227 3927 4282 θεαταὶ,

2337 4309 2626 4384 λοιδορίαις
2669 4313 2760 4366 καὶ
2791 4313 3011 4386 ὕϐρεσιν
3047 4315 3302 4386 ἀλλήλους
3344 4319 3657 4384 πλύνοντες,
3697 4316 3836 4387 θυμὸν
3862 4313 3928 4364 καὶ

2344 4399 2526 4471 μάχην
2555 4401 2653 4453 οὐκ
2682 4400 2908 4471 ἔχουσαν
2931 4401 3200 4474 πρόφασιν
3228 4403 3577 4472 άνάπτοντες,
3599 4405 3836 4477 χαίροντες
3860 4419 3926 4470 11-

2339 4487 2434 4556 ράν
2452 4487 2627 4558 λύπης
2646 4487 2998 4559 ἀθλιωτέραν,
3024 4490 3162 4562 ὑπὲρ
3189 4491 3418 4562 ήνιόχων
3440 4493 3718 4555 νικώντων,
3739 4491 3850 4558 ὑπὲρ
3872 4489 3928 4536 ἵπ·
3949 4547 3954 4550 _

2334 4592 2451 4627 πων
2495 4575 2878 4646 διακλωμένων
2907 4593 2920 4607 ο
2965 4570 3025 4630 οὗ
3065 4578 3118 4630 τί
3171 4579 3366 4646 γένοιτ’
3412 4581 3478 4635 ἂν
3525 4581 3843 4652 ἀλογώτερογ;
3878 4575 3923 4624 Τί

2333 4662 2440 4734 γὰρ
2465 4663 2692 4733 χαίρεις,
2715 4664 2836 4716 είπέ
2872 4681 2990 4734 μοι;
3021 4664 3074 4718 τί
3106 4664 3162 4718 δέ
3193 4671 3418 4740 σκιρτᾷς
3444 4670 3534 4722 καὶ
3556 4671 3716 4740 πηδᾷς
3738 4668 3812 4721 καὶ
3836 4681 3924 4731 gaz-

2331 4747 2456 4819 δρὸς
2472 4750 2817 4815 καταϐαίνεις
2846 4751 3086 4816 ἐκεῖθεν;
3114 4753 3186 4806 Σὺ
3207 4753 3263 4807 δέ
3286 4756 3432 4820 τίνος
3477 4757 3656 4809 ἕνεκεν
3677 4755 3826 4821 ἀλγεῖς
3858 4749 3923 4800 καὶ

2332 4836 2645 4908 ἐγκαλύπτῃ
2669 4839 2762 4891 καὶ
2785 4840 2933 4892 κάτω
2960 4839 3186 4905 κύπτεις
3217 4843 3308 4896 καὶ
3333 4844 3430 4914 τὴν
3459 4845 3645 4897 σαύτοῦ
3673 4844 3819 4911 ψυχὴν

2331 4926 2448 4992 νᾷς,
2471 4926 2551 4978 δτι
2582 4928 2610 4978 ό
2645 4926 2792 4978 δεῖνα
2821 4927 3110 4998 ἐκράτησε,
3136 4930 3228 4982 καὶ
3256 4931 3529 5002 ἐκρατήθη
3551 4933 3775 5002 θάτερος;
3797 4928 3867 4980 καὶ
3887 4923 3921 4974 τί

2332 5009 2504 5063 ταῦτα
2545 5012 2679 5081 πρὸς
2705 5013 2799 5075 σέ;
2841 5016 2992 5067 ποῖον
3025 5017 3056 5084 ή
3092 5015 3232 5086 λύπη
3277 5017 3451 5089 αὕτη,
3499 5021 3530 5089 ἢ
3563 5021 3593 5089 ή
3642 5017 3779 5087 ἡδονὴ
3821 5013 3916 5075 αὕτη

2331 5095 2485 5165 λόγον
2518 5097 2582 5150 ἂν
2615 5098 2762 5167 ἔχοις
2798 5100 2940 5163 τίνος
2989 5100 3046 5153 δὲ
3075 5102 3172 5154 ούκ
3205 5103 3269 5155 ἂν
3301 5106 3382 5174 εἴη
3434 5105 3692 5165 κολάσεως
3723 5101 3918 5164 ἐκάτερθξ

2330 5186 2482 5256 ὑμῶν
2508 5186 2675 5250 ἄξιος,
2700 5191 2798 5258 τῆς
2830 5189 2928 5258 μὲν
2957 5190 3149 5243 ἑαυτοῦ
3167 5191 3343 5261 ψυχῆς
3376 5193 3495 5246 καθ’
3519 5195 3736 5260 ἑκάστην
3759 5186 3913 5259 ἡμέραν

2333 5273 2437 5326 ὑπὸ
2467 5274 2574 5326 τῶν
2603 5275 2790 5328 παθῶν
2830 5280 3288 5349 παρασυρομένης
3316 5281 3501 5333 οὐδένα
3549 5281 3820 5349 ποιεύμην
3854 5270 3912 5320 λό’

2331 5379 2445 5430 γον,
2476 5363 2610 5433 ὑπὲρ
2636 5362 2692 5416 δὲ
2722 5363 2932 5431 ἀλόγων
2951 5363 3103 5428 ζώων
3131 5368 3224 5420 καὶ
3246 5367 3341 5420 ἀνθ
3351 5368 3544 5439 ρώπων
3564 5368 3744 5437 ἐτέρων
3759 5362 3912 5425 ἀλόγων

2329 5449 2612 5521 χαίρων,ῆ
2647 5451 3016 5522 ὀδυνώμενοςς
3074 5453 3214 5506 Ἀλλ’
3246 5456 3331 5508 ἴνα
3361 5460 3433 5527 μὴ
3473 5458 3626 5510 πάλιν
3648 5455 3734 5524 τήν
3756 5452 3914 5504 ἃπασαν

2329 5537 2559 5602 διάλεξιν
2602 5540 2681 5601 εἰς
2723 5539 2896 5593 ταῦτα
2935 5541 3432 5610 καταναλώσαντες,
3471 5544 3825 5613 δαπανήσωμεν
3851 5533 3913 5584 τὸν

2331 5627 2550 5696 καιρὸν,
2583 5627 2680 5698 τὴν
2729 5626 3011 5698 διόρθωσιν
3048 5630 3270 5686 ἐκείνων
3309 5633 3680 5706 ἐπιτρέψαντες
3717 5626 3839 5698 ὑμῶν
3867 5622 3910 5686 τῇ

2331 5713 2539 5786 ἀγάπῃ,
2572 5714 2679 5767 τῶν
2714 5716 2952 5788 σήμερον
2988 5717 3436 5786 ἀναγνωσθέντων
3469 5717 3730 5791 ἁψώμεθα,
3765 5709 3912 5798 καὶείὶ

2399 5823 2424 5859 ι’
2443 5821 2685 5887 Βοξειιόιι,
2707 5830 2760 5876 ul
2781 5825 2990 5889 videtur,
3017 5828 3250 5889 particula
3269 5829 3325 5878 ἄν
