3872 6396
647 311 693 370 x
731 302 1035 373 HOMILIA,
1079 306 1141 363 IN
1183 292 1406 368 ILLUh,
1449 301 1687 359 MESSIS
1725 300 1986 368 QUtoEtt
2028 300 2286 368 MULTA,
2330 297 2468 358 ETC

135 454 204 497 ,ειη
226 427 436 506 pervenit,
465 439 572 481 non
604 421 780 496 potest
801 435 982 478 arcum
1014 419 1253 484 tendere,
1287 431 1391 470 non
1424 415 1504 469 te-'

155 504 367 587 emittere,
393 531 490 576 non
515 519 720 573 hastam
748 517 992 579 vibrare,
1023 525 1200 580 neque
1223 511 1274 564 in
1313 521 1506 578 equum

135 617 344 677 tcendere,
367 618 522 681 neque
547 621 730 665 muros
754 611 1061 678 oppugnare
1084 645 1100 670 ,
1151 617 1326 672 neque
1366 598 1510 653 aliud

135 712 253 780 lpiam
273 701 491 775 ejusmodi
521 699 695 755 facere
723 713 737 751 :
768 707 825 754 et
847 697 1173 768 gubernatur
1196 734 1212 759 ,
1261 705 1380 746 cum
1425 702 1512 742 se-

135 816 180 854 us
204 798 318 850 vires
333 790 624 856 attenuavit,
646 804 753 844 non
782 798 954 858 potest
973 787 1124 841 funes
1143 782 1377 846 tendere,
1405 793 1509 832 non

149 888 521 946 extettdere.non
553 877 966 950 gubernaculum
993 879 1246 942 tractare,
1270 888 1374 928 non
1404 871 1512 925 cla-

141 980 381 1041 ransfet're,
409 991 506 1032 non
533 984 656 1031 cum
684 973 930 1029 fluetibus
968 983 1223 1041 pugnare,
1261 979 1361 1019 nec
1385 960 1511 1032 quid

137 1090 162 1128 ε
198 1072 360 1125 facere.
392 1067 586 1121 Rursus
633 1063 864 1135 agricola
914 1063 967 1118 in
1015 1069 1172 1116 astate
1213 1057 1367 1112 Senili
1407 1069 1511 1109 non

135 1182 148 1221 ς
170 1165 382 1234 jungere,
412 1174 510 1213 non
539 1168 774 1213 aratrum
802 1156 1036 1215 trahere,
1064 1169 1170 1207 non
1193 1155 1382 1206 secare
1409 1157 1518 1203 ter-

135 1253 382 1308 autsulcos
406 1249 645 1304 scindere
665 1241 814 1312 ,‘non
857 1246 1107 1300 arborem
1146 1241 1324 1297 colere
1347 1279 1363 1305 ,
1407 1253 1516 1315 non

135 1347 284 1400 ritibus
307 1358 362 1397 se
384 1342 668 1411 acljungere
689 1382 702 1403 ,
737 1354 840 1392 non
881 1335 1080 1406 aliquid
1123 1325 1296 1389 Simile
1341 1330 1516 1385 facere

137 1440 167 1490 it
194 1454 206 1490 :
235 1434 320 1489 sed
347 1448 522 1488 eorum
554 1429 909 1501 singulidomi
931 1427 1138 1490 sedent,
1163 1423 1334 1479 aetatis
1363 1419 1520 1476 debi-

158 1525 362 1590 detenti,
395 1537 456 1578 ac
504 1522 825 1578 necessitate
864 1531 1053 1589 magna
1081 1527 1137 1571 et
1161 1514 1288 1570 nihil
1311 1511 1519 1567 valente

136 1631 232 1673 tute
258 1616 550 1686 cnmpediti.
571 1615 764 1669 Verum
787 1628 893 1667 non
921 1612 999 1666 sic
1029 1609 1276 1666 Ecclesia:
1297 1607 1516 1670 doctor;

135 1725 204 1764 inc
225 1708 449 1762 maxime
490 1705 857 1770 concertabit,
903 1701 1258 1770 concionique
1301 1687 1518 1766 Operam

135 1846 140 1863 .
172 1801 454 1855 doetrinatn
483 1806 778 1868 proponet,
801 1803 852 1851 et
885 1793 1064 1865 populi
1094 1805 1270 1848 mores
1298 1802 1522 1858 compo.

135 1894 408 1949 conabitur.
440 1893 700 1946 Senectus
732 1890 872 1944 enim
901 1889 952 1941 in
979 1886 1098 1940 aliis
1140 1882 1353 1953 quidem
1394 1893 1522 1934 con-

135 1988 242 2041 ibus
271 1984 470 2044 inutilis
499 1993 600 2048 est,
627 1985 678 2036 in
704 1980 941 2036 Ecclesia
973 1986 1150 2032 autem
1189 1984 1240 2030 et
1273 1975 1326 2029 in
1357 1973 1525 2027 virtu-

135 2077 356 2130 thorilius
404 2074 708 2128 utilissima.
759 2071 967 2126 Etenim
1014 2063 1208 2122 beatus
1254 2063 1522 2120 Abraham

136 2168 398 2221 naximum
434 2175 705 2220 certamen
749 2162 863 2216 ittiit
905 2174 1026 2216 cum
1059 2153 1360 2227 hujusmodi
1391 2165 1517 2208 teta-

135 2270 212 2314 set.
245 2259 391 2314 Tunc
441 2258 606 2324 enim,
659 2266 784 2311 tunc
830 2265 1033 2309 natura:
1086 2246 1417 2324 tyrannidem
1447 2246 1522 2299 vi-

142 2354 305 2406 lilium
334 2352 589 2406 mactavit
619 2367 634 2406 :
669 2351 916 2403 mactavit
938 2345 1079 2400 enim
1104 2343 1148 2397 si
1179 2357 1283 2396 non
1313 2353 1390 2402 re,
1422 2334 1525 2390 sal-

135 2447 376 2512 .luntate;
413 2445 586 2500 sinon
607 2458 728 2498 cum
745 2441 818 2496 rei
845 2440 970 2504 line,
994 2445 1047 2492 at
1069 2452 1188 2492 cum
1213 2429 1520 2505 proposito;

141 2551 328 2606 opere,
362 2542 427 2588 at.
455 2542 634 2589 mente
667 2552 678 2587 :
710 2543 834 2586 tunc
871 2525 1090 2585 suorum
1124 2527 1238 2596 ipse
1262 2526 1525 2578 viscerum

135 2641 186 2681 os
213 2625 389 2680 factus
421 2632 527 2688 est,
555 2633 609 2677 et
638 2638 702 2677 ex
731 2623 844 2690 ipsa
873 2621 982 2675 fere
1011 2627 1197 2672 natura
1215 2629 1334 2671 sese
1353 2621 1526 2668 trans-

169 2727 224 2772 ct
258 2717 312 2771 in
361 2715 564 2769 emittm
609 2712 887 2782 appelletis
915 2752 930 2776 ,
981 2705 1354 2764 admirandum
1395 2701 1526 2757 illud

135 2811 333 2864 endum
364 2822 512 2879 opus
538 2805 780 2877 perfecit.
806 2804 872 2858 Et
895 2803 1108 2867 Paulus,
1129 2797 1286 2853 orbis
1313 2796 1524 2861 doctur,

135 2903 252 2958 inda
273 2909 569 2958 senectute
587 2900 652 2954 ad
677 2897 948 2952 mirabiles
967 2896 1086 2950 illos
1098 2891 1294 2964 agones
1307 2903 1530 2960 appara-

135 3006 170 3062 t,
200 3004 258 3051 et
285 2994 537 3057 vincula,
585 3000 802 3045 catenas
842 2996 897 3043 et
937 2999 1183 3041 carceres
1215 2985 1268 3038 in
1315 2980 1531 3036 seniore

135 3099 312 3142 ecum
363 3084 545 3139 multa
587 3079 884 3134 constantia
931 3075 1172 3131 ferebat:
1201 3081 1255 3127 ct
1292 3071 1396 3126 hoc
1441 3069 1532 3125 ille

135 3193 198 3232 ns
228 3176 509 3231 dicebat:
536 3162 605 3228 Ut
630 3171 827 3226 Paulus
849 3185 1001 3224 senex
1023 3209 1037 3231 ,
1084 3181 1217 3220 nunc
1243 3174 1296 3217 et
1339 3163 1534 3240 uinctus

135 3282 197 3324 rio
214 3269 358 3323 Jesu
389 3270 410 3338 (
440 3264 664 3320 Philem.
694 3264 779 3334 9).
814 3264 879 3318 Et
923 3262 1037 3316 lucc
1070 3260 1217 3323 dico,
1261 3273 1366 3312 non
1392 3255 1533 3326 quod

135 3371 249 3416 tetn
280 3372 559 3428 Spernam
593 3371 610 3414 :
653 3369 775 3409 nam
804 3351 1066 3422 ctilliqui
1114 3351 1382 3404 fornacem
1430 3346 1538 3402 cal-

165 3453 424 3520 juvenes
478 3446 766 3502 admodum
818 3455 872 3500 et
918 3444 1068 3513 pueri
1120 3448 1310 3506 erant;
1352 3448 1406 3494 et
1447 3438 1539 3508 qui

142 3548 212 3599 ita
247 3546 485 3600 donum
515 3541 720 3610 accepit
762 3539 1020 3594 Jeremias
1043 3549 1075 3601 ;'
1099 3535 1280 3590 Daniel
1330 3545 1540 3603 quoque

135 3653 252 3693 vncs
280 3635 588 3698 frenabat,
623 3642 677 3688 et
708 3640 923 3702 prepter
950 3628 1266 3684 ineffabilem
1295 3623 1540 3678 fiduciam

149 3732 252 3784 illa
294 3727 662 3782 somniorum
709 3724 850 3793 regis
898 3723 950 3776 in
1000 3720 1232 3775 medium
1279 3715 1536 3780 adduxit,

139 3824 175 3876 ti
213 3821 475 3874 viderat
501 3815 817 3879 declaravit,
853 3811 1136 3867 admodum
1161 3811 1371 3880 juvenis
1398 3815 1540 3872 erat;

135 3907 568 3983 impedimenti
591 3907 835 3976 juventus
860 3889 1036 3958 attulit
1061 3903 1125 3957 ad
1153 3903 1402 3955 virtutem
1424 3897 1541 3953 viri.

136 4008 217 4059 iis
245 4003 422 4058 enim
451 3999 642 4064 rebus,
662 4006 720 4051 ut
740 3997 872 4063 dixi,
897 4006 949 4052 et
965 4004 1212 4050 senectus
1230 3998 1475 4064 provecta
1493 3999 1547 4045 et

135 4131 139 4145 .
181 4098 531 4150 immatura
563 4089 786 4144 multum
813 4087 1195 4156 impedimento
1225 4083 1460 4137 fuerint:
1494 4082 1545 4134 in

135 4205 282 4242 vero
310 4183 738 4240 certaminibus
767 4197 871 4234 non
904 4179 1052 4241 item,
1085 4177 1177 4231 sed
1207 4190 1312 4230 uno
1342 4181 1543 4228 tantum

136 4281 429 4348 ~oposito
489 4283 573 4328 est
609 4289 746 4342 opus
789 4271 1072 4338 animaque
1116 4259 1439 4337 praeparata;
1487 4279 1550 4318 ac

135 4380 394 4426 iventns
435 4373 538 4422 est
562 4363 762 4438 inutilis
782 4405 795 4427 ,
823 4375 996 4430 neque
1023 4358 1228 4414 senium
1276 4357 1508 4424 ineptum
1532 4371 1546 4419 ;

136 4477 324 4533 aque
348 4455 682 4512 mtateoriri
695 4449 894 4508 videris
911 4464 1146 4506 maturos
1165 4449 1362 4503 fructus
1381 4446 1551 4516 pullu-

140 4551 524 4610 ltmtmodo,
550 4558 606 4601 ut
635 4542 873 4600 dicebam
899 4585 913 4607 ,
941 4541 1171 4596 animam
1199 4533 1316 4608 quis
1358 4536 1553 4591 haheat

148 4654 218 4701 (ιι
250 4660 418 4716 qua:
455 4641 598 4694 sciat
628 4634 1009 4707 philoSOphari,
1059 4642 1216 4699 atque
1251 4646 1314 4685 cx
1362 4641 1550 4697 magna

143 4740 269 4793 Dei
347 4730 815 4791 hcncvblentiam
845 4725 1094 4780 attrahat.
1143 4723 1220 4778 Ne
1262 4722 1378 4792 quis
1427 4734 1553 4790 ergo

135 4832 200 4884 ut
231 4823 552 4899 segnitici
583 4821 980 4876 excusationem
1014 4816 1093 4870 vel
1113 4815 1446 4884 juventutetn
1471 4811 1553 4864 vel

136 4939 224 4975 :m
256 4937 275 4982 ;
318 4935 457 4988 qua
477 4912 795 4981 ndoqttidetn
817 4911 1135 4964 etiamnunc
1153 4905 1300 4959 mttlti
1324 4904 1554 4974 juvenes

135 5015 334 5070 tu:th
396 5009 694 5063 theatrum
725 5003 930 5074 replent
951 5018 964 5066 ;
985 5015 1142 5054 senes
1162 5011 1337 5053 autem
1371 4998 1421 5051 in
1443 4995 1554 5065 hip-

135 5143 143 5160 .
185 5100 532 5162 indecore
555 5115 611 5154 se
639 5105 850 5169 gerunt.
881 5094 986 5149 Alii
1017 5109 1141 5147 vero
1163 5107 1321 5146 senes
1345 5103 1554 5144 rursum

135 5187 870 5256 concionem'audientes
891 5192 1122 5249 ornant;
1160 5185 1381 5253 juvenes
1430 5194 1556 5235 vero

139 5295 204 5345 la
245 5281 629 5356 spectacula
668 5279 1000 5350 jn‘ventutem
1042 5281 1192 5330 suam
1220 5271 1438 5328 rationis
1467 5285 1554 5324 3x-

136 5381 655 5436 'nnrnonslrant.
691 5368 910 5424 Etiamsi
941 5368 1084 5422 enim
1116 5364 1266 5419 multi
1295 5363 1381 5418 hic
1410 5376 1560 5416 coma

135 5485 164 5528 ι
201 5485 365 5526 non
413 5463 606 5520 satior
639 5477 653 5514 :
681 5459 1008 5530 nequeenim
1030 5458 1222 5511 multos
1245 5465 1444 5509 tantum
1476 5453 1560 5508 hic

136 5564 388 5622 rllem',
434 5553 551 5610 sed
596 5567 803 5615 omnes,
833 5560 887 5606 et
912 5549 1176 5606 neminem
1220 5546 1287 5601 ab
1333 5544 1558 5600 ecclesia

143 5643 568 5724 unpropler‘
584 5643 835 5717 quamdiu
865 5651 1014 5696 extra
1040 5640 1246 5695 caulam
1293 5636 1366 5692 illi
1413 5646 1554 5696 sunt.

158 5759 238 5802 et
273 5737 628 5796 doloribus
653 5733 942 5788 discindor.
972 5731 1102 5786 Nam
1127 5742 1308 5802 pastor
1351 5729 1436 5784 ille
1466 5727 1554 5798 qui

171 5844 444 5904 PATB
459 5851 571 5894 Οι.
619 5831 738 5920 Gn.
787 5828 1023 5918 LXlll_._

3087 304 3191 356 518

1624 415 1910 483 nonaginta
1939 401 2127 470 novem
2155 415 2343 471 ovibus
2371 417 2570 472 relictis
2611 415 2677 472 ad
2725 433 2881 473 unam
2921 430 3189 475 errantem

1617 502 1971 575 properabat,
2003 522 2174 578 neque
2203 509 2350 578 prius
2373 509 2577 565 abalitit
2595 550 2611 574 ,
2640 525 2797 580 quam
2821 509 2967 566 illam
2988 512 3054 565 ad
3072 527 3192 581 gre-

1614 610 1732 666 gem
1754 598 2090 663 reduxisset;
2120 601 2448 671 multamque
2464 617 2526 658 ea
2552 601 2604 656 in
2631 618 2690 658 re
2710 618 2892 659 curam
2913 604 3192 674 impendit.

1615 686 1966 742 Ceutenarius
1991 690 2132 743 enim
2163 706 2414 746 numerus
2442 693 2791 761 claudicabat,
2830 697 3000 753 donec
3030 713 3189 752 unam

1617 781 1849 846 accepit,
1874 788 1926 832 et
1950 790 2073 832 tunc
2093 791 2306 834 centum
2336 797 2460 836 vere
2480 794 2692 837 centum
2725 785 2873 842 fuere
2898 829 2912 851 ,
2951 803 3070 842 cum
3107 789 3192 843 illa

1620 867 1833 920 reducta
1867 877 1921 922 et
1945 879 2155 922 servata
2185 868 2301 923 fuit.
2331 869 2406 926 Ne
2433 886 2562 942 ergo
2599 862 2728 928 tnihi
2778 875 2978 932 dixeris
3026 895 3189 932 unum

1617 971 1736 1011 esse
1752 959 1967 1013 fratrem
1983 961 2071 1028 qui
2098 962 2273 1029 periit;
2297 961 2389 1015 sed
2410 964 2580 1032 cegita
2596 965 2738 1032 quod
2757 966 2824 1020 sit
2847 967 3030 1032 frater,
3051 970 3192 1038 quod

1619 1051 1750 1105 illud
1773 1053 1861 1117 sit,
1897 1053 2095 1108 animal
2123 1056 2277 1123 cujus
2305 1055 2444 1110 Deus
2477 1065 2676 1110 tantam
2715 1072 2896 1113 curam
2919 1061 3074 1129 gerit,
3099 1078 3198 1132 pro

1620 1155 1725 1210 qtto
1745 1149 1886 1196 tanta
1906 1140 2042 1196 facta
2063 1143 2234 1210 fuere,
2254 1159 2348 1212 pro
2365 1159 2471 1214 quo
2491 1148 2754 1216 pretiosus
2775 1152 2987 1219 sanguis
3001 1152 3198 1208 ell‘usus

1619 1243 1672 1286 et
1695 1241 1896 1286 tantum
1922 1233 2147 1303 pretium
2171 1235 2404 1291 solutum
2435 1232 2531 1292 fuit
2552 1255 2564 1289 :
2587 1247 2806 1308 propter
2826 1258 2982 1310 quem
3005 1245 3194 1298 cadum

1621 1333 1900 1378 extensum
1921 1335 2022 1391 est,
2047 1327 2125 1380 sol
2153 1342 2409 1384 accensus
2436 1339 2536 1394 est,
2555 1330 2675 1384 luna
2699 1332 2886 1398 currit,
2912 1336 3087 1388 varius
3110 1336 3199 1391 ille

1622 1417 1894 1472 stellarum
1921 1418 2120 1474 chorus
2153 1419 2336 1491 fulget,
2365 1436 2460 1476 aer
2489 1433 2740 1479 extensus
2763 1434 2864 1491 est,
2895 1429 3040 1483 mare
3065 1406 3198 1483 ellu-

1623 1523 1761 1573 sum,
1803 1515 1942 1563 terra
1988 1509 2204 1565 fundata
2235 1521 2338 1577 est,
2385 1514 2561 1569 fontes
2605 1516 2922 1582 seaturiunt,
2979 1517 3197 1575 ﬂumina

1626 1613 1862 1670 manant,
1890 1616 2102 1660 montes
2125 1605 2316 1660 firmati
2356 1617 2479 1661 sunt
2506 1627 2518 1661 :
2543 1620 2759 1680 propter
2785 1627 2940 1682 quem
2971 1622 3116 1682 prata
3147 1623 3204 1669 et.

1628 1693 1788 1760 horti,
1824 1707 2040 1764 propter
2061 1715 2217 1768 quem
2249 1699 2453 1754 semina
2475 1711 2527 1755 et
2542 1701 2786 1767 arbores,
2807 1713 3025 1775 propter
3042 1722 3198 1775 quem

1625 1783 1832 1840 diversa
1859 1787 2155 1857 plantarum
2201 1806 2416 1861 genera,
2463 1779 2681 1863 propter
2720 1791 2876 1864 quem
2919 1811 2980 1850 ea
3007 1813 3126 1868 qua:
3149 1799 3201 1850 in

1627 1878 1916 1946 montibus,
1957 1897 2076 1950 qua:
2121 1881 2172 1935 in
2200 1882 2449 1949 desertis,
2495 1900 2615 1956 quae.
2643 1886 2693 1940 in
2726 1886 2966 1955 urbibus,
3006 1903 3124 1958 quae
3149 1890 3202 1944 in

1627 1968 1864 2038 planitie,
1893 1986 2010 2040 quae
2042 1971 2094 2026 in
2133 1966 2388 2038 saltibus,
2420 1990 2539 2044 quae
2567 1976 2618 2029 in
2651 1975 2879 2032 collibus
2929 1997 2940 2032 :
2991 1987 3205 2048 prepter

1628 2077 1784 2131 quem
1808 2061 2081 2118 innumera
2099 2064 2320 2134 piscium
2339 2066 3039 2140 multitudo,propterquem
3063 2071 3203 2126 varia

1627 2153 2030 2224 quadrupedum
2061 2168 2282 2226 genera,
2329 2167 2433 2212 tam
2475 2157 2701 2213 diversa:
2749 2163 2923 2214 avium
2963 2162 3204 2231 species;

1629 2258 1847 2316 propter
1868 2262 2025 2316 quem
2054 2250 2158 2315 lex,
2182 2250 2479 2318 prophetae,
2503 2251 2732 2320 apostoli
2758 2271 2772 2315 ;
2799 2263 3018 2324 propter
3047 2271 3204 2322 quem

1630 2337 1909 2393 innumera
1951 2341 2203 2394 miracula
2255 2341 2390 2396 faeta
2434 2352 2560 2397 sunt
2590 2360 2602 2395 :
2631 2344 2756 2413 quid
2795 2361 2929 2414 opus
2967 2357 3049 2400 est
3101 2356 3206 2400 tam

1634 2432 1795 2485 multa
1827 2433 2045 2487 dicere?
2075 2443 2293 2504 propter
2339 2449 2497 2504 quem
2539 2435 2843 2506 unigenitus
2896 2437 2988 2494 Dei
3042 2438 3211 2496 Filius

1633 2523 1792 2578 homo
1823 2523 1992 2579 factus
2021 2533 2124 2589 est,
2153 2534 2207 2579 et
2236 2525 2463 2580 occisus.

1699 2619 1754 2674 2.
1781 2617 1979 2674 Caritas
2007 2634 2124 2688 ergo
2167 2613 2452 2690 proximum
2500 2621 2906 2676 commendatur.
2945 2621 3130 2679 Theca:
3165 2637 3211 2678 et

1629 2712 1853 2782 reliquid:
1887 2712 2260 2784 apostolorum.
2281 2745 2348 2754 —
2374 2710 2554 2786 Cogita
2584 2723 2780 2788 quanta
2799 2715 2939 2771 Deus
2960 2727 3213 2784 cperatns

1632 2803 1701 2857 sit
1718 2819 1813 2872 pro
1826 2805 1997 2860 salute
2013 2805 2309 2869 hominum,
2328 2816 2380 2861 et
2403 2807 2606 2861 nullum
2627 2807 2892 2879 despicias
2911 2807 3210 2876 hominem;

1634 2895 1730 2950 sed
1756 2905 2038 2966 postquam
2068 2897 2173 2952 hoc
2198 2897 2477 2967 spirituale
2506 2897 2772 2954 theatrum
2822 2903 3053 2956 solutum
3097 2906 3211 2959 fue-

1635 2987 1724 3052 rit,
1746 2991 1927 3056 qutere
1947 2988 2093 3041 illum
2111 2989 2200 3058 qui
2231 2988 2420 3053 abfuit,
2454 2987 2507 3044 et
2533 2990 2599 3044 ne
2632 2991 2775 3060 prius
2806 2991 3032 3049 desistas
3054 3010 3210 3063 quam

1636 3077 1785 3133 illum
1817 3078 2102 3132 adduxeris
2130 3087 2184 3133 et
2211 3080 2365 3134 matri
2392 3080 2734 3150 conjunxeris
2755 3124 2767 3146 ,
2798 3091 2956 3152 atque
2999 3099 3027 3136 a
3078 3085 3214 3138 mal.-

1635 3171 2023 3226 consuetudine
2049 3169 2356 3236 abduxeris,
2381 3166 2433 3225 et
2459 3172 2725 3242 captivum
2758 3174 3052 3228 servaveris
3075 3214 3088 3236 ,
3134 3185 3212 3228 at-

1638 3280 1742 3334 que
1769 3265 2104 3318 submersum
2131 3263 2180 3316 in
2211 3279 2356 3318 mare
2383 3262 2701 3328 extraxeris,
2723 3275 2820 3320 eta
2852 3266 2980 3321 feris
3001 3277 3214 3336 Captum

1639 3355 1707 3408 ab
1735 3354 2053 3409 immanibus
2085 3354 2275 3410 belluis
2299 3355 2811 3424 liberaveris.Quam
2829 3359 2970 3412 enitn
2986 3359 3216 3426 veniam,

1641 3463 1800 3515 quam
1835 3445 2205 3501 defensionem
2229 3446 2480 3502 habueris
2498 3451 2520 3501 ‘!
2545 3441 2624 3502 Aid
2652 3450 3015 3518 apostolorum
3042 3449 3222 3504 thecas

1588 3604 1593 3613 .
1643 3540 1928 3593 venimus:
1963 3538 2202 3593 videmus
2242 3540 2315 3610 (α)
2358 3539 2595 3610 ipsorum
2623 3541 2837 3596 vulnera
2862 3542 3220 3612 etstigtnata,

1645 3629 1956 3702 sanguinem
2009 3631 2262 3685 fluentem
2316 3646 2448 3685 auro
2503 3632 2915 3701 pretiosiorem,
2963 3643 3218 3696 catenas,

1647 3721 1875 3791 flagella,
1908 3732 2107 3777 mortes
2134 3720 2494 3792 quotidianus,
2527 3739 2660 3792 quas
2689 3739 2785 3792 pro
2816 3722 3055 3777 Ecclesia
3085 3726 3223 3792 passi

1649 3823 1772 3868 sunt
1803 3835 1814 3868 :
1850 3814 1996 3868 Pauli
2028 3813 2346 3883 discipulum
2376 3815 2571 3882 ttbique
2611 3829 2731 3868 cum
2781 3813 2949 3866 Paulo
2994 3813 3225 3869 circum-

1648 3904 1973 3972 cut'rentettt,
2005 3916 2058 3961 et
2088 3908 2342 3976 magistro
2370 3905 2710 3976 aequandum,
2744 3905 3074 3976 vitttlmnqttc
3102 3919 3225 3960 cum

1653 4011 1802 4054 tauro
1825 4001 2098 4074 jugatum;
2131 3999 2284 4067 pritni
2330 3998 2689 4068 apostolorum
2718 4000 2956 4062 fratrem,
3001 3999 3228 4067 piscato-

1651 4109 1794 4156 tent,
1851 4095 1938 4162 qui
1985 4107 2233 4161 sagenam
2261 4092 2572 4160 eXplieavit,
2627 4102 2679 4146 et
2722 4092 2967 4146 homines
3009 4105 3107 4159 pro
3150 4092 3231 4160 pi-

1661 4184 1837 4239 seihns
1862 4185 2096 4254 piscatus
2121 4195 2202 4240 est
2222 4204 2235 4252 ;
2256 4185 2525 4256 Evangelii
2545 4198 2848 4256 praconem
2873 4204 2886 4240 ε
2910 4192 2962 4238 et
2992 4182 3143 4253 quasi
3176 4183 3228 4235 in
3277 4175 3284 4180 ’

1656 4275 1811 4347 prato
1840 4276 1905 4332 de
1932 4277 2046 4346 ejus
2075 4276 2351 4346 prteelaris
2377 4277 2540 4345 gestis
2565 4279 2822 4329 larlemur.
2855 4275 2954 4342 Qui
2983 4290 3110 4331 vero
3133 4289 3232 4330 nos

1657 4370 2042 4432 deseruerunt,
2099 4384 2358 4440 equorum
2417 4369 2856 4424 irrationabilium
2906 4376 3231 4437 spectatores

1655 4462 1861 4527 sedent,
1883 4461 2141 4516 eonviciis
2167 4472 2220 4516 et
2237 4461 2573 4515 contumeliis
2595 4475 2654 4513 se
2683 4468 2867 4513 mutuo
2892 4459 3231 4530 impetentes,

1660 4555 1892 4610 furorem
1943 4564 1998 4610 et.
2040 4569 2292 4624 pugnam,
2350 4567 2468 4621 qua:
2515 4551 2714 4604 nullam
2741 4565 2956 4604 causam
3009 4550 3232 4613 habeat,

1661 4647 2040 4712 incendentes,
2080 4645 2272 4715 gaudio
2319 4643 2555 4696 fruentes
2592 4640 2733 4710 quod
2766 4640 3122 4694 miserabilius
3150 4652 3234 4695 est

1661 4741 1776 4809 ipso
1801 4738 1984 4792 dolore
2005 4781 2018 4802 ,
2055 4736 2123 4791 de
2167 4737 2366 4805 aurigis
2407 4734 2696 4788 victoribus
2723 4732 2809 4796 ,de
2835 4731 3082 4801 equism
3127 4731 3234 4786 fra-

1660 4834 1757 4887 ctis
1789 4847 1927 4901 :quo
1957 4829 2081 4900 quid
2114 4826 2530 4883 irrationabilius
2553 4823 2871 4879 fuerit?Cur
2895 4839 3078 4894 quaeso
3100 4839 3229 4893 gau-

1661 4922 1795 4979 des?
1821 4937 1916 4977 cur
1932 4921 2191 4982 exsultas,
2235 4934 2330 4973 cur
2347 4917 2527 4972 exsilis
2548 4956 2562 4982 ,
2595 4924 2648 4969 et
2670 4913 2795 4970 inde
2825 4913 2976 4968 lmtus
3009 4913 3230 4970 descen-

1663 5015 1778 5072 dis?
1799 5013 1876 5068 Tu
1890 5029 2018 5067 vero
2031 5027 2124 5066 cur
2135 5010 2303 5074 doles,
2325 5019 2374 5064 et
2394 5024 2502 5078 pra:
2526 5007 2728 5076 pudore
2750 5015 2801 5061 te
2823 5005 3062 5060 occultas
3077 5013 3236 5075 eaput

1665 5110 1946 5174 inclinans,
1975 5107 2315 5174 animumque
2349 5112 2494 5157 tuum
2517 5102 2778 5164 lacerans,
2807 5099 2952 5169 quod
2979 5098 3068 5154 ille
3091 5099 3236 5162 vicit,

1663 5201 1868 5255 etalter
1895 5198 2064 5253 victus
2103 5194 2224 5251 est?
2253 5205 2307 5250 et
2335 5193 2462 5266 quid
2509 5193 2622 5248 haec
2650 5192 2714 5246 ad
2749 5193 2841 5246 te?
2883 5204 3040 5261 quam
3079 5191 3243 5254 ratio-

1667 5291 1790 5348 nem
1819 5289 2016 5346 habere
2037 5286 2206 5358 possit
2231 5285 2346 5340 inec
2368 5299 2463 5340 seu
2490 5282 2726 5348 tristitia,
2757 5296 2852 5337 seu
2885 5279 3104 5336 laetitia?
3133 5295 3240 5350 quo

1667 5383 1928 5453 supplicio
1972 5390 2194 5450 uterque
2223 5376 2366 5448 digni
2395 5390 2502 5431 non
2529 5373 2769 5452 fueritis,
2800 5387 2920 5427 cum
2945 5370 3122 5425 anima
3155 5379 3240 5423 tua

1666 5449 1904 5545 quotidie
1949 5471 2000 5526 in
2042 5469 2182 5523 vitiis
2232 5468 2516 5532 volutetur,
2562 5463 2614 5519 id
2655 5449 2782 5520 nihil
2844 5476 2972 5517 cura
2999 5501 3014 5526 ,
3066 5459 3244 5527 deque

1668 5565 1984 5622 animalibus
2035 5559 2518 5624 irrationabilibus,
2569 5555 2740 5626 deque
2767 5552 3070 5624 hominibus
3113 5551 3240 5624 ipsis

1733 5730 1804 5795 (η)
1829 5719 1920 5781 γει
1947 5727 1994 5778 ἱιι
2022 5727 2205 5791 pictura
2230 5721 2308 5774 vel
2333 5733 2421 5786 per
2447 5718 2858 5783 imaginationem.

2801 5805 2880 5867 26
