3872 6396
555 251 659 303 δμι

554 367 713 417 etiam
768 360 971 415 ratione
1023 356 1363 417 carentibus,
1397 353 1597 423 gaudes
1646 350 1728 404 vel
1772 348 1963 403 doles?
2016 345 2120 401 Sed

553 467 618 504 ne
650 465 833 504 rursus
864 457 1025 502 totam
1056 443 1366 499 concionem
1400 445 1451 497 in
1486 442 1599 496 lucc
1626 440 1955 493 insumentes
1986 446 2121 490 tem-

553 556 649 608 pus
704 547 981 601 tcramus,‘
1030 536 1243 590 illorum
1291 533 1629 601 correptione
1674 539 1866 584 vestrae
1914 526 2122 582 caritati

543 628 941 698 commendata.
972 627 1035 680 iis
1061 641 1183 694 qua:
1228 624 1387 678 hodie
1435 625 1567 676 lecta
1618 630 1741 674 sunt
1767 620 1955 673 demus
1985 631 2119 685 ope-

550 737 686 781 ram,
714 729 767 774 et
790 721 841 773 in
872 717 1267 785 Scripturarum
1288 715 1586 767 divinarum
1609 720 1813 781 pratum
1834 724 1928 762 vos
1964 707 2121 760 indu-

542 826 667 865 cere
700 807 1015 865 conabimur
1044 823 1056 858 :
1090 821 1212 859 nam
1245 805 1331 858 illa
1380 812 1531 872 prato
1571 810 1695 856 sunt
1720 800 1936 854 similia.
1969 797 2119 852 Sicut

540 904 682 957 enim
716 904 766 955 in
800 909 952 971 prato
983 897 1178 952 dchrsi
1209 896 1369 950 ﬂores
1393 906 1532 955 sunt,
1565 906 1751 947 omnes
1789 900 1963 944 autem
1996 888 2113 956 pul-

539 992 791 1047 cherrimi
817 989 1133 1060 spectatoris
1162 988 1347 1041 oculos
1364 987 1638 1039 attrahunt
1666 999 1678 1033 :
1709 982 1779 1035 ita
1807 990 1859 1035 et
1890 981 1940 1032 in
1971 977 2116 1032 Scri-

540 1088 709 1156 ptnris
742 1086 936 1139 divinis
985 1081 1167 1136 videre
1206 1087 1307 1134 est.
1340 1077 1468 1131 Nam
1517 1076 1701 1130 beatus
1731 1073 1894 1127 David
1944 1070 2010 1124 ad
2053 1083 2114 1124 se

539 1188 771 1233 tncnlem
791 1184 1027 1231 nostram
1044 1169 1281 1234 attrahit,
1303 1177 1357 1223 et
1375 1166 1727 1236 apostolicum
1750 1163 1948 1217 dictum
1968 1161 2109 1215 circa

536 1266 908 1328 Timotheum;
939 1263 1264 1330 insuperque
1281 1257 1452 1311 audax
1485 1256 1575 1310 ille
1606 1255 1768 1308 Isaias
1790 1254 1857 1307 de
1877 1253 2107 1305 humana

535 1368 721 1412 natura
752 1351 1157 1424 pbitosophans,
1194 1349 1511 1417 illorumqne
1540 1345 1796 1399 Dominus
1822 1342 1979 1398 Jesus
2022 1341 2107 1395 di-

532 1448 768 1517 scipulos
796 1446 1095 1513 alloquens,
1125 1456 1189 1494 ac
1217 1439 1400 1493 dicens
1433 1454 1446 1490 :
1480 1435 1659 1490 Messi:
1687 1435 1887 1504 quidem
1920 1434 2099 1497 multa,

530 1536 754 1608 operarii
801 1544 968 1587 autem
1013 1531 1164 1603 pauci
1208 1529 1225 1601 (
1254 1527 1439 1581 Matth.
1485 1527 1536 1582 9.
1568 1527 1633 1580 37
1656 1528 1698 1597 ).
1732 1528 1842 1595 Age
1876 1523 2107 1593 igitur,si

531 1630 725 1699 placet,
754 1627 854 1681 hoc
879 1626 1076 1680 dictum
1102 1624 1152 1675 in
1178 1620 1410 1676 medium
1438 1618 1783 1683 adducentes,
1809 1615 1922 1685 ejus
1949 1629 2106 1668 sensa

527 1720 856 1791 extiliccums
890 1735 903 1771 :
932 1715 1029 1771 etsi
1081 1716 1224 1770 enim
1274 1713 1435 1767 breve
1481 1710 1681 1765 dictum
1722 1708 1852 1763 illud
1898 1720 1999 1771 est,
2052 1715 2108 1761 at

526 1816 743 1881 pelagus
786 1809 1105 1862 immensum
1133 1802 1517 1859 sententiarum
1564 1801 1716 1854 nobis
1756 1799 1928 1853 offert.
1963 1798 2103 1865 Qua-

526 1910 744 1972 propter
795 1900 861 1954 ad
909 1899 1081 1969 ipsum
1137 1911 1258 1951 cum
1312 1910 1504 1962 tnagno
1552 1892 1728 1947 studio
1757 1890 2101 1946 accedamus.

521 1996 657 2065 Quia
687 1996 828 2050 enim
864 1993 1011 2056 vidit,
1044 1990 1235 2060 inquit,
1269 1986 1663 2043 multitudinem
1695 1985 1955 2041 divulsam
1976 2027 1991 2051 ,
2021 1983 2103 2039 di-

522 2092 595 2145 cit
623 2086 901 2158 diseipulls
928 2102 941 2139 :
976 2083 1155 2138 Messis
1184 2082 1388 2153 quidem
1416 2083 1575 2135 multa
1600 2122 1615 2147 ,
1661 2080 1883 2149 operarii
1935 2089 2101 2133 autem

523 2180 693 2251 pauci.
727 2180 857 2245 Quae
886 2177 1094 2237 messis,
1129 2174 1215 2229 dic
1245 2173 1397 2241 mihi,
1429 2180 1484 2227 et
1510 2186 1606 2227 cur
1635 2172 1712 2227 sic
1734 2171 1872 2226 hanc
1901 2170 2102 2226 doctri-

522 2287 643 2325 nam
672 2268 920 2325 vocavit?
962 2265 1107 2336 atqui
1139 2264 1328 2320 messis
1375 2264 1454 2319 rei
1495 2263 1619 2318 finis
1659 2273 1761 2318 est.
1811 2262 2099 2332 Postquam

519 2365 661 2419 enim
688 2378 869 2419 semen
894 2361 944 2415 in
959 2361 1131 2415 sinum
1151 2367 1306 2413 terra:
1323 2356 1521 2426 jactum
1547 2356 1862 2409 bumiditate
1881 2355 2100 2410 fruitum

517 2464 619 2519 est,
639 2452 831 2508 deinde
850 2452 1208 2505 bumectatum
1226 2457 1281 2503 et
1299 2446 1536 2501 inﬂatum
1550 2446 1876 2515 adjacentem
1903 2455 2096 2499 terram

517 2544 830 2615 occupavit;
880 2550 1067 2613 postea
1122 2541 1175 2593 in
1226 2538 1519 2593 divisiones
1568 2536 1764 2591 multas
1802 2549 2094 2605 expansum

519 2642 573 2691 in
604 2633 921 2705 profundum
950 2630 1155 2685 radices
1186 2644 1310 2682 suas
1335 2628 1477 2682 misit
1502 2645 1515 2681 :
1559 2628 1785 2697 primum
1811 2625 2096 2696 prospicitc

525 2726 844 2797 superficie;
874 2722 1067 2779 deinde
1094 2720 1366 2791 paulatim,
1398 2719 1530 2785 sole,
1564 2718 1740 2789 pluvia
1767 2729 1821 2773 et
1842 2732 1965 2772 aere
1994 2733 2093 2771 nu-

519 2822 699 2875 tritum
732 2815 1120 2887 germinatione
1153 2824 1308 2867 terra:
1340 2821 1595 2881 augetur,
1634 2821 1688 2865 ct
1716 2810 1946 2865 efficitur
1974 2810 2092 2880 qui-

512 2911 632 2965 dem
658 2910 883 2979 primum
915 2906 1077 2960 herba
1102 2904 1279 2959 virens
1300 2945 1315 2968 ,
1347 2914 1399 2957 et
1447 2913 1627 2957 tenera
1679 2901 1800 2957 folia
1852 2901 2087 2965 emittit;

512 3001 706 3056 deinde
736 2999 1071 3053 immaturam
1100 2996 1301 3065 spicam
1353 2993 1507 3049 effert
1534 3036 1548 3059 ,
1594 3002 1647 3048 et
1690 2993 1921 3046 instante
1968 3007 2091 3048 vere

504 3108 699 3148 rursus
733 3090 985 3161 paulatim
1015 3096 1334 3141 maturatum
1365 3086 1430 3140 ad
1475 3086 1719 3156 stipulam
1761 3095 1819 3140 et
1860 3087 2088 3154 aristas,

510 3186 723 3255 plenum
751 3180 979 3236 fructum
1008 3179 1201 3233 reddit.
1233 3178 1383 3233 Tunc
1412 3178 1625 3231 domum
1671 3176 1901 3246 agricola
1925 3218 1939 3240 ,
1991 3176 2085 3230 fal-

511 3290 629 3329 cem
661 3288 881 3331 acuens,
910 3284 1179 3325 messores
1207 3277 1515 3338 congregat,
1563 3277 1616 3321 ct
1659 3267 1942 3321 eollcctum
1977 3266 2087 3320 fru-

518 3379 665 3422 ctum
706 3368 756 3419 in
784 3366 945 3420 domo
970 3363 1209 3432 deponit.
1243 3361 1429 3416 Mcssis
1458 3370 1537 3414 est
1568 3361 1725 3430 igitur
1766 3360 1885 3412 linis
1914 3361 2088 3413 omnis

516 3460 714 3516 laboris
740 3470 796 3514 et
838 3458 1194 3528 agriculturar.
1240 3452 1520 3520 Quomodo
1560 3468 1721 3520 ergo,
1770 3467 1986 3520 quaeso,
2036 3450 2084 3503 id

517 3566 746 3606 messem
774 3557 947 3613 vocat,
972 3562 1090 3600 cum
1120 3560 1207 3600 res
1234 3543 1409 3598 adhuc
1429 3543 1479 3596 in
1509 3543 1782 3611 prowmiis
1830 3551 1879 3595 et
1925 3542 2088 3594 lllllllS

510 3645 692 3700 esset?
716 3642 965 3711 Impietas
981 3640 1122 3694 enim
1156 3638 1350 3707 ubique
1376 3646 1637 3690 terrarum
1665 3634 2041 3687 dominabatur
2070 3649 2084 3686 :

512 3752 620 3797 arae
642 3733 933 3792 ardebant,
961 3741 1014 3785 et
1041 3729 1179 3783 idola
1212 3727 1592 3787 adorabuntur,
1637 3724 1794 3779 Jesus
1819 3724 2086 3793 despicie-

515 3828 691 3890 batur,
714 3834 767 3878 et
795 3821 1053 3893 profunda
1074 3837 1175 3875 nox
1205 3819 1380 3873 omnia
1403 3817 1709 3871 continebat
1740 3833 1751 3867 :
1785 3817 1954 3869 hiems
1974 3825 2090 3870 erat

509 3917 727 3977 acerba,
760 3928 909 3969 mare
958 3912 1367 3982 tempestatibus
1395 3911 1648 3979 agitatum
1672 3950 1685 3971 ,
1721 3911 1893 3963 ventis
1923 3910 2088 3964 vehe-

496 4009 779 4064 mentibus
806 4009 1088 4059 humanam
1123 4006 1283 4057 vitatn
1315 4002 1653 4056 turbantibus
1678 4043 1690 4063 ,
1721 4003 1861 4057 vitiis
1908 4012 2089 4073 tyran-

513 4101 692 4156 nidem
724 4099 1095 4155 exercentibus
1117 4139 1132 4160 ,
1164 4096 1535 4165 immersisque
1564 4096 1832 4150 omnibus.
1883 4095 2087 4165 Ubique

507 4193 657 4246 enim
678 4189 981 4251 iornicatin,
1005 4189 1320 4242 adulterium
1349 4196 1402 4241 et
1421 4187 1634 4240 lascivia
1658 4204 1670 4238 :
1692 4185 1885 4255 ubique
1914 4186 2088 4240 avari-

516 4284 609 4341 tia.
640 4281 857 4351 rapinae,
887 4280 1024 4333 bella
1062 4298 1072 4331 :
1106 4279 1320 4347 sanguis
1347 4278 1397 4331 in
1422 4287 1584 4341 terra,
1610 4279 1823 4347 sanguis
1853 4278 1901 4330 in
1930 4278 2085 4343 mari,

515 4372 733 4442 sanguis
754 4386 937 4426 eorum
970 4371 1057 4439 qui
1102 4363 1337 4424 immersi
1382 4367 1615 4434 fuerant,
1651 4377 1704 4423 et
1728 4369 1903 4424 caedes
1953 4370 2089 4425 istuc

516 4463 802 4517 intulerant
833 4461 968 4515 bella
998 4461 1292 4530 frequentia
1323 4470 1376 4514 et
1398 4476 1583 4530 pugnrc
1603 4502 1617 4525 ,
1651 4462 1939 4531 civilesque
1978 4478 2086 4516 ca:-

508 4556 624 4617 dcs,
672 4552 849 4607 caades
895 4554 1107 4620 inquam
1157 4551 1407 4605 omnibus
1461 4552 2085 4607 exsecrabilioresznam

520 4647 679 4699 etiam
706 4642 797 4695 ﬁlii
838 4642 1461 4709 idolisimmolabantur;
1492 4653 1677 4696 natura
1723 4643 2086 4710 ignorabatur,

514 4737 760 4806 cognatio
792 4735 1159 4789 invertebatnr
1194 4752 1205 4787 :
1243 4734 1433 4804 ubique
1483 4736 1774 4804 prmcipilia
1808 4748 1852 4791 et
1884 4736 2087 4805 seopuli

490 4840 565 4880 let
593 4842 719 4883 saxa
752 4827 967 4881 latentia
996 4825 1212 4894 gravia;
1244 4835 1298 4880 et
1330 4825 1508 4879 nullus
1557 4826 1717 4878 homo
1764 4825 2088 4895 gubernator

513 4931 625 4972 crat
661 4937 672 4971 :
708 4919 817 4971 imo
845 4919 1228 4988 gubernatores
1261 4918 1411 4986 pauci
1462 4917 1513 4970 in
1545 4917 1853 4971 Judtcorum
1893 4929 2085 4987 gente;

514 5027 673 5065 nemo
705 5020 965 5062 verocrat
1004 5010 1093 5078 qui
1134 5009 1373 5073 audiret,
1420 5008 1597 5062 nautis
1636 5009 1775 5062 inter
1819 5023 1877 5062 se
1908 5019 2090 5063 mutuo

514 5100 958 5168 disceptantibns,
991 5111 1045 5153 et
1069 5100 1240 5155 altero
1268 5102 1491 5153 alterum
1516 5100 1925 5154 concidcnlibus
1947 5111 1997 5154 et
2036 5102 2086 5154 in

512 5209 660 5246 mare
717 5191 1193 5261 prmeipitantilms.
1247 5191 1457 5245 Etenim
1518 5191 1766 5262 Scythae,
1813 5192 2087 5254 Thraces,

515 5283 702 5344 Mauri,
734 5281 864 5345 Indi,
893 5280 1095 5345 Persas,
1122 5280 1402 5345 Sarmatae,
1433 5292 1486 5336 et
1510 5284 1596 5352 qui
1628 5282 1888 5337 Grmciant
1921 5292 1974 5335 et
1999 5283 2089 5351 qui

513 5373 735 5441 Epirum
760 5370 1083 5437 incolebant,
1121 5379 1175 5425 et
1200 5373 1375 5425 onmis
1398 5372 1512 5426 fere
1557 5388 1673 5442 qua:
1705 5374 1804 5426 sub
1842 5374 1973 5427 cmlo
2009 5383 2092 5427 est

513 5476 674 5533 terra,
704 5464 980 5519 damones
1007 5463 1258 5527 colebat,
1290 5474 1342 5518 et
1367 5464 1434 5519 ab
1461 5465 1806 5519 exsccrandis
1837 5465 1943 5518 illis
1976 5465 2088 5533 spi-

508 5558 702 5613 rittbus
732 5557 909 5612 omnia
954 5555 1454 5628 pcssumdabantur,
1500 5556 1647 5627 regio
1687 5557 1911 5627 quaevis,
1964 5556 2091 5612 urbs

506 5650 870 5719 et-dcsertum,
900 5660 1037 5704 terra
1072 5655 1123 5701 et
1149 5662 1313 5719 mare,
1344 5646 1585 5702 barbaria
1611 5658 1663 5703 ct
1686 5647 1909 5715 Griccia,
1936 5662 2087 5704 mon-

1290 240 1347 293 S.
1387 234 1660 301 JOANNIS
1696 229 2173 290 CHRYSOSTOMI
2213 231 2524 293 ARCIIIEP.
2569 228 3103 292 CUNSTANTINOP.

3663 243 3745 299 μοι)

2237 354 2336 406 tes,
2389 345 2557 403 saltus
2605 358 2659 403 ct
2711 349 2914 405 colles:
2947 366 3049 405 una
3106 350 3405 409 Judtcornm
3458 356 3613 419 natio,
3652 377 3742 427 qua:

2231 434 2479 502 pietatem
2527 439 2722 492 sectari
2777 439 3095 505 videbatur,
3149 441 3434 513 prophetas
3475 443 3673 501 habebat
3704 464 3745 505 ct

2228 524 2422 578 divinae
2453 528 2776 596 cognitionis
2805 545 2967 599 parva
3005 530 3252 597 semina;
3294 548 3476 587 verum
3517 536 3593 589 illa
3628 540 3745 607 lapsu

2228 618 2481 684 temporis
2511 618 2699 674 obruta
2727 631 2903 687 erant,
2929 631 2983 677 ct
3010 622 3260 677 doctores
3289 625 3459 693 gentis
3480 625 3605 679 illius
3626 643 3746 682 accu-

2225 714 2429 762 satores
2454 710 2633 764 acerbi
2663 722 3003 780 peccatorum
3036 715 3140 768 illis
3163 715 3285 769 facti
3314 725 3469 778 sunt;
3496 732 3553 770 ac
3590 721 3746 773 nedum

2222 798 2357 853 alios
2412 801 2688 857 erudirent
2746 815 2800 859 et
2855 805 2922 860 ad
2987 806 3239 875 pietatem
3305 808 3657 872 instituerent,
3705 826 3746 863 ut

2223 890 2385 943 etiam
2439 892 2557 945 aliis
2605 893 2928 949 offendicula
2961 906 3085 950 tunc
3130 907 3303 951 erant.
3355 897 3420 951 Et
3464 898 3558 952 hoc
3604 900 3746 955 dcc!»

2220 994 2349 1033 rans
2395 982 2656 1052 propheta
2704 984 2961 1040 dicebat:
2998 987 3219 1058 Propter
3268 1005 3358 1042 vos
3418 1005 3585 1043 nomen
3620 1008 3747 1045 mam

2219 1070 2599 1140 blasphematur
2660 1076 2715 1129 in
2778 1079 3007 1147 gentibus
3070 1078 3241 1149 (Isai.
3299 1079 3392 1135 52.
3432 1081 3485 1136 5.
3531 1080 3660 1137 flora.
3704 1086 3740 1139 Ξ.

2214 1162 2283 1217 ei
2303 1166 2345 1233 ).

2284 1253 2335 1308 5.
2379 1254 2659 1323 Quomodo
2702 1274 2865 1330 ergo,
2898 1275 3021 1315 cum
3062 1270 3140 1316 tot
3166 1262 3303 1316 mala
3338 1263 3520 1317 orbem
3547 1278 3740 1333 occupa

2213 1356 2359 1410 rent,
2390 1364 2451 1401 ac
2476 1352 2712 1404 nondum
2741 1353 2944 1407 semina
2967 1354 3107 1422 jacta
3141 1353 3367 1408 fuissent
3394 1354 3614 1425 (ubique
3635 1360 3743 1410 enim

2211 1438 2400 1505 spinae,
2436 1441 2638 1504 tribuli,
2688 1442 2870 1497 herba:
2913 1444 3132 1512 noxiaz),
3183 1444 3427 1498 nondum
3504 1459 3739 1517 expurgat:

2214 1538 2386 1595 terra,
2420 1547 2592 1602 neque
2635 1544 2816 1589 aratro
2863 1535 3100 1590 admisso
3130 1537 3390 1605 nulloque
3418 1537 3561 1590 sulco
3602 1539 3741 1591 facto:

2209 1621 2477 1688 quomodo
2496 1664 2510 1686 ,
2543 1624 2758 1693 inquam
2781 1665 2795 1690 ,
2826 1625 2893 1679 de
2920 1640 3096 1680 messe
3121 1626 3364 1695 loquitur
3394 1636 3449 1680 et
3471 1626 3608 1688 dicit,
3637 1627 3743 1680 Mrs-

2208 1713 2275 1765 sis
2301 1714 2456 1766 multa
2478 1715 2502 1767 ?
2524 1722 2580 1769 et
2610 1730 2709 1769 cur
2738 1717 2815 1771 sic
2831 1717 3175 1787 Evangeliuni
3225 1719 3432 1772 vocat?
3458 1718 3598 1772 Cur?
3634 1720 3747 1785 Quo-

2210 1804 2347 1857 niam
2378 1821 2464 1860 res
2504 1807 2575 1860 ita
2597 1808 2875 1877 disposita:
2905 1819 3089 1875 erant,
3138 1820 3191 1865 et
3234 1811 3502 1864 missurus
3552 1822 3652 1865 erat
3695 1815 3740 1864 il-

2208 1894 2287 1951 los
2341 1914 2432 1966 per
2493 1908 2661 1954 totum
2704 1902 2921 1967 orbem;
2953 1903 3243 1958 verisimile
3280 1912 3466 1957 autem
3507 1915 3612 1958 erat
3652 1906 3747 1957 illos

2210 1988 2449 2044 turbatos
2488 1990 2697 2057 fuisse,
2747 2004 2801 2046 et
2844 2008 3025 2048 secum
3071 1996 3411 2065 reputavisse
3455 2011 3516 2049 ac
3548 1996 3743 2050 divisse:

2206 2078 2484 2145 Quomodo
2508 2097 2635 2137 vero
2664 2083 2777 2137 fieri
2819 2092 3033 2154 potest,
3064 2100 3184 2140 cum
3208 2086 3462 2140 undecim
3495 2096 3670 2140 tantum
3691 2093 3747 2141 si-

2206 2184 2323 2222 mus
2352 2170 2370 2239 (
2399 2186 2535 2226 unus
2571 2174 2715 2227 enim
2748 2189 2775 2225 a
2806 2174 3022 2228 diabolo
3053 2186 3241 2245 captus
3270 2186 3361 2231 est
3384 2177 3434 2243 ),
3471 2178 3672 2241 idiotas,
3698 2182 3744 2227 ii-

2202 2259 2441 2315 literatos
2462 2303 2477 2327 ,
2502 2278 2786 2333 pauperes,
2814 2266 3099 2333 obscuros,
3128 2268 3304 2323 nudos
3328 2308 3347 2332 ,
3377 2285 3531 2322 uuam
3556 2273 3741 2323 tunicam

2204 2351 2459 2409 habentes
2479 2395 2493 2419 ,
2528 2355 2823 2425 nudipedes
2845 2398 2861 2423 ,
2897 2373 3005 2412 non
3039 2374 3265 2423 zonam,
3296 2374 3408 2412 nou
3438 2360 3642 2428 virgam,
3664 2380 3740 2415 nun

2201 2443 2416 2498 obolum
2476 2445 2745 2512 ferentes,
2802 2457 2860 2502 ut
2920 2458 3091 2503 totum
3155 2450 3423 2505 mundum
3482 2467 3744 2520 percurrere

2200 2536 2472 2591 valeamus
2512 2537 2590 2592 sic
2620 2539 2979 2607 dispositum,
3028 2541 3313 2611 ipsumque
3363 2558 3393 2595 a
3440 2544 3596 2596 veteri
3639 2560 3740 2597 con-

2198 2625 2480 2681 suetudine
2541 2628 2805 2693 avellere,
2869 2639 2921 2683 et
2966 2630 3031 2683 ad
3081 2632 3203 2685 novi
3264 2631 3591 2687 Testamenti
3636 2634 3740 2702 dog-

2199 2725 2339 2771 mata
2370 2718 2621 2773 inducere
2641 2761 2655 2786 ,
2702 2729 2757 2774 et
2799 2723 3131 2790 peregrinam
3161 2724 3456 2793 quamdam
3487 2726 3737 2780 doctrinam

2199 2811 2468 2865 inculcare
2488 2812 2510 2862 ?
2530 2814 2869 2881 quandonam
2892 2817 3073 2884 spinas
3095 2819 3397 2872 avellemus
3414 2820 3436 2871 ?
3453 2821 3739 2888 quandunnn

2197 2902 2398 2956 semina
2437 2903 2733 2971 jaciemus?
2760 2907 2972 2975 quando
3011 2918 3241 2961 mentem
3273 2924 3467 2962 eorum
3514 2920 3566 2963 ut
3591 2928 3736 2981 agrum

2195 2994 2470 3047 colemus?
2496 2994 2707 3064 quando
2734 2996 2984 3051 reddetur
3002 2998 3222 3053 semen?
3239 3001 3368 3068 quis
3396 3015 3492 3054 nos
3514 3018 3607 3055 non
3630 3002 3739 3056 abri-

2196 3085 2341 3152 piet?
2362 3085 2481 3155 quis
2510 3100 2612 3139 non
2643 3102 2735 3155 per
2762 3089 3049 3157 praecipitia
3080 3090 3225 3143 dabit
3246 3092 3267 3142 Υ
3288 3092 3560 3160 quomodo
3581 3096 3738 3161 νυκτί·

2196 3189 2313 3227 nms
2340 3174 2420 3228 vel
2446 3190 2504 3228 os
2535 3177 2766 3243 aperire,
2797 3186 2962 3241 stare,
2984 3178 3282 3248 disputare,
3315 3197 3621 3252 comparere
3643 3194 3737 3237 ante

2194 3275 2274 3319 tot
2304 3266 2480 3319 'millia
2515 3266 2823 3321 hominum?
2863 3270 3134 3339 quomodo
3166 3282 3519 3342 tyrannorum
3548 3275 3734 3326 furorem

2194 3357 2643 3424 comprimcmus,
2672 3360 3001 3428 pepulorum
3041 3364 3498 3426 insurrectiones,
3532 3364 3737 3433 philosoo

2194 3442 2429 3510 phorum
2463 3448 2968 3513 argumentationes
2990 3490 3003 3513 ,
3040 3451 3322 3505 rhetorum
3369 3454 3736 3522 eloquentiam,

2194 3535 2533 3604 praejudicati
2569 3538 2734 3591 animi
2756 3542 3120 3608 tyrannidem,
3142 3544 3347 3598 veteris
3369 3545 3739 3599 consuetudinis

2195 3625 2645 3687 vinndzemonum
2665 3629 3127 3689 insidias,animas
3142 3636 3289 3687 mille
3308 3636 3737 3691 morbisalfectas?

2194 3732 2293 3771 nos
2324 3718 2481 3788 igitur
2514 3719 2795 3787 undecim,
2824 3722 3093 3792 quomodo
3122 3739 3313 3780 omnes
3348 3726 3440 3794 qui
3474 3740 3562 3795 per
3586 3726 3732 3779 orbem

2193 3818 2316 3863 sunt
2362 3809 2725 3878 corrigemus,
2772 3812 2951 3866 idiotte
2995 3814 3298 3882 sapientes,
3341 3817 3469 3869 undi
3511 3826 3731 3879 armatas,

2193 3888 2391 3956 subditi
2425 3903 2715 3972 principes,
2741 3906 2830 3974 qui
2864 3921 3023 3959 unam
3057 3915 3302 3961 tcncmus
3326 3907 3557 3977 linguam
3580 3908 3733 3959 adver.

2192 4009 2283 4049 sus
2312 3995 2617 4057 innumeras
2646 3996 2852 4066 linguas
2879 3998 3213 4068 disputantes
3232 4042 3247 4063 ,
3282 4012 3339 4054 et
3372 4004 3617 4057 adversus
3636 4019 3733 4072 gen.

2195 4096 2274 4142 tes
2306 4087 2555 4141 barbaras
2586 4086 2917 4159 diversaeque
2947 4089 3137 4159 lingua:
3156 4091 3313 4160 ?quis
3338 4108 3445 4145 non
3472 4092 3611 4155 feret,
3630 4108 3733 4160 quo-

2194 4196 2311 4235 rum
2350 4197 2416 4235 ne
2460 4180 2672 4249 quidem
2707 4181 2941 4251 linguam
2975 4182 3275 4251 intelligere
3307 4186 3524 4253 possit?
3562 4200 3619 4239 ne
3656 4185 3732 4238 hoc

2192 4288 2373 4327 secum
2424 4282 2732 4342 reputantes
2773 4276 3133 4340 turbarentur,
3170 4278 3517 4346 Evangelium
3546 4293 3728 4331 messem

2193 4364 2513 4432 appellavit;
2546 4378 2609 4417 ac
2638 4366 2680 4416 si
2717 4363 2922 4418 diceret
2953 4365 3182 4418 :Omnia
3207 4378 3467 4435 apparata
3486 4380 3614 4432 sunt,
3639 4383 3728 4421 om~

2196 4457 2278 4511 nia
2310 4456 2549 4511 ordinata
2576 4472 2591 4510 :
2617 4456 2680 4509 ad
2712 4466 2948 4525 paratam
2974 4473 3071 4511 vos
3099 4456 3369 4512 fructuum
3402 4461 3727 4516 collectionem

2196 4550 2347 4601 mitto
2377 4564 2390 4599 :
2425 4546 2613 4600 eodem
2661 4546 2775 4616 ipso
2803 4547 2891 4601 die
2916 4560 2970 4602 et
2997 4549 3266 4603 seminare
3294 4560 3350 4603 et
3393 4560 3587 4606 metere
3614 4560 3728 4618 pote-

2194 4638 2330 4691 ritis.
2355 4638 2505 4692 Sicut
2536 4638 2693 4707 igitur
2734 4639 2965 4705 agricola
2999 4639 3065 4694 ad
3094 4655 3325 4694 messem
3370 4644 3551 4695 exiens
3575 4640 3726 4710 gaudet

2195 4741 2249 4784 ct
2277 4730 2428 4795 hctus
2458 4728 2724 4793 exsultat,
2759 4730 2971 4785 labores
3003 4740 3057 4785 et
3090 4730 3439 4787 difficultates
3465 4748 3562 4786 non
3590 4731 3725 4786 τουδὶ-

2195 4821 2390 4875 durans
2414 4861 2428 4885 ,
2458 4819 2551 4874 sed
2582 4821 2732 4889 quasi
2763 4820 2828 4874 ad
2856 4831 3171 4890 proventum
3202 4833 3451 4892 paratum
3476 4823 3723 4880 festinans,

2194 4922 2249 4968 et
2277 4913 2341 4965 ad
2371 4927 2577 4967 annuos
2632 4913 2834 4967 fructus
2875 4929 3101 4969 currens
3120 4957 3132 4977 ,
3162 4925 3217 4970 ct
3266 4919 3397 4970 nihil
3427 4928 3507 4971 est
3536 4918 3620 4986 ipsi
3659 4916 3723 4966 im-

2159 5005 2486 5075 pedimenti
2536 5004 2613 5058 vel
2651 5005 2841 5069 obicis,
2880 5007 3020 5059 nulla
3070 5005 3232 5061 futuri
3281 5008 3723 5070 incertitudouton

2198 5098 2397 5151 imbres
2417 5138 2430 5159 ,
2459 5096 2779 5166 grandines,
2810 5098 3026 5152 siccitas
3048 5139 3063 5162 ,
3095 5114 3199 5153 non
3228 5100 3401 5155 malus
3427 5102 3513 5154 ille
3536 5100 3720 5153 locusta-

2196 5208 2310 5245 rum
2362 5190 2636 5245 excrcitus
2667 5207 2679 5240 :
2708 5206 2826 5243 nam
2859 5192 2949 5260 qui
2998 5194 3158 5245 messi
3204 5193 3297 5245 dat
3348 5208 3583 5262 operam,
3624 5189 3722 5242 nth

2199 5281 2304 5335 tale
2354 5280 2688 5350 suspicatur;
2744 5280 2864 5335 ideo
2924 5282 3151 5337 choreas
3195 5297 3446 5353 agentes,
3501 5285 3720 5338 exsultatio

2200 5380 2280 5424 tes
2308 5412 2322 5435 ,
2379 5371 2651 5426 laboribus
2707 5372 3021 5427 incumbunt
3063 5393 3077 5429 :
3131 5375 3200 5428 ita
3245 5385 3301 5429 et
3342 5390 3452 5440 vos,
3495 5378 3591 5428 imo
3627 5388 3718 5427 cum

2199 5462 2388 5530 majori
2416 5462 2688 5530 voluptate
2730 5463 2781 5516 in
2814 5464 2997 5518 urbem
3026 5466 3175 5519 exire
3205 5481 3417 5521 necesse
3448 5476 3543 5521 est.
3573 5466 3718 5519 Messe

2198 5554 2343 5610 enim
2369 5564 2453 5610 est
2482 5571 2568 5610 res
2606 5556 2752 5610 istzec
2773 5596 2786 5621 ,
2818 5557 3009 5631 messis
3051 5558 3271 5612 nudtam
3313 5558 3504 5613 habens
3543 5556 3715 5610 facilita-

2202 5661 2341 5717 tem,
2391 5653 2577 5707 messis
2604 5667 2723 5722 quae
2765 5660 2972 5721 paratas
3021 5650 3174 5706 vobis
3216 5662 3463 5707 monstrat
3501 5660 3709 5719 segetes:
