4064 6544
243 384 334 443 519
966 379 1012 434 Χ
1055 377 1357 447 HOMILIA,
1400 376 1467 432 IN
1509 375 1732 438 ILLUD,
1775 373 2019 428 MESSIS
2046 372 2307 439 QUIDEM
2346 371 2603 437 MULTA,
2648 371 2801 426 ETC.

240 507 320 561 τὸν
341 502 576 574 λειμῶνα
607 503 750 574 ὑμᾶς
783 501 992 568 είσάξαι
1027 499 1398 572 πειρασόμεθα
1433 498 1540 552 τῶν
1575 499 1733 551 θείων
1755 497 1893 566 Γρα-

240 593 345 662 φῶν
367 609 379 622 ’
414 594 506 644 καὶ
540 591 652 661 γάρ
686 590 909 660 λειμῶνι
934 589 1076 642 ἔοικε
1098 589 1168 642 τὰ
1198 586 1422 642 ἐκεῖθεν.
1468 587 1677 655 Ὥσπερ
1704 583 1812 652 γὰρ
1835 583 1893 634 έν

239 680 307 749 τῷ
334 678 551 745 λειμῶνι
583 678 815 746 διάφορα
846 677 941 746 μὲν
966 676 1033 728 τά
1067 675 1224 745 ἀνθη,
1243 674 1420 727 πάντα
1449 673 1503 725 δὲ
1542 671 1735 739 ἐφεξῆς
1759 670 1891 725 κάλε-

239 767 382 820 λισταν
396 765 726 820 ἀνθέλκοντα
746 762 894 835 [390]
918 763 1050 833 πρὸς
1074 762 1241 815 ἑαυτά
1255 762 1363 814 τῶν
1383 761 1672 832 ὁρωμένων
1689 760 1893 812 ἕκαστα

238 855 322 909 τοῦ
345 854 532 908 θεατοῦ
564 853 660 923 τὴν
709 853 860 920 δςιινο
887 852 1028 904 οὕτω
1061 853 1124 922 δὴ
1177 852 1270 904 καὶ
1315 852 1371 903 ἐν
1398 852 1517 912 ταῖς
1557 849 1726 910 θείαις
1756 848 1891 918 Γρα-

239 946 350 1011 φαίς
380 944 522 995 ἔστιν
549 942 696 994 ἰδεῖν.
730 941 838 993 Καὶ
872 939 978 1009 γάρ
1002 942 1029 992 6
1056 938 1318 1008 μακάριος
1349 937 1510 989 Δαυὶδ
1538 936 1674 1006 πρὸς
1701 935 1892 989 ἑαυτὸν

238 1028 468 1083 ἀνθέλκει
492 1028 592 1097 τὴν
624 1027 862 1080 διάνοιαν
893 1027 988 1096 τὴν
1013 1025 1288 1095 ήμετέραν
1308 1063 1322 1085 ,
1363 1025 1456 1076 καὶ
1491 1026 1524 1092 ἡ
1564 1022 1892 1093 ἀποστολικὴ

241 1115 384 1184 ῥῆσις
419 1115 450 1182 ή
487 1113 618 1182 περὶ
655 1113 918 1182 Τιμοθέου
951 1112 1234 1180 λεχθεῖσα⁶
1265 1109 1345 1162 ἔτι
1384 1109 1488 1179 μὴν
1513 1109 1606 1163 καὶ
1641 1111 1668 1160 6
1695 1109 1896 1178 τολμη-

239 1203 325 1272 τὴς
360 1200 584 1261 Ἡσαΐας
625 1199 879 1269 περὶτῆς
922 1196 1268 1267 ἀνθρωπίνης
1309 1196 1522 1265 φύσεως
1566 1195 1890 1264 φιλοσοφῶν,

239 1295 323 1347 καὶ⁸
343 1294 370 1344 6
400 1290 604 1343 τούτων
639 1289 914 1360 Δεσπότης
957 1288 1165 1357 Ἰησοῦς
1193 1290 1306 1350 τοῖς
1352 1286 1618 1357 μαθηταῖς
1647 1285 1889 1352 διαλεγό-

243 1396 385 1451 μενος
414 1378 507 1432 καὶ
537 1377 742 1445 λέγων’
804 1378 856 1427 ’0
887 1374 1003 1444 μὲν
1039 1374 1317 1442 θερισμὸς
1344 1373 1572 1438 πολὺς,
1611 1377 1663 1426 οἱ
1695 1373 1764 1425 δὲ
1799 1373 1892 1441 ἐρ-

239 1472 392 1539 τὰται
427 1471 641 1538 ὀλίγοι.
677 1469 812 1538 Φέρε
849 1463 963 1530 οὖν,
995 1467 1042 1518 εί
1071 1466 1234 1529 δοκεῖ,
1264 1463 1467 1534 ταύτην
1495 1465 1573 1526 εἰς
1602 1465 1766 1533 μέσον
1794 1463 1892 1534 τὴν

241 1561 386 1630 ῥῆσιν
421 1559 753 1626 ἀγαγόντες,
806 1556 1200 1626 ἀναπτύξωμεν
1246 1555 1413 1625 αὐτῆς
1439 1554 1506 1607 τά
1534 1556 1806 1624 νοήματα·
1843 1555 1891 1606 εί

240 1647 337 1717 γάρ
373 1647 461 1699 καὶ
481 1645 710 1716 βραχεῖά
738 1643 819 1704 τίς
842 1646 956 1695 ἐστι
990 1642 1067 1712 τῷ
1100 1643 1302 1713 μέτρῳ,
1342 1642 1476 1695 ἀλλά
1503 1642 1734 1709 πέλαγος
1763 1643 1892 1712 ἡμῖν

240 1735 509 1805 νοημάτων
545 1734 817 1786 δείκνυσιν
849 1732 1064 1802 ἀχανές.
1098 1732 1187 1783 Διὸ
1213 1731 1275 1802 δὴ
1321 1732 1412 1784 καὶ
1446 1733 1532 1784 ἐπ’
1561 1731 1727 1802 αὐτὴν
1757 1729 1894 1801 μετά

240 1818 424 1890 πολλῆς
449 1819 782 1888 βαδιούμεθα
799 1819 898 1888 τῆς
921 1817 1173 1888 σπουδῆς.
1209 1817 1424 1886 Ἐπειδὴ
1449 1817 1557 1888 γὰρ
1581 1812 1707 1881 εἶδε,
1738 1817 1889 1886 φησὶ,

238 1907 300 1960 τά
328 1906 500 1977 πλήθη
525 1906 852 1976 ὲσκυλμένα,
884 1905 1031 1974 λέγει
1065 1909 1174 1968 τοῖς
1203 1904 1468 1974 μαθηταῖς
1486 1921 1498 1935 ·
1539 1905 1591 1955 Ὀ
1612 1905 1729 1973 μὲν
1754 1907 1894 1971 θερι-

238 1994 382 2064 σμὸς
404 1993 630 2059 πολὺς,
672 1997 723 2048 οι
751 1993 820 2046 δὲ
860 1992 1097 2061 ἐργάται
1127 1994 1339 2061 ὀλίγοι.
1394 1994 1552 2054 Ποῖος
1596 1991 1852 2061 θερισμὸς
1873 2031 1888 2054 ,

237 2080 349 2134 εἰπέ
378 2098 488 2150 μοι,
524 2081 620 2133 καὶ
641 2080 783 2143 τίνος
825 2079 1008 2134 ἕνεκεν
1041 2078 1210 2142 οὕτως
1240 2080 1486 2149 ὠνόμασε
1516 2078 1612 2149 τὴν
1641 2078 1892 2131 διδασκα-

236 2167 347 2220 λίαν
373 2165 576 2238 ταύτην
599 2183 614 2231 ;
643 2166 819 2219 καίτοι
846 2183 907 2234 γε
939 2169 966 2219 6
992 2165 1248 2237 θερισμὸς
1279 2167 1429 2228 τέλος
1456 2167 1572 2218 ἐστὶ
1603 2163 1741 2237 [τοῦ]
1762 2165 1893 2236 πρά-

233 2272 452 2325 γματος.
485 2255 659 2309 Ὅταν
696 2254 804 2326 γάρ
827 2255 888 2308 τὺ
929 2255 1149 2326 σπέρμα
1179 2257 1257 2316 εἰς
1285 2254 1383 2317 τάς
1407 2253 1634 2322 λαγόνας
1665 2254 1764 2322 τῆς
1792 2253 1892 2322 γῆς

232 2343 568 2414 καταϐληθὲν
593 2343 878 2415 ἀπολαύσῃ
903 2343 1126 2408 νοτίδος,
1147 2337 1264 2396 εἶτα
1295 2343 1583 2413 γενόμενον
1611 2341 1892 2410 διάϐροχον

230 2432 318 2484 καὶ
351 2430 680 2500 διαφυσηθὲν
711 2429 973 2502 δράξηται
1003 2429 1103 2498 τῆς
1125 2429 1531 2500 παρακειμένης
1549 2429 1670 2497 γῆς,
1695 2429 1788 2481 καὶ
1814 2430 1890 2490 εἰς

227 2513 345 2582 ἶνας
372 2518 570 2582 πολλὰς
597 2518 910 2571 ἀναπλωθέν
950 2518 1088 2590 πρὸς
1125 2519 1187 2571 τὸ
1230 2518 1390 2588 βάθος
1437 2517 1768 2588 καταπέμψῃ
1795 2517 1892 2579 τάς

231 2605 401 2676 ῥίζας,
438 2605 745 2676 προκύπτει
795 2606 896 2675 τῆς
947 2605 1260 2673 ἐπιφανείας
1297 2607 1544 2677 πρῶτον,
1590 2602 1706 2658 εἶτα
1751 2606 1892 2658 κατά

232 2693 419 2761 μικρὸν
450 2691 589 2762 ἡλίῳ
613 2709 674 2744 τε
705 2693 799 2745 καὶ
831 2691 970 2763 ὐετῷ
1012 2692 1107 2746 καὶ
1141 2691 1262 2763 ἀέρι
1314 2693 1673 2763 τρεφόμενον,
1707 2696 1771 2763 τῇ
1798 2695 1891 2744 ἐκ-

229 2780 386 2847 φύσει
406 2779 504 2848 τῆς
531 2781 637 2850 γῆς
662 2778 902 2843 αὔξεται,
928 2779 1022 2832 καὶ
1049 2779 1251 2847 γίνεται
1282 2779 1546 2851 πρότερον
1583 2782 1681 2850 μὲν
1697 2780 1893 2856 χλοερά

228 2895 309 2942 τις
331 2879 525 2950 βοτάνη
554 2881 649 2933 καλ⁸
667 2879 850 2932 ἀπαλά
867 2879 936 2932 τά
964 2878 1134 2948 φύλλα
1159 2878 1472 2949 προϐάλλει,
1492 2875 1606 2932 εἶτα
1629 2880 1720 2931 τὸν
1738 2881 1892 2933 ἄστα-

232 2985 327 3037 χυν
360 2967 532 3038 ἄωρόν
573 2984 696 3019 τινα
750 2967 1014 3036 ἐκφέρει,
1052 2966 1146 3018 καὶ
1186 2965 1278 3018 τοῦ
1324 2967 1482 3039 ἔαρος
1536 2967 1889 3030 ἐπιστάντος,

235 3057 392 3108 πάλιν
421 3057 562 3108 κατᾶ
594 3055 786 3125 μικρὸν
818 3055 1212 3124 πεπαινόμενος
1238 3057 1314 3118 εἰς
1349 3057 1596 3126 καλάμην
1623 3057 1714 3108 καὶ
1738 3055 1894 3108 ἀνθεε⁴

235 3160 409 3212 ρικας,
441 3141 626 3213 πλήρη
663 3143 755 3193 τὸν
790 3141 1000 3212 καρπὸν
1039 3141 1346 3194 ἀποδίδωσι.
1386 3143 1514 3195 Τότε
1552 3143 1616 3213 δὴ
1656 3143 1838 3196 λοιπὸν
1866 3146 1893 3197 6

233 3231 461 3299 γηπόνος
481 3271 494 3293 ,
525 3229 801 3300 δρεπάνην
829 3230 1128 3298 ἀκονήσας,
1157 3228 1408 3299 θεριστάς
1442 3230 1762 3297 καταλέγει,
1801 3233 1893 3284 καί¹

237 3318 549 3387 συναγαγὼν
587 3320 680 3371 τον
707 3318 918 3390 καρπὸν
947 3318 1258 3370 ἀποτίθεται
1283 3319 1438 3372 οἴκοι.
1469 3318 1627 3370 Ὅθεν
1657 3315 1726 3389 δῆ
1744 3319 1892 3383 τέλος

239 3408 425 3470 παντὸς
455 3408 620 3460 πόνου
658 3408 750 3458 καὶ
794 3407 892 3476 τῆς
926 3407 1195 3476 γεωργίας
1228 3406 1371 3458 ἐστὶν
1403 3408 1430 3458 6
1465 3407 1738 3477 θερισμός.
1771 3407 1894 3470 Πῶς

239 3488 343 3554 οῦν,
371 3495 484 3545 εἰπέ
510 3510 622 3562 μοι,
659 3493 915 3562 θερισμόν
944 3493 1114 3558 καλεῖ,
1139 3492 1244 3544 τῶν
1271 3494 1604 3563 πραγμάτων
1626 3495 1681 3548 ἐν
1708 3512 1892 3564 προοι-

245 3598 378 3666 μίοις
407 3598 573 3650 όντων
602 3598 718 3661 έτι;
755 3596 859 3649 Καὶ
888 3597 998 3668 γάρ
1025 3597 1244 3650 ἀσέϐεια
1283 3598 1550 3668 πανταχοῦ
1585 3599 1682 3668 τῆς
1717 3600 1894 3651 οἰκου-

247 3688 402 3758 μένης
433 3689 673 3759 ἐκράτει,
709 3689 800 3739 καὶ
833 3688 1004 3758 βωμοὶ
1031 3687 1361 3749 ἀνεκαίοντο,
1383 3689 1473 3740 καὶ
1502 3687 1692 3740 εἴδωλα
1727 3705 1894 3758 προσ-

246 3779 485 3840 εκυνεῖτο,
514 3780 609 3827 καὶ
650 3774 856 3843 Ἰησοῦς
889 3776 1203 3844 ήτιμάζετο,
1256 3777 1347 3827 καὶ
1385 3775 1570 3844 βαθεῖα
1597 3775 1691 3840 νὺξ
1717 3776 1894 3830 πάντα

246 3868 467 3934 κατεῖχε,
491 3866 583 3917 καὶ
613 3862 818 3934 χειμὼν
852 3859 916 3933 ἦν
950 3862 1200 3932 χαλεπὸς,
1221 3863 1318 3933 τῆς
1342 3864 1610 3934 θαλάσσης
1638 3883 1895 3934 κυμαινο-

250 3953 420 4022 μένης,
447 3953 556 4004 τῶν
581 3951 787 4022 ἀγρίων
813 3950 1136 4020 πνευμάτων
1162 3953 1552 4004 διακοπτόντων
1578 3954 1664 4005 τὸν
1687 3953 1782 4006 ἀνθ
1794 3953 1896 4024 ρώ-

249 4057 387 4092 πινον
416 4040 548 4110 βίον,
578 4039 688 4092 τῶν
732 4038 919 4092 παθῶν
957 4038 1388 4109 τυραννούντων,
1419 4041 1511 4092 καὶ
1551 4041 1894 4110 ὑποϐρυχίων

251 4128 480 4181 ἁπάντων
512 4127 835 4197 γινομένων.
872 4125 1152 4195 Πανταχοῦ
1181 4127 1288 4196 γάρ
1317 4127 1537 4196 πορνεία
1559 4127 1651 4179 καὶ
1682 4127 1894 4196 μοιχεία

249 4216 332 4266 καὶ
383 4216 671 4282 ἀσέλγεια’
712 4213 982 4282 πανταχοῦ
1030 4213 1329 4276 πλεονεξίαι
1371 4214 1464 4265 καὶ
1512 4215 1756 4284 ἁρπαγαὶ
1801 4215 1895 4266 καὶ

252 4302 454 4372 πόλεμοι
481 4321 494 4333 ·
527 4304 622 4355 καὶ
641 4303 846 4370 αἵματα
884 4303 979 4370 μὲν
1016 4302 1073 4354 ἐν
1103 4303 1195 4370 γῇ,
1230 4302 1433 4370 αἵματα
1464 4301 1517 4353 δὲ
1543 4305 1599 4352 ἐν
1629 4302 1892 4372 θαλάττῃ,

252 4387 344 4438 τῶν
370 4388 808 4441 καταποντιστῶν
851 4389 940 4440 καὶ
996 4390 1110 4451 ἐκεῖ
1142 4389 1267 4449 τοῦς
1313 4387 1504 4454 φόνους
1546 4389 1890 4454 εἰσαγόντων,

255 4477 332 4526 καὶ
377 4477 598 4546 πόλεμοι
632 4478 874 4544 συνεχεῖς
912 4477 1004 4528 καὶ
1050 4476 1218 4544 μάχαι
1262 4477 1353 4528 καὶ
1400 4475 1648 4545 ἐμφύλιοι
1691 4478 1894 4543 σφαγαὶ

257 4565 332 4614 καί
361 4563 502 4632 φόνοι
534 4564 711 4633 φόνων
757 4563 1009 4616 ἁπάντων
1044 4562 1419 4633 ἐναγέστεροι’
1464 4565 1554 4616 καὶ
1592 4565 1699 4632 γὰρ
1731 4564 1894 4618 τέκνα
1973 4577 1985 4587 ⁸

257 4651 492 4717 ἐσεάζετο
522 4656 634 4714 τοῖς
666 4651 905 4712 εἰδώλοις
925 4668 937 4680 °
965 4651 1056 4703 καὶ
1082 4653 1112 4720 ἡ
1144 4649 1302 4718 φύσις
1327 4652 1570 4719 ήγνοεῖτο
1593 4651 1683 4704 καὶ
1713 4654 1745 4722 ἡ
1769 4669 1895 4720 συγ-

258 4739 413 4802 γένεια
430 4740 780 4810 ἀνετρέπετο,
819 4740 910 4791 καὶ
940 4737 1210 4807 πανταχοῦ
1253 4741 1485 4808 κρημνοὶ
1511 4740 1601 4792 καὶ
1643 4741 1892 4794 σκόπελοι

259 4839 334 4888 καὶ
363 4839 546 4907 ῦεαλοι
581 4840 777 4910 πέτραι
819 4839 912 4890 καὶ
953 4837 1202 4899 σπιλάδες
1229 4837 1463 4907 βαρεῖαι,
1499 4841 1590 4892 καὶ
1629 4841 1894 4911 κυϐερνή-

261 4939 338 4993 της
365 4927 533 4990 οὐδεὶς
574 4927 897 4997 ἅνθρωπος·
943 4925 1140 4994 μᾶλλον
1169 4925 1222 4977 δὲ
1261 4925 1584 4995 κυϐερνῆται
1623 4927 1788 4994 ὀλίγοι
1837 4930 1893 4982 ἐν

262 5008 320 5075 τῷ
359 5011 623 5064 Ἰουδαίων
667 5010 842 5071 ἔθνει,
895 5012 921 5062 6
957 5011 1012 5062 δὲ
1048 5008 1260 5062 ἀκούων
1303 5010 1494 5073 οὐδεὶς,
1540 5011 1645 5062 τῶν
1683 5013 1892 5065 ναυτῶν

266 5097 372 5166 πρὸς
398 5101 592 5161 αὐτοὺς
611 5096 1120 5161 διαστασιαζόντων,
1140 5097 1230 5149 καὶ
1253 5097 1508 5167 ἀλλήλους
1539 5101 1895 5152 κατακοπτόν-

259 5202 342 5238 των
380 5189 468 5240 καὶ
494 5185 1020 5248 καταποντιζόντων.
1049 5183 1251 5238 Σκύθαι
1280 5185 1378 5254 μὲν
1417 5185 1522 5257 γάρ
1561 5188 1652 5239 καὶ
1683 5187 1892 5258 Θρᾷκες

259 5275 330 5326 καὶ
354 5274 560 5344 Μαῦροι
606 5273 702 5326 καὶ
732 5271 880 5324 Ἰνδοὶ
917 5272 1008 5324 καὶ
1040 5271 1244 5341 Πέρσαι
1271 5273 1362 5324 καὶ
1388 5273 1766 5342 Σαυρομάται,
1803 5277 1893 5328 καὶ

255 5363 292 5413 οί
312 5362 402 5431 τήν
436 5361 662 5414 Ἐλλάδα
685 5360 778 5413 καὶ
798 5360 848 5411 οἱ
881 5359 977 5429 τήν
1000 5359 1262 5427 ’Ππειρον
1280 5358 1570 5421 οἰκοῦντες,
1604 5361 1696 5414 καὶ¹
1723 5364 1890 5424 πᾶσα,

251 5451 313 5511 ὡς
351 5452 517 5501 εἰπεῖν
542 5489 556 5512 ,
589 5451 623 5519 η
656 5448 745 5516 ὐφ’
777 5446 914 5516 ήλίῳ
937 5447 1048 5508 τοῖς
1083 5445 1329 5515 δαίμοσιν
1372 5445 1635 5512 ἐτελεῖτο,
1669 5451 1761 5503 καὶ
1791 5451 1894 5504 ὑπὸ

251 5538 341 5589 τῶν
379 5535 694 5604 ἀλαστόρων
752 5534 974 5586 ἐκείνων
1017 5531 1407 5600 ἐξεϐακχεύετο
1455 5535 1548 5586 καὶ
1608 5535 1760 5605 χώρα
1800 5538 1893 5591 καὶ

249 5626 381 5687 πόλις
421 5625 511 5677 καὶ
542 5625 769 5694 ἕρημος,
810 5623 899 5675 καὶ
939 5623 1006 5690 γῆ
1049 5622 1142 5673 καὶ
1185 5621 1458 5684 θάλαττα,
1497 5624 1589 5676 καὶ
1623 5624 1894 5698 βάρϐαρος

249 5716 329 5768 καὶ
357 5713 564 5776 Ἑλλάς,
602 5714 696 5766 καὶ
735 5714 834 5783 δρη
870 5713 963 5764 καὶ
993 5711 1159 5764 νάπαι
1192 5711 1284 5762 καὶ
1319 5710 1530 5780 βουνοί·
1564 5713 1720 5782 μόνον
1743 5715 1800 5767 δὲ
1833 5716 1895 5770 τὸ

259 5802 504 5857 Ἰουδαίων
528 5802 682 5864 ἔθνος
709 5801 768 5854 τί,
801 5798 987 5854 δοκοῦν
1011 5799 1250 5851 εὐσεϐεῖν
1289 5800 1568 5869 προφήτας
1600 5799 1747 5875 [591]
1777 5800 1888 5874 εἶχε

3560 369 3661 426 520

1993 495 2086 546 καὶ
2113 494 2439 561 θεογνωσίας
2467 492 2755 562 σπέρματα
2783 489 2955 562 μικρά
2975 505 2989 521 ο
3019 487 3155 543 ἀλλά
3173 489 3266 542 καὶ
3291 488 3462 542 ταῦτα
3487 490 3663 560 χρόνῳ

1992 579 2381 650 κατεχώννυτο,
2419 581 2514 631 καὶ
2545 579 2594 630 οἱ
2614 577 2922 631 διδάσκαλοι
2956 576 3050 630 τοῦ
3081 577 3270 644 γένους
3293 576 3504 630 ἐκείνου
3533 594 3664 631 κατ-

1991 668 2179 738 ήγοροι
2233 666 2420 736 πικροὶ
2459 664 2568 719 τῶν
2607 665 3067 735 ἁμαρτανομένων
3136 665 3320 726 αὐτοῖς
3378 664 3619 731 ἐγίνοντο
3644 681 3660 697 ⁸

1993 756 2088 808 καὶ
2137 753 2389 808 τοσοῦτον
2413 754 2637 822 ἀπεῖχον
2675 755 2800 816 τοὺς
2837 752 3028 814 ἄλλους
3071 751 3346 805 παιδεύειν
3392 753 3485 805 καὶ
3526 752 3664 822 πρὸς

1991 841 2272 894 εὐσέϐειαν
2300 842 2680 910 χειραγωγεῖν,
2705 839 2785 892 ὅτι
2807 839 2870 909 δὴ
2894 840 3114 900 καὶτοῖς
3142 838 3321 901 ἄλλοις
3346 838 3663 893 σκανδάλων

1994 931 2155 982 αἴτιοι
2183 929 2300 981 τότε
2335 929 2576 994 ἐγίνοντο
2594 942 2606 954 ·
2632 927 2724 978 καὶ
2745 925 2902 978 τοῦτο
2921 925 3093 994 δηλῶν
3117 928 3145 978 6
3168 927 3451 998 προφήτης
3476 927 3627 994 ἔλεγε
3644 945 3657 956 ·

1994 1017 2072 1070 Δι’
2101 1014 2256 1084 ὑμᾶς
2283 1015 2350 1068 τὸ
2381 1012 2567 1082 ὄνομά
2601 1031 2719 1082 μου
2735 1012 3178 1081 βλασφημεῖται
3202 1014 3272 1066 ἐν
3296 1014 3420 1079 τοῖς
3439 1015 3659 1068 ἔθνεσι.

2063 1109 2136 1171 γ’.
2167 1103 2288 1165 Πῶς
2322 1097 2412 1154 οὖν
2438 1102 2707 1152 τοσούτων
2733 1100 3066 1168 κατεχόντων
3092 1099 3189 1168 τὴν
3217 1101 3539 1171 οἰκουμένην
3566 1117 3666 1154 κα-

1993 1192 2125 1256 κῶν,
2158 1193 2251 1244 καὶ
2279 1190 2489 1244 οὐδέπω
2511 1189 2618 1243 τῶν
2654 1190 2983 1260 σπερμάτων
3019 1188 3466 1258 καταϐληθέντων
3500 1192 3664 1258 (πανο

1992 1279 2158 1349 ταχοῦ
2187 1278 2296 1348 γὰρ
2323 1277 2551 1330 ἄκανθαι
2586 1278 2677 1330 καὶ
2709 1276 2946 1348 τρίϐολοι
2982 1277 3073 1330 καὶ
3111 1275 3330 1344 βοτάναι
3369 1278 3661 1347 πονηραὶ),

1993 1367 2204 1420 οὐδέπω
2237 1367 2334 1437 τῆς
2383 1364 2564 1436 χώρας
2605 1363 3060 1434 ὲκκαθαρθείσης,
3097 1363 3216 1415 οὐδὲ
3250 1363 3482 1435 ἀρότρου
3508 1363 3664 1416 ἑλκυ-

1996 1455 2252 1519 σθέντος,
2306 1453 2426 1506 οὐδὲ
2473 1452 2707 1514 αὕλακος
2749 1452 3173 1522 ἀνατμηθείσης,
3220 1454 3348 1522 περὶ
3401 1450 3662 1524 θερισμοῦ

1992 1542 2293 1610 διαλέγεται
2331 1540 2422 1593 καί
2465 1555 2663 1610 φησιν·
2711 1539 2764 1590 '0
2799 1539 3078 1608 θερισμὸς
3117 1540 3344 1604 πολύς;
3387 1539 3481 1593 καὶ
3521 1539 3666 1602 τίνος

1993 1630 2178 1683 ἕνεκεν
2216 1629 2356 1682 οὕτω
2386 1629 2540 1681 καλεῖ
2571 1629 2630 1682 τὸ
2655 1625 3007 1695 Εὑαγγέλιονς
3046 1626 3202 1688 Τίνος
3230 1625 3446 1691 ἓνεκεν;
3477 1625 3662 1697 ἐπειδὴ

1992 1717 2060 1770 τά
2089 1718 2389 1788 πράγματα
2437 1717 2578 1770 οὕτω
2601 1717 2860 1777 διέκειτο,
2903 1715 3090 1786 ἔμελλε
3125 1715 3182 1768 δὲ
3224 1715 3420 1778 αὐτοὺς
3461 1731 3664 1768 παντα-

1993 1803 2089 1874 χοῦ
2122 1805 2219 1874 τῆς
2249 1803 2572 1874 οἰκουμένης
2622 1805 2955 1873 ἐκπέμπειν,
2997 1801 3144 1863 εἰκὸς
3181 1801 3238 1854 δὲ
3281 1802 3474 1865 αὐτοὺς
3506 1801 3664 1873 θορυ·

1995 1891 2206 1944 ϐεῖσθαι
2245 1892 2339 1944 καὶ
2361 1890 2740 1961 ταράττεσθαι,
2776 1891 2871 1943 καὶ
2913 1889 3049 1962 πρὸς
3081 1890 3304 1952 ἑαυτοὺς
3349 1889 3662 1956 ἀναλογίζε-

1997 1979 2119 2033 σθαι
2141 1980 2244 2038 Καὶ
2275 1979 2453 2048 λέγειν
2473 1992 2490 2011 ⁶
2507 1979 2611 2032 Καὶ
2643 1978 2757 2041 πῶς
2782 1977 2846 2031 ἂν
2881 1978 3090 2046 γένοιτο
3117 1976 3340 2029 δυνατὸν
3361 1977 3551 2029 ἕνδεκα
3572 1976 3661 2029 δν-

1993 2084 2093 2130 τας
2126 2069 2174 2133 (ό
2205 2067 2314 2138 γὰρ
2362 2062 2442 2129 εἷς
2477 2065 2809 2136 θηριάλωτος
2851 2064 3130 2132 γέγονεν),
3171 2063 3402 2126 ἰδιώτας,
3443 2064 3661 2134 ἀγραμ-

1997 2155 2198 2225 μάτους
2219 2194 2233 2217 ,
2301 2155 2536 2224 πένητας
2558 2193 2572 2216 ,
2621 2154 2864 2223 ἀσήμους
2888 2192 2901 2211 .
2966 2153 3205 2222 γυμνοὺς
3225 2191 3239 2215 ,
3277 2151 3654 2221 μονοχίτωνας,

1992 2241 2366 2303 ἀνυποδέτους,
2390 2242 2463 2311 μὴ
2485 2239 2678 2310 ζώνην,
2707 2241 2778 2310 μή
2805 2239 3017 2309 ράϐδον,
3043 2239 3116 2309 μὴ
3132 2237 3314 2292 ὀϐολὸν
3335 2239 3662 2309 ἐπιφερομέο

1992 2345 2138 2392 νους,
2175 2328 2366 2381 διιέναι
2395 2328 2494 2398 τὴν
2548 2328 2869 2396 οἰκουμένην
2899 2327 3116 2379 ἃπασαν
3153 2325 3252 2395 τὴν
3281 2325 3421 2378 οῦτω
3453 2326 3659 2378 διακει-

1996 2416 2184 2486 μένην,
2214 2415 2427 2484 καὶτῆς
2472 2413 2572 2484 μὲν
2594 2412 2841 2476 ’παλαιᾶς
2875 2414 3127 2484 ἀποσπᾷν
3155 2412 3459 2482 συνηθείας,
3487 2414 3566 2476 εἰς
3592 2413 3661 2466 τά

1992 2503 2092 2572 τῆς
2115 2503 2241 2565 νέας
2265 2501 2320 2554 δὲ
2373 2502 2616 2572 δόγματα
2670 2501 2908 2568 εἰσάγειν
2961 2500 3178 2564 αὐτοὺς,
3232 2500 3326 2552 καὶ
3357 2499 3512 2572 ξένην
3539 2501 3661 2554 τινὰ

1990 2589 2337 2643 διδασκαλίαν
2375 2590 2558 2651 αὐτοῖς
2575 2590 2787 2660 ἐνηχεῖν
2809 2605 2823 2653 ;
2856 2588 2986 2641 πότε
3011 2588 3120 2657 γάρ
3147 2587 3536 2658 ἀνασπάσομεν
3562 2588 3661 2652 τάς

1992 2679 2262 2741 ἀκάνθας;
2314 2677 2443 2731 πότε
2501 2677 2942 2746 κατασπείρομεν
2988 2687 3015 2716 ι
3043 2675 3110 2728 τά
3160 2674 3478 2745 σπέρματα;
3531 2675 3660 2729 πότε

1991 2765 2382 2835 γεωργήσομεν
2415 2763 2594 2816 αὐτῶν
2634 2764 2731 2834 τὴν
2756 2763 3031 2828 διάνοιαν;
3060 2762 3186 2815 πότε
3217 2761 3604 2832 ἀναδοθήσεται
3631 2764 3659 2816 6

1994 2853 2225 2922 σπόρος;
2254 2851 2338 2914 τίς
2369 2850 2425 2904 δέ
2447 2853 2592 2922 ἡμᾶς
2616 2852 2675 2904 οὐ
2695 2851 3050 2904 διασπάσεται
3071 2866 3084 2916 ;
3108 2850 3190 2914 τίς
3211 2850 3267 2904 δὲ
3299 2851 3357 2904 οὺ
3382 2867 3661 2921 κατακρη-

1996 2941 2204 3009 μνίσει;
2246 2939 2363 3002 πῶς
2405 2939 2540 3002 ὅλως
2582 2939 2920 3009 δυνησόμεθα
2959 2939 3142 3008 διᾶραι
3182 2938 3388 3008 στόμα,
3431 2939 3659 3004 στῆναι,

1991 3027 2358 3096 διαλεχθῆναι,
2405 3027 2638 3096 φανῆναι
2681 3026 2904 3096 μυριάσι
2936 3025 3259 3091 τοσαύταις;
3293 3025 3412 3088 πῶς
3434 3025 3662 3078 καταλύ-

1995 3132 2158 3184 σομεν
2179 3114 2457 3184 τυράννων
2480 3113 2670 3183 θυμὸν,
2700 3113 2761 3183 δή
2773 3131 2886 3183 μων
2916 3113 3331 3176 ἐπαναστάσεις.
3359 3113 3661 3182 φιλοσόφων

1992 3201 2359 3265 κατασκευάς,
2403 3201 2647 3273 ρητόρων
2674 3201 2976 3272 δεινότητα,
3005 3201 3318 3271 προλήψεως
3348 3203 3657 3272 τυραννίδα,

1995 3291 2284 3361 συνηθείας
2331 3289 2564 3352 παλαιᾶς
2609 3291 2794 3358 ἰσχὺν,
2823 3289 3092 3358 δαιμόνων
3139 3289 3448 3354 ἐπιϐουλὰς,
3479 3289 3659 3361 ψυχὰς

1998 3379 2210 3449 μυρίοις
2275 3378 2542 3446 νοσήμασι
2615 3377 3190 3447 προκατειλημμένας;
3239 3379 3400 3448 ἡμεῖς
3453 3374 3546 3431 οὖν
3607 3379 3658 3430 οἱ

1993 3467 2183 3518 ἕνδεκα
2204 3467 2327 3528 τοὺς
2355 3467 2432 3528 είς
2469 3466 2568 3536 τήν
2601 3465 2922 3535 οἰκουμένην
2959 3467 3205 3529 ἅπαντας
3232 3465 3349 3528 πῶς
3372 3464 3659 3536 διορθώσο-

1999 3571 2115 3624 μεν,
2138 3555 2185 3606 οἱ
2214 3553 2418 3606 ἰδιῶται
2441 3553 2566 3616 τοὺς
2590 3554 2804 3620 σοφοὺς,
2829 3555 2876 3605 οἱ
2898 3553 3093 3623 γυμνοὶ
3111 3555 3236 3616 τοὺς
3262 3551 3657 3622 ὡπλισμένους,

1993 3643 2042 3693 οί
2075 3640 2364 3710 ἀρχόμενοι
2415 3641 2540 3701 τοὺς
2572 3640 2856 3708 ἄρχοντας,
2909 3641 2956 3691 οί
3014 3639 3142 3707 μίαν
3187 3638 3429 3706 γλῶτταν
3461 3656 3660 3710 κεκτη-

1999 3727 2147 3796 μένοι
2182 3726 2326 3796 πρδς
2365 3726 2564 3796 μυρίας
2597 3726 2778 3794 φωνάς
2819 3726 3211 3797 διαλεγόμενοι,
3243 3729 3336 3780 καὶ
3369 3727 3493 3798 ἔθνη
3528 3729 3661 3799 βάρ-

1995 3814 2138 3885 ϐαρα
2172 3815 2264 3866 καὶ
2294 3813 2677 3880 ἀλλόγλωσσας
2715 3813 2798 3876 τίς
2830 3813 2885 3866 δὲ
2916 3816 2947 3882 ἡ
2959 3812 3072 3881 μῶν
3103 3813 3376 3879 ἀνέξεται,
3414 3808 3488 3867 ὧν
3525 3817 3659 3885 μηδὲ

1993 3905 2092 3972 τῆς
2127 3901 2309 3970 φωνῆς
2344 3899 2632 3952 ἐπακούειν
2665 3899 2865 3952 δύναιτ’
2895 3901 2994 3963 ἆνς
3031 3900 3116 3952 ἵνα
3154 3901 3227 3971 μὴ
3253 3900 3424 3954 ταῦτα
3450 3901 3659 3969 λογιζόι

1999 4005 2149 4060 μενοι
2192 3987 2557 4059 θορυϐῶνται,
2618 3987 2875 4057 θερισμὸν
2938 3988 2997 4040 τὸ
3027 3986 3354 4056 Εὐαγγέλιον
3395 3990 3654 4055 ἐκάλεσε,

1999 4077 2277 4149 μονονουχὶ
2301 4076 2472 4144 λέγων
2493 4093 2501 4105 ·
2521 4077 2700 4128 Πάντα
2724 4076 3102 4146 ηὐτρέπισται,
3128 4077 3300 4130 πάντα
3325 4080 3660 4148 παρεσκεύα-

1997 4184 2116 4220 σται
2134 4182 2150 4195 ⁵
2185 4166 2318 4236 πρὸς
2344 4165 2452 4216 έτοί
2460 4181 2565 4234 μην
2595 4165 2737 4234 ὑμᾶς
2762 4165 2868 4216 τῶν
2891 4165 3116 4235 καρπῶν
3140 4166 3340 4235 πέμπω
3365 4167 3653 4239 συλλογήν·

1993 4256 2048 4306 ἐν
2079 4257 2145 4324 τῇ
2166 4253 2300 4322 αὐτῇ
2334 4251 2516 4322 ἡμέρα
2544 4253 2638 4303 καὶ
2668 4252 2910 4323 σπείρειν
2951 4253 3044 4305 καὶ
3073 4253 3306 4324 θερίζειν
3343 4254 3656 4326 δυνήσεσθε.

1995 4341 2205 4409 Ὥσπερ
2234 4335 2368 4391 οῦνὸ
2385 4338 2622 4408 γηπόνος
2638 4339 2776 4408 πρὸς
2805 4340 3015 4408 ἄμητον
3036 4339 3192 4404 ἐξιὼν
3219 4341 3396 4411 χαίρει
3421 4343 3512 4395 καὶ
3537 4361 3660 4412 φαι-

1995 4427 2119 4498 δρός
2138 4429 2253 4478 ἐστι
2277 4427 2367 4478 καὶ
2392 4425 2644 4495 γέγηθεν,
2667 4426 2764 4479 οὐκ
2793 4425 3240 4497 ἀναλογιζόμενος
3285 4429 3501 4492 πόνους,
3532 4427 3656 4482 οὔτε

1992 4515 2275 4568 δυσκολίαν
2291 4514 2429 4576 τινά,
2448 4513 2561 4567 ἀλλ’
2578 4515 2652 4576 ὡς
2674 4515 2760 4566 ἐπὶ
2780 4514 3034 4585 πρόσοδον
3051 4516 3269 4586 ἑτοίμην
3286 4517 3605 4587 ἐπειγόμενο
3617 4538 3655 4583 ν,

1993 4603 2087 4655 καὶ
2111 4603 2202 4654 ἐπὶ
2229 4602 2334 4654 τῶν
2370 4601 2653 4654 ἐνιαυσίων
2681 4602 2908 4672 καρπῶν
2934 4603 3161 4672 τρέχων,
3195 4602 3289 4656 καὶ
3316 4603 3467 4655 οὐδὲν
3495 4604 3657 4656 οὐδα-

1996 4690 2096 4760 μοῦ
2143 4689 2367 4758 κώλυμα
2392 4729 2406 4752 ,
2454 4689 2606 4742 οὐδὲν
2639 4687 2892 4758 ἐμπόδιον
2918 4728 2932 4749 ,
2967 4688 3193 4758 οὐδεμία
3240 4689 3332 4741 τοῦ
3374 4689 3656 4759 μέλλοντος

1991 4777 2202 4847 ἀδηλία,
2233 4776 2546 4847 ἐπομϐρίαι,
2585 4777 2815 4845 χάλαζαι
2849 4777 2939 4828 καὶ
2967 4776 3185 4844 αὐχμοὶ,
3219 4776 3310 4828 καὶ
3341 4777 3399 4830 τὸ
3423 4777 3655 4847 πονηρὸν

1992 4865 2097 4917 τῶν
2124 4864 2358 4932 ἀκρίδων
2394 4864 2783 4926 στρατόπεδον·
2816 4866 2843 4916 6
2877 4863 2983 4932 γάρ
3009 4863 3100 4915 τοῦ
3141 4863 3372 4934 θερίζειν
3415 4863 3655 4932 ἀπτόμε-

1991 4967 2078 5013 νος
2098 4991 2110 5010 ,
2143 4950 2291 5002 οὐδὲν
2321 4950 2584 5020 ὑφορᾶται
2604 4949 2840 5002 τοιοῦτον
2861 4967 2875 4980 °
2905 4950 2990 5003 διὰ
3017 4949 3080 5020 δὴ
3111 4949 3269 5002 τοῦτο
3289 4951 3381 5003 καὶ
3404 4951 3656 5024 χορεύον-

1990 5056 2079 5102 τες
2108 5039 2200 5091 καὶ
2244 5039 2568 5110 σκιρτῶντες
2600 5038 2706 5090 τῶν
2738 5038 2912 5090 πόνων
2954 5037 3210 5092 ἀπτονται
3233 5055 3247 5069 ·
3281 5037 3425 5092 οὕτω
3457 5040 3520 5112 δὴ
3557 5041 3654 5093 καὶ

1993 5127 2166 5194 ὑμᾶς,
2198 5127 2290 5179 καὶ
2322 5125 2498 5195 πολλῷ
2551 5125 2742 5182 πλέον,
2778 5125 2914 5194 μετά
2964 5125 3161 5193 πολλῆς
3209 5125 3307 5195 τῆς
3353 5127 3542 5198 ήδονῆς
3575 5130 3656 5188 εἰς

1989 5211 2086 5282 τὴν
2117 5212 2437 5282 οἰκουμένην
2481 5211 2680 5276 ἐξιέναι
2733 5211 3042 5279 ἀναγκαῖον.
3079 5212 3348 5283 Θερισμὸς
3380 5214 3486 5282 γάρ
3535 5216 3654 5268 ἐστι

1991 5299 2050 5351 τὸ
2079 5301 2305 5369 πρᾶγμα
2331 5341 2343 5364 ,
2383 5299 2638 5369 θερισμὸς
2681 5297 2875 5369 πολλὴν
2904 5299 3150 5363 εὐκολίαν
3187 5300 3323 5369 ἔχων
3347 5341 3364 5366 ,
3395 5300 3652 5370 θερισμὸς

1994 5388 2479 5457 παρεσκευασμένα
2519 5387 2771 5455 παρέχων
2800 5387 2926 5455 ύμῖν
2949 5387 3014 5438 τά
3052 5387 3205 5458 λήῖα·
3241 5389 3412 5440 εἰπεῖν
3448 5388 3529 5441 δεῖ
3559 5391 3654 5457 μό-

1991 5491 2100 5536 νον,
2134 5475 2191 5526 οὐ
2223 5478 2436 5543 καμεῖν.
2471 5475 2758 5527 Δανείσατέ
2791 5491 2897 5543 μοι,
2931 5475 3078 5543 φησὶ.
3111 5476 3209 5542 τὴν
3243 5473 3484 5542 γλῶτταν
3511 5515 3524 5538 ,
3561 5482 3655 5531 καὶ

1991 5560 2183 5629 ὄψεσθε
2224 5561 2314 5615 τὸν
2344 5561 2554 5633 καρπὸν
2589 5561 2740 5634 [399.]
2775 5563 2980 5633 ῶριμον
3018 5564 3096 5625 εἰς
3133 5562 3200 5614 τά
3235 5561 3484 5631 βασιλικά
3515 5581 3653 5614 σιτο-

2059 5817 2085 5846 ⁶
2111 5815 2391 5882 Logcndum
2420 5821 2614 5872 videtur
2638 5820 3037 5885 κατασπεροῦμεν,
