3872 6396
135 318 183 375 ῃ
336 368 339 373 ,
712 307 760 363 x
802 301 1099 367 nontLta,
1142 297 1212 354 ut
1249 294 1477 361 ILLUD,
1518 280 1759 348 HESSts
1797 289 2061 359 QUtneu
2097 290 2356 358 unus,
2398 288 2549 348 E'l‘C.
2610 302 2613 307 ν

136 438 219 506 κιυὶ
255 433 392 490 solum
428 434 665 497 oportet,
732 438 842 477 non
882 420 1147 474 laborare.
1189 413 1409 471 Ftenori
1467 408 1592 465 date

134 529 207 582 lilii
254 527 474 594 lingttaut,
536 518 744 587 inquit,
798 522 853 569 et
902 508 1150 567 videbitis
1195 506 1425 562 fructum
1475 515 1589 556 ma-

133 634 243 672 irum
270 592 456 681 iniregia
487 612 681 665 horrea
732 605 1026 661 inductum.
1073 600 1198 655 Ideo
1229 599 1443 652 mittens
1472 592 1592 647 illos

133 718 281 770 ostca,
316 704 493 760 dicebat
535 718 547 755 :
592 700 723 754 Ecce
771 713 863 769 ego
909 696 1161 749 vobiscum
1206 706 1317 744 sum
1362 686 1591 742 omnibus

133 805 242 855 iebus
262 814 387 868 usque
408 797 461 849 ad
494 792 973 849 consummationem
1012 785 1185 841 steculi
1239 781 1469 855 (Matth.
1497 777 1589 832 28.

134 893 186 961 ll.
212 890 309 959 Ipse
332 888 449 943 enim
478 895 591 940 erat
615 884 703 951 qui
736 880 968 935 difficilia
998 877 1169 930 facilia
1216 871 1507 934 reddebat,
1540 878 1595 921 et

134 984 210 1037 tod
238 979 453 1051 propheta
492 975 733 1040 dicebat,
768 973 875 1043 Ego
910 978 1029 1024 ante
1055 979 1101 1023 te
1133 968 1292 1029 vado,
1323 973 1370 1017 et
1406 970 1596 1014 montes

133 1073 369 1143 implauabo
389 1069 429 1139 (1
437 1070 528 1123 sai.
554 1068 641 1123 45.
660 1064 746 1135 2);
768 1065 883 1118 haec
906 1059 1160 1132 apostolis
1178 1054 1416 1113 sensibili
1439 1051 1596 1105 modo

133 1168 374 1233 attigerunt
398 1179 408 1215 :
434 1160 651 1229 pra-ibat
678 1157 780 1209 illis
823 1153 1065 1209 Christus
1086 1192 1101 1216 ,
1132 1156 1187 1204 et
1213 1150 1353 1200 viam
1389 1143 1596 1197 facilem

137 1256 323 1311 ddebat.
348 1253 445 1307 Hoc
468 1260 519 1305 et
542 1262 765 1317 magnus
793 1247 882 1299 ille
910 1256 1089 1314 praeco
1110 1240 1272 1294 Isaias
1294 1234 1601 1306 signiﬁcans

133 1349 303 1402 cebat:
342 1344 501 1398 Omnis
540 1342 685 1395 vallis
727 1336 1035 1405 implebitur,
1078 1342 1122 1387 et
1164 1331 1326 1386 omnis
1370 1344 1514 1382 mons
1555 1336 1602 1382 et

136 1440 208 1493 llis
235 1435 548 1491 humiliabitur
576 1432 626 1501 (ι
637 1431 732 1485 sai.
763 1430 851 1485 40.
885 1428 940 1497 4)
966 1445 979 1479 :
1006 1441 1110 1479 non
1144 1423 1213 1478 de
1253 1419 1523 1475 montibus
1548 1425 1604 1472 et

137 1532 275 1586 llibus
296 1530 534 1597 loquens;
566 1539 738 1593 neque
764 1522 903 1576 enim
928 1519 1027 1572 hoc
1057 1516 1307 1583 contigit;
1332 1512 1424 1568 sed
1450 1525 1603 1563 arro-

139 1634 269 1688 ntes,
298 1620 489 1674 inflatos
519 1628 572 1671 et
599 1616 762 1668 altum
808 1611 1075 1680 sapientes
1104 1606 1364 1661 montium
1388 1600 1604 1656 nomine

134 1718 266 1769 licat.
285 1712 459 1765 Verum
482 1722 668 1761 otnnes
691 1706 931 1759 Christus
951 1696 1273 1760 Itumillavit,
1291 1692 1605 1746 humilitate

135 1822 176 1857 te
191 1802 484 1858 sublimitate
513 1798 663 1866 plena
678 1803 781 1859 est,
799 1801 852 1847 ct
878 1800 1085 1844 montes
1112 1785 1382 1857 planitiem
1399 1781 1603 1836 eil‘ecit:

133 1917 137 1947 ς
161 1904 320 1947 autem
343 1899 482 1944 vocat
504 1897 838 1954 arrogantes,
858 1898 964 1936 non
990 1888 1207 1951 propter
1227 1875 1604 1930 sublimitatem

133 1988 243 2042 rutis
274 1986 500 2045 illorum,
534 1981 628 2035 sed
663 1987 880 2049 propter
922 1975 1303 2029 infructuosam
1348 1982 1608 2036 arrogan-

134 2096 211 2142 m,
243 2087 293 2133 et
335 2075 660 2131 sterilitatem
695 2071 922 2134 animze,
971 2076 1130 2135 atque
1178 2076 1485 2118 sermonum
1529 2059 1607 2112 in-

133 2173 456 2227 tsibilitatem.
498 2161 956 2233 Quemadmodum
1004 2160 1144 2214 enim
1183 2170 1337 2210 mons
1380 2156 1607 2208 fructum

133 2284 156 2320 η
186 2263 376 2324 tulerit,
401 2263 475 2315 sic
506 2273 679 2327 neque
710 2252 1008 2323 arrogantia
1032 2269 1043 2305 :
1071 2252 1178 2304 imo
1202 2263 1331 2303 vero
1362 2261 1466 2299 non
1492 2242 1569 2297 sic
1594 2284 1607 2306 ,

133 2360 142 2411 Ι
178 2356 336 2411 multo
359 2352 588 2424 gravius.
622 2349 773 2403 Mons
800 2347 940 2401 enim
976 2358 1077 2397 non
1122 2341 1352 2395 fructum
1396 2337 1608 2399 tulerit;

133 2449 346 2520 'ogautia
373 2460 495 2501 vero
528 2458 634 2497 non
661 2441 835 2495 solum
869 2453 973 2492 non
999 2436 1090 2489 dat
1129 2432 1392 2492 fructum,
1428 2427 1522 2482 sed
1550 2426 1615 2479 il-

133 2560 157 2595 ιι
195 2542 279 2610 qui
306 2537 507 2594 exsistit
538 2544 589 2588 ut
619 2539 912 2586 marcescat
939 2525 1121 2590 efficit,
1151 2533 1204 2579 et
1224 2520 1612 2592 germinantem

133 2635 279 2687 ilCCtIl
302 2648 315 2684 :
336 2630 469 2685 sicut
497 2643 528 2681 e
555 2623 825 2681 contrario
852 2618 1122 2674 humilitas
1152 2630 1256 2669 non
1285 2612 1444 2670 modo
1466 2611 1614 2665 illum

166 2730 335 2777 exstat
364 2720 589 2775 fructum
621 2715 785 2782 foret,
813 2714 905 2768 sed
925 2714 1083 2765 etiam
1108 2722 1231 2762 eum
1261 2705 1348 2776 qui
1375 2718 1477 2756 non
1501 2708 1617 2755 erat

133 2830 259 2869 nere
279 2813 434 2867 solet.

133 2912 165 2961 ι.
210 2906 407 2959 Eorum
473 2916 601 2956 vero
645 2912 764 2969 qua:
831 2895 1063 2950 diximus
1129 2887 1374 2958 exempla
1426 2897 1616 2954 magna

133 3008 165 3052 it
197 2998 493 3068 pharismus
527 3001 580 3048 et
611 2990 941 3062 publicanus.
994 2985 1086 3039 Ille
1128 2982 1271 3038 enim
1317 2993 1438 3034 eum
1470 2991 1619 3029 arro-

133 3091 216 3143 ttia
262 3085 597 3146 ascendens,
660 3096 766 3136 non
821 3078 980 3133 modo
1018 3090 1123 3129 non
1180 3073 1405 3126 fructum
1464 3080 1622 3137 pepe-

133 3225 141 3246 ,
176 3180 269 3235 sed
294 3179 457 3233 etiam
484 3174 625 3246 quod
655 3172 789 3243 frugi
813 3172 987 3225 iuerat
1013 3165 1245 3237 perdidit
1269 3181 1282 3217 ε
1310 3161 1624 3232 publicanus

134 3292 173 3328 ’0
194 3316 209 3340 ,
239 3285 443 3327 vacuus
469 3285 587 3324 cum
629 3277 772 3321 esset
812 3274 869 3319 et
893 3261 1026 3317 uiItiI
1056 3259 1177 3315 boni
1206 3258 1456 3319 haberet,
1491 3268 1625 3323 prve-

133 3383 243 3421 rum
285 3379 423 3435 opus
448 3362 548 3418 sibi
581 3359 893 3429 fecitzquia
939 3358 1082 3412 enim
1128 3352 1304 3407 solum
1350 3345 1625 3419 ingemuit,

142 3459 384 3514 nclinato
410 3456 587 3525 capite
613 3468 672 3509 se
703 3453 958 3506 miserum
991 3444 1319 3517 praedicavit,
1350 3437 1631 3496 descendit

133 3552 203 3605 Ita
239 3550 436 3618 plenus
477 3546 718 3616 justitia,
768 3551 823 3598 et
866 3543 917 3595 in
950 3540 1052 3594 hoc
1095 3534 1415 3607 pharisaaum
1467 3545 1628 3601 supe-

134 3659 182 3696 s.
217 3640 289 3697 Ut
314 3650 499 3694 autem
534 3637 585 3691 id
612 3652 677 3691 ex
713 3635 843 3705 ipsis
874 3632 1034 3687 rebus
1055 3627 1311 3689 videatis,
1343 3633 1398 3679 et
1429 3623 1479 3677 in
1507 3637 1629 3677 cer-

156 3731 417 3803 persouis
463 3726 811 3797 eonSpieiatis
842 3723 940 3777 'ubi
981 3731 1249 3782 montem,
1298 3716 1387 3772 ubi
1437 3713 1630 3770 collem

133 3827 288 3878 'istus
324 3819 667 3882 humiliarit,
716 3817 936 3871 Paulum
976 3827 1162 3867 rursus
1189 3810 1403 3864 inducat
1430 3818 1631 3861 sermo.

157 3916 311 3971 enim
348 3912 711 3969 tentoriorum
743 3910 932 3964 artifex
965 3910 1113 3979 (nam
1146 3905 1373 3959 libenter
1400 3900 1516 3970 ejus
1544 3913 1634 3952 ar-

133 4022 331 4073 isazg'e
383 4019 660 4068 memoro,
705 4010 762 4055 ut
798 4001 977 4054 discas
1027 4006 1199 4052 artem
1232 4010 1338 4049 non
1383 3990 1634 4047 dedecori

134 4114 151 4151 ξ
178 4139 191 4160 .
224 4096 327 4152 sed
357 4097 533 4151 otium
580 4101 636 4148 et
674 4092 1069 4146 accusationem
1102 4097 1155 4142 et
1182 4089 1385 4141 crimen
1428 4080 1589 4152 esse)
1620 4096 1635 4136 :

143 4191 343 4258 itaque
372 4186 572 4241 Paulus
600 4200 720 4239 eum
750 4182 1018 4237 Salamine
1050 4188 1224 4241 esset,
1257 4191 1376 4231 cum
1411 4187 1640 4245 procon-

133 4280 429 4351 2quodam
469 4288 527 4334 et
570 4277 728 4332 simul
774 4292 894 4330 cum
936 4288 1092 4343 mago
1134 4271 1397 4340 colloquia
1432 4266 1631 4321 habuit.

133 4377 241 4429 ilex
272 4383 403 4427 erat
442 4370 814 4441 pmoipitium,
875 4365 1179 4434 arrogantia
1230 4379 1260 4416 a
1316 4360 1637 4432 principatu,

140 4467 373 4520 octrina
405 4479 438 4517 a
464 4468 640 4530 mago.
672 4460 740 4515 Et
767 4460 887 4529 quia
922 4457 1134 4511 videbat
1162 4451 1546 4509 exsecrandum
1581 4449 1642 4502 il—

167 4566 231 4613 et
266 4556 654 4624 impudentem
706 4554 870 4606 ieram
928 4547 1230 4618 proconsuli
1263 4542 1646 4613 impedimento

133 4669 180 4710 ε,
216 4658 276 4702 et
306 4647 623 4702 doctrinam
653 4658 803 4697 suam
831 4641 1171 4709 intercipere,
1200 4638 1319 4691 audi
1351 4635 1475 4705 quid
1501 4634 1646 4688 dicat

133 4756 222 4793 lllS
257 4739 484 4807 Spiritu
511 4746 699 4791 saneto
724 4752 738 4788 :
771 4734 815 4788 0
839 4736 984 4806 plene
1008 4731 1146 4785 omni
1174 4730 1290 4783 dolo
1320 4738 1364 4781 et
1387 4728 1524 4780 omni
1546 4725 1649 4797 fal-

134 4852 175 4897 τ,
206 4834 291 4899 fili
313 4831 523 4886 diaboli
556 4830 692 4903 (Act.
718 4831 803 4884 l5.
825 4826 1298 4899 9.10).Noueuim
1325 4820 1645 4877 contumelia

134 4940 256 4978 *ere
282 4937 522 4992 semper
552 4920 747 4975 malum
776 4929 879 4979 est.
904 4918 997 4974 sed
1019 4917 1133 4972 sine
1150 4930 1308 4971 causa
1327 4911 1647 4968 contumelia

134 5030 251 5069 ere
279 5031 296 5069 :
320 5013 463 5067 huic
492 5012 632 5067 enim
661 5020 879 5082 peccato
919 5008 1236 5078 Supplicium
1263 5005 1466 5060 addixit
1485 5004 1644 5059 Chri-

160 5128 176 5162 :
218 5124 365 5163 cum
388 5117 585 5162 contra
603 5148 616 5172 ,
642 5106 685 5160 si
710 5105 829 5175 quis
859 5113 1034 5158 autem
1060 5100 1375 5171 congruenti
1405 5107 1648 5169 tempore

148 5202 324 5267 facit;
372 5199 649 5254 medicum
681 5197 940 5267 imitatur,
973 5194 1060 5265 qui
1083 5203 1384 5263 Opportune
1411 5201 1651 5260 tempore

143 5305 191 5360 t,
233 5304 297 5349 ct
351 5293 607 5348 sectione
648 5291 854 5345 saniem
893 5288 1059 5358 ejicit.
1109 5287 1221 5342 I'loc
1246 5286 1403 5356 igitur
1451 5286 1648 5341 Paulus

134 5404 242 5458 rue
269 5387 419 5442 facit
451 5404 464 5440 :
488 5384 611 5439 Non
637 5384 824 5438 desinis
849 5393 1063 5436 evertere
1085 5381 1191 5435 vias
1211 5379 1420 5435 Domini
1444 5388 1603 5433 rectas
1623 5378 1649 5431 ?

134 5481 335 5535 verba
367 5490 464 5533 tua
491 5493 596 5534 non
620 5477 890 5541 sustinuit,
909 5491 941 5531 0
960 5474 1121 5529 Paule
1152 5491 1166 5528 :
1196 5473 1334 5528 infer
1361 5470 1647 5544 quemdam

133 5572 431 5642 igismum
479 5570 868 5640 apostolicum,
902 5576 1083 5623 averte
1127 5568 1396 5638 linguam,
1440 5580 1500 5620 os
1529 5565 1647 5635 ejus

135 5681 277 5727 rue,
321 5664 513 5720 malos
542 5662 717 5716 llums
743 5664 892 5716 siste.
918 5659 1054 5728 Quid
1078 5660 1237 5730 igitur
1265 5659 1389 5714 facit
1413 5658 1434 5712 ’ἰ
1460 5662 1651 5714 Osten-

133 5776 144 5811 δ
187 5773 318 5811 non
359 5767 558 5810 contra
607 5755 849 5809 homines
895 5754 993 5822 ipsi
1025 5753 1218 5808 bellum
1251 5769 1406 5822 esse,
1436 5753 1545 5821 ait,
1581 5753 1648 5807 Et

3167 289 3295 349 δενλνε

1698 422 1832 460 nunc
1867 422 1979 460 ecce
2003 422 2183 461 manus
2214 406 2427 461 Domini
2509 423 2660 476 super
2702 416 2748 460 te
2793 407 2812 477 (
2833 403 3036 461 ActJS.
3068 424 3117 461 υ.
3154 410 3211 462 ll
3234 424 3267 465 l.

1698 499 1814 568 Ipse
1844 499 1985 553 enim
2010 499 2099 555 iIIe
2125 500 2213 569 qui
2237 500 2388 565 dixit,
2424 499 2689 555 Vobiscum
2709 517 2822 556 sum
2845 503 3074 555 omnibus
3095 502 3270 555 diebus

1700 591 1913 661 (Matth.
1936 592 2026 646 28.
2058 592 2185 659 20),
2217 602 2341 646 tunc
2371 593 2537 647 Paulo
2564 594 2782 658 aderat,
2812 602 2867 646 et
2894 593 3034 647 hanc
3047 595 3276 661 Aposto-

1697 684 1780 738 lus
1809 685 2009 738 habens
2040 684 2448 753 promissionem
2468 726 2483 749 ,
2518 685 2732 739 invocat
2761 684 2908 737 illum
2941 692 2994 738 et
3023 694 3272 753 precatur

1698 785 1757 830 ut
1786 775 1975 829 vindex
2027 775 2125 840 sit,
2156 783 2215 827 ttt
2246 774 2380 830 ferat
2407 789 2561 843 apem
2591 785 2661 828 et"
2688 775 3062 843 impedimenta
3101 776 3271 831 tollat.

1700 866 1766 921 Et
1797 878 1934 922 nunc
1962 866 2072 922 ecce
2114 883 2294 921 manus
2326 865 2527 920 Domini
2562 884 2714 936 super
2745 878 2810 920 te.
2839 868 3041 935 Quanta
3072 864 3276 923 Christi

1698 960 2076 1028 attemperatio
2103 959 2117 1011 ε
2149 966 2345 1028 quanta
2387 956 2530 1010 Pauli
2572 956 2761 1013 fiducia
2795 958 2807 1009 ἓ
2840 958 3108 1025 quomodo
3140 956 3275 1013 'sen-

1703 1055 1919 1109 tentiam
1938 1051 2157 1107 ferendo
2173 1051 2380 1121 plagam
2402 1048 2584 1115 infert,
2603 1058 2657 1102 et
2671 1048 2917 1103 Christus
2933 1050 3108 1104 statim
3132 1046 3277 1105 dicto

1664 1176 1673 1186 ο
1700 1143 1933 1198 annuit?
1960 1142 2095 1209 Quid
2125 1149 2228 1207 est,
2256 1140 2444 1195 Manus
2474 1139 2720 1192 Domini?
2748 1139 2837 1192 Vis
2862 1141 3133 1194 contraria
3155 1156 3249 1209 per
3267 1173 3281 1182 -

1701 1240 1928 1293 cutiens.
1962 1235 2094 1306 Ipsis
2135 1237 2278 1290 enim
2308 1234 2504 1303 ubique
2532 1233 2752 1296 aderat,
2796 1243 3012 1302 paratus
3064 1233 3131 1288 ad
3179 1234 3284 1287 ob-

1704 1328 2054 1399 sequendum,
2106 1336 2159 1381 et
2198 1340 2426 1380 messem
2458 1324 2561 1379 illis
2607 1325 2878 1393 negotium
2912 1324 3108 1379 faciens
3129 1365 3145 1391 ,
3176 1340 3283 1379 non

1704 1425 1887 1478 sinens
1919 1435 2012 1475 eos
2064 1416 2310 1473 laborare
2353 1427 2446 1470 aut
2490 1416 2707 1479 vexari,
2752 1414 2846 1469 sed
2893 1430 2984 1468 sua
3030 1414 3282 1469 θίγοι-ρης.

1707 1513 1772 1567 Et
1802 1513 1933 1567 stetit
1956 1525 2120 1565 ccecus
2139 1550 2153 1575 ,
2182 1525 2283 1562 non
2305 1508 2479 1562 videns
2523 1509 2591 1560 ad
2630 1517 2843 1578 tempus.
2890 1507 3134 1562 Vidistin‘
3157 1522 3287 1576 sup-

1707 1604 1922 1674 plicium
1952 1617 2072 1656 cum
2120 1600 2486 1669 benignitate?
2515 1598 2809 1652 admonitio
2839 1599 2983 1653 enim
3007 1641 3019 1664 ,
3051 1614 3154 1653 non
3192 1617 3288 1668 pu-

1710 1696 1839 1750 nitio
1887 1705 1999 1750 erat
2028 1695 2116 1749 illa
2163 1693 2460 1753 sententia;
2491 1690 2761 1745 correctio
2787 1732 2799 1752 ,
2835 1705 2940 1743 non
2971 1690 3285 1744 destructio.

1712 1786 1835 1840 Ideo
1867 1801 1972 1839 non
2018 1798 2233 1840 manum
2281 1782 2482 1837 aridam
2518 1772 2679 1846 fecit‘,
2730 1796 2832 1835 non
2874 1782 3105 1851 linguam
3154 1784 3288 1836 mala

1711 1877 1871 1933 verba
1904 1877 2207 1946 loquentem
2236 1874 2484 1937 exscidit,
2514 1889 2617 1927 non
2646 1888 2801 1926 crura
2820 1873 3003 1927 mutila
3024 1871 3167 1938 fecit,
3197 1873 3290 1927 sed

1711 1970 1896 2025 oculos
1928 1969 2091 2038 ipsos.
2122 1966 2256 2034 Quia
2284 1966 2426 2021 enim
2478 1964 2567 2018 ille
2597 1964 2719 2018 inde
2762 1972 2977 2018 sanatus
3022 1972 3103 2019 est
3143 1974 3195 2017 et
3226 1965 3294 2016 ab

1712 2061 1913 2117 erroris
1966 2060 2048 2113 via
2106 2070 2159 2113 et
2239 2057 2543 2127 pernicioso
2619 2070 2777 2109 cursu
2838 2056 3134 2114 liberatus,
3194 2054 3295 2107 hoc

1714 2155 1885 2224 ipsum
1937 2150 2281 2221 pharmaeum
2330 2149 2586 2218 apponit,
2636 2162 2699 2201 ac
2738 2148 2781 2201 si
2836 2142 3039 2201 diceret
3068 2165 3080 2199 :
3109 2143 3296 2199 Curre-

1716 2244 1834 2299 bam
1866 2252 1921 2298 et
1946 2256 2046 2312 ego
2079 2241 2217 2295 male
2238 2282 2253 2307 ,
2300 2249 2353 2295 et
2382 2248 2607 2293 mortem
2652 2238 2896 2291 minabar
2938 2237 3109 2291 oculis
3134 2254 3146 2289 :
3176 2235 3297 2290 ideo

1715 2345 1859 2391 recte
1888 2342 2185 2388 excaecatus
2225 2346 2341 2386 sum
2363 2373 2377 2396 ,
2408 2340 2462 2384 ut
2494 2328 2681 2384 melius
2710 2328 2969 2383 viderem.
3004 2327 3113 2381 Iloc
3135 2326 3295 2380 etiam

1718 2428 1808 2483 tibi
1839 2425 2181 2497 pltarmacum
2212 2421 2444 2495 appono,
2465 2423 2771 2478 ctexteruis
2800 2429 2849 2475 te
2867 2420 3035 2474 oculis
3062 2433 3291 2480 exczecn,

1718 2517 2238 2575 ut’internosoculos
2265 2516 2521 2585 aperiam.
2545 2512 2696 2577 Tunc
2714 2512 2765 2566 id
2795 2511 2937 2582 quod
2964 2510 3162 2565 factum
3188 2509 3299 2563 fuc-

1723 2621 1807 2666 rat
1831 2610 2020 2666 videns
2066 2608 2375 2679 proconsul,
2405 2605 2654 2662 credidit.
2692 2603 2935 2658 Vidisdn’
2974 2611 3214 2658 montem
3245 2601 3296 2653 in
3336 2603 3340 2608 '

1721 2702 1996 2774 planitiem
2041 2717 2254 2756 versum
2277 2741 2291 2768 ,
2338 2710 2392 2754 et
2415 2699 2607 2754 collem
2661 2695 2995 2750 humiliatum
3019 2736 3035 2759 ,
3067 2706 3298 2748 messem

1640 2820 1649 2828 ν
1721 2794 2032 2865 perfectam,
2090 2801 2145 2847 et
2196 2791 2401 2863 frugem
2450 2800 2712 2861 paratam,
2762 2788 2991 2842 fructum
3032 2795 3298 2839 maturum

1720 2888 2025 2948 collectum.
2055 2895 2108 2941 et
2140 2887 2359 2940 Paulum
2381 2883 2507 2937 nihil
2537 2882 2867 2937 laborantem
2891 2895 2988 2933 uec
3009 2878 3298 2940 defessum,

1723 2981 1816 3037 sed
1844 2980 2070 3051 simplici
2104 2980 2269 3034 verbo
2298 2977 2666 3048 proconsulem
2712 2990 2911 3045 sagena
2954 2971 3304 3043 capientem?

1728 3072 1852 3128 Ideo
1882 3086 2109 3126 messem
2133 3055 2674 3138 vocatEvaagelium’,
2703 3066 2771 3120 ob
2799 3065 3128 3120 celeritatem
3160 3071 3213 3118 et
3238 3061 3306 3115 fa-

1726 3166 1979 3221 cilitatem
2009 3179 2165 3233 quam
2200 3161 2329 3232 ipsis
2359 3159 2646 3229 praebebat.

1799 3260 1854 3314 5.
1880 3255 2113 3310 Eunuchi
2140 3251 2389 3309 Candacis
2411 3249 2808 3305 historia.—-Sic
2834 3259 2889 3304 et
2917 3248 3196 3302 eunuchus
3218 3246 3310 3301 ille

1732 3349 1987 3403 barbarus
2004 3358 2056 3403 et
2077 3346 2395 3416 alienigena,
2414 3343 2502 3413 qui
2528 3343 2577 3395 iu
2605 3349 2869 3411 potestate
2893 3354 3080 3408 magna
3103 3338 3305 3393 consti-

1736 3450 1880 3495 tutus
1925 3448 2064 3502 erat,
2095 3454 2288 3508 sagena
2325 3445 2509 3505 Captus
2541 3434 2656 3488 fuit.
2704 3432 2826 3487 Non
2855 3432 2963 3486 illic
2992 3431 3074 3486 vel
3104 3440 3311 3499 tempus

1734 3535 1815 3587 vel
1831 3533 1980 3589 labor
2002 3536 2298 3601 insumptus
2321 3531 2445 3585 fuit:
2466 3529 2554 3583 ubi
2576 3527 2715 3582 enim
2736 3526 3010 3595 Philippus
3027 3525 3080 3580 in
3097 3540 3309 3579 currqu

1734 3626 2006 3689 ascendit,
2043 3627 2323 3695 ipsumque
2351 3623 2632 3677 instituere
2659 3621 2857 3689 cmpit;
2891 3621 2999 3674 imo
3027 3629 3311 3688 antequam

1737 3718 2088 3780 ascenderet,
2132 3714 2263 3770 illud
2310 3713 2605 3777 admirare,
2656 3711 2928 3781 quomodo
2967 3708 3231 3764 barbarus
3260 3721 3316 3761 et

1737 3811 2031 3881 alienigena
2056 3851 2072 3873 ,
2106 3825 2135 3863 a
2178 3807 2415 3878 potentia
2439 3821 2531 3859 sua
2579 3803 2792 3860 inﬂatus
2823 3804 2951 3874 (non
2984 3803 3125 3857 enim
3155 3816 3314 3871 parra

1738 3903 1837 3973 ipsi
1858 3910 2088 3972 potestas
2119 3899 2237 3953 data
2264 3897 2481 3970 fuerat),
2497 3910 2805 3965 pauperem,
2825 3893 3151 3959 mendicum,
3172 3893 3318 3961 igno.

1742 4004 1875 4061 tum,
1914 4008 2069 4064 quem
2109 4007 2208 4047 nec
2236 3991 2438 4045 viderat
2468 4002 2717 4058 umquam
2740 4026 2755 4051 ,
2786 4000 2884 4040 nec
2913 3987 2963 4039 in
2991 3984 3319 4039 consortium

1741 4086 2064 4149 admiserat,
2114 4084 2291 4138 statim
2349 4093 2511 4151 atque
2551 4079 2723 4143 vidit,
2778 4077 2989 4132 vocarit
3040 4092 3185 4142 eum,
3222 4093 3321 4130 sc-

1742 4195 1971 4248 cumque
2009 4176 2299 4232 ascendere
2342 4190 2406 4230 ac
2458 4173 2651 4229 sedere
2686 4171 2843 4241 jussit
2871 4172 3069 4245 (Αεινε.
3093 4171 3165 4241 8).
3191 4168 3323 4237 Quis

1744 4272 1858 4327 Inec
1887 4271 2049 4326 fecit?
2082 4270 2174 4325 Ille
2204 4268 2536 4338 qui'dixerat
2566 4308 2579 4329 ,
2615 4265 2724 4336 Ego
2748 4262 2997 4320 vobiscum
3028 4280 3139 4317 sum
3160 4263 3325 4317 omni-

1746 4366 1835 4419 bus
1854 4364 2025 4419 diebus
2046 4378 2203 4432 usque
2222 4362 2289 4413 ad
2308 4359 2787 4414 consummationem
2805 4355 3005 4425 sazculi(
3019 4354 3203 4407 Matth.
3230 4352 3321 4407 28.

1746 4456 1838 4527 ‘20)
1870 4476 1882 4509 :
1918 4456 2007 4509 ille
2049 4454 2339 4524 gratiorem
2378 4465 2653 4505 acrcssum
2699 4448 2893 4512 efficit,
2930 4446 3211 4501 barbarum
3258 4443 3327 4497 ad

1751 4548 2230 4621 philosophandum
2284 4543 2583 4615 apparavit,
2628 4553 2864 4596 montem
2894 4539 3231 4603 humiliavit,
3273 4549 3327 4593 et

1753 4645 1989 4713 ignotum
2044 4651 2170 4695 noto
2210 4638 2400 4709 quovis
2455 4634 2851 4689 familiarioreut
2906 4632 3203 4686 constituit.
3252 4628 3330 4683 Ne

1752 4748 2037 4803 utrumque
2086 4746 2504 4803 prmtcrcurras,
2571 4741 2745 4797 neque
2798 4725 3095 4794 simplicem
3161 4722 3332 4776 histo.

1752 4830 1883 4882 riam
1936 4840 2047 4880 rem
2102 4838 2221 4877 esse
2275 4832 2465 4891 putes,
2499 4818 2592 4872 sed
2631 4818 2803 4887 cogita
2834 4818 2905 4869 rei
2941 4823 3100 4868 tantm
3126 4812 3332 4881 magni-

1753 4921 2012 4975 tudinem.
2060 4916 2191 4971 Nam
2243 4913 2402 4983 siqui
2450 4926 2591 4966 nunc
2629 4917 2755 4965 sunt
2797 4908 3098 4978 principes,
3149 4905 3332 4959 fideles

1752 5029 1872 5067 cum
1902 5012 2008 5065 sint
2040 5019 2093 5064 et
2114 5007 2179 5063 ad
2222 5006 2578 5061 humilitatem
2607 5001 2836 5057 instituti
2874 4998 3111 5068 nihilque
3141 4997 3331 5051 barba-

1756 5121 1871 5160 rum
1900 5103 2158 5156 habentes
2180 5140 2193 5164 ,
2226 5098 2515 5161 noluerint,
2549 5109 2652 5149 non
2686 5093 2807 5148 dico
2834 5092 3070 5161 ignotum
3097 5098 3329 5159 etpere-

1754 5196 1965 5267 grinum
1994 5235 2009 5260 ,
2039 5192 2138 5247 sed
2166 5205 2265 5245 nec
2290 5203 2352 5243 ex
2380 5184 2735 5241 familiaribus
2774 5181 3078 5253 quempiam
3106 5178 3257 5235 facile
3280 5179 3332 5232 in

1757 5290 1873 5344 foro
1908 5300 2089 5341 secum
2124 5282 2314 5338 sedere
2343 5298 2357 5336 ε
2387 5278 2659 5350 quomodo
2689 5276 2777 5331 ille
2822 5273 3205 5345 peregrinum?
3236 5289 3331 5326 tte-

1754 5396 1860 5452 que
1890 5378 2031 5434 enim
2052 5378 2211 5431 linem
2235 5373 2421 5429 faciam
2452 5370 2566 5426 hinc
2583 5367 2828 5433 dicendi;
2858 5366 3222 5437 peregrinum,
3249 5364 3331 5417 in-

1755 5487 1954 5544 quam,
2005 5482 2162 5539 quem
2218 5478 2505 5535 numquam
2560 5461 2801 5525 viderat,
2858 5460 3057 5522 vilem,
3110 5465 3335 5525 aspectu

1756 5560 2181 5633 deSpiciendum,
2214 5558 2359 5612 hunc
2397 5564 2452 5611 et
2495 5555 2786 5610 ascendere
2836 5562 2890 5608 et
2927 5566 3108 5607 secum
3151 5549 3340 5605 sedere

1752 5657 1934 5728 jussit,
1967 5662 2023 5710 ct
2047 5653 2161 5722 ejus
2191 5651 2383 5720 linguae
2406 5647 2632 5703 salutem
2663 5659 2814 5700 suam
2839 5642 3147 5707 commisit,
3177 5640 3338 5693 disci-

1759 5752 1914 5824 pulus
1942 5748 2054 5805 ﬁeri
2085 5759 2272 5818 passus
2297 5753 2377 5799 est
2397 5784 2411 5810 ,
2440 5749 2497 5797 et
2520 5748 2702 5810 rogat,
2727 5738 3002 5801 obsecrat,
3036 5740 3319 5804 precatur:
