3872 6396
461 285 564 341 5ἳὸ

461 399 673 454 Obsecro
722 413 799 468 te,
845 407 1051 474 inquit,
1095 409 1158 461 de
1197 427 1296 475 quo
1346 415 1588 482 praplteta
1639 419 1745 472 luce
1799 420 2015 488 loquitur

459 491 595 556 (Act.
624 493 675 546 8.
706 493 838 562 35)?
867 504 920 548 et
946 496 1084 550 dicta
1117 513 1236 552 cum
1265 505 1557 559 attentione
1583 509 1743 562 multa
1774 511 2012 578 percipit.

453 577 634 649 Neque
666 581 764 634 hoc
794 593 994 638 tantum
1018 628 1032 646 ,
1079 588 1170 640 sed
1201 603 1480 660 acceptum
1511 611 1614 648 non
1661 601 2013 665 procrastina-

454 671 549 732 vit,
580 686 682 724 non
713 671 936 740 distulit,
974 692 1077 728 non
1109 678 1262 745 dixit,
1293 681 1346 734 In
1381 685 1603 749 patriam
1640 704 1809 742 meam
1834 705 2015 744 rever-

451 769 551 825 tar,
578 762 765 816 videbo
788 766 1132 836 philosophos
1175 787 1323 826 meos
1355 783 1410 828 et
1430 776 1713 832 familiares
1734 792 1786 833 et
1823 797 2017 851 cogna-

449 857 532 900 tos
573 851 752 918 :quod
785 855 932 908 multi
972 856 1390 916 Christianorum
1429 881 1569 920 nunc
1604 868 1786 923 dicunt
1825 872 1888 924 ad
1920 874 2015 926 ha-

449 941 640 1006 ptisma
676 947 845 998 vocati
879 964 892 1000 :
927 947 1179 1004 Revertar
1200 957 1250 1006 In
1283 955 1524 1022 patriam,
1545 959 1736 1014 videbo
1769 977 2007 1026 uxorem,

447 1032 636 1086 videbo
668 1035 806 1087 filios
832 1052 950 1092 cum
981 1042 1220 1110 cognatis
1249 1046 1381 1101 meis
1411 1063 1425 1100 :
1454 1047 1557 1100 illis
1583 1051 1929 1118 praesentibus
1957 1063 2010 1107 et

446 1139 655 1178 meeum
689 1125 879 1180 festum
915 1131 1307 1190 celebrantibus
1327 1177 1342 1202 ,
1396 1138 1474 1192 sic
1499 1137 1813 1208 baptismate
1841 1143 2003 1210 fruar,

441 1217 518 1270 sic
556 1220 739 1288 gratia:
767 1222 1036 1290 particeps
1057 1241 1171 1278 ero.
1224 1227 1294 1280 At
1317 1242 1422 1282 non
1468 1229 1558 1285 ille
1588 1230 1846 1286 barbarus
1883 1241 2008 1290 tunc

443 1305 556 1362 brcc
585 1308 740 1372 dixit,
772 1313 987 1366 tametsi
1015 1313 1227 1368 Iudaeus
1256 1325 1418 1384 esset,
1449 1328 1503 1373 et
1522 1318 1587 1374 ad
1613 1321 1834 1375 multam
1861 1322 2006 1378 loco-

439 1412 555 1450 rum
583 1400 981 1456 observantiam
1010 1411 1064 1456 et
1091 1404 1289 1459 cultum
1312 1405 1608 1474 institutus,
1637 1423 1756 1464 cum
1776 1412 2004 1468 maxime

442 1487 751 1559 frequenter
802 1493 898 1560 ipsi
928 1495 1252 1550 insonuisset
1291 1496 1465 1551 locum
1511 1499 1656 1554 illum
1708 1502 2000 1557 observan-

434 1579 562 1632 dum
600 1595 740 1645 esse,
770 1583 994 1652 ideoque
1025 1599 1266 1654 magnam
1303 1588 1780 1656 peregrinationem
1822 1606 2000 1647 susce-

438 1671 606 1739 pisset
628 1711 643 1731 .
676 1681 730 1725 nt
754 1673 803 1725 in
833 1689 937 1742 quo
966 1675 1082 1728 loco
1105 1677 1336 1742 jusscrat
1368 1679 1503 1733 Deus
1524 1720 1540 1744 ,
1572 1680 1816 1737 adorarct
1848 1699 1860 1734 :
1907 1685 1999 1738 sed

440 1761 616 1813 statim
643 1762 800 1814 talem
817 1765 1255 1819 consuetudinem
1274 1767 1550 1834 abjicicns,
1576 1779 1628 1823 et
1644 1787 1671 1823 a
1697 1772 1783 1824 tali
1811 1774 1996 1828 obser-

434 1851 642 1902 vatione
673 1849 928 1904 recedens
950 1869 962 1908 :
983 1867 1102 1905 cum
1120 1869 1298 1908 sermo
1314 1855 1585 1912 absolutus
1598 1869 1760 1927 esset,
1782 1872 1832 1915 et
1848 1863 1996 1930 juxta

431 1939 565 1991 viam
597 1940 794 1994 fontem
820 1943 1065 2004 videret,
1113 1945 1244 1999 dixit
1271 1965 1284 1999 :
1323 1947 1450 2001 Ecce
1473 1966 1655 2018 aquam
1687 1969 1705 2005 :
1729 1955 1850 2022 quid
1879 1973 1998 2024 pro—

431 2028 560 2080 hibet
588 2047 663 2082 me
714 2030 964 2100 baptizari
1017 2036 1155 2103 (Act.
1199 2037 1250 2088 8.
1309 2037 1439 2108 56)?
1486 2039 1728 2095 Vidistin’
1767 2059 1992 2100 messem

427 2134 608 2175 rursus
638 2122 971 2176 Confectum?
999 2125 1233 2181 vidistin’
1257 2129 1454 2184 nullum
1480 2131 1803 2202 insumptum
1835 2138 1995 2195 fuisse

427 2219 636 2278 tempus
682 2215 773 2268 sed
818 2225 1048 2282 terram,
1091 2220 1268 2274 statim
1321 2231 1478 2292 atque
1519 2241 1702 2281 semen
1748 2229 1988 2299 admisit,

423 2313 476 2354 et
522 2304 721 2372 Spicam
765 2320 1065 2364 comantem
1111 2313 1355 2369 emisisse
1407 2325 1461 2370 et
1523 2331 1781 2374 maturam
1837 2339 1988 2378 uvam

424 2394 630 2450 fuisse?
661 2397 792 2451 Ecce
833 2417 1014 2469 aquam
1039 2443 1054 2467 ,
1107 2403 1292 2474 inquit.
1320 2406 1437 2462 Non
1488 2425 1669 2466 muros
1707 2417 1986 2483 quwsivit,

427 2501 530 2537 non
562 2495 755 2541 tectum
807 2505 1058 2555 aureum,
1114 2509 1217 2548 non
1267 2496 1702 2556 vesﬁmentorum
1761 2521 1987 2574 appara-

423 2586 530 2629 tum
556 2618 572 2640 ,
614 2593 716 2631 noo
743 2581 982 2644 calceos;
1026 2585 1118 2639 sed
1146 2588 1264 2656 quia
1291 2591 1525 2648 animum
1554 2607 1791 2663 paratum
1826 2598 1990 2654 habe-

425 2667 510 2734 bat
540 2677 586 2721 et
617 2669 837 2724 ardebat
862 2672 1126 2728 desiderio
1152 2678 1529 2750 alacritateqne
1545 2700 1799 2742 accensus
1830 2701 1941 2743 erat
1967 2731 1982 2754 ,

417 2757 482 2810 ad
511 2760 730 2826 gratiam
763 2764 940 2817 statim
981 2769 1240 2831 accurrit,
1281 2780 1336 2825 et
1361 2771 1634 2828 doctorem
1666 2779 1886 2846 urgebat
1927 2791 1984 2835 ut

416 2847 480 2901 ad
514 2848 832 2920 baptismum
883 2854 1050 2923 ipsum
1088 2859 1413 2928 adduceret,
1442 2875 1600 2934 atque
1640 2867 1731 2920 illa
1761 2868 1980 2924 immor-

417 2939 538 2993 talia
572 2950 627 2996 et
681 2945 952 2998 tremenda
997 2951 1244 3019 mysteria
1282 2952 1379 3006 sibi
1419 2955 1706 3013 conferret.
1749 2958 1870 3014 Ideo
1893 2961 1979 3017 ille

412 3046 624 3100 quoque
651 3036 829 3088 statim
856 3039 1064 3104 annuit,
1092 3040 1418 3098 alacritatem
1445 3047 1779 3116 approbatis,
1808 3060 1861 3105 et
1887 3053 1979 3106 ba-

413 3121 628 3187 ptizavit
663 3124 829 3181 illum.
855 3126 1056 3183 ldcirco
1088 3147 1314 3186 messem
1343 3147 1496 3189 vocat
1520 3137 1875 3210 Evangelium,
1907 3145 1977 3198 ob

408 3211 707 3268 facilitatem
749 3231 906 3286 quam
947 3218 1073 3288 ipsis
1102 3223 1384 3290 prtebebat.
1417 3225 1546 3281 Nam
1585 3239 1638 3284 et
1668 3231 1793 3288 alibi
1825 3249 1970 3304 quo-

405 3317 510 3371 que
564 3303 692 3357 dicit
729 3307 868 3375 quod
921 3309 1076 3364 dictis
1126 3312 1275 3367 Pauli
1323 3318 1661 3375 attenderem
1704 3339 1715 3373 :
1767 3303 1962 3381 etenim

403 3445 616 3455 '——_-

1161 298 1217 350 S.
1256 300 1528 359 JOANNIS
1572 304 2038 362 CIIRYSOSTOMI
2077 308 2387 370 ARCHIEP.
2427 315 2954 380 CONSTANTINOP.
3546 345 3623 403 591

2129 420 2383 478 Dominus
2423 427 2629 496 aperuit
2657 447 2752 488 cor
2787 451 2968 492 eorum
3020 449 3074 493 ut
3108 444 3424 505 attendi-rent
3464 456 3518 511 iis
3536 479 3623 529 (μη

2129 508 2297 529 ,ξυμ
2351 521 2363 529 ,
2514 518 2525 529 .
2746 523 2777 529 λ

2124 508 2433 569 dicebautur
2477 518 2544 572 ab
2575 519 2687 575 illo.
2738 523 2872 579 Cum
2903 539 3079 584 autem
3109 534 3262 588 audis
3303 543 3427 607 quod

2123 601 2394 670 bumiliet,
2436 625 2662 668 messem
2688 616 2874 682 faciat,
2905 632 3170 679 maturum
3203 628 3420 686 fructum
3446 643 3625 709 reddat,

2119 704 2172 747 et
2215 697 2432 751 multam
2476 713 2627 769 paret
2671 706 3012 778 facilitatem,
3068 732 3136 770 ne
3181 721 3450 781 credentes
3493 697 3628 797 prives

2119 785 2362 839 maximis
2387 793 2638 858 operibus
2669 813 2682 849 :
2721 813 2894 868 neque
2923 804 3066 857 enim
3099 807 3203 860 vim
3236 809 3481 870 inferebat
3495 785 3632 884 Iliber-

2119 873 2249 935 tati,
2303 892 2474 947 neque
2534 882 2758 939 liberum
2821 890 3097 948 arbitrium
3153 873 3629 973 labefactabatjsed

2116 965 2534 1034 cooperabatur,
2576 972 2831 1041 juvabat,
2881 995 3095 1038 manum
3142 989 3407 1046 tendebat.
3449 965 3631 1056 Namsi

2115 1056 2282 1105 totum
2314 1055 2454 1112 illius
2481 1072 2644 1127 esset,
2675 1066 2808 1120 nihil
2835 1069 3114 1139 impediret
3165 1082 3441 1146 quominus
3481 1055 3632 1145 omnes

2112 1143 2246 1197 salvi
2287 1144 2478 1203 fierent
2508 1170 2521 1205 ε
2552 1169 2692 1208 nunc
2737 1169 2912 1214 autem
2974 1163 3119 1220 aliud
3148 1169 3287 1225 illius
3331 1186 3438 1227 erat
3464 1216 3478 1239 ,
3519 1181 3631 1236 aliud

2109 1246 2294 1288 eorum
2344 1240 2431 1307 qui
2479 1245 2802 1303 accedebant
2842 1269 2855 1304 :
2903 1255 3266 1314 accedentium
3327 1279 3503 1334 nempe
3541 1274 3633 1326 vel-

2109 1321 2218 1377 lent
2241 1335 2296 1380 et
2322 1329 2579 1398 eligerent
2601 1351 2664 1390 ac
2705 1341 2926 1397 multam
2967 1348 3312 1407 ostenderent
3355 1358 3632 1417 alacritatetti

2107 1421 2159 1466 et
2175 1429 2486 1483 generosam
2516 1424 2711 1493 ﬁdem;
2747 1431 2837 1486 Dei
2855 1444 3052 1502 autem,
3072 1441 3210 1508 quod
3234 1443 3373 1499 bona
3393 1450 3631 1520 praberet,

2107 1512 2161 1556 et
2187 1507 2525 1566 manifestum
2553 1516 2804 1576 redderet
2828 1507 3133 1583 sermonem
3154 1507 3453 1608 claramque
3473 1507 3633 1598 doctri:

2105 1608 2246 1660 nam,
2267 1602 2572 1672 seminaque
2589 1608 2808 1676 jaceret,
2829 1625 2883 1669 et
2905 1617 3142 1674 auditum
3157 1602 3448 1691 juvaret'ad
3467 1629 3633 1690 fructus

2106 1689 2486 1748 maturitatem.
2541 1698 2662 1754 llarc
2686 1703 2844 1771 igitur
2873 1711 3052 1764 omnia
3085 1716 3386 1783 cogitantes
3409 1761 3424 1783 ,
3471 1723 3529 1784 ad
3554 1728 3634 1780 vir-

2104 1778 2227 1831 tutis
2275 1778 2510 1838 laborem
2562 1789 2734 1856 ipsmn
2787 1799 3111 1864 accipiamus
3153 1778 3486 1875 adjutorem,
3540 1831 3635 1883 qua:

2103 1877 2279 1922 nostra
2327 1884 2452 1928 sunt
2520 1878 2827 1939 inferentes.
2881 1887 3012 1944 Nam
3055 1895 3101 1948 si
3158 1913 3270 1952 rem
3320 1910 3423 1955 tam
3475 1905 3636 1962 difﬁci-

2102 1955 2204 2011 lem
2259 1961 2327 2014 ita
2381 1963 2537 2022 facile
2591 1974 2850 2042 perfecit,
2903 1996 3008 2036 non
3070 1985 3120 2038 in
3179 2004 3280 2043 una
3339 1995 3419 2047 vel
3461 1995 3635 2052 duabus

2099 2049 2181 2102 vel
2209 2051 2390 2120 viginti
2419 2057 2719 2120 civitatibus
2739 2105 2754 2132 ,
2786 2069 2878 2123 sed
2918 2087 3013 2139 per
3044 2085 3207 2131 totum
3233 2082 3440 2150 orbem,
3475 2089 3634 2154 pradi-

2098 2140 2364 2198 cationem
2390 2149 2593 2206 scilicet
2637 2164 2690 2208 et
2741 2158 3063 2230 doctrinam,
3095 2177 3149 2222 et
3193 2171 3305 2239 ipsa
3343 2191 3434 2241 per
3475 2188 3632 2242 totam.

2097 2249 2255 2302 quem
2274 2241 2350 2293 sol
2370 2246 2604 2312 respicit,
2635 2258 2828 2305 terram
2856 2270 3059 2324 sparsa,
3083 2263 3495 2331 pulcherrimum
3518 2272 3635 2330 hunc

2097 2326 2296 2392 profert
2326 2330 2551 2388 fructum
2585 2356 2597 2391 :
2633 2340 2804 2408 palam
2830 2357 2908 2398 est
2930 2363 3050 2402 eum
3077 2353 3141 2405 ad
3172 2357 3387 2412 virtutis
3418 2359 3634 2418 ferendos

2093 2417 2315 2475 sudores
2362 2425 2516 2479 nobis
2542 2443 2695 2497 Opem
2726 2433 2949 2492 laturmn
2978 2456 3119 2507 esse,
3149 2446 3439 2504 dummodo
3472 2469 3534 2508 ne
3558 2469 3632 2509 su-

2093 2508 2200 2574 pini
2233 2512 2316 2565 vel
2347 2518 2601 2574 socordes
2625 2522 2791 2579 simus
2811 2543 2927 2594 nos,
2947 2532 3040 2586 sed
3069 2535 3112 2586 si
3139 2545 3320 2592 nostra
3348 2541 3500 2597 simul
3524 2560 3634 2600 con-

2091 2597 2318 2654 feramus
2341 2642 2356 2667 ,
2408 2621 2597 2676 nempe
2634 2613 2960 2672 alacritatem
2981 2662 2996 2686 ,
3026 2638 3206 2679 curam
3239 2669 3254 2693 ,
3311 2631 3631 2703 voluntatem,

2089 2690 2486 2762 cogitationem,
2505 2701 2727 2771 vigilias,
2752 2707 3182 2782 sollicitudinem,
3203 2718 3290 2774 sia
3311 2729 3635 2783 s;eeu!aribus

2090 2779 2250 2833 rebus
2271 2797 2366 2839 nos
2387 2787 2776 2861 abstrahamns,
2802 2799 2844 2852 si
2868 2815 3164 2869 quaeramus
3195 2807 3396 2875 futura,
3420 2815 3462 2868 si
3480 2821 3632 2885 quoti-

2087 2869 2295 2941 dieipsa
2309 2889 2648 2946 appetamus.
2669 2887 2722 2941 Si
2741 2892 2883 2945 enim
2900 2895 3012 2950 haec
3023 2911 3268 2956 accurate
3287 2869 3633 2974 exlnibeinms,

2085 2965 2242 3020 etiam
2266 2985 2383 3038 qn:e
2410 2973 2551 3030 illius
2581 2990 2704 3034 sunt
2729 2996 3055 3055 sequentur;
3081 2993 3254 3048 etillis
3283 3013 3444 3067 Opem
3475 3000 3631 3060 feren-

2085 3057 2223 3112 tibus
2267 3061 2402 3117 bona
2446 3068 2674 3125 cmleSIia
2727 3089 3116 3147 consequemur
3142 3103 3154 3137 :
3184 3104 3303 3157 qua:
3336 3094 3527 3148 utinam
3551 3115 3634 3150 nos

2082 3164 2268 3207 omnes
2316 3158 2706 3232 nanciscamur,
2756 3172 2924 3236 gratia
2975 3185 3028 3228 et
3075 3175 3403 3250 benignitate
3449 3187 3632 3242 Domini

2081 3244 2246 3297 nostri
2273 3244 2398 3301 Jesu
2424 3247 2641 3320 Christi,
2668 3258 2752 3312 cui
2778 3261 2946 3328 gloria
2979 3267 3355 3337 etimperium.
3385 3278 3435 3330 in
3461 3283 3633 3334 saccata

2079 3336 2415 3395 saeculorum.
2449 3347 2639 3404 Amen.

617 3448 3622 3526 ηἊ-ἊἯἪ

1723 3571 2067 3637 HOMILIA
2116 3580 2208 3642 x1
2252 3583 2360 3667 (α).

409 3705 650 3776 Ejusdem
695 3708 903 3762 Itomiliu
947 3711 1152 3776 habita,
1201 3723 1465 3783 postquam
1516 3719 1650 3770 alius
1696 3718 1967 3774 admodum

477 3814 629 3852 senex
649 3801 970 3854 contionatus
1000 3805 1162 3871 fuerat
1191 3820 1208 3856 :
1247 3806 1308 3857 de
1338 3805 1586 3860 Eleazaro
1619 3819 1664 3861 et
1694 3810 1756 3863 de
1783 3822 1969 3880 septem

473 3891 662 3952 pueris.

471 3980 523 4030 1.
563 3981 730 4045 Quam
767 3982 1003 4050 speciosa
1051 3993 1134 4038 est
1172 3985 1286 4039 haec
1322 3980 1610 4055 Spiritualis
1656 3991 1772 4044 olea
1805 4007 1819 4043 :
1848 4007 1967 4046 cum

399 4070 527 4122 rami
547 4070 662 4138 ejus
677 4073 1072 4136 consenuerint,
1093 4083 1355 4130 maturum
1376 4084 1550 4133 tamen
1571 4081 1723 4136 nobis
1739 4080 1964 4138 fructum

399 4159 537 4215 tulit!
557 4161 670 4215 Non
694 4163 833 4216 enim
855 4164 984 4218 tales
1001 4175 1119 4219 sunt
1141 4167 1330 4235 planta:
1351 4176 1527 4234 teme,
1546 4173 1732 4240 quales
1747 4177 1965 4232 arbores

403 4247 658 4304 Ecclesiae
687 4269 698 4303 :
731 4252 834 4306 ilhc
861 4269 1086 4325 namque
1131 4272 1250 4311 cum
1279 4258 1344 4312 ad
1372 4269 1683 4317 vetustatem
1709 4279 1963 4334 pervene-

405 4350 554 4404 runt,
584 4349 706 4394 tunc
741 4341 983 4398 foliorum
1025 4346 1248 4415 plurima
1294 4350 1564 4419 amittunt,
1599 4354 1962 4414 immaturum-

399 4448 501 4498 que
545 4444 599 4486 et
627 4449 798 4488 tarum
829 4437 1059 4493 oll'erunt
1082 4439 1330 4497 fructum.
1361 4443 1469 4500 Illa:
1511 4458 1709 4513 autem,
1742 4465 1862 4505 cum
1891 4453 1957 4507 ad

395 4534 722 4580 senectutem
747 4529 1004 4592 venerint,
1050 4540 1172 4586 tunc
1213 4535 1441 4590 maxime
1467 4536 1690 4592 fructum
1730 4542 1954 4597 ubertim

400 4619 592 4672 ferunt.
644 4620 792 4685 Quod
842 4635 984 4678 certe
1038 4626 1216 4681 videre
1266 4638 1347 4682 est
1397 4631 1448 4683 in
1497 4632 1589 4685 illo
1644 4635 1730 4703 qui
1786 4636 1943 4692 hodie

396 4711 643 4777 loquutus
697 4723 778 4767 est
832 4733 844 4768 :
897 4715 1120 4785 ideoque
1174 4729 1347 4775 tacere
1403 4724 1531 4777 mihi
1586 4725 1754 4779 visum
1809 4739 1888 4782 cst
1935 4749 1948 4782 :

390 4802 668 4867 oportebat
709 4806 887 4870 enim,
930 4819 1004 4860 tot
1040 4810 1256 4865 senibus
1300 4814 1649 4880 past-sentibus
1678 4818 1763 4884 qui
1809 4819 1948 4888 loqui

386 4893 616 4950 scirent.
644 4895 1224 4965 iunioremquiescere.
1276 4903 1344 4956 lta
1379 4920 1474 4958 nos
1520 4907 1766 4962 erudiunt
1808 4911 1951 4966 Scri-

385 4991 552 5046 ptura:
602 4987 836 5040 divinae:
884 5005 1004 5043 nant
1051 5007 1170 5045 cum
1206 4993 1474 5060 juniorcm
1503 4997 1845 5068 alloquuntur
1871 5004 1948 5056 di-

383 5085 509 5126 cunt
542 5093 554 5126 :
585 5075 833 5148 Loquere,
851 5082 1050 5148 juvenis
1069 5126 1081 5144 .
1113 5085 1162 5138 in
1190 5095 1276 5138 (ua
1300 5104 1453 5141 causa
1474 5131 1487 5153 ,
1513 5092 1596 5144 vix
1622 5091 1695 5146 bis
1718 5095 1760 5145 si
1788 5097 1942 5148 intrr-

379 5177 587 5234 rogutus
639 5171 796 5235 fueris
825 5187 842 5222 :
889 5175 1047 5226 multa
1097 5178 1267 5243 paucis
1309 5180 1459 5233 dicito
1493 5181 1677 5251 (Eccli.
1717 5185 1802 5238 52.
1859 5187 1941 5242 10.

384 5256 495 5324 Η).
545 5257 750 5311 Seniori
801 5270 973 5315 autem
1019 5281 1123 5318 non
1170 5282 1288 5321 cum
1336 5269 1425 5323 tali
1471 5272 1810 5330 distinctione
1866 5279 1934 5329 lo;

375 5347 575 5412 quitur,
621 5349 712 5400 sed
746 5349 889 5404 illum
938 5354 1144 5408 dimittit
1179 5370 1232 5410 ut
1272 5361 1386 5413 sine
1421 5364 1506 5417 bis
1537 5367 1772 5419 terminis
1819 5384 1938 5422 cur.

375 5447 455 5490 rat
483 5455 493 5489 :
530 5449 583 5492 et
610 5439 867 5495 dicturum
897 5445 1055 5499 etiam
1085 5449 1404 5519 voluptatem
1429 5497 1443 5519 ,
1477 5459 1518 5508 si
1553 5473 1670 5511 cum
1703 5461 1934 5527 pruden-

431 5593 502 5680 ga)
529 5594 701 5680 llqbtta
736 5606 809 5680 est
835 5603 1121 5680 pridie-festi
1141 5607 1519 5680 lifachabmorum
1541 5617 1665 5679 quod
1699 5619 1850 5680 primo
1866 5623 1944 5670 dic

369 5665 547 5706 mctlStS
573 5661 775 5721 Augusti
799 5661 1025 5714 atirtecis
1049 5668 1340 5720 celebratur.

2077 3724 2146 3779 tia
2175 3729 2449 3806 loquatur,
2481 3744 2750 3804 admirans
2772 3792 2786 3815 ,
2815 3755 2892 3809 sic
2913 3758 3087 3814 aiebat
3119 3780 3131 3814 :
3167 3761 3401 3834 Loquere
3420 3809 3437 3834 ,
3461 3786 3626 3831 senex.

2077 3821 2164 3874 tibi
2192 3843 2403 3896 namque
2430 3840 2656 3890 convenit
2675 3880 2688 3902 ,
2715 3843 2767 3894 in
2797 3860 3033 3901 accurata
3049 3853 3260 3907 scientia
3289 3873 3310 3908 :
3341 3870 3389 3911 et
3409 3860 3632 3929 impedias

2073 3918 2265 3972 musica
2295 3921 2480 3989 (Eccli.
2519 3927 2605 3981 52.
2632 3930 2682 3983 ιι.
2709 3931 2787 4002 5).
2827 3937 2960 4002 Quid
2991 3941 3090 3995 sibi
3125 3945 3234 3999 vult
3261 3947 3415 4016 ειιυιι,
3448 3918 3514 4004 ii.
3542 3955 3624 4006 im-

2075 4009 2242 4074 pedias
2284 4015 2512 4067 musica?
2561 4019 2730 4085 Tibia,
2763 4027 2963 4082 cithara
3019 4041 3073 4086 et
3127 4034 3340 4103 ﬁstulas,
3409 4057 3510 4096 non
3562 4045 3623 4098 ita

2079 4114 2270 4154 suaves
2295 4104 2629 4165 audientibus
2674 4125 2826 4180 sunt,
2872 4127 2930 4171 ut
2973 4123 3200 4180 senioris
3253 4128 3494 4186 doctrina
3515 4150 3620 4188 cum

2069 4203 2312 4248 accurata
2363 4199 2582 4254 scientia
2633 4208 2859 4272 prolata.
2891 4210 3162 4282 Scriptura
3202 4220 3346 4273 enim
3400 4224 3624 4294 voluptao

2070 4289 2172 4333 tvm
2225 4299 2540 4354 COtt'tpnl'ttnS
2590 4294 2883 4364 voluptati,
2939 4302 3072 4358 hanc
3123 4307 3212 4362 illa
3266 4309 3423 4381 lange
3470 4317 3620 4383 majo-

2067 4387 2178 4425 rem
2223 4377 2324 4428 vim
2353 4394 2604 4436 escrcere
2644 4384 2804 4452 dicit;
2858 4390 2992 4448 hanc
3034 4397 3284 4467 vincere,
3341 4405 3488 4460 illam
3532 4407 3618 4476 ipsi

2064 4465 2272 4521 cedere.
2356 4470 2476 4525 Ideo
2529 4474 2688 4536 dicit,
2752 4477 3003 4549 lmpedies
3073 4491 3302 4555 musica;
3367 4495 3470 4551 hoc
3514 4510 3615 4561 est,

2063 4574 2165 4610 non
2198 4562 2339 4615 sines
2388 4564 2471 4618 i'la
2521 4582 2851 4638 comparere,
2881 4574 3258 4638 obtenebrabis
3288 4585 3396 4653 illa,
3438 4588 3617 4643 obum-

2063 4648 2150 4700 bt'a
2162 4650 2258 4702 bis.

2129 4743 2392 4800 Auditores
2431 4750 2842 4820 Chrysostomum
2885 4760 3048 4827 ipsum
3105 4765 3284 4820 audire
3331 4771 3609 4838 cupiebam.

2058 4831 2463 4894 Machabworum
2489 4847 2645 4913 festus
2672 4847 2798 4901 dies.
2820 4879 2892 4889 ——
2911 4851 3031 4906 ldeo
3059 4870 3154 4910 nos
3179 4831 3612 4930 quorptebporte-

2054 4929 2144 4983 bat
2183 4942 2354 4988 Licere
2373 4947 2426 4989 et
2469 4939 2654 4994 audire
2680 4983 2694 5004 ,
2745 4943 2886 4998 hunc
2915 4956 3092 5001 autem
3129 4951 3270 5020 loqui
3297 4964 3348 5008 et
3377 4929 3606 5010 docere:

2052 5023 2166 5086 sed,
2196 5026 2334 5092 quod
2367 5041 2508 5095 s:epc
2533 5030 2640 5084 dixi
2673 5072 2688 5095 ,
2718 5033 2818 5088 hoc
2849 5053 2987 5091 nunc
3015 5040 3174 5094 etiam
3197 5043 3364 5096 dicam
3398 5063 3413 5098 :
3448 5063 3609 5115 neque

2053 5125 2280 5167 \'(_Slr3tlll
2332 5117 2444 5170 fero
2476 5123 2845 5189 tyrannidem,
2890 5142 3061 5196 neque
3091 5129 3282 5186 borum
3326 5139 3604 5189 necessita~

2051 5211 2154 5255 lt‘tlt
2184 5222 2194 5255 :
2233 5205 2352 5258 ideo
2379 5222 2565 5285 rursus
2595 5211 2658 5264 ad
2689 5225 2978 5269 censuetos
3008 5232 3198 5274 cursus
3227 5239 3312 5277 me
3333 5233 3602 5293 comparo,

2049 5311 2159 5347 rem
2204 5297 2469 5352 dillicilem
2492 5340 2507 5363 ,
2543 5303 2794 5372 loquendi
2821 5322 3045 5376 nempe,
3085 5327 3204 5364 cmn
3253 5314 3409 5367 multa
3444 5317 3602 5370 facili-

2048 5394 2151 5439 tate
2209 5398 2478 5456 tractans,
2537 5409 2642 5446 non
2691 5409 2906 5464 propter
2958 5415 3103 5452 meas
3157 5401 3467 5465 facultates,
3513 5408 3599 5459 sed

2046 5495 2115 5546 pr.
2145 5492 2258 5549 pter
2309 5495 2535 5538 vestram
2588 5487 2913 5542 audientium
2971 5492 3317 5549 alacritatem.
3379 5496 3508 5550 Nam
3550 5509 3592 5550 et

2042 5587 2209 5638 nuper
2235 5573 2297 5627 ad
2333 5584 2530 5630 tantam
2557 5579 2964 5648 profunditatem
2995 5584 3254 5641 deductus
3283 5603 3457 5643 sermo
3485 5589 3555 5658 (η)
3574 5629 3587 5652 ,

2105 5686 2176 5748 (ᾳ)
2203 5686 2319 5747 Qua:
2344 5691 2418 5738 hic
2446 5692 2682 5744 indicetur
2707 5695 2897 5746 humilia
2921 5713 3012 5748 non
3037 5702 3152 5750 satis
3176 5705 3474 5765 perspicuum
3499 5711 3588 5754 est.
