3872 6396
125 398 135 447 ς
717 389 788 436 xi
814 379 1128 442 eorum,
1173 378 1260 432 nr.
1300 372 1664 442 ELEAZARO
1704 374 1792 429 ET
1833 375 2102 434 SEPTEM
2140 381 2407 454 PUEttlS.

3097 393 3204 448 596

126 531 134 564 I
163 509 392 564 suffocatus
412 513 486 557 est
509 544 524 566 ,
556 513 607 554 et
637 509 840 556 tantum
871 497 1087 566 pelagus
1113 507 1382 555 emensus,
1419 503 1522 542 non
1566 501 1588 543 ὅ
1629 498 1824 545 teucrze
1854 501 1905 545 ct
1934 492 2168 560 innupta:
2197 496 2246 550 in
2283 498 2532 554 omnibus
2555 501 2699 556 orbis
2726 504 2978 572 partibus,
3007 517 3192 559 contra

125 604 315 669 t‘ragiutu
337 609 500 666 passus
528 602 629 646 cst.
681 591 852 644 Causa
892 597 1066 641 autem
1103 594 1185 638 est
1216 583 1356 653 quod
1400 594 1526 633 nus-

133 710 173 745 ιιι
197 702 354 760 petrae,
375 704 460 742 nec
485 700 608 738 saxa
642 681 880 745 latentia,
900 694 1006 733 nec
1036 676 1238 745 scopuli
1272 674 1400 738 sint,
1429 669 1518 724 sed

125 798 208 852 quc
231 795 349 835 mare
368 780 469 848 ipso
490 784 642 844 portu
665 771 998 840 tranquillius
1027 766 1223 822 invenit
1257 783 1269 818 :
1297 773 1350 818 et
1370 763 1520 832 quasi
1555 839 1559 843 ἦ

127 876 237 944 hyro
254 870 447 940 quodam
473 867 538 920 ad
557 881 764 934 proram
779 862 1103 923 insufflaute,
1130 868 1308 912 vestro
1333 872 1522 923 nempe

127 965 240 1019 iendi
258 945 426 1020 studio,
442 959 502 1012 ad
522 955 860 1025 tranquillum
879 961 1086 1024 portqu
1101 947 1516 1018 appellebamus.

126 1059 192 1110 ,im
229 1056 346 1109 enim
382 1063 533 1120 alque
560 1065 625 1102 ex
652 1062 746 1101 ore
776 1054 961 1100 nostro
1000 1059 1176 1097 sermo
1220 1038 1523 1107 profereba-

125 1192 129 1208 ,
190 1159 348 1200 ontnes
396 1141 594 1210 supinis
649 1139 796 1191 illum
863 1133 1106 1211 manibus
1162 1128 1516 1198 excipiebant,

126 1241 200 1293 nsi
241 1238 429 1291 multam
476 1233 698 1286 haberet
750 1224 1114 1282 difficultatem
1157 1239 1171 1280 :
1213 1221 1333 1275 talis
1379 1219 1520 1273 enim

125 1347 176 1386 er
199 1337 298 1384 erat
323 1323 688 1390 sententiarum
739 1327 925 1372 natura
958 1333 976 1372 :
1002 1323 1232 1372 attamen
1259 1305 1516 1364 alacrita-

125 1418 419 1488 uaguitudiue
443 1426 493 1468 et
535 1410 728 1468 ruentis
770 1409 996 1465 attentio
1026 1422 1144 1459 Cum
1195 1403 1516 1459 accuratimti

125 1528 197 1573 ua,
225 1519 270 1565 ct
292 1511 335 1562 iu
370 1506 542 1560 labore
567 1504 721 1558 nobis
749 1501 995 1556 solatium
1024 1497 1296 1560 attulistis,
1323 1505 1376 1550 et
1405 1509 1522 1564 qum

126 1603 218 1656 :ilia
242 1607 394 1662 erant,
419 1597 587 1650 facilia
616 1593 942 1648 reddidistis.
974 1590 1154 1659 Neque
1182 1587 1324 1641 enim
1350 1587 1400 1639 in
1430 1600 1498 1653 pc

126 1719 149 1754 ι,
179 1706 329 1762 neque
356 1691 400 1742 in
426 1688 628 1756 Spinas,
650 1698 820 1754 neque
841 1696 994 1736 secus
1013 1681 1148 1734 viam
1166 1677 1356 1732 cadere
1381 1677 1525 1729 sine-

126 1801 146 1842 η;
165 1784 246 1836 sed
276 1780 438 1842 omnia
467 1779 516 1830 in
542 1777 732 1846 pingue
753 1782 804 1826 et
830 1771 1144 1842 profundum
1170 1783 1354 1822 arvum
1383 1766 1526 1820 exci-

129 1875 234 1933 atis.
276 1872 322 1926 in
360 1866 666 1937 profundum
699 1879 888 1932 nempe
929 1872 1117 1916 vestra:
1160 1857 1520 1914 mentis.ldeo

127 1966 196 2016 lltS
212 1962 380 2016 dii-bus
397 1968 625 2014 Comatas
642 1967 847 2024 segetes
866 1952 1123 2015 videmus,
1148 1949 1364 2019 zephyri
1384 1947 1520 2011 loco,

125 2057 214 2106 itus
238 2054 369 2104 auris
399 2050 699 2110 inuutritas,
729 2056 781 2098 et
819 2045 1080 2097 theatrum
1101 2041 1255 2094 nobis
1284 2039 1522 2107 quotidie

125 2145 301 2198 ltiltillltl
349 2143 615 2197 effectum.
665 2140 888 2206 Ideoque
933 2137 1090 2190 hodie
1134 2133 1523 2204 prmtermissas

126 2239 216 2288 nas
235 2249 492 2287 resumere
509 2231 770 2284 volebam.
796 2228 896 2283 Sed
921 2227 1044 2296 quid
1067 2226 1289 2280 faciam?
1309 2223 1524 2278 Macha-

125 2340 199 2377 tnn
228 2323 415 2377 chorus
435 2332 537 2374 stat
555 2331 676 2374 ante
703 2318 887 2372 oculos
915 2333 1083 2380 meos,
1104 2328 1156 2371 et
1175 2318 1378 2385 fulgore
1407 2316 1522 2368 vul-

125 2432 152 2468 n
179 2430 386 2470 suorum
420 2420 652 2466 mentem
683 2426 854 2464 meam
883 2409 1174 2468 illustrans,
1205 2406 1270 2458 ad
1296 2390 1524 2475 pulchri.

125 2523 197 2560 em
242 2521 388 2560 suam
440 2505 671 2573 linguam
713 2510 945 2554 nostram
995 2507 1168 2552 vocat.
1214 2497 1318 2553 Sed
1360 2513 1520 2551 nemo

128 2613 255 2650 mem
306 2606 361 2649 ut
406 2593 837 2666 intempestivum
893 2591 1191 2662 improbet,
1238 2590 1357 2660 quia
1397 2604 1516 2642 cum

126 2705 146 2740 rt
171 2687 514 2742 certaminum
548 2686 662 2740 dies
686 2674 953 2740 Crastinus
979 2684 1077 2749 sit,
1108 2682 1263 2737 hodie
1290 2695 1520 2736 coronas

125 2793 214 2831 nus
241 2818 254 2841 ,
306 2786 359 2830 et
383 2787 507 2830 ante
553 2775 675 2829 belli
723 2782 930 2843 tempus
972 2783 1230 2841 tropaztnn
1261 2770 1518 2841 prardica-

135 2868 186 2924 Si
242 2870 383 2923 enim
435 2883 555 2922 cum
612 2867 809 2935 nuptize
850 2865 1217 2928 celebrantur,
1267 2863 1356 2933 qui
1413 2878 1514 2946 una

126 2970 176 3025 t,
211 2971 335 3014 ante
375 2958 516 3012 diem
565 2959 890 3031 assignatum
922 2965 977 3032 et
1023 2955 1284 3009 thalamos
1329 2962 1518 3023 parant

126 3054 240 3106 onis
263 3052 455 3106 domus
478 3061 674 3104 ornant
701 3059 859 3119 atque
889 3048 1076 3102 aulaeis
1110 3063 1123 3099 :
1159 3048 1324 3102 multo
1347 3047 1517 3117 magis

135 3161 180 3198 ie
225 3145 400 3214 ipsum
433 3143 688 3197 faciemus
713 3183 725 3203 ,
773 3149 970 3211 quanto
1014 3139 1172 3193 etiam
1213 3139 1383 3208 magis
1407 3137 1517 3206 spi-

126 3253 155 3288 s
186 3246 311 3289 sunt
339 3235 422 3288 ba:
451 3235 649 3301 nuptiae
675 3275 688 3297 ,
733 3249 836 3286 non
873 3233 1089 3286 homine
1121 3245 1341 3285 uxorem
1368 3271 1383 3295 ,
1417 3227 1514 3283 sed

126 3327 281 3380 iitnas
311 3325 586 3379 hominum
627 3323 725 3377 sibi
769 3324 1146 3393 desponsante.
1181 3321 1516 3391 Qtlapmptcr

135 3418 440 3471 berraverit
484 3396 572 3485 qui
624 3424 916 3486 martyrum
972 3415 1204 3467 animam
1261 3425 1512 3482 sponsam

142 3551 158 3574 ,
193 3524 452 3576 sponsam
498 3522 688 3576 nempe
727 3506 1056 3576 spiritualem
1090 3503 1387 3574 :siquidetn
1420 3517 1515 3570 pro

125 3605 411 3670 anguinern
457 3597 719 3664 afferunt,
764 3598 943 3654 dotem
1008 3579 1306 3666 numquam.
1345 3595 1506 3650 absu-

127 3709 196 3744 tn.
247 3692 361 3747 Sed
416 3691 630 3745 laudum
683 3699 890 3759 tempus
928 3690 993 3742 ad
1033 3689 1173 3744 diem
1227 3686 1512 3742 crastinam

129 3793 344 3852 spectet
377 3801 389 3836 :
428 3784 585 3839 hodie
608 3797 736 3837 vero
767 3783 1084 3836 infirmiores
1107 3781 1324 3835 fratrum
1349 3779 1516 3834 corri-

125 3914 133 3926 .
185 3876 327 3941 Quia
386 3876 529 3928 enim
580 3874 731 3928 multi
778 3891 841 3928 ex
873 3873 1286 3944 simplicioribus
1336 3879 1516 3926 mente

129 3975 315 4028 antes,
350 3965 423 4018 ab
451 3956 705 4018 Ecclesia!
736 3962 964 4017 inimicis
993 3963 1222 4026 attracti,
1255 3977 1359 4014 non
1388 3974 1517 4015 con-

126 4072 199 4108 :m
254 4052 329 4110 de
383 4059 585 4109 sanctis
616 4039 762 4109 hisce
803 4054 1107 4123 opinionem
1149 4052 1371 4116 habent;
1421 4065 1517 4106 ne-

125 4165 183 4202 os
235 4149 291 4201 in
347 4150 560 4218 reliquo
603 4158 896 4217 martyrum
935 4146 1101 4200 choro
1127 4150 1513 4209 annumerant,

127 4253 190 4304 s,
226 4253 342 4291 non
378 4255 477 4306 pro
505 4237 716 4291 Christo
769 4240 912 4305 ipsos
940 4249 1251 4304 sanguinem
1277 4233 1512 4298 fudisse,

125 4355 129 4374 ο
157 4329 285 4399 lege
313 4338 373 4382 et
404 4345 501 4399 pro
529 4328 810 4398 scripturis
839 4343 958 4398 qua:
987 4327 1039 4380 iu
1067 4327 1183 4396 lege
1205 4333 1379 4391 erant,
1416 4340 1514 4394 pro

125 4421 400 4473 carnibus
438 4418 706 4490 jugulatos
753 4435 766 4472 :
816 4433 913 4486 age
963 4431 1092 4486 ergo
1138 4416 1515 4486 cogitationem

139 4511 521 4578 corrigamus.
546 4508 724 4577 Turpe
751 4523 982 4578 namque
1007 4516 1152 4562 esset
1180 4507 1302 4562 illos
1328 4505 1518 4562 festum

125 4610 271 4666 ntes,
309 4599 651 4654 celebritatis
678 4613 892 4653 causam
929 4597 1202 4668 ignorare.

145 4708 218 4747 ne
240 4708 384 4762 ergo
419 4693 452 4746 ii
476 4693 564 4762 qui
593 4692 680 4746 tali
702 4693 890 4747 morbo
911 4692 1152 4748 laborant
1180 4693 1231 4748 in
1249 4691 1518 4748 communi

126 4801 141 4837 ι
172 4785 380 4838 l:etitia
403 4785 502 4839 soli
533 4785 764 4848 doleant,
792 4784 884 4842 sed
901 4785 1105 4840 sincera
1124 4794 1299 4840 mente
1317 4785 1520 4856 pugiles

125 4876 502 4943 iplectantur,
529 4876 746 4946 etpuris
785 4876 952 4930 oculis
975 4876 1092 4930 illos
1122 4875 1369 4930 videant:
1393 4875 1518 4945 quid

141 4976 376 5022 mentes
404 4966 752 5022 concitaverit
767 4957 927 5022 hodie
946 4966 1305 5032 traducentes,
1330 4965 1379 5021 id
1401 4965 1518 5021 effi-

125 5067 181 5110 ιιι
197 5072 335 5112 cras
350 5057 563 5113 sincera
582 5067 758 5112 mente
774 5065 824 5112 ct
841 5072 972 5127 puro
986 5058 1164 5112 animo
1181 5056 1437 5112 accedant
1451 5055 1518 5111 ad

125 5151 240 5205 lem
267 5139 674 5204 celebritatem.
704 5149 991 5204 Enimvero
1017 5161 1117 5218 ego
1140 5157 1342 5202 tantum
1369 5147 1522 5203 abcst

125 5257 252 5296 sem
303 5241 644 5295 Maccabzeos
680 5239 887 5294 cmteris
918 5240 1238 5310 martyribus
1265 5253 1524 5294 annume-

125 5333 308 5386 etiam
329 5330 730 5400 Splendidiores
746 5331 865 5386 illos
876 5345 994 5386 esse
1003 5329 1198 5386 dicam.
1213 5329 1362 5384 Tunc
1375 5329 1519 5385 enim

125 5432 365 5475 iverunl
378 5462 398 5487 ,
417 5436 536 5476 cum
551 5421 783 5474 nondum
801 5431 964 5491 porta:
981 5435 1136 5474 aerea:
1155 5419 1332 5475 fracta:
1343 5428 1522 5475 essent

125 5516 275 5570 ectis
298 5513 526 5569 ferreus
553 5516 851 5569 abstractus
875 5534 888 5567 :
913 5529 1032 5569 cum
1050 5513 1225 5570 adhuc
1245 5525 1519 5584 peccatum

125 5618 305 5670 'etur,
346 5618 406 5662 et
430 5607 732 5662 maledictio
760 5606 990 5677 vigeret;
1014 5616 1170 5677 atque
1187 5623 1306 5662 cum
1324 5607 1519 5662 diaboli

126 5713 194 5751 uc
216 5707 437 5759 staret,
470 5697 698 5750 necdum
729 5697 846 5750 talis
867 5697 1079 5750 virtutis
1109 5699 1188 5750 via
1209 5697 1329 5752 trita
1351 5707 1516 5753 esset.

127 5790 262 5843 iim'
299 5788 398 5843 vel
432 5787 718 5843 admodum
758 5788 961 5859 pueruli
1001 5797 1054 5844 ct
1080 5789 1308 5861 virgines
1337 5794 1515 5845 multa:

1627 583 1812 634 miirtis
1857 584 2186 652 tyrannidem
2233 600 2610 646 concertavere
2651 611 2665 646 :
2699 603 2823 649 tunc
2865 607 3041 656 autem
3074 610 3200 654 antu

1625 669 1820 726 Christi
1850 673 2156 740 adventum,
2186 679 2346 746 etiam
2376 681 2410 732 ii
2431 683 2519 750 qui
2544 682 2672 750 justi
2699 696 2884 750 erant,
2915 687 3200 745 admodum

1625 761 1767 816 illam
1797 764 2166 824 formidabant.
2194 767 2400 839 Moyses
2417 773 2556 826 enim
2578 773 2730 842 hujus
2753 777 2942 832 timore
2963 781 3162 848 aufugit
3186 799 3199 832 :

1624 853 1804 908 llelias
1830 870 1923 922 per
1947 857 2292 928 quadraginta
2322 861 2525 915 dierum
2558 865 2695 917 viam
2725 876 3001 935 propterea
3029 869 3158 940 fugit
3184 892 3196 923 :

1624 956 1678 999 et
1708 946 1970 1001 Abraham
2011 949 2309 1017 patriarcha
2350 951 2468 1006 ideo
2506 970 2723 1009 uxorem
2757 959 3003 1013 manebat
3032 970 3086 1014 ut
3131 978 3190 1016 se

1623 1051 1860 1092 sororem
1889 1038 2119 1107 diceret,
2173 1056 2276 1095 non
2309 1058 2546 1099 uxorem.
2579 1046 2770 1114 Ecquis
2812 1059 3022 1117 oportet
3061 1050 3202 1106 alios

1623 1128 1834 1184 dicere?
1881 1131 1993 1199 ipse
2036 1148 2273 1200 namque
2312 1134 2498 1206 Petrus
2525 1137 2626 1204 ,ita,
2671 1152 2896 1194 mortem
2941 1143 3197 1211 timebat,

1623 1229 1684 1275 ut
1710 1238 1774 1276 ne
1799 1223 2032 1276 estiaria:
2063 1225 2277 1294 quidem
2306 1227 2475 1282 minas
2510 1229 2730 1287 tulerit:
2764 1233 3012 1288 terribilis
3045 1251 3198 1290 nam-

1623 1327 1726 1382 que
1773 1329 1917 1368 mors
1943 1322 2058 1368 erat
2084 1327 2136 1370 et
2167 1316 2458 1380 in.ic0cssa,
2491 1335 2610 1373 cum
2640 1322 2872 1375 nondum
2906 1325 3050 1378 nervi
3083 1325 3198 1393 ejus

1623 1405 1822 1456 exsecn
1855 1403 2075 1459 fuissent
2105 1423 2202 1460 nec
2237 1419 2470 1476 potestas
2498 1409 2614 1479 ejus
2635 1412 2831 1466 Sttlttla.
2868 1417 3112 1467 Attamen
3143 1415 3195 1470 hi

1623 1502 1781 1559 tunc,
1833 1497 2044 1566 quando
2095 1499 2180 1552 illa
2237 1510 2338 1553 tam
2397 1502 2705 1560 terribiliter
2743 1506 3006 1573 spirabat,
3053 1508 3193 1562 illaut

1625 1601 2058 1656 exjiugnaterunt
2088 1597 2142 1650 et,
2169 1590 2500 1664 devicerunt.
2529 1594 2662 1660 Quia
2704 1596 2844 1663 cuitu
2874 1597 2985 1665 jam
3015 1599 3090 1651 sol
3110 1599 3192 1668 ju«

1625 1678 1780 1730 Slitizt'.
1804 1678 2036 1757 oriturus
2066 1690 2198 1745 erat,
2224 1682 2361 1751 quod
2383 1683 2434 1736 in
2458 1684 2652 1752 vulgari
2672 1685 2757 1740 die
2785 1689 2862 1748 tit,
2888 1687 3048 1742 etiam
3065 1697 3196 1742 tunc

1625 1768 1844 1835 contigit
1874 1785 1887 1820 :
1932 1770 2067 1822 sicut
2097 1772 2238 1824 enim
2265 1773 2378 1825 Sole
2409 1774 2640 1827 nondum
2673 1785 2981 1848 apparente,
3014 1775 3194 1831 [zelum

1627 1865 1802 1912 tamen
1861 1859 2014 1913 nobis
2061 1860 2349 1916 diluculum
2399 1875 2662 1932 apparet,
2707 1875 2761 1920 et
2800 1881 2918 1924 cum
2962 1868 3198 1932 nondum

1625 1948 1828 2002 solares
1857 1949 1986 2003 radii
2039 1952 2144 2004 sint
2174 1952 2483 2018 manifesti,
2537 1955 2624 2009 lux
2692 1958 2957 2014 radiorum
3013 1960 3194 2025 procul

1627 2039 1812 2092 orbem
1848 2040 2109 2104 illuminat
2144 2061 2154 2094 :
2189 2043 2328 2096 idem
2357 2051 2409 2095 et
2437 2053 2563 2096 tunc
2607 2045 2844 2114 contigit.
2877 2047 3007 2113 Quia
3051 2047 3192 2100 enim

1624 2134 1949 2186 adventurus
1975 2123 2089 2187 erai
2110 2134 2448 2204 Soljustitiaz,
2472 2135 2682 2206 tandem
2704 2136 2936 2190 diuturni
2966 2142 3195 2208 torporis

1626 2224 1858 2278 teucbra:
1917 2225 2288 2289 solvebantur,
2345 2227 2443 2280 etsi
2492 2227 2726 2280 nondum
2780 2217 3096 2298 apparuerat
3143 2232 3194 2284 in

1620 2328 1805 2379 carne,
1836 2316 1927 2371 sed
1960 2332 2124 2386 prope
2154 2330 2345 2373 eratet
2385 2318 2536 2390 quasi
2564 2319 2614 2373 in
2645 2311 2944 2389 primariis,
2991 2330 3045 2375 et
3081 2320 3193 2390 jam

1621 2421 1710 2461 res
1737 2407 1876 2476 ipsas
1901 2409 2164 2476 tangebat.
2203 2400 2218 2411 “

1695 2499 1951 2554 Probatur
1978 2500 2302 2557 Hac/tabam:
2328 2520 2418 2574 pro
2435 2502 2633 2558 Christo
2656 2521 2828 2571 passos
2845 2503 3193 2570 essen—Quod

1623 2590 1782 2661 igitur
1835 2608 2080 2664 magnam
2136 2593 2482 2648 exhibuerint
2533 2595 2832 2659 virtutem,
2895 2595 2945 2648 in
3004 2597 3192 2648 tatibus

1622 2695 1993 2739 concertantes
2040 2686 2392 2755 temporibus,
2425 2686 2644 2740 omnino
2684 2687 2856 2762 palam
2901 2697 3022 2740 est:
3054 2685 3193 2754 quod

1621 2791 1748 2829 vero
1774 2778 1931 2830 etiam
1960 2793 2055 2847 pro
2102 2776 2316 2852 Christo
2357 2778 2577 2832 vulnera
2607 2778 2932 2846 acceperint,
2957 2775 3057 2830 hoc
3082 2776 3190 2843 jam

1620 2870 1989 2938 demonstrare
2016 2873 2271 2926 conabor.
2298 2871 2405 2925 Cur
2427 2871 2591 2936 enim,
2612 2869 2697 2924 die
2715 2868 2866 2934 mihi,
2890 2875 3024 2937 passi
3044 2869 3191 2921 sunt?

1620 2959 1750 3028 legis
1780 2975 1935 3014 causa
1965 3003 1977 3025 ,
2013 2963 2241 3030 inquies,
2298 2970 2352 3015 et
2401 2962 2786 3030 scripturarum
2832 2976 2951 3029 qua:
2998 2961 3047 3012 in
3103 2960 3191 3014 illa

1618 3061 1789 3106 erant.
1815 3052 1869 3105 Si
1899 3067 2024 3122 ergo
2065 3053 2371 3122 apparuerit
2395 3052 2666 3126 Christum
2701 3051 2873 3120 leg-1n
2920 3051 3060 3104 illam
3093 3051 3190 3104 de-

1618 3142 1782 3209 disse,
1813 3158 1989 3198 annon
2020 3145 2365 3211 coiiSpicuum
2398 3155 2477 3198 est
2501 3142 2620 3198 illos
2647 3157 2742 3211 pro
2771 3144 2884 3212 lege
2909 3144 3188 3212 patientes,

1619 3251 1715 3306 pro
1741 3235 2042 3306 legislature
2073 3246 2234 3290 totam
2266 3236 2405 3289 illam
2435 3237 2786 3292 constantiam
2810 3249 2858 3290 et
2886 3236 3189 3305 patientiam

1617 3312 1964 3380 exhibuisse?
1993 3326 2106 3396 Age
2127 3341 2275 3394 ergo,
2301 3325 2400 3380 hoc
2419 3325 2578 3380 hodie
2599 3327 2902 3396 probemus,
2920 3325 3188 3380 Christum

1617 3433 1808 3488 nempe
1837 3433 1958 3472 esse
1998 3419 2086 3488 qui
2115 3418 2284 3488 legem
2313 3417 2475 3472 dedit.
2516 3418 2644 3486 Quis
2657 3434 2784 3488 ergo
2811 3419 2924 3472 hinc
2944 3418 3115 3472 dixit?
3142 3419 3190 3473 Is

1617 3512 1705 3580 qui
1739 3512 1852 3565 huic
1894 3512 2058 3580 probe
2090 3511 2290 3564 sciebat
2316 3521 2368 3564 et
2396 3527 2528 3563 nova
2555 3499 2607 3563 et
2633 3521 2831 3575 vetera,
2859 3511 3070 3576 Paulus,
3103 3527 3189 3564 or-

1617 3606 1699 3661 bis
1723 3605 1907 3659 doctor
1929 3625 1941 3659 ;
1967 3605 2254 3660 Corinthiis
2279 3620 2504 3672 namque
2524 3605 2784 3669 scribens,
2809 3604 2887 3658 sic
2913 3605 3144 3674 loquitur
3172 3621 3184 3656 :

1619 3696 1757 3752 Nolo
1785 3707 1954 3750 autem
1995 3715 2079 3750 vos
2123 3698 2372 3768 ignorare,
2419 3702 2622 3767 fratres,
2666 3697 2783 3766 quia
2824 3705 2988 3766 putres
3031 3699 3191 3750 nostri

1618 3806 1786 3842 omnes
1826 3787 1915 3842 sub
1955 3787 2083 3841 nube
2109 3789 2344 3856 fuerunt,
2375 3801 2417 3840 et
2443 3805 2612 3841 omnes
2653 3805 2740 3858 per
2773 3804 2910 3842 mare
2958 3786 3188 3841 Rubrum

1619 3880 1944 3940 transierunt,
1981 3889 2024 3932 et
2048 3896 2216 3936 omnes
2240 3879 2291 3932 in
2319 3877 2492 3948 Moyse
2517 3878 2752 3949 buptizoti
2776 3889 2888 3932 sunt
2915 3878 2965 3931 in
2997 3880 3124 3931 nube
3145 3889 3191 3930 et

1617 3969 1669 4022 in
1697 3971 1840 4035 mari,
1871 3981 1916 4022 et
1937 3987 2106 4025 omnes
2125 3971 2348 4023 eumdem
2373 3972 2536 4023 cibum
2570 3969 2887 4036 spiritualcm
2913 3973 3192 4020 manduca-

1617 4072 1790 4116 vemnt
1815 4063 1832 4132 (
1861 4064 1909 4116 l.
1928 4060 2045 4116 Cor.
2071 4061 2156 4116 10.
2181 4062 2276 4116 1-5
2302 4060 2344 4132 ),
2367 4061 2432 4115 de
2459 4075 2648 4114 manna
2672 4059 2920 4127 quucns,
2948 4070 2993 4113 et
3019 4076 3191 4113 milites

1617 4153 1846 4207 eumdem
1896 4163 2067 4223 potum
2107 4153 2417 4226 spiritualcm
2470 4151 2714 4214 biberunt,
2765 4166 2953 4218 aquam
3006 4151 3190 4204 dicens

1621 4245 1788 4306 illam,
1812 4260 1930 4314 qua:
1951 4262 1979 4297 e
2003 4254 2146 4313 petra
2172 4243 2339 4297 fluxit.
2364 4241 2561 4296 Deinde
2581 4252 2857 4312 postquam
2883 4242 3193 4296 ostenderat

1619 4334 1888 4389 Christum
1922 4334 2033 4388 haec
2065 4334 2324 4388 mirabilia
2356 4333 2542 4387 fecisse
2564 4372 2579 4396 ,
2607 4332 2878 4400 subjunxit
2909 4347 2921 4384 :
2952 4331 3191 4386 Bibebaut

1621 4427 1749 4480 enim
1783 4441 1844 4479 ex
1879 4410 2130 4500 spirituali
2155 4423 2483 4494 consequente
2518 4439 2604 4476 eos
2643 4432 2781 4488 petra
2803 4438 2819 4476 .'
2843 4432 2984 4492 petra
3027 4407 3190 4477 autem

1620 4528 1723 4571 erat
1753 4515 1980 4572 Christus
2009 4513 2191 4582 (Ibid.
2226 4533 2275 4568 υ.
2307 4516 2340 4569 4
2367 4516 2408 4586 ).
2439 4514 2499 4568 Et
2526 4514 2647 4583 jure
2675 4523 2821 4567 certe
2858 4530 2872 4566 :
2906 4509 3010 4567 non
3050 4515 3196 4570 enini

1622 4617 1785 4677 petra:
1816 4617 1998 4661 natura
2030 4606 2303 4661 emittebat
2342 4621 2534 4675 aquam
2584 4614 2638 4658 et
2676 4604 2862 4657 fluvios
2919 4605 3058 4665 illos,
3097 4606 3197 4660 sed

1621 4696 1816 4753 Christi
1843 4712 1912 4766 0p
1947 4698 2081 4751 ratio
2111 4697 2334 4765 lapidem
2385 4696 2692 4766 percutiens
2746 4694 2919 4748 fontes
2948 4696 3201 4748 emittere

1622 4791 1817 4861 coegit.
1850 4790 1971 4844 Ideo
2028 4791 2188 4843 etiam
2238 4789 2564 4858 spiritualem
2621 4796 2823 4855 petram
2878 4788 3104 4850 voravit,
3139 4798 3191 4841 et

1624 4881 1768 4949 ipsos
1810 4891 2084 4949 sequutum
2117 4895 2236 4933 csse
2264 4879 2435 4931 dixit:
2475 4878 2688 4932 sensilis
2719 4893 2847 4931 vero
2895 4888 3040 4946 petra
3087 4895 3191 4932 non

1623 4970 1883 5037 sequitur,
1913 4968 2005 5022 sed
2036 4969 2085 5021 in
2116 4969 2232 5020 loco
2260 4984 2362 5019 uno
2391 4967 2596 5021 stabilis
2622 4978 2703 5021 est
2738 4984 2749 5019 :
2780 4967 2872 5021 sed
2897 4969 3063 5022 virtus
3083 4968 3197 5030 illa,

1623 5077 1740 5130 quae
1772 5061 1961 5128 ubique
1987 5058 2136 5112 adest
2175 5071 2228 5113 et
2255 5060 2431 5112 omnia
2455 5067 2624 5120 creat,
2660 5055 2769 5132 ipsa
2799 5069 3000 5126 petram
3033 5061 3201 5127 rupit.

1623 5151 1774 5218 Quod
1801 5151 1844 5204 si
1875 5150 1987 5204 haec
2014 5150 2174 5205 verba
2207 5166 2311 5202 non
2336 5150 2466 5202 ferat
2493 5149 2726 5211 Jlldll‘llS,
2757 5165 2854 5217 age
2881 5152 2990 5204 suis
3021 5151 3191 5220 ipsum

1624 5244 1787 5297 armis
1806 5242 2096 5314 capiamus,
2131 5241 2262 5294 nihil
2285 5257 2348 5295 ex
2376 5241 2559 5306 Paulo,
2587 5242 2743 5295 Petro
2766 5253 2818 5296 et
2847 5241 3073 5310 Joanne,
3094 5245 3192 5298 sed

1625 5349 1688 5386 ex
1715 5329 1988 5402 prophetis
2014 5346 2132 5384 cum
2177 5330 2269 5384 illo
2319 5330 2670 5399 disputantes,
2705 5343 2761 5387 ut
2807 5332 2976 5389 discat
3012 5335 3194 5392 literas

1624 5438 1788 5493 penes
1812 5422 1979 5483 illum,
2010 5435 2164 5475 sensa
2193 5437 2318 5476 vero
2345 5437 2509 5491 penes
2534 5438 2630 5477 nos
2658 5440 2796 5480 esse.

1696 5514 1747 5566 5.
1777 5514 1905 5578 Quis
1949 5527 2076 5582 ergo
2119 5513 2499 5581 prophetarum
2549 5513 2662 5570 ha‘c
2699 5515 2862 5582 dicit,
2893 5517 3034 5586 quod
3081 5518 3194 5586 ipse

1624 5613 1776 5657 vetus
1799 5602 2199 5658 Testamentum
2231 5603 2475 5658 dederit?
2501 5603 2761 5660 Jeremias
2790 5608 2877 5673 qui
2908 5623 2975 5660 ex
3006 5618 3187 5663 venue

1624 5678 1981 5749 sanctificatus
2024 5703 2137 5759 est,
2180 5697 2266 5766 qui
2316 5696 2368 5750 iu
2416 5707 2691 5766 juventule
2738 5699 2948 5751 claruit.
2997 5695 3094 5752 Ubi
3143 5709 3199 5754 et

1624 5789 1926 5860 quomodo?
1956 5788 2090 5843 Audi
2121 5789 2278 5844 verba
2316 5789 2454 5859 ejus,
2484 5798 2536 5845 ct
2566 5805 2630 5844 ea
2662 5789 2815 5845 dictis
2844 5790 2985 5845 clare
3022 5788 3188 5846 disce.
