3872 6396
526 389 629 446 527

529 504 785 569 ριιωηειιῐι
850 500 1007 571 igitur
1072 507 1195 551 sunt
1249 494 1445 549 verba?
1505 490 1637 546 Ecce
1693 490 1799 544 dies
1861 489 2106 550 veniunt,

530 594 653 645 dicit
704 590 967 645 Dominus.
1000 590 1079 643 Ah
1111 590 1260 642 initio
1290 587 1470 641 Statim
1516 584 1814 639 auditorem
1847 581 2021 649 erigit.
2056 587 2107 631 et

532 682 857 737 audientium
888 696 1104 736 sensum
1149 681 1365 744 excitat,
1398 676 1689 733 ostendens
1717 690 1820 728 non
1864 688 1957 727 sua
1989 686 2109 725 es~e

535 776 826 839 verba,seil
853 790 912 830 se
943 774 1200 828 mittentis
1232 774 1343 827 Dei.
1374 772 1500 825 Ecce
1528 771 1633 823 dies
1654 768 1876 823 veniunt.
1909 764 2109 819 Deinde

533 868 797 939 signiﬁcat
822 886 880 922 se
911 868 978 922 de
1025 868 1211 921 futuris
1248 868 1405 921 rebus
1449 864 1615 934 loqui.
1648 859 1927 928 Quomodo
1958 873 2106 925 ergo,

535 964 580 1015 si
635 961 702 1014 de
760 960 949 1013 futuris
998 959 1270 1027 loquitur,
1308 957 1469 1011 Vetus
1534 955 1934 1009 Testamentum
2000 951 2113 1015 ipse

538 1051 727 1106 dedit?
769 1050 1031 1118 Exspecta
1091 1060 1145 1103 et
1192 1066 1257 1102 ne
1316 1047 1547 1101 turbcris
1602 1056 1831 1113 tuncque
1879 1040 2116 1094 veritatis

538 1145 879 1214 splendorem
930 1138 1159 1197 videbis.
1210 1141 1342 1196 Cum
1400 1141 1542 1194 enim
1601 1138 1717 1191 haec
1764 1134 2113 1197 dicebantur,

539 1240 624 1292 lex
652 1236 769 1289 data
801 1245 914 1289 erat
954 1245 1008 1289 et
1051 1236 1241 1287 violata
1274 1230 1465 1295 fuerat,
1488 1229 1694 1282 Novum
1746 1242 1875 1279 vero
1923 1226 2115 1278 Testa-

540 1341 777 1382 mentum
828 1327 1085 1380 nomium.
1122 1326 1212 1379 llis
1256 1340 1385 1392 ergo
1438 1323 1579 1375 clare
1612 1322 1661 1372 in
1710 1328 1887 1372 mente
1940 1325 2114 1369 vestra

538 1421 836 1489 depositis.
897 1421 1219 1473 solutionem
1284 1417 1510 1484 accipite
1561 1412 1930 1466 difﬁcultatum
1986 1423 2117 1477 quas

543 1513 695 1565 multi
741 1512 1021 1579 objiciunt.
1080 1508 1207 1562 Ecce
1248 1508 1353 1560 dies
1395 1508 1630 1568 renitmt,
1686 1505 1803 1555 dicit
1846 1502 2118 1563 Dominus,

544 1620 781 1672 prasens
830 1614 1040 1669 tempus
1084 1601 1407 1670 signiﬁcans,
1462 1610 1505 1651 et
1544 1598 1811 1664 disponam
1859 1594 1993 1646 vobis
2045 1603 2118 1644 tc-

542 1706 843 1749 stamcntum
887 1711 1086 1756 novum,
1132 1709 1233 1745 non
1271 1691 1547 1745 secundum
1588 1700 1939 1742 testamentum
1989 1685 2123 1753 quod

542 1787 769 1852 disposui
812 1785 1037 1853 patribus
1076 1784 1250 1837 vestris
1299 1783 1445 1851 (Jer.
1486 1784 1575 1856 51.
1620 1782 1709 1834 5|.
1764 1780 1832 1833 3‘2
1861 1786 1896 1847 ).
1956 1778 2125 1832 luter-

546 1894 677 1947 rvgo
728 1877 1009 1935 Juda-um.
1065 1877 1331 1944 interrogo
1383 1876 1648 1927 inﬁrumm
1701 1871 1940 1933 fratrem,
1998 1870 2127 1935 Quis

547 1985 739 2021 novum
793 1968 940 2021 dedit
984 1968 1424 2021 Testamentum?
1456 1966 1644 2019 l‘rocul
1704 1964 1865 2017 dubio
1906 1976 2128 2031 respou-

544 2060 748 2115 delmnt
779 2062 959 2127 ambo,
993 2061 1132 2126 quod
1160 2060 1407 2115 Christus
1434 2059 1661 2113 dederit.
1691 2058 1832 2126 Ergo
1866 2055 1951 2110 hic
1978 2065 2128 2109 vetus

547 2156 705 2209 etiam
756 2155 923 2210 dedit.
985 2154 1117 2208 Nam
1160 2155 1249 2224 qui
1307 2154 1484 2215 dixit,
1532 2151 1815 2220 Disponam
1864 2160 2132 2203 testamen-

550 2255 653 2299 tum
683 2262 883 2309 norum,
912 2262 1009 2298 non
1040 2246 1312 2299 secundum
1346 2254 1691 2297 testamentum
1722 2242 1857 2309 quod
1884 2242 2128 2307 disposui,

549 2340 784 2394 ostendit
812 2356 869 2395 se
898 2341 1055 2394 etiam
1102 2340 1227 2392 illud
1268 2338 1480 2392 dedisse
1512 2356 1523 2389 :
1553 2353 1680 2405 ergo
1722 2338 1996 2404 utriusque
2031 2334 2133 2387 Te-

551 2434 798 2486 SIamcnti
832 2449 967 2487 unus
991 2433 1265 2501 legislator
1286 2439 1385 2486 est.
1423 2432 1487 2484 Et
1512 2430 1870 2498 quandonam,
1906 2444 2089 2497 (incuso
2119 2468 2133 2491 ,

553 2537 706 2578 vetus
736 2524 1132 2577 Testamentum
1161 2522 1458 2589 disposuit?
1494 2520 1559 2573 In
1598 2522 1679 2572 die
1719 2537 1818 2587 qua
1859 2536 2012 2570 manu
2040 2536 2136 2585 ap-

556 2615 797 2684 prehendi
820 2632 922 2675 eos,
946 2623 1001 2666 ut
1028 2614 1287 2666 educerem
1312 2612 1427 2665 illos
1449 2613 1508 2665 de
1532 2623 1662 2663 terra
1687 2608 1904 2681 .Egypti
1927 2609 2133 2678 (lbid.).

559 2709 692 2763 Vide
742 2706 1011 2775 quomodo
1055 2717 1109 2759 et
1150 2706 1453 2758 facilitatem
1491 2705 1724 2757 ostendit
1771 2703 2054 2767 educendi,
2087 2712 2140 2755 et

558 2798 896 2852 dilcC'ionem
939 2812 1111 2855 suam,
1141 2795 1515 2849 etcductionis
1561 2796 1926 2854 securitatem,
1972 2794 2139 2863 quod-

559 2906 662 2960 que
698 2890 886 2957 ipsein
920 2888 1151 2957 Egypte
1203 2889 1369 2942 imula
1418 2887 1667 2939 miracula
1712 2893 1965 2954 patraret.
2006 2884 2137 2939 Cum

561 2983 702 3035 enim
728 2981 874 3043 dicit,
908 2979 1120 3032 Manum
1142 2996 1309 3032 eorum
1340 2980 1672 3048 apprehendi,
1699 2987 1751 3029 ut
1774 2977 2033 3030 educerem
2060 2993 2142 3029 eos

563 3074 626 3125 de
658 3082 793 3125 terra
822 3071 1061 3142 lEgypti,
1106 3071 1359 3125 miracula
1402 3070 1578 3123 omnia
1628 3069 1889 3135 signiﬁcat
1923 3088 1936 3123 :
1969 3068 2143 3122 exitus

562 3164 705 3217 enim
739 3163 824 3217 ille
872 3178 967 3232 per
1008 3162 1095 3216 illa
1134 3161 1393 3230 stupemla
1441 3162 1693 3215 miracula
1727 3160 1899 3214 factus
1944 3169 2043 3214 est.
2081 3159 2144 3213 Et

560 3256 661 3323 ipsi
690 3272 789 3309 non
829 3264 1210 3323 permanserunt
1256 3255 1308 3307 in
1354 3264 1643 3307 testamento
1684 3271 1791 3307 meo
1821 3272 1837 3316 ,'
1865 3265 1912 3307 et
1942 3270 2030 3322 ego
2060 3272 2145 3309 ne-

564 3347 699 3414 glexi
728 3362 832 3409 eos,
872 3346 992 3398 dicit
1035 3345 1279 3398 Dominus
1308 3344 1519 3415 (Ibid).
1565 3344 1715 3411 Quod
1742 3346 1899 3414 igitur
1930 3346 2050 3398 novi
2091 3357 2147 3399 et

563 3437 759 3492 veteris
788 3438 1110 3491 Testamenti
1152 3452 1285 3490 unus
1316 3439 1384 3490 sit
1434 3437 1738 3504 legislator,
1774 3437 1895 3490 hinc
1925 3437 2147 3491 manife-

563 3540 704 3583 stum
750 3540 851 3583 est.
900 3529 994 3582 llic
1038 3545 1163 3581 vero
1196 3530 1237 3581 si
1268 3530 1385 3597 quis
1412 3529 1608 3582 dictum
1636 3537 1889 3583 accurate
1935 3530 2145 3598 prospi-

563 3623 688 3682 ciat,
732 3621 928 3674 videbit
973 3621 1144 3689 ipsum
1185 3637 1287 3672 non
1334 3620 1539 3674 modica
1584 3621 1898 3675 difficultate
1929 3622 2145 3691 plenum

562 3731 704 3769 esse.
737 3715 867 3769 Nam
906 3732 1023 3768 cum
1051 3730 1264 3769 causam
1312 3716 1458 3776 dicit,
1488 3715 1556 3768 oh
1588 3732 1745 3785 quam
1776 3716 1919 3770 aliud
1957 3715 2147 3771 Testa-

565 3815 804 3861 mentum
833 3807 1051 3860 daturus
1078 3816 1179 3869 est,
1225 3822 1417 3859 novum
1451 3806 1575 3859 ilhtd
1622 3815 1794 3866 vocat,
1824 3806 1874 3858 id
1904 3815 2002 3869 est,
2033 3815 2147 3860 stu-

565 3898 796 3967 pendum
828 3916 840 3951 :
872 3913 1012 3959 nam,
1039 3896 1338 3964 Disponam.
1361 3898 1547 3964 inquit,
1570 3906 1917 3949 testamentum
1941 3912 2145 3960 novum,

566 4008 666 4042 non
732 3989 1004 4042 secundum
1056 3998 1405 4041 testamentum
1450 3989 1584 4055 quod
1642 3989 1871 4057 disposui
1921 3990 2148 4058 patribus

566 4098 759 4143 eorum,
808 4082 1045 4148 quoniam
1092 4081 1125 4145 i;
1146 4080 1187 4132 si
1219 4097 1315 4131 non
1348 4090 1729 4147 perntrmserunt
1774 4081 1823 4132 in
1857 4090 2149 4134 testamento

568 4188 719 4235 meo;
764 4182 808 4225 et
847 4189 936 4240 ego
981 4172 1175 4240 neglexi
1221 4188 1339 4233 eos,
1372 4171 1492 4222 dicit
1526 4170 1789 4223 Dominus.
1840 4172 1996 4239 Atqui
2032 4172 2148 4225 ideo

569 4264 689 4317 illos
712 4264 881 4330 puniri
912 4263 1210 4329 oportebat,
1237 4271 1610 4331 extremasque
1646 4279 1827 4329 [uenas
1860 4263 2146 4317 intoleran-

568 4354 801 4419 dumque
840 4352 1021 4407 subire
1064 4352 1403 4420 supplicium,
1452 4353 1592 4421 quod
1641 4360 1759 4421 post
1800 4362 1941 4407 tanta
1990 4356 2039 4408 in
2067 4356 2147 4407 sui

565 4444 793 4514 gratiam
826 4442 960 4496 facta
986 4443 1257 4506 miracula,
1280 4453 1330 4495 et
1356 4443 1473 4511 lege
1495 4454 1732 4512 accepta,
1762 4462 1865 4497 non
1897 4448 2150 4501 meliores

567 4536 852 4588 evaserint.
889 4535 1080 4587 Verum
1128 4534 1211 4588 hic
1260 4551 1362 4587 non
1413 4550 1596 4603 po‘nas
1643 4536 1709 4589 ab
1760 4537 1862 4590 illis
1904 4542 2146 4606 expetit;

566 4627 675 4681 imo
707 4637 759 4681 et
788 4628 985 4696 majora
1020 4644 1176 4695 quant
1210 4627 1355 4695 prius
1385 4628 1683 4696 pollici-tur.
1718 4630 2000 4694 Oportrret
2030 4634 2148 4698 qui-

564 4722 685 4775 dem
716 4722 887 4775 adhuc
923 4722 1076 4775 hodie
1109 4721 1266 4789 hujus
1292 4721 1620 4773 difficultatis
1648 4722 1967 4776 solutionem
1993 4725 2150 4776 alier-

566 4829 663 4875 re;
694 4813 785 4865 sed
825 4814 943 4881 quia
976 4812 1040 4865 ad
1073 4814 1229 4864 aliam
1260 4828 1371 4865 rem
1398 4828 1495 4864 nos
1527 4828 1704 4865 sermo
1733 4813 1941 4877 invitat,
1976 4826 2022 4867 et
2079 4818 2146 4869 ita

568 4905 815 4955 volumus
848 4919 939 4955 vos
972 4904 1268 4963 instituere.
1302 4914 1357 4955 ut
1386 4919 1495 4955 nea
1526 4904 1677 4955 nobis
1705 4905 1879 4957 omnia
1908 4906 2145 4971 tliscatis,

567 4996 661 5048 Sed
686 5006 738 5047 et
769 5011 796 5047 a
828 4996 975 5048 vobis
1000 4996 1125 5063 ipsis
1158 4996 1459 5055 inveniatis,
1496 4997 1592 5048 hoc
1620 4996 1769 5047 vobis
1801 5000 2145 5065 qurercndum

568 5095 620 5139 ct
649 5086 1022 5139 inveniendum
1074 5086 1334 5154 relinquo.
1383 5086 1437 5140 Si
1484 5096 1662 5139 autem
1713 5087 2000 5141 viderimus
2054 5106 2147 5143 vos

568 5176 948 5245 perquisivisse
976 5192 1072 5229 nec
1094 5177 1381 5239 invenisse,
1414 5186 1537 5229 tunc
1558 5186 1611 5229 et
1635 5178 1731 5244 ipsi
1758 5194 1945 5231 manus
1972 5182 2112 5246 porri
2131 5210 2144 5218 -

568 5283 756 5338 genius
790 5284 802 5319 :
838 5278 889 5319 ut
922 5285 1049 5320 vero
1094 5270 1252 5320 etiam
1296 5268 1500 5321 facilius
1545 5270 1782 5321 invenire
1830 5272 2061 5338 possitis.
2096 5282 2147 5324 et

569 5361 858 5429 apostolica
891 5360 1023 5418 loca.
1061 5362 1109 5411 ill
1139 5362 1290 5428 queis
1321 5363 1548 5413 maxime
1584 5362 1893 5415 thesaurum
1926 5374 1978 5416 ct
2002 5363 2143 5417 .lifli-

568 5450 955 5515 Cultatisbujus
977 5451 1295 5503 solutionem
1328 5453 1565 5505 invenire
1591 5464 1692 5514 est,
1715 5454 1825 5521 jam
1849 5457 1994 5507 vobis
2016 5473 2150 5524 pra:-

568 5544 753 5597 nuntio
782 5560 793 5593 :
825 5544 874 5595 in
910 5542 1150 5610 epistolis
1175 5557 1366 5611 nempe
1402 5544 1465 5595 ad
1496 5544 1788 5607 Romanos,
1823 5546 1887 5598 ad
1932 5546 2145 5601 Galatas

564 5646 617 5689 et
640 5634 704 5687 ad
735 5634 988 5687 Hebraeos
1009 5635 1106 5687 hoc
1124 5645 1490 5703 argumentum
1515 5646 1747 5691 tractans
1773 5640 1860 5691 ille
1879 5638 2043 5692 dissol
2086 5640 2144 5691 it.

566 5726 632 5781 Et
660 5725 881 5781 studiosi
914 5726 1107 5795 quique
1144 5736 1414 5795 poterunt,
1437 5727 1690 5795 epistolas
1722 5728 1838 5782 illas
1860 5728 2142 5794 adeuntes,

562 5819 887 5876 solutionem
950 5820 1090 5873 illam
1140 5818 1419 5883 invenire,
1475 5820 1518 5873 si
1575 5819 1981 5889 insequentibus
2035 5826 2144 5881 die—

1273 382 1330 437 S.
1370 376 1649 436 JOANNIS
1684 368 2157 430 CllRYSOSTOMl
2201 369 2516 426 AllClllEP.
2559 371 3091 429 CONSTANTINOP.
3624 390 3700 442 διεδ

2216 482 2333 546 bus,
2384 483 2775 553 intempestivis
2824 488 3053 542 ecetibus
3101 498 3155 542 et
3196 490 3455 547 inutilibus
3492 498 3708 569 Colloqzuis

2217 590 2320 627 non
2354 591 2447 630 vos
2472 576 2749 642 dederitis,
2779 580 2873 632 sed
2905 580 3169 633 dictorum
3198 583 3519 639 inc-dilatione
3544 606 3708 656 opm...

2218 670 2408 727 dantes
2436 673 2745 731 thesaurum
2773 676 3070 733 cﬁ‘oderitis
3118 680 3227 734 lloc
3273 683 3470 737 interim
3495 687 3711 748 insolentis

2220 764 2600 833 relinquentes,
2648 769 2713 823 ad
2751 773 3027 839 sequentia
3077 775 3485 842 progrediamur.
3522 781 3717 845 Qua-nam

2224 854 2311 907 illa
2353 857 2520 909 sunt?
2573 858 2825 921 Quoniam
2856 862 2949 914 hoc
2976 873 3047 915 est
3074 874 3433 927 testamentum,
3454 874 3569 936 quod
3593 875 3720 940 dispo.

2222 965 2338 1000 num
2376 950 2531 1011 vobis,
2564 952 2687 1003 dicit
2718 952 2966 1007 Dominus
3000 969 3020 1007 :
3054 954 3344 1025 Danslegcs
3364 975 3487 1012 meas
3529 961 3572 1013 in
3607 980 3722 1019 manu

2224 1056 2418 1105 eorum,
2452 1051 2495 1093 et
2527 1044 2578 1095 in
2610 1045 2761 1097 corde
2788 1062 2958 1097 eorum
2990 1046 3267 1099 describam
3294 1065 3395 1100 eas.
3428 1051 3485 1102 Et
3511 1069 3595 1104 non
3617 1056 3723 1108 doce-

2226 1133 2346 1185 bunt
2396 1136 2735 1204 unusquisque
2763 1139 2917 1190 civem
2952 1156 3130 1204 suum,
3164 1152 3208 1192 et
3235 1144 3550 1209 unusquisque
3572 1151 3721 1215 [num

2224 1239 2392 1288 suum,
2426 1226 2596 1280 dicens
2627 1242 2647 1280 :
2671 1227 2930 1298 Cognosce
2957 1228 3233 1283 Dominum
3264 1248 3284 1285 :
3312 1236 3427 1302 quia
3446 1253 3594 1289 omnes
3616 1242 3723 1291 sciou

2227 1330 2303 1367 me
2333 1333 2361 1365 ιι
2392 1333 2546 1384 parvo
2588 1335 2741 1387 usque
2765 1320 2833 1372 ad
2878 1338 3117 1391 magnum
3146 1338 3317 1375 eorum
3340 1364 3355 1389 ,
3395 1327 3504 1394 quia
3543 1332 3725 1395 propitius

2228 1422 2311 1457 ero
2340 1407 2685 1469 iniquitatibus
2714 1426 2886 1463 eormn
2933 1420 2979 1464 et
3018 1414 3238 1482 peccatis
3285 1430 3473 1477 eorum,
3522 1432 3561 1469 et
3596 1421 3725 1479 iniqui-

2230 1506 2387 1549 tatum
2436 1515 2608 1551 eorum
2642 1517 2741 1552 non
2790 1503 3095 1556 recordabar
3141 1507 3363 1572 amplius
3405 1507 3547 1577 (λετ.
3576 1512 3623 1564 3|
3669 1515 3725 1567 33.

2230 1590 2296 1641 δι
2330 1590 2363 1647 ).
2422 1587 2553 1643 Cum
2603 1592 2827 1645 dixisset
2882 1605 3035 1647 vetus
3084 1595 3477 1651 Testamentum
3515 1603 3630 1667 quod
3665 1607 3729 1658 dc-

2230 1677 2343 1743 dit;
2372 1694 2492 1733 cum
2544 1681 2768 1736 dixisset
2814 1700 3009 1737 novum
3057 1689 3197 1754 quod
3241 1688 3459 1742 daturus
3497 1693 3733 1761 est;hujus

2227 1769 2338 1837 jam
2372 1771 2822 1838 pulchritudinem
2869 1775 3147 1843 describit,
3175 1780 3445 1849 ipsiusque
3473 1782 3733 1838 characatis

2232 1864 2497 1928 ostendit,
2553 1876 2608 1919 et
2662 1866 2886 1937 insignia
2933 1868 3227 1938 frequentia
3274 1876 3506 1942 apponit,
3555 1885 3602 1928 ut
3641 1883 3735 1936 scias

2233 1963 2429 2022 quanta
2458 1956 2526 2009 sit
2557 1957 2853 2013 differentia
2886 1976 3076 2013 novum
3102 1962 3239 2015 inter
3265 1972 3323 2018 et
3347 1976 3528 2028 vetus;
3555 1968 3738 2024 (fideren-

2234 2047 2328 2110 tia,
2354 2062 2457 2101 non
2476 2051 2852 2114 contrarietas;
2873 2064 3068 2122 quanta
3089 2056 3213 2108 novi
3238 2061 3609 2126 exsuperantia,
3624 2079 3740 2133 qiua-

2237 2150 2322 2193 tus
2362 2142 2630 2209 splendor,
2660 2155 2889 2213 quantus
2918 2145 3091 2215 fulgor
3115 2148 3382 2203 donorum
3412 2162 3463 2205 et
3501 2157 3667 2221 gratia.

2311 2232 2365 2285 4.
2395 2232 2619 2299 Quinam
2650 2252 2779 2305 ergo
2806 2246 2928 2290 sunt
2956 2240 3075 2291 novi
3110 2240 3488 2295 characteres?
3515 2244 3631 2296 Dans
3654 2247 3742 2316 legit

2239 2342 2375 2377 mens
2402 2327 2450 2378 in
2475 2337 2637 2379 mente
2659 2344 2849 2391 eorum,
2892 2339 2936 2380 et
2969 2330 3017 2381 in
3046 2332 3195 2383 corde
3218 2349 3393 2383 eorum
3422 2335 3652 2387 inscribam
3674 2358 3740 2389 cas.

2243 2417 2407 2471 Vetus
2452 2420 2591 2473 enim
2635 2420 2718 2473 lex
2769 2422 2819 2473 in
2863 2423 3056 2477 tabulis
3101 2424 3328 2494 lapideis
3374 2428 3555 2494 scripta
3579 2442 3746 2493 erat;et

2242 2511 2364 2578 quia
2418 2513 2599 2577 prima:
2650 2513 2845 2567 tabula:
2900 2516 3184 2570 confracta:
3244 2517 3429 2583 fuere,
3461 2522 3575 2576 alias
3616 2540 3746 2578 rursns

2244 2604 2481 2670 paravit;
2516 2614 2711 2658 etcum
2764 2606 2834 2659 ibi
2883 2608 3064 2663 literas
3113 2610 3500 2680 insculpsisset,
3544 2614 3747 2669 deSCClldtl

2242 2690 2471 2762 Moyses,
2519 2695 2914 2749 insensibilitaii
2960 2700 3335 2769 recipientium
3397 2714 3567 2757 natura
3603 2707 3749 2759 similes

2246 2784 2450 2837 tabulas
2502 2784 2724 2839 habens.
2786 2788 2989 2842 Novum
3032 2802 3207 2845 autem
3237 2809 3346 2847 non
3391 2795 3457 2847 ita
3491 2812 3616 2849 :non
3650 2800 3747 2851 enim

2246 2876 2437 2929 tabula:
2466 2877 2742 2947 insculpta:
2773 2879 3005 2943 fuerunt,
3038 2899 3158 2937 cum
3189 2901 3388 2939 novum
3431 2887 3749 2943 Testamentum

2245 2964 2424 3020 datum
2472 2978 2591 3033 est;
2658 2969 2754 3024 sed
2798 2973 3066 3041 quomodo
3124 2985 3177 3028 et
3229 2992 3337 3045 qua
3393 2978 3615 3033 ratione?
3658 2980 3750 3031 Audi

2246 3055 2445 3111 Lucam
2474 3072 2777 3115 narrantem
2808 3081 2821 3115 :
2858 3062 3024 3117 Erant
3045 3083 3216 3121 omnes
3246 3070 3544 3123 urianimiter
3564 3073 3608 3123 iu
3631 3074 3752 3125 eodm

2247 3154 2377 3216 loco,
2410 3155 2577 3222 inquit
2606 3172 2617 3208 :
2653 3165 2700 3208 et
2725 3160 2891 3227 factus
2928 3168 3001 3212 est
3031 3170 3234 3227 repente
3260 3163 3328 3213 de
3355 3163 3474 3216 calo
3506 3180 3635 3217 sonus
3662 3176 3750 3215 tesi-

2246 3263 2395 3315 quum
2433 3248 2744 3301 advenientis
2781 3250 2990 3319 spiritus
3039 3252 3342 3307 rehemeutis
3373 3271 3391 3307 .'
3415 3266 3461 3308 et
3487 3267 3755 3325 apparuerunt

2247 3338 2351 3391 illis
2392 3339 2671 3407 dispertita!
2712 3340 2899 3409 lingua!
2930 3352 3183 3411 tamquam
3232 3346 3367 3413 ignis
3389 3363 3407 3398 :
3433 3357 3478 3399 et
3506 3349 3614 3400 sedit
3647 3364 3754 3414 supra

2250 3430 2475 3496 singulos
2502 3446 2673 3483 eorum
2691 3448 2710 3495 ;
2748 3441 2793 3484 et
2842 3434 3024 3501 repleti
3048 3445 3165 3487 sunt
3209 3453 3384 3491 omnes
3415 3439 3593 3507 Spiritu
3614 3450 3751 3495 sancte.

2250 3529 2295 3572 et
2334 3531 2590 3589 cmperunt
2616 3522 2752 3591 loqui
2792 3524 2943 3577 uariis
2978 3525 3164 3594 linguis
3184 3568 3197 3591 ,
3226 3540 3380 3597 prout
3424 3529 3623 3597 Spiritus
3650 3532 3754 3581 data

2249 3614 2415 3681 eloqui
2442 3615 2544 3667 illis
2590 3616 2608 3683 (
2642 3615 2753 3669 Act.
2784 3615 2837 3667 2.
2870 3617 2970 3669 1-4
2997 3621 3036 3686 ).
3075 3618 3255 3672 Viden'
3281 3621 3646 3690 quomodojam
3668 3622 3753 3671 olim

2248 3707 2507 3773 Projhcta
2543 3710 2643 3761 hoc
2673 3709 2816 3762 clare
2848 3712 3255 3777 praenuntiavit,
3293 3713 3365 3766 ita
3398 3719 3598 3782 loquens
3625 3732 3634 3765 :
3659 3712 3754 3763 Dm

2251 3801 2383 3866 leges
2427 3814 2561 3851 meas
2606 3800 2658 3851 in
2708 3810 2869 3852 mente
2902 3817 3110 3866 eorum,
3145 3812 3191 3855 et
3231 3803 3285 3855 iu
3327 3805 3475 3857 corde
3516 3821 3659 3858 eorum
3699 3804 3753 3853 in~

2250 3889 2464 3943 scribam
2492 3889 2628 3943 illas.
2674 3890 2903 3958 Spiritus
2946 3894 3085 3946 enirn
3116 3895 3282 3962 grazia
3316 3913 3346 3948 a
3376 3897 3480 3950 Deo
3506 3872 3609 3949 data
3628 3937 3641 3959 ,
3664 3900 3753 3947 uti:

2254 3984 2434 4033 mentil
2459 3998 2518 4034 ns
2548 3999 2732 4036 eorum
2768 3984 2985 4049 habitet,
3020 3986 3297 4040 Columnas
3318 3989 3439 4041 illos
3461 3989 3754 4042 effecitvit'cn-

2252 4082 2351 4136 tes,
2397 4082 2450 4128 et
2495 4074 2659 4144 gloria
2709 4086 2939 4129 mentem
2996 4078 3298 4141 adumbrat,
3353 4082 3471 4149 quia
3514 4083 3671 4132 missus
3702 4090 3756 4130 est

2251 4165 2315 4218 ad
2363 4165 2777 4233 pra-dicandum,
2836 4165 2950 4219 Non
3000 4169 3051 4220 in
3101 4170 3351 4239 sapientia
3407 4172 3557 4231 rerbi,
3606 4180 3651 4222 ut
3688 4186 3753 4218 nt-

2251 4270 2512 4311 evacuatur
2538 4276 2668 4313 cruat
2694 4259 2878 4313 Christi
2903 4280 2921 4324 ;
2950 4270 3003 4315 ct
3042 4278 3247 4327 rursus,
3282 4264 3505 4317 Stultum
3533 4266 3629 4332 [scit
3662 4261 3755 4314 Dcus

2252 4352 2553 4417 sapientiora
2603 4351 2754 4420 hujus
2802 4351 2976 4404 mundi
3011 4352 3087 4419 (Ι.
3119 4351 3234 4405 Car.
3288 4355 3343 4408 L
3392 4357 3473 4408 Π.
3524 4365 3563 4407 ct
3600 4354 3754 4419 ‘30);ct

2254 4442 2446 4509 ubique
2496 4456 2706 4493 crucvm
2760 4442 2965 4496 circum
2998 4458 3196 4501 versat.
3232 4447 3493 4512 Quoniam
3524 4447 3659 4505 enim,
3699 4447 3752 4493 iu-

2252 4533 2383 4601 quit,
2415 4529 2587 4584 ,Ιηάωὶ
2620 4532 2763 4602 signa
2802 4541 2975 4600 petunt
3000 4576 3013 4587 .
3040 4544 3085 4586 et
3134 4533 3297 4587 (ἔτωεί
3351 4538 3622 4602 sapientium
3654 4549 3750 4600 qu-

2253 4635 2409 4686 runt;
2458 4641 2547 4675 nos
2600 4635 2766 4675 autem
2817 4626 3152 4692 prwdicamus
3205 4625 3463 4679 Christum
3505 4628 3749 4691 cruci/issu.

2252 4713 2448 4766 Jurla'is
2476 4716 2676 4781 quidem
2721 4716 3038 4778 scandalum,
3072 4720 3300 4785 gentibus
3331 4731 3493 4772 antem
3514 4721 3748 4773 stultitiam;

2252 4810 2374 4872 ipsis
2408 4824 2519 4859 rem
2545 4810 2730 4859 vocatis
2759 4804 2958 4859 Judu'is
2986 4818 3031 4859 et
3058 4808 3285 4878 gentibus
3311 4810 3556 4863 Christum
3588 4809 3661 4861 Dei
3682 4810 3745 4857 τέτ»

2253 4910 2407 4953 latent
2451 4910 2494 4953 et
2533 4898 2624 4951 Dei
2669 4900 2967 4967 sapientiam
2993 4915 3010 4951 :
3034 4903 3151 4968 quia
3193 4904 3328 4969 quod
3362 4905 3559 4955 stultum
3596 4912 3653 4953 est
3688 4897 3747 4950 Dii

2251 4992 2527 5058 sapientius
2569 4992 2851 5043 hommibus
2901 5000 3009 5047 est:
3051 5001 3095 5042 et
3138 4994 3273 5059 quod
3320 4994 3564 5061 inﬁrmum
3601 5001 3657 5043 cst
3688 4987 3749 5042 Da

2254 5084 2433 5150 fortius
2465 5093 2535 5134 est
2562 5081 2845 5135 hominibus
2885 5080 2987 5151 (lb.
3016 5099 3063 5135 υ.
3095 5082 3327 5149 22ο25);
3378 5085 3581 5136 stultum
3621 5082 3687 5134 Dei
3714 5088 3746 5129 ct

2256 5178 2518 5230 infirmum
2553 5176 2641 5228 Dei
2674 5192 2887 5228 crncetn
2912 5191 3127 5239 vocans,
3156 5179 3395 5244 nonquia
3420 5178 3646 5237 stultum;
3669 5186 3744 5224 tua

2252 5272 2376 5341 quid
2428 5271 2527 5323 hoc
2579 5270 2907 5337 sapientius?
2960 5286 3130 5338 neque
3174 5272 3296 5339 quia
3344 5272 3626 5327 infirmum;
3663 5266 3741 5331 quid

2252 5367 2392 5419 enim
2428 5368 2527 5416 hoc
2575 5362 2808 5414 fortius?
2838 5362 2928 5414 sed
2980 5363 3368 5416 iitt'rtuittiortlnt
3408 5363 3671 5431 Opinionem
3692 5373 3744 5407 rv-

2254 5456 2450 5517 fcrens,
2492 5469 2649 5522 quam
2681 5468 2738 5505 ea
2768 5451 2831 5504 de
2864 5468 2918 5505 re
2961 5451 3275 5505 habuerunt.
3312 5458 3615 5521 Quapropter
3634 5450 3739 5501 etiam

2252 5546 2497 5615 superius
2526 5544 2733 5598 dicebat
2767 5561 2779 5595 :
2816 5542 2999 5597 Sermo
3020 5545 3150 5596 enim
3178 5547 3335 5597 crucis
3355 5544 3639 5612 pereuntibus
3656 5538 3739 5590 ul!-

2258 5639 2367 5688 titiu
2412 5645 2509 5696 est,
2560 5634 2774 5687 salutem
2828 5636 3236 5704 consequentibus
3278 5636 3368 5689 Dei
3411 5638 3556 5687 virtus
3592 5643 3647 5684 at
3679 5629 3738 5693 ti.

2259 5728 2376 5783 Cor.
2406 5730 2455 5781 l.
2489 5729 2597 5796 l8).
2628 5726 2731 5782 Sed
2757 5744 2859 5781 non
2892 5744 2919 5780 a
2949 5731 3298 5797 pereuntibus
3324 5731 3385 5783 de
3435 5731 3579 5781 rebus
3598 5722 3736 5794 judicn

2258 5824 2474 5879 luenda
2507 5830 2667 5881 sunt;
2701 5820 3127 5892 quandoquidem
3161 5822 3193 5877 ii
3226 5824 3310 5896 qui
3350 5824 3644 5877 inliruiantur
3665 5820 3733 5869 mc!
