3872 6396
641 372 706 427 XI
744 371 1047 435 IIOMILM,
1094 369 1180 424 DE
1219 364 1586 424 ELEAZARO
1624 368 1714 423 ET
1752 362 2026 427 SEPTEM
2065 372 2330 431 PUERIS.

121 529 179 564 un
193 526 290 567 esse
305 518 490 581 putant;
515 524 699 563 verum
722 508 824 563 hoc
840 509 1010 562 morbi
1035 509 1189 577 culpa
1208 519 1311 567 est,
1331 524 1437 561 non

130 605 311 658 crimen.
340 602 404 655 lta
430 612 481 656 et
501 617 630 655 crux
660 601 895 655 externis
924 602 1084 655 stulta
1118 616 1202 655 res
1229 599 1439 654 videtur

121 696 194 750 sed
234 712 320 750 non
357 705 446 749 est.
494 693 691 749 Deinde
734 705 1015 764 postquam
1048 700 1284 749 ostendit
1331 710 1436 748 non

122 806 198 843 rion
231 788 411 841 stultam
446 802 556 841 rem
584 802 726 851 esse,
754 786 847 840 sed
897 785 1181 840 admodum
1228 787 1437 854 sapien-

121 896 167 935 ec
188 879 320 933 modo
344 894 434 932 non
466 878 751 938 inﬁrmam,
784 877 877 931 sed
908 876 1195 931 admodum
1222 878 1432 941 fortem,

122 976 275 1028 nclara
299 982 425 1043 gesta
453 980 720 1039 comparat
743 985 862 1024 cum
882 970 1175 1035 creatione,
1195 985 1316 1024 cum
1340 985 1426 1022 vec

121 1076 340 1121 statuetth
360 1076 544 1120 etcum
566 1073 785 1118 extorum
805 1062 1086 1132 sapientia;
1105 1071 1157 1116 et
1178 1062 1431 1125 ostendit,

122 1177 151 1212 ta
179 1174 278 1226 qua:
305 1171 456 1225 neque
485 1154 694 1208 interna
739 1154 999 1221 sapientia
1030 1153 1229 1207 invenit
1263 1166 1435 1221 neque

129 1291 141 1309 ,
183 1263 331 1313 neque
356 1262 380 1299 a
406 1246 672 1299 creatione
712 1245 864 1298 multi
916 1244 1189 1298 hominum
1233 1243 1437 1298 didice-

129 1355 243 1409 eque
266 1352 291 1391 a
318 1338 468 1393 veteri
514 1337 861 1393 'l‘eSIamento
903 1336 1089 1389 literati
1128 1353 1142 1389 :
1175 1332 1321 1399 haec,
1355 1334 1434 1388 iu—

128 1432 237 1487 illud
280 1434 433 1501 ipsum
480 1430 621 1499 quod
668 1431 889 1484 stultum
917 1437 977 1483 et
1001 1428 1265 1483 infirmum
1314 1444 1432 1483 esse

144 1531 377 1599 potuerit;
404 1528 540 1598 quod
582 1528 817 1592 videtur,
868 1529 1103 1598 inquam,
1144 1542 1248 1582 non
1292 1528 1431 1597 quod

121 1634 493 1693 iprnpter,cum
540 1637 605 1675 ex
654 1622 812 1675 rebus
844 1621 971 1690 ipsis
1016 1621 1432 1675 demonstratio-

121 1717 260 1777 theat,
307 1729 413 1767 eum
455 1712 641 1767 fiducia
690 1714 849 1766 multa
892 1713 955 1767 ad
1009 1730 1233 1784 pugnam
1283 1716 1427 1780 exit,

121 1817 254 1858 ontra
282 1816 544 1857 externam
588 1805 923 1873 sapientiam,
971 1805 1175 1870 dicens,
1209 1806 1305 1860 Ubi
1347 1824 1429 1861 sa-

121 1900 204 1952 iid.
234 1914 275 1951 υ.
306 1898 388 1965 20)
407 1897 429 1948 ?
449 1897 583 1965 Quid
609 1898 707 1973 sibi
736 1898 846 1951 vult
878 1897 1027 1963 illud,
1063 1898 1160 1952 Ubi
1187 1900 1387 1967 sapiens
1407 1900 1432 1952 .9

122 2000 261 2053 reret,
284 1991 390 2046 Ubi,
418 2001 539 2045 sunt
566 1991 652 2043 illa
683 1990 1120 2059 philoSnphornm
1144 1974 1175 2043 ?l
1193 1992 1277 2045 uhi
1309 1991 1433 2045 rhe-

121 2083 196 2155 ubi
238 2082 603 2151 sophistarum,
651 2082 735 2134 ulti
784 2082 1096 2135 oratorum?
1140 2080 1432 2138 Faeessnnt

122 2191 137 2227 3
176 2175 429 2242 perierunt
457 2182 511 2227 et
539 2188 828 2228 evanuere.
860 2173 989 2227 Nam
1038 2174 1106 2226 ita
1152 2175 1427 2241 splendida
1458 2200 1491 2203 ιν

121 2267 227 2332 tria,
258 2275 309 2319 ut
336 2266 540 2334 illajatn
565 2283 631 2320 ne
659 2275 1007 2336 compareant
1034 2267 1273 2337 quidem.
1306 2268 1430 2322 Ideo

122 2362 247 2414 tibus
277 2372 536 2426 tamquam
576 2360 747 2427 pulvis
776 2360 1071 2428 dissipatis,
1105 2361 1173 2414 ita
1205 2362 1431 2414 interro-

122 2496 124 2501 ,
155 2470 166 2504 :
203 2450 295 2505 Ubi
319 2451 564 2520 sapiens?
594 2451 851 2519 Apparuit
878 2466 1031 2514 crux,
1056 2461 1110 2504 ct
1136 2452 1220 2503 illa
1249 2454 1426 2507 omnia

122 2555 197 2597 :tnt
228 2563 241 2597 :
270 2545 499 2597 insonuit
548 2545 885 2613 prmdicatio,
921 2554 973 2598 et
1021 2544 1224 2599 facilius
1268 2562 1425 2614 quam

122 2638 197 2690 ela
227 2636 470 2701 dissipata
503 2646 649 2689 Stml.
687 2635 783 2689 Ubi
830 2637 1030 2705 sapiens
1051 2638 1076 2689 ?
1100 2635 1201 2690 Ubi
1232 2625 1424 2691 verbo-

122 2728 222 2781 us?
251 2726 335 2781 ubi
382 2726 637 2781 liacondim
688 2726 1075 2795 pulchritudo?
1104 2728 1189 2780 uhi
1221 2728 1425 2794 'sophi-

127 2820 393 2890 gravitas?
463 2818 547 2872 ubi
599 2820 883 2872 verborum
933 2819 1057 2873 vis?
1110 2820 1195 2873 ubi
1247 2821 1423 2889 lingua

122 2914 156 2966 ἠ
191 2921 485 2967 conventus
504 2921 551 2965 et
571 2912 898 2966 consessus?
930 2912 1018 2965 llla
1040 2912 1214 2966 omnia
1248 2912 1427 2987 detra-

161 3006 464 3076 pirierunt,
498 3014 744 3073 corrupta
775 3013 917 3066 sunt,
963 3004 1228 3067 abierunt,
1262 3014 1423 3071 terga

176 3097 277 3152 Ubi
317 3095 642 3151 scriba?Uhi
693 3112 778 3150 res
825 3094 1162 3157 Jtldzeortttn,
1214 3094 1426 3162 inquit?

122 3216 124 3241 ι
173 3190 690 3259 \'ieit<pr:etlicaiio,
742 3198 793 3243 et
835 3189 1121 3242 occultavit
1162 3188 1301 3241 sicut
1345 3186 1433 3263 sel;

140 3282 272 3336 Nam
319 3297 438 3350 qua:
471 3296 566 3347 per
612 3287 1051 3349 tantumtempns
1081 3278 1161 3331 lex
1194 3292 1297 3331 non
1327 3292 1437 3344 po:

122 3393 147 3428 a
200 3384 385 3444 gente,
439 3374 555 3427 hzuc
602 3388 723 3425 eum
775 3372 961 3437 majori
1015 3371 1261 3441 potentia
1296 3372 1425 3423 crux

122 3467 298 3531 rfvcit,
323 3476 537 3535 peccata
561 3467 795 3529 solvens,
812 3465 1069 3530 justitiam
1090 3464 1423 3531 impertiens,

122 3559 313 3613 ~ddens
344 3558 611 3621 homines,
668 3557 756 3610 Dei
807 3556 1162 3621 cognitionem
1192 3555 1422 3620 docens,

121 3672 130 3705 t
166 3670 331 3705 manu
389 3652 610 3705 ducens.
661 3650 857 3703 Deinde
904 3650 1138 3703 Judaicis
1175 3650 1376 3703 relictis
1407 3678 1441 3712 ,ι

133 3748 175 3798 ia
204 3747 381 3798 vertit:
408 3744 505 3798 Ubi
522 3744 829 3811 conquisitor
846 3744 997 3805 huius
1017 3741 1425 3809 swcuIi-(-Ibiti.)?

122 3841 237 3893 ieos
265 3836 594 3895 subindicat,
630 3846 681 3888 et
710 3851 804 3889 eos
831 3835 918 3903 qui
948 3835 1270 3904 syllogismis
1294 3834 1425 3888 abu-

122 3934 171 3985 ni
209 3933 449 3985 antehac
492 3930 704 4001 quidem
731 3929 918 3997 gladiis
940 3931 1200 3980 acutiores
1226 3936 1419 3991 erant,

126 4034 315 4076 autem
363 4038 494 4074 crux
539 4021 801 4087 apparuit,
834 4020 1037 4073 facilius
1065 4034 1227 4089 quam
1258 4020 1428 4072 lutum

122 4116 447 4167 nhAnnon
495 4114 701 4166 stultam
760 4106 875 4178 fecit
920 4110 1058 4163 Dens
1119 4113 1422 4179 sapientiam

126 4209 181 4257 di
218 4209 235 4274 (
272 4205 417 4258 Ibid.
453 4206 510 4270 )?
539 4206 742 4257 Rursus
786 4212 968 4260 contra
998 4202 1224 4269 gentiles
1251 4216 1309 4254 se
1334 4215 1423 4255 ac-

121 4298 187 4349 tid
223 4298 331 4351 sihi
370 4297 505 4358 vult,
552 4296 773 4349 Stultum
803 4295 965 4363 fecit?
1012 4293 1237 4345 Stultum
1272 4307 1422 4345 tuon-

122 4389 201 4441 ‘lis
251 4388 409 4442 enim
451 4396 586 4442 erat.
636 4386 697 4439 Et
740 4386 967 4455 ipsorum
1010 4393 1056 4436 et
1106 4392 1422 4451 peccatorum

142 4481 493 4548 iniquitatum
537 4496 635 4531 non
670 4476 972 4530 recordabar
998 4477 1217 4542 antplius
1260 4473 1392 4541 (Jer.

122 4570 182 4623 ed
239 4569 514 4639 propheta
551 4568 762 4635 quidem
816 4567 1021 4620 Veteris
1050 4567 1202 4619 nobis
1243 4567 1416 4618 lzutam

122 4662 372 4715 sset-ibit:
399 4659 899 4728 Apostolusautem,
928 4659 1050 4725 quia
1073 4672 1193 4711 cum
1219 4657 1419 4711 Judznis

134 4753 380 4819 regione
408 4764 652 4817 'ulraquc
701 4750 846 4818 ponit
875 4768 887 4801 :
919 4749 1163 4817 superius
1204 4749 1417 4816 quidem

121 4887 127 4902 .
160 4842 295 4896 Non
314 4845 372 4896 in
405 4843 586 4895 tabulis
610 4842 840 4911 lapideis,
860 4841 951 4894 sed
975 4842 1026 4893 in
1048 4840 1231 4893 tabulis
1252 4841 1418 4893 cordis

121 4954 135 4997 ,'
166 4936 263 4988 hic
285 4946 503 4998 autem,
542 4933 657 4987 Non
684 4934 860 4997 litera,
900 4934 985 4984 sed
1008 4932 1245 5001 spiritus;
1274 4932 1418 4985 litera

128 5039 169 5092 ι,
209 5028 447 5095 spiritus
473 5036 637 5080 autent
670 5025 888 5092 viri/ica!
919 5022 994 5092 (9..
1027 5023 1141 5077 Cor.
1174 5024 1226 5078 3.
1258 5024 1309 5077 5.
1338 5021 1413 5092 6).

121 5120 283 5172 thato
326 5118 554 5185 collegit
593 5119 709 5187 quis
744 5119 915 5185 ligna,
952 5126 1005 5170 et
1036 5116 1295 5184 lapidatus
1335 5124 1421 5171 est

132 5213 235 5268 52.
271 5211 400 5283 56).
430 5211 685 5266 Vidistine
708 5210 975 5281 quomodo
1004 5210 1153 5295 litera
1185 5209 1412 5277 occidat,
1438 5248 1447 5259 .

3016 380 3117 439 530

1551 507 1598 558 id
1627 518 1729 571 est,
1766 506 1851 562 lex
1880 510 2106 579 puniat?
2144 512 2291 567 disce
2315 515 2585 582 quomodo
2622 517 2843 586 spiritus
2865 519 3119 578 vivitleeta

1551 597 1824 667 Ingressus
1852 609 1933 654 est
1960 602 2221 670 quispiam
2255 605 2400 660 mille
2429 608 2582 661 malis
2614 609 2820 675 plenus,
2852 612 2940 680 qui
2969 626 3121 667 scor-

1549 696 1685 741 ta'us
1717 701 1817 754 cst,
1850 693 2044 759 rapuit,
2072 708 2265 747 avarus
2294 695 2413 762 fuit,
2444 698 2671 765 adulter,
2699 704 2843 756 omni
2872 704 3123 773 nequitias

1544 784 1723 851 generi
1744 784 2022 850 obnoxius,
2038 785 2144 854 jam
2168 798 2444 843 eniortnus
2462 801 2712 859 peccato:
2734 794 2903 863 ipsum
2929 798 3121 866 accipit

1543 878 1771 945 Spiritus
1810 880 1977 948 gratia
2024 880 2088 933 ad
2136 881 2444 945 lavacrum,
2489 893 2541 936 et
2571 894 2917 940 scortatoretn
2955 888 3119 942 lilium

1548 971 1636 1024 Dei
1670 971 1867 1036 ellicit,
1900 980 1953 1025 et
1992 988 2115 1026 eum
2138 1012 2151 1033 ,
2185 973 2273 1041 qui
2317 976 2375 1027 itr
2415 977 2649 1044 peccatis
2686 987 2934 1032 mortuus
2965 989 3113 1045 erat,

1544 1063 1797 1120 vivilicat.
1830 1065 1937 1117 lloc
1968 1065 2071 1119 sibi
2100 1066 2211 1118 vult
2242 1065 2373 1119 illud
2401 1108 2415 1130 ,
2450 1067 2675 1136 Spiritus
2703 1070 2940 1138 viviﬁcat.
2968 1070 3117 1138 Quo-.-

1543 1156 1701 1210 modo
1727 1166 1903 1210 autem
1934 1152 2202 1226 viviticat?
2228 1154 2343 1213 Non
2377 1152 2561 1228 pinnas
2594 1148 2930 1228 peccatorum
2958 1178 3117 1232 repe-

1543 1260 1683 1315 tens,
1712 1250 2004 1305 secundum
2036 1251 2161 1306 illud
2183 1252 2463 1320 Propheta)
2489 1253 2689 1307 dictum
2712 1271 2724 1307 :
2748 1253 3009 1325 PrOpitius
3034 1260 3118 1309 cro

1540 1341 1885 1411 iniquitatibus
1914 1356 2087 1395 eorum
2114 1383 2124 1402 ,
2158 1354 2204 1396 et
2250 1351 2565 1410 peccatorum
2607 1358 2781 1397 eorum
2807 1353 2853 1398 et
2878 1345 3118 1415 iniquam

1540 1448 1645 1485 mm
1682 1449 1854 1486 eorum
1882 1448 1983 1486 non
2010 1434 2311 1488 recordabar
2336 1436 2577 1502 amplius.
2620 1436 2891 1505 Interroga
2931 1451 3117 1498 rursus

1537 1525 1801 1590 Jndzeum,
1825 1526 2041 1579 ubinam
2066 1525 2169 1580 hoc
2191 1525 2387 1581 factum
2412 1528 2480 1580 sit
2504 1527 2554 1580 in
2583 1527 2697 1595 lege
2719 1528 2842 1582 :setl
2866 1527 2914 1582 id
2937 1537 3117 1605 esten:

1538 1618 1663 1671 dere
1695 1633 1798 1670 non
1830 1617 2020 1685 possit.
2052 1618 2179 1671 Nam
2209 1628 2260 1672 et
2287 1606 2375 1686 qui
2407 1607 2544 1687 ligna
2575 1610 2883 1689 collegerat,
2914 1602 3117 1689 Iapida-Q

1538 1718 1622 1762 tus
1665 1708 1780 1771 fuit;
1825 1702 2224 1762 et'l‘ornicatrix
2270 1710 2705 1776 eomhurebatur,’
2734 1708 3014 1782 etMoyscs
3046 1706 3115 1764 oti

1538 1809 1810 1871 peccatum
1841 1815 1999 1854 unum
2024 1816 2053 1855 a
2083 1809 2221 1855 terra
2251 1802 2620 1870 promissionis
2641 1802 2843 1857 excidit
2869 1820 2881 1855 :
2907 1803 2963 1857 in
2989 1818 3113 1873 grue

1538 1893 1623 1946 tim
1653 1901 1829 1947 autem
1859 1900 2132 1968 tempore,
2153 1894 2255 1963 qui
2295 1893 2439 1947 mille
2465 1896 2671 1948 scelera
2706 1908 3069 1960 ttt'l‘iictt'ttt'ttltl
3095 1938 3116 1973 ,ε

1537 2003 1632 2056 per
1659 1987 1905 2061 baptismi
1937 1988 2249 2041 beneﬁcium
2283 1987 2639 2049 viviﬁcantur,
2666 1982 2924 2057 nullaque
2953 1986 3116 2057 cxpe-

1538 2079 1666 2132 titur
1695 2076 1957 2131 scelerum
1988 2094 2163 2147 poma.
2196 2076 2424 2147 Ideoque
2451 2077 2639 2131 Paulus
2662 2077 2872 2132 dicebat
2896 2096 2909 2132 ε
2938 2076 3114 2132 Nolite

1514 2176 1704 2225 errare
1733 2187 1751 2225 :
1778 2188 1934 2240 neque
1960 2171 2257 2241 fornicarii»,
2289 2166 2445 2240 neque
2474 2170 2687 2235 molles,
2728 2187 2887 2242 neque
2911 2184 3114 2225 marcus

1536 2265 1698 2318 lorum
1729 2263 2092 2327 concubitores,
2123 2244 2283 2331 neque
2307 2264 2547 2324 adulteri.
2580 2280 2735 2333 neque
2764 2265 2921 2335 fures,
2956 2282 3115 2335 neque

1532 2357 1692 2419 avari,
1724 2372 1880 2422 neque
1909 2355 2110 2420 ebriosi,
2140 2372 2299 2417 neque
2325 2356 2577 2420 maledici,
2607 2348 2764 2425 neque
2788 2373 2996 2426 rapaces
3027 2374 3109 2410 re-

1532 2463 1683 2517 gnum
1708 2438 1800 2498 Dei
1822 2435 2162 2516 possidebunt.
2192 2446 2253 2498 Et
2278 2447 2384 2500 Itmc
2403 2443 2608 2516 quidam
2629 2449 2780 2501 eratis
2805 2463 2823 2500 :
2844 2448 2933 2501 sed
2951 2436 3113 2503 abluti

1496 2596 1499 2599 λ
1531 2538 1667 2596 estis,
1698 2537 1785 2589 sed
1808 2528 2111 2603 sancii/icati
2131 2538 2265 2603 estis,
2293 2538 2383 2590 sed
2398 2539 2668 2605 justiﬁeati
2691 2539 2808 2613 estis
2835 2541 2887 2601 in
2909 2541 3112 2601 nomine

1530 2626 1737 2680 Domini
1761 2626 1884 2681 Iesu
1913 2628 2025 2682 etin
2044 2627 2233 2699 Spiritu
2259 2628 2354 2682 Dei
2375 2632 2531 2691 nostri
2557 2632 2576 2701 (
2607 2631 2656 2684 1.
2687 2616 2802 2684 Cor;
2828 2630 2879 2685 6.
2905 2631 3029 2687 9-H
3067 2632 3107 2701 ).

1536 2720 1800 2784 Vidistiu',
1826 2736 1982 2788 quam
2012 2721 2292 2790 splendeat
2320 2723 2687 2791 propheticum
2714 2724 2841 2778 illud
2872 2743 2885 2779 :
2918 2724 3109 2795 Ρνορὶδ

1531 2815 1628 2866 tius
1650 2832 1733 2879 ero
1756 2808 2103 2884 iniquitatibus
2122 2832 2295 2868 eorum
2315 2817 2338 2869 ?
2359 2832 2516 2885 quam
2543 2816 2737 2887 fulgeat
2758 2819 3108 2886 apostolicum
3170 2836 3171 2839 ‘

1531 2890 1691 2971 illud,
1728 2907 1955 2976 Spiritus
1980 2910 2238 2976 vivi/ictu?
2267 2909 2356 2962 Vis
2383 2921 2433 2963 et
2463 2911 2606 2964 aliud
2635 2912 2862 2974 discere,
2893 2924 3109 2980 aposto-

1531 2998 1637 3052 lum
1668 3014 1859 3066 uetnpc
1886 3000 2104 3053 Paulum
2138 3001 2478 3069 loquentem,
2514 3003 2783 3071 quomodo
2828 3005 2916 3057 ille
2959 3004 3106 3058 brexi

1532 3099 1771 3159 tempore
1788 3078 1971 3145 orbem
1993 3106 2128 3160 pene
2158 3102 2323 3145 totum
2352 3094 2691 3161 peragravit?
2721 3097 2841 3149 audi
2864 3097 3007 3149 illum
3030 3097 3110 3149 di-

1528 3192 1736 3235 centem
1772 3201 1784 3236 :
1815 3180 1900 3234 Ita
1931 3193 1985 3235 ut
2015 3184 2076 3236 ab
2105 3183 2389 3237 Jerusalem
2417 3186 2484 3236 ad
2514 3184 2779 3255 Illyricum
2813 3188 3106 3255 repleverim

1510 3271 1877 3345 Erung’eliunt;
1903 3286 1953 3329 ct
1979 3292 2193 3339 rursum
2222 3317 2234 3343 ,
2270 3276 2421 3330 Nunc
2448 3294 2559 3332 vero
2582 3281 2793 3335 ulterius
2820 3279 2981 3333 locum
3008 3297 3122 3358 non,

1530 3366 1716 3420 habens
1746 3368 1799 3419 in
1824 3367 1901 3419 Itis
1930 3370 2236 3438 regionibus,
2269 3371 2594 3439 cupiditatem
2624 3382 2789 3426 autem
2815 3372 3106 3431 habensvi-

1529 3458 1682 3511 detuli
1709 3475 1793 3512 ros
1817 3498 1833 3524 ,
1867 3476 1978 3511 cum
2008 3461 2057 3512 in
2090 3460 2392 3529 Hispaniam
2424 3463 2678 3530 proﬁcisci
2702 3480 2942 3528 rtepero,~
2961 3480 3108 3533 sparo

1531 3566 1607 3606 me
1638 3549 1802 3601 videre
1832 3566 1915 3605 vos
1943 3591 1957 3615 ,
1993 3552 2036 3603 si
2062 3551 2196 3603 vobis
2227 3553 2446 3620 primum
2486 3570 2548 3607 ea:
2578 3563 2720 3623 parte
2748 3556 2936 3624 fruitus
2964 3560 3107 3624 [uera

1533 3640 1705 3708 (Rom.
1738 3642 1825 3696 15.
1858 3640 1937 3696 19.
1963 3641 2073 3712 '23).
2100 3643 2249 3710 Quod
2280 3644 2625 3712 siApostolus
2655 3661 2789 3698 unus
2819 3655 2922 3699 tam
2958 3646 3106 3701 brevi

1530 3740 1768 3801 tempore
1792 3733 2044 3800 majorem
2071 3735 2214 3786 orbis
2238 3736 2749 3803 partempercurrit,
2776 3738 2945 3805 cogita
2962 3754 3105 3808 ‘qno-

1529 3826 1688 3877 lllOtiO
1713 3825 1869 3891 etiam
1900 3825 1997 3881 alii
2020 3827 2203 3879 urbem
2238 3838 2402 3882 totum
2433 3829 2578 3896 quasi
2609 3840 3103 3898 sagenaccpemnt.

1526 3900 1860 3986 Quapropter
1886 3919 2117 3982 dicebat,
2146 3920 2404 3989 Evangelii
2435 3922 2569 3990 quod
2596 3923 2923 3989 pra'dicatunt
2954 3932 3026 3975 est
3054 3924 3105 3976 in

1527 4010 1662 4061 omni
1705 4018 1935 4061 creatura
1972 4026 2083 4077 qua:
2125 4012 2216 4063 sub
2263 4013 2384 4063 cwlo
2416 4012 2921 4081 est;7prophoticum
2975 4014 3101 4075 illud

1528 4099 1883 4166 interpretans
1906 4119 1917 4152 :
1947 4101 2077 4166 Quia
2105 4118 2279 4154 omnes
2303 4104 2459 4153 scient
2488 4119 2565 4156 me
2593 4120 2621 4152 a
2652 4104 2835 4155 minori
2858 4120 3012 4174 usque
3039 4106 3105 4158 ad

1524 4191 1910 4260 magnunuSetl
1934 4192 2072 4261 quod
2092 4193 2336 4245 Christus
2361 4194 2529 4262 legem
2550 4194 2757 4247 dederit
2782 4195 2905 4248 hinc
2931 4180 3101 4263 palam

1526 4291 1626 4344 est,
1656 4293 1705 4335 et
1735 4284 1873 4351 quod
1896 4283 2184 4344 ΜςιςΙιςιΙκιτὶ
2217 4301 2311 4353 pro
2337 4285 2452 4357 lege
2475 4286 2697 4354 jugulati
2722 4302 2857 4355 ,_pr0
2890 4288 3103 4355 legisla-

1528 4381 1640 4426 lore
1663 4374 1976 4441 Sanguinem
2001 4374 2254 4442 fuderint,
2280 4376 2379 4429 hoc
2399 4392 2610 4445 utroque
2634 4377 2974 4431 tttztttil't-Stttltt
3003 4379 3103 4431 :de

1523 4474 1719 4516 caetero
1739 4450 1912 4519 autem
1933 4468 2207 4520 caritatem
2238 4477 2465 4539 vesti-ant
2500 4483 2647 4537 rogo,
2682 4479 2733 4520 ut
2763 4483 2882 4541 cum
2912 4469 3103 4523 alacri-

1526 4564 1632 4609 tate
1660 4557 1819 4609 mnlta
1854 4556 1917 4609 ad
1943 4556 2134 4621 festum
2166 4559 2432 4615 accedatis
2460 4561 2632 4613 LSiCIIt
2668 4574 2795 4627 apes
2826 4546 2892 4617 ab
2920 4561 3100 4614 alvca-

1523 4646 1666 4699 ribns
1681 4648 1888 4701 exsilitc
1915 4647 1979 4701 ad
2009 4660 2298 4723 martyrum
2318 4651 2552 4727 vulnera,
2574 4665 2872 4718 eorumque
2886 4653 3098 4719 crucia-

1525 4747 1608 4790 tus
1629 4739 2064 4807 eomplectimtui,
2103 4741 2230 4797 nihil
2272 4724 3095 4809 curantes.vize.longitudinem,
3132 4724 3133 4727 η

1521 4829 1653 4883 Nam
1686 4831 1727 4883 si
1745 4831 2025 4885 Eleazarus
2056 4846 2217 4885 senex
2251 4832 2421 4901 ignem
2446 4845 2607 4901 ausus
2622 4831 2966 4909 estaggredi,
2987 4843 3033 4884 ct
3060 4832 3125 4909 si]

1523 4921 1803 4995 beatorum
1833 4922 2022 4977 horum
2056 4932 2225 4995 mater
2266 4923 2316 4976 in
2348 4931 2586 4976 extrema
2618 4930 2891 4985 senectute
2921 4931 3099 4978 tantos

1525 5028 1677 5082 passa
1708 5022 1791 5068 est
1820 5012 2032 5068 dolores
2058 5031 2071 5067 :
2096 5029 2253 5082 quam
2285 5012 2670 5078 defensionem,
2700 5027 2857 5085 quam
2887 5015 3096 5067 veniant

1524 5104 1805 5169 habebitis,
1831 5105 1872 5158 si
1902 5120 2000 5158 nec
2029 5120 2193 5175 pauca
2220 5106 2388 5159 stadia
2418 5105 2737 5175 percurratis
2759 5103 2824 5159 ad
2849 5104 2936 5159 illa
2956 5121 3089 5160 cono

1521 5200 1788 5270 spicicnda
1815 5199 2106 5255 certamina
2121 5201 2188 5253 ?..
2203 5237 2216 5252 .
