3872 6396
601 340 696 398 551
1691 338 2065 396 SEVERIANI
2128 338 2480 396 GABALOR.
2522 339 2737 399 EPISC.
3721 353 3810 407 531

599 513 2315 552 Wa

1059 758 1414 820 MONITUM
1450 759 1530 820 IN
1572 759 1952 820 HOMILIAM
1996 758 2440 832 SEVERIANI,
2483 759 2954 820 GABALORUM
2993 757 3387 830 EPISCOPI,

663 972 818 1049 [402]
866 971 1147 1029 Severiani
1183 988 1304 1029 esse
1339 973 1478 1028 hanc
1511 974 1625 1028 sive
1665 972 1964 1026 orationem
1997 973 2111 1026 sive
2163 972 2438 1026 bomiliam
2471 972 2631 1028 docet
2665 972 3038 1027 Tbeodoretus
3069 972 3284 1040 dialogo
3314 973 3480 1025 tertio
3520 972 3656 1040 Περὶ
3685 974 3802 1024 ἀπτ-

593 1092 742 1158 θοῦς,
773 1092 852 1148 De
886 1093 1191 1162 impatibili,
1233 1104 1367 1149 tom.
1399 1091 1488 1159 IV,
1519 1109 1641 1162 pag.
1674 1093 1797 1154 169.
1851 1092 2105 1146 editionis
2138 1091 2552 1156 Sirmondianre,
2593 1101 2648 1144 ut
2681 1091 3039 1144 indicabimus
3071 1089 3206 1142 infra
3239 1105 3340 1143 suo
3383 1089 3500 1140 loco
3533 1091 3686 1156 paulo
3715 1101 3809 1142 ante

593 1204 753 1260 ﬁnem
783 1205 1053 1271 bomilire;
1095 1207 1146 1258 in
1187 1204 1568 1273 manuscriptis
1596 1219 1721 1258 vero
1748 1203 2003 1258 omnibus
2029 1203 2201 1257 sancti
2235 1201 2464 1257 Joannis
2503 1200 2874 1270 Cbrysostomi
2907 1216 3103 1255 nomen
3132 1216 3242 1270 ιιι-ω
3287 1215 3348 1254 ee
3386 1199 3528 1255 fert:
3561 1200 3665 1253 imo
3689 1201 3774 1267 jam
3795 1222 3811 1255 ι

593 1319 781 1375 multis
811 1319 1023 1375 sazculis
1046 1319 1422 1388 Cbrysostomi
1457 1319 1673 1373 nomine
1719 1317 2125 1372 circumfertur.
2176 1316 2309 1371 Nam
2343 1318 2396 1371 in
2425 1316 2654 1386 cpistola
2701 1316 2920 1370 Adriani
2971 1315 3165 1385 papael
3223 1319 3291 1370 ad
3337 1316 3742 1370 Constantinum
3779 1336 3815 1371 c'.

591 1433 805 1498 lrenen,
841 1431 1046 1485 Concil.
1093 1440 1222 1484 tom.
1258 1428 1368 1494 Vll,
1403 1445 1525 1499 pag.
1553 1428 1690 1494 112,
1731 1430 1985 1484 editionis
2014 1427 2208 1493 Labb.,
2249 1429 2398 1484 locus
2443 1429 2673 1483 aﬂ‘ertur
2700 1431 2916 1485 nomine
2945 1430 3120 1484 sancti
3160 1428 3392 1484 Joannis
3448 1430 3814 1500 Chrysostomi,

591 1548 686 1619 qui
714 1563 778 1604 ex
808 1550 906 1604 bac
935 1549 1184 1603 oratione
1212 1559 1503 1618 excerptas
1534 1549 1758 1603 omnino
1785 1548 2022 1614 videtur,
2054 1562 2122 1602 ex

2259 1564 2454 1612 mone,
2493 1557 2552 1601 ιιι
2595 1546 2668 1600 ibi
2716 1545 2940 1610 dicitur,
2985 1545 3082 1599 τοῦ
3123 1547 3202 1608 εἰς
3249 1545 3353 1616 τὴν
3403 1543 3719 1614 παραϐολὴν
3753 1547 3816 1595 τιεῐ

595 1665 821 1738 σπόρου,
848 1666 902 1719 in
940 1663 1262 1719 Parabolam
1291 1667 1527 1720 seminis.
1566 1665 1738 1721 Verba
1769 1675 1948 1720 autem
1987 1666 2065 1720 sic
2092 1666 2146 1719 ha

2255 1673 2325 1720 tt:
2366 1663 2611 1734 Ἔνδυμα
2647 1661 2929 1733 βασιλικὸν
2978 1661 3073 1714 ἐὰν
3105 1659 3357 1730 ὑϐρίσῃς,
3395 1659 3524 1728 οὐχὶ
3554 1659 3647 1709 τὸν
3675 1660 3819 1710 ἐνελ-

597 1803 760 1858 μενον
792 1785 955 1840 αὑτὸν
985 1785 1258 1858 ὑϐρίζεις
1289 1786 1390 1839 οὐκ
1419 1783 1570 1849 οἶδας
1600 1786 1684 1839 ὅτι
1715 1786 1864 1846 ὅστις
1912 1785 2014 1856 τὴν
2059 1784 2246 1838 εἰκόνα
2269 1783 2368 1854 τὴν
2413 1785 2480 1836 ὲκ
2519 1781 2679 1848 ξύλου
2726 1781 2821 1834 καὶ
2853 1779 3161 1850 χρωμάτων
3203 1777 3463 1846 λοιδορεῖ,
3497 1775 3599 1844 οὐχ
3625 1774 3696 1835 ὡς
3727 1779 3821 1842 2:2;

593 1907 803 1978 ἄψυχον
825 1906 1105 1979 τολμήσας
1132 1907 1404 1978 κρίνεται,
1439 1905 1576 1959 ἀλλὰ
1601 1906 1744 1960 κατὰ
1766 1905 1858 1960 τοῦ
1888 1903 2193 1975 βασιλέως;
2227 1903 2429 1968 δισσῶς
2454 1904 2564 1974 γὰρ
2605 1901 2682 1973 τῷ
2713 1901 2926 1972 βασιλεῖ
2978 1898 3286 1969 προσφέρει
3338 1895 3443 1966 τὴν
3493 1892 3677 1962 ὓϐριν.
3732 1892 3820 1956 Qus

594 2026 794 2082 ibidem
826 2028 905 2083 sic
938 2023 1128 2081 Latine
1161 2025 1455 2082 habentur:
1500 2006 1877 2079 Indumentum
1902 2023 2173 2092 imperiale
2204 2023 2248 2078 si
2293 2022 2631 2076 contumeliis
2663 2020 2930 2091 affeceris,
2966 2035 3138 2073 nonne
3171 2017 3219 2070 ei
3245 2016 3337 2085 qui
3390 2014 3644 2066 induitur
3680 2028 3818 2065 retin.-

593 2148 783 2204 melias
821 2148 1066 2218 irrogas?
1100 2149 1269 2203 nescis
1294 2149 1420 2218 quia
1441 2148 1488 2201 si
1525 2149 1642 2217 quis
1673 2147 1894 2216 imagini
1925 2143 2258 2214 imperatoris
2296 2145 2554 2215 injuriam
2579 2145 2760 2213 infert,
2791 2144 2859 2196 ad
2890 2144 3062 2211 ipsum
3113 2141 3517 2207 imperatorem,
3561 2133 3616 2186 id
3675 2145 3754 2190 est,
3778 2143 3816 2180 ut

594 2267 768 2338 ipsum
799 2269 1144 2340 principalem
1177 2281 1224 2324 et
1254 2270 1324 2322 ad
1363 2269 1478 2338 ejus
1506 2269 1818 2339 dignitatem
1847 2269 2004 2336 refert
2030 2269 2285 2336 injuriam
2312 2269 2338 2322 .’
2371 2267 2540 2320 nescis
2575 2267 2716 2334 quod
2735 2265 2782 2318 si
2805 2265 2924 2335 quis
2961 2262 3202 2330 imagini,
3232 2276 3354 2329 quc
3375 2276 3444 2314 ea:
3479 2261 3626 2329 ligno
3648 2270 3694 2310 et
3715 2259 3818 2308 τάδε

593 2391 740 2448 ribus
769 2403 866 2458 est,
900 2393 1188 2461 maledicit,
1224 2411 1327 2448 non
1365 2394 1636 2457 iudicatur
1660 2392 1814 2446 veluti
1848 2392 1893 2446 si
1943 2401 2125 2444 contra
2151 2390 2506 2444 inanimatam
2540 2388 2792 2458 quiddam
2819 2394 3238 2454 prwsumptuose
3266 2397 3322 2435 se
3347 2381 3601 2451 gesserit,
3626 2380 3709 2431 sed
3735 2388 3820 2428 tn-

1269 3171 1394 3227 SER
1405 3172 1499 3228 ΜΟ

579 3291 656 3346 De
684 3290 882 3361 Sigillis
910 3289 1182 3349 librorum,
1216 3294 1260 3340 et
1287 3283 1536 3355 quomodo
1569 3279 1733 3333 Filius
1780 3275 1926 3329 Patri
1949 3317 1961 3338 ,
2001 3271 2153 3325 Pater

683 3382 821 3438 Filio
848 3381 1056 3450 o/ferat,
1084 3398 1144 3434 ac
1171 3379 1234 3433 de
1262 3377 1542 3433 Serruloris
1569 3373 1919 3427 incarnatione
1949 3367 2044 3438 (η).

653 3479 702 3533 Ι.
733 3478 974 3546 Magnum
1000 3475 1063 3528 ad
1094 3475 1317 3526 salutem
1347 3470 1537 3522 animae
1565 3466 1813 3519 viaticum
1844 3469 1966 3513 sunt
1991 3473 2156 3511 saera:

580 3573 894 3641 disciplhnr.
948 3568 1166 3623 Ferrum
1208 3566 1347 3620 enim
1392 3565 1568 3626 ferro,
1602 3560 1776 3614 anima
1825 3572 1950 3610 vero
1995 3553 2158 3607 verbo

576 3665 760 3718 divino
806 3663 1016 3715 acuitur
1049 3678 1062 3714 :
1097 3675 1232 3728 pane
1277 3670 1471 3724 corpus
1520 3655 1718 3715 alitur,
1767 3650 1929 3703 vetho
1976 3647 2156 3699 divino

571 3757 748 3810 anima
797 3755 1034 3806 lirmatnr
1059 3769 1072 3806 :
1099 3761 1151 3803 ut
1191 3749 1313 3802 dicit
1346 3749 1502 3800 etiam
1547 3744 1754 3814 Moyses
1775 3783 1788 3806 ,
1819 3741 2014 3794 divina!
2042 3739 2143 3791 do-

572 3848 761 3901 ctrina:
798 3845 901 3897 vim
943 3844 1182 3896 altrirem
1219 3839 1563 3893 snbindieans
1598 3857 1610 3889 ;
1648 3834 1766 3886 Non
1798 3834 1848 3884 in
1890 3833 1996 3884 solo
2027 3845 2156 3898 pane

572 3940 688 3992 trivit
721 3939 888 3998 homo,
923 3936 1009 3990 sed
1036 3936 1086 3987 in
1114 3933 1249 3986 omni
1279 3931 1423 3986 rerbo
1449 3929 1581 3998 quod
1612 3926 1836 3997 procedit
1867 3924 1928 3976 tle
1957 3940 2041 3975 ore
2066 3921 2156 3973 ()ei

576 4030 733 4095 (Deut
783 4029 836 4083 8.
869 4028 947 4096 5).
996 4027 1317 4078 Alinn-ntnm
1363 4023 1520 4088 igitur
1557 4020 1747 4071 anima:
1793 4015 2010 4068 verluun
2061 4013 2152 4067 Dei

570 4130 674 4176 est.
704 4121 832 4187 Qua:
856 4119 996 4170 enim
1023 4116 1086 4169 ad
1117 4115 1400 4181 imaginem
1425 4110 1584 4165 Verbi
1607 4109 1863 4162 creatoris
1893 4106 2025 4158 facta
2049 4115 2149 4168 est,

573 4213 780 4267 ratione
813 4218 998 4263 ornata
1026 4251 1039 4272 ,
1075 4217 1127 4262 et
1159 4205 1460 4260 rationabili
1491 4204 1701 4274 dignata
1736 4201 1978 4254 libertate
2002 4240 2014 4261 ,
2047 4213 2152 4265 quo

575 4304 742 4373 magis
767 4301 982 4373 proprio
1000 4300 1256 4354 alimento
1279 4307 1470 4352 utatur.
1495 4310 1652 4362 quant
1678 4292 1838 4364 verbo
1863 4291 2147 4351 nutriente,

572 4397 904 4456 instituente,
934 4403 986 4445 et
1011 4392 1073 4444 ad
1100 4390 1369 4460 propriam
1398 4388 1496 4440 sibi
1528 4386 1829 4439 libertatem
1858 4383 1964 4435 cito
1995 4381 2150 4432 resti-

571 4488 792 4543 tuente?
823 4485 1052 4539 Verbum
1098 4498 1260 4552 porro
1303 4481 1550 4543 dicimus,
1585 4476 1795 4536 fratres,
1833 4490 1936 4527 non
1968 4472 2150 4539 sup'ni-

567 4582 700 4635 Stica
733 4577 993 4647 gravitate
1026 4576 1089 4627 ad
1142 4573 1539 4642 persuasionem
1590 4568 2006 4626 concinnatum;
2053 4561 2145 4613 sed

565 4673 706 4744 quod
741 4671 858 4726 lidei
892 4667 1237 4739 simplicitate
1268 4663 1508 4718 veritatis
1539 4661 1899 4715 testimonium
1931 4655 2142 4708 habeat.

564 4766 752 4834 Spuria
796 4765 991 4833 quippe
1021 4761 1312 4830 repntanda
1349 4767 1428 4810 est
1460 4756 1633 4808 munis
1665 4755 1834 4806 virtus
1864 4761 1916 4804 et
1946 4751 2066 4802 vitae
2093 4758 2147 4801 et

563 4858 742 4922 verbi,
772 4872 889 4928 qme
920 4871 946 4906 a
977 4855 1156 4908 divino
1187 4851 1438 4920 Magistro
1468 4847 1729 4918 primitias
1763 4859 1865 4898 ttOn
1896 4841 2096 4910 accepit
2128 4858 2140 4892 :

567 4962 615 5005 et
642 4961 897 5020 quantum
926 4947 1108 5000 umbra
1139 4961 1165 4996 a
1196 4958 1441 5012 corpore,
1472 4952 1522 4994 et
1550 4939 1811 4992 stnnninm
1843 4955 1869 4988 a
1900 4937 2139 4998 veritate,

563 5052 766 5094 tantum
795 5039 950 5093 distat
976 5054 1003 5090 a
1031 5054 1149 5090 vera
1180 5036 1269 5088 llei
1299 5033 1576 5102 sapirtttia,
1609 5031 1692 5084 illa
1723 5045 1838 5098 qum
1869 5029 1917 5080 in
1948 5026 2142 5078 tnundu

561 5131 822 5201 sapientia
855 5138 1151 5198 reputatur.
1187 5130 1524 5195 Quapropter
1562 5125 1744 5176 lentus
1782 5121 1977 5174 Paulus
2003 5159 2016 5176 ,
2050 5132 2141 5170 vas

560 5221 839 5278 electionis
864 5263 877 5284 ,
910 5220 999 5289 qui
1032 5217 1318 5286 aliquando
1354 5228 1606 5283 egressus
1645 5220 1702 5264 ut
1743 5220 1956 5263 sanctos
2000 5208 2139 5262 male

560 5325 810 5384 caperet,
855 5313 967 5382 ipse
1012 5311 1230 5381 pulchre
1262 5318 1447 5378 captus
1475 5319 1557 5360 est
1585 5307 1651 5360 ad
1693 5306 1915 5359 salutem
1965 5304 2138 5356 homi-

559 5422 724 5472 num,
757 5406 892 5474 piam
933 5413 986 5458 et
1032 5418 1209 5456 ventu
1253 5401 1550 5455 duetrinam
1597 5399 1792 5469 spuria:
1823 5412 2135 5465 opponens,

555 5501 700 5555 clare
727 5498 939 5553 diccbat
972 5514 985 5550 :
1022 5496 1341 5565 Sapientiam
1366 5503 1534 5547 autem
1565 5493 1817 5562 loquimur
1856 5492 1986 5543 inter
2024 5506 2139 5559 pcr-

614 5705 687 5768 (ο)
697 5702 872 5757 Collata
891 5715 998 5768 cum
1012 5701 1203 5768 duobus
1213 5714 1324 5768 mss.
1340 5699 1554 5768 regiile
1562 5713 1652 5749 nus
1664 5700 1733 5768 sic
1749 5697 1938 5768 titulum
1953 5696 2096 5748 eﬂ'ert
2116 5711 2127 5744 :

528 5759 636 5819 Pro
646 5759 766 5832 festo
777 5763 1097 5832 generationis
1111 5763 1304 5824 Christi,
1321 5759 1682 5826 (/tfysostomus
1699 5763 1760 5812 de
1773 5759 1972 5825 sigillis.

1962 2711 3786 2736 _________________,____________

2273 3189 2434 3256 fectos
2465 3206 2484 3243 :
2510 3189 2824 3257 sapientium
2849 3204 2966 3239 vero
2993 3203 3089 3237 non
3116 3185 3275 3252 hujus
3301 3183 3517 3242 seculi,
3541 3180 3634 3235 sed
3657 3180 3739 3232 Dei
3757 3197 3815 3224 με·
3870 3189 3872 3214 ί

2267 3272 2510 3338 pientiam
2553 3274 2603 3322 iu
2657 3270 2890 3338 mysterio
2934 3270 3008 3336 (Ι.
3042 3267 3159 3321 Cor.
3191 3268 3245 3321 2.
3274 3269 3358 3338 6).
3407 3271 3684 3339 Sapientia
3724 3289 3815 3336 στμ
3870 3299 3872 3304 -

2264 3362 2416 3414 nobis
2447 3370 2527 3413 est
2567 3359 2877 3428 prophetica
2927 3360 3100 3428 lingua
3150 3368 3205 3413 et
3244 3361 3544 3429 apo~tolira
3590 3364 3815 3418 doctrim.

2262 3463 2420 3522 atque
2461 3453 2790 3521 evangelium
2834 3452 2982 3520 regni
3013 3493 3028 3516 ,
3073 3468 3282 3506 summa
3327 3454 3667 3507 rationabilis
3704 3468 3795 3521 ι-ιιι-

2262 3546 2434 3598 statis.
2467 3545 2735 3613 Evangelii
2783 3560 2977 3596 nomen
3026 3560 3145 3598 rum
3195 3545 3481 3611 audimus,
3518 3550 3817 3613 [1⁵211⁵65μέ-

2261 3652 2419 3704 gnum
2445 3635 2602 3703 hujus
2628 3636 2860 3688 nominis
2881 3650 3096 3689 sensum
3123 3635 3510 3703 percipiantus.
3536 3637 3686 3692 llnlti
3704 3657 3814 3691 nan-

2261 3744 2364 3794 que
2394 3728 2606 3779 nomina
2638 3742 2780 3794 szepc
2808 3742 2871 3780 ev
2903 3727 3106 3790 vulgari
3153 3743 3251 3780 usu
3299 3729 3611 3797 cogitantes
3634 3772 3648 3788 .
3677 3747 3815 3783 mem

2262 3819 2496 3886 ipsarum
2531 3819 2633 3870 vim
2668 3819 2938 3886 ignorant.
2982 3818 3256 3887 Evangelii
3303 3829 3486 3873 autem
3535 3837 3724 3873 nouum
3753 3841 3814 3874 in

2263 3912 2369 3979 ipsa
2395 3911 2518 3979 quid
2541 3913 2608 3963 sit
2633 3910 2822 3963 indicat
2850 3910 3196 3979 :prreclaram
3219 3911 3364 3964 enim
3385 3913 3530 3965 illam
3548 3915 3812 3968 Servatum

2259 4003 2612 4057 (Bcoumniam
2642 4003 2792 4056 nobis
2817 4002 3115 4065 annuntiat,
3140 4002 3282 4071 quod
3311 4003 3451 4057 Deus
3475 4020 3568 4074 per
3588 4023 3812 4059 smnmnn

2261 4086 2638 4162 benignitatem
2669 4094 2806 4162 apud
2839 4093 3082 4148 homines
3112 4095 3181 4150 sit
3208 4106 3476 4160 versatus,
3512 4116 3614 4151 non
3644 4111 3812 4151 a‘tern:

2261 4189 2344 4240 illa
2381 4189 2644 4256 dignitate
2685 4204 2778 4242 sua
2824 4189 3104 4258 deposita,
3158 4189 3252 4242 sed
3302 4192 3530 4244 salutari
3576 4205 3798 4258 assumpt;

2259 4280 2625 4332 ἱ;.ο;ιι”ιι;ιιι‹)ιιο
2651 4297 2663 4330 :
2689 4279 2928 4332 declarat
2958 4281 3111 4332 nobis
3130 4279 3484 4348 Erangcliutn
3514 4325 3531 4345 ,
3560 4285 3692 4350 ρειαί
3723 4301 3808 4333 ηιρ-

2256 4372 2403 4425 dieus
2440 4388 2608 4441 a-gro»
2643 4372 2835 4425 adierit
2859 4413 2872 4436 ,
2912 4387 3014 4424 non
3056 4371 3358 4440 pharmacis
3396 4385 3708 4432 curaturus.
3735 4381 3806 4424 snt

2257 4472 2384 4515 nutu
2409 4464 2707 4516 elenn-utia:
2732 4479 2841 4516 suae
2866 4461 3224 4516 Valetudinem
3253 4465 3804 4519 inditurusmmnmnat

2257 4555 2429 4618 nobis,
2458 4556 2598 4624 quod
2635 4557 2938 4608 errantibus
2967 4556 3046 4607 via
3078 4567 3376 4609 monstrata
3402 4559 3492 4620 sit,
3524 4561 3572 4611 in
3605 4563 3764 4612 tem-la
3783 4585 3800 4600 ι

2253 4648 2566 4716 degentibus
2600 4649 2685 4700 lux
2720 4648 3025 4715 apparuerit.
3053 4688 3068 4711 ,
3101 4648 3404 4717 de~peratis
3431 4653 3578 4703 S;tltlS
3601 4652 3796 4704 adversr-

2253 4741 2338 4792 rit.
2375 4739 2502 4805 Quia
2550 4740 2688 4792 enim
2735 4756 2763 4791 a
2811 4740 2924 4808 lege
2975 4739 3198 4791 instituti
3252 4755 3356 4794 non
3411 4743 3792 4810 resipuimasd-t

2255 4831 2524 4899 prophetis
2567 4832 2993 4885 monstrantibus
3027 4849 3130 4884 non
3166 4836 3400 4886 revocati
3432 4852 3609 4888 sumus
3641 4834 3698 4886 ad
3722 4849 3790 4884 ro-

2247 4926 2536 4992 gnitionem
2593 4925 2832 4978 veritatis
2862 4964 2875 4986 ,
2923 4941 3043 4978 eum
3099 4925 3338 4994 ingratus
3387 4938 3566 4981 noster
3613 4929 3788 4981 animus

2248 5018 2423 5068 onmia
2460 5018 2509 5068 in
2541 5017 2838 5084 periculum
2871 5018 3162 5084 eonjicerct
3193 5017 3522 5086 hmnanaque
3549 5020 3784 5071 subverte-

2249 5119 2358 5173 ret;
2389 5108 2473 5160 nbi
2506 5109 2597 5161 Dei
2629 5107 2928 5177 benignitas
2957 5124 3054 5161 nos
3083 5109 3211 5161 vidit
3236 5151 3251 5173 ,
3284 5119 3334 5162 et
3365 5125 3396 5162 ιι
3429 5111 3553 5176 legis
3584 5110 3780 5162 institue:

2246 5199 2524 5258 deiecisse.
2546 5208 2597 5252 et
2615 5215 2641 5252 a
2670 5198 3047 5266 prOphetarum
3066 5199 3226 5252 ductu
3246 5199 3541 5258 deﬂexisse.
3565 5201 3776 5251 iuni-ms:

2249 5293 2482 5345 bomtatc
2526 5307 2617 5344 sua
2659 5292 3005 5360 pervicaciam
3042 5302 3284 5346 nostram
3330 5293 3516 5346 devii-it
3543 5335 3557 5356 ,
3581 5296 3774 5357 Elaris-:-

2245 5385 2477 5454 linmque
2503 5384 2649 5453 regni
2679 5398 2777 5438 ceu
2805 5383 3067 5450 quoddam
3099 5383 3300 5452 regium
3325 5399 3509 5436 munus
3534 5399 3625 5450 per
3646 5394 3772 5432 tem

2243 5478 2427 5530 orbem
2459 5475 2763 5545 proposuit,
2799 5477 2953 5528 nobis
2984 5475 3219 5545 indignis
3247 5476 3425 5529 omnia
3455 5475 3669 5543 benigne
3691 5475 3770 5524 lar-

2241 5571 2381 5638 gitus
2411 5576 2512 5622 cst.
2546 5567 2747 5621 l’rodiit
2775 5582 2904 5636 ergo
2935 5567 3186 5620 salutaris
3221 5569 3385 5636 gratia
3412 5607 3426 5630 ,
3466 5583 3582 5635 ψη
3621 5576 3770 5618 manu

2244 5659 2537 5725 beneficiis,
2563 5659 2728 5731 iisque
2753 5661 2934 5725 variis,
2965 5658 3161 5724 all'ceit,
3188 5673 3370 5713 servos
3394 5658 3644 5718 liberavit,
3672 5670 3770 5722 pu-

2245 5768 2402 5822 peres
2451 5749 2671 5818 ditavit,
2729 5751 2944 5807 exsules
2995 5749 3239 5816 reduxit,
3291 5749 3511 5818 captivos
3554 5745 3764 5800 ualeam.
