3872 6396
1198 232 1286 288 DE
1324 222 1610 285 SlGlLLlS
1646 219 1898 281 SERMO.

128 370 173 422 iis
195 364 394 421 omnibus
417 362 548 417 facta
575 367 696 415 est:
726 370 830 411 non
870 351 1009 424 quod
1052 364 1150 406 nos
1187 346 1331 418 digni
1356 359 1504 401 esse-

144 503 155 525 ,
180 458 253 513 sed
278 466 460 527 propter
484 451 777 507 bonitatem
802 461 922 517 quin
953 442 1251 498 beneﬁcum
1277 439 1501 494 deceat:

127 566 215 605 :um
240 549 295 602 sit
317 557 480 601 natura
521 541 748 611 simplex
772 581 786 604 ,
833 534 1168 592 indivisibilis
1193 574 1209 597 ,
1241 531 1329 600 qui
1361 527 1507 583 nulla

127 657 159 694 'a
182 640 485 708 exprimatur,
515 635 629 703 ipse
659 632 800 686 Deus
822 628 890 683 de
921 628 1050 687 Deo,
1080 625 1252 691 imago
1280 617 1509 674 invisibi-

127 707 327 800 S'pIendar
353 728 513 799 gloria
537 735 584 779 et
611 724 777 793 figura
802 717 1093 773 substantia:
1124 712 1309 783 (Ilebr.
1344 712 1394 762 1.
1427 707 1507 779 5).

128 822 205 875 ’815
227 820 489 887 appellatur
514 812 844 874 nominibus,
872 823 979 862 non
1007 822 1124 875 qum
1154 812 1355 856 naturre
1382 814 1509 854 cnn-

127 923 209 975 mt,
230 911 311 967 sed
332 924 435 980 qua:
461 904 826 962 betielicetttitn
848 904 1172 967 competant.
1204 896 1339 962 Quia
1363 891 1507 947 enim

133 1022 158 1059 a
181 1006 373 1059 humana
392 999 755 1063 conciderunt,
776 997 828 1050 iu
855 1009 914 1049 se
936 991 1116 1047 omnia
1139 987 1362 1057 suscipit
1388 1000 1512 1055 pro-

127 1106 197 1150 ate
220 1093 421 1165 quadam
461 1088 851 1161 appellationes
881 1084 998 1138 illas
1025 1080 1326 1150 suscipiens
1344 1117 1361 1143 ,
1390 1091 1512 1146 quae

127 1203 162 1241 aa
200 1186 354 1241 omnia
391 1180 662 1239 renovanti
701 1183 1031 1246 competant.
1080 1173 1273 1227 Fames
1314 1169 1511 1240 quippe

127 1292 163 1331 ia
189 1285 316 1343 erat,
343 1276 499 1328 fames
532 1271 698 1327 divini
737 1266 928 1333 verbi,
961 1265 1129 1321 fames
1157 1276 1316 1332 quam
1353 1273 1513 1330 syria.

158 1364 479 1421 comminatus
504 1369 589 1417 est
616 1359 759 1415 Deus
778 1396 795 1424 ,
825 1356 1012 1411 dicens
1037 1373 1050 1409 :
1074 1351 1276 1407 Mittunt
1305 1349 1376 1403 eis
1412 1364 1512 1400 non

128 1477 154 1511 n
182 1458 332 1528 panis,
372 1471 525 1524 neque
564 1453 701 1507 sitim
742 1464 909 1521 mute,
940 1445 1029 1501 sed
1059 1449 1246 1516 [autem
1270 1438 1513 1496 audiendi

136 1548 318 1602 Domini
341 1547 528 1618 (Amos.
555 1544 609 1600 8.
636 1543 746 1614 11).

127 1642 241 1697 Cum
260 1655 375 1710 ergo
398 1638 731 1708 conspiceret
762 1642 928 1689 totum
958 1632 1145 1687 orbem
1193 1628 1333 1683 fame
1355 1624 1507 1680 labo-

127 1743 163 1790 ξι
183 1733 423 1795 deﬁcere;
453 1728 592 1800 quod
615 1727 759 1783 enim
785 1734 869 1781 est
886 1724 991 1779 cibi
1022 1722 1241 1793 penuria
1273 1717 1510 1787 corpori,

127 1842 188 1878 nn
229 1833 306 1879 est
351 1820 641 1892 ignorantia
678 1818 909 1881 animae;
954 1813 1074 1869 fons
1121 1812 1212 1867 ille
1252 1811 1513 1866 bonorum

134 1915 352 1986 vangelia
377 1915 600 1969 clamat:
632 1908 745 1981 Ego
769 1924 883 1964 sum
910 1907 1059 1977 panis
1080 1904 1165 1975 qui
1188 1904 1251 1957 de
1266 1901 1390 1956 cwlo
1428 1900 1517 1952 de-

127 2009 180 2071 it,
205 2017 250 2061 et
284 2005 364 2075 qui
401 2005 486 2057 dat
512 2003 665 2056 vitam
703 1999 893 2053 mundo
932 1996 1109 2068 (Joan.
1137 1994 1190 2050 6.
1211 1993 1326 2064 41).
1358 1991 1517 2046 Panis

127 2117 151 2156 e
191 2099 389 2154 sensilis
413 2112 476 2151 ex
507 2106 648 2151 terra
700 2092 916 2164 prodit,
948 2098 1009 2145 ut
1051 2088 1252 2144 dictum
1286 2094 1408 2150 est,
1447 2082 1517 2138 Ut

127 2210 137 2245 ς
164 2206 331 2261 panem
357 2190 417 2242 de
445 2198 578 2242 terra
612 2183 783 2256 (Psal.
810 2182 935 2238 105.
961 2181 1048 2250 id)
1076 2196 1088 2233 :
1117 2176 1349 2233 celestis
1389 2189 1518 2228 vero

130 2299 193 2337 ex
231 2282 356 2337 caelo
399 2278 624 2334 scaturit
652 2292 667 2332 :
701 2275 814 2346 Ego
840 2273 983 2328 enim
1026 2285 1139 2325 sum
1166 2268 1314 2339 panis
1341 2266 1425 2336 qui
1455 2264 1519 2319 de

127 2372 351 2427 escendit.
368 2371 586 2425 Deserta
611 2368 808 2439 quippe
825 2373 940 2421 erat
955 2372 1094 2417 terra
1116 2356 1520 2426 sitiens,divino

128 2475 200 2519 ita
224 2463 419 2528 verbo,
466 2459 727 2531 spirituali
771 2456 1082 2527 irrigatione
1122 2452 1348 2522 privata.
1381 2446 1519 2516 Quid

145 2556 232 2610 illa
260 2557 369 2624 ipsa
409 2553 597 2624 gratia,
630 2565 751 2621 qute
778 2546 1036 2605 benelicia
1065 2543 1297 2611 emittit,
1337 2542 1519 2597 excla-

129 2646 191 2700 Si
218 2647 326 2713 quis
349 2646 475 2709 sitit,
503 2643 668 2697 veniat
690 2640 758 2694 ad
784 2656 862 2694 me
881 2649 927 2693 et
956 2636 1090 2691 bibat
1117 2633 1300 2705 (Joan.
1326 2634 1378 2687 7.
1403 2631 1517 2703 57).

127 2738 262 2792 enim
315 2736 527 2790 diverso
569 2732 728 2788 modo
766 2728 1070 2785 clamabant
1120 2726 1434 2797 prOphetre,
1466 2732 1520 2780 et

145 2840 451 2888 sanctorum
481 2828 679 2883 chorus
717 2825 836 2895 ejus
863 2823 1149 2877 adventum
1194 2818 1518 2889 expetebat,

148 2943 159 2978 :
188 2925 361 2991 Deus,
393 2921 533 2976 Deus
574 2935 713 2974 meus
741 2917 809 2971 ad
839 2924 888 2971 te
909 2915 974 2970 de
1014 2914 1127 2969 luce
1155 2911 1308 2983 vigilo
1333 2932 1349 2965 .-
1370 2911 1523 2965 sitivit

170 3032 281 3070 mea
308 3015 378 3068 ad
421 3012 585 3068 Deum
631 3011 797 3066 vivum
826 3007 1002 3081 (Psol.
1031 3005 1121 3061 62.
1149 3004 1204 3058 2.
1239 3012 1285 3058 et
1306 3004 1396 3058 41.
1422 3001 1479 3072 2)
1506 3017 1520 3068 ;

127 3106 334 3162 auderet
352 3105 589 3175 seipsum
616 3116 737 3158 esse
767 3115 925 3172 quem
948 3098 1200 3152 sitiebant
1227 3095 1522 3164 prophetai,

128 3195 349 3268 rangelia
379 3195 613 3251 clamat:
647 3192 708 3248 Si
732 3192 844 3263 quis
871 3191 977 3245 sitit
996 3230 1009 3255 ,
1054 3188 1217 3242 veniat
1242 3186 1309 3240 ad
1353 3201 1451 3251 tne,
1481 3193 1526 3237 et

127 3289 183 3343 Si
210 3287 332 3359 quis
360 3293 447 3342 est
474 3284 561 3339 illa
594 3282 817 3339 allectus
846 3281 1138 3352 cupiditate
1181 3293 1301 3350 quae
1327 3277 1405 3333 sic
1432 3292 1526 3332 ex-

127 3398 205 3447 ur,
242 3379 419 3435 Sitivit
445 3379 499 3432 in
528 3387 574 3432 te
602 3377 773 3430 animo
802 3391 943 3441 mea,
977 3373 1157 3428 veniat
1205 3371 1271 3426 ad
1303 3386 1409 3426 me.
1436 3368 1530 3423 Vi-

128 3486 304 3526 -ursus
325 3470 516 3526 orbem
536 3468 752 3532 nudum,
780 3482 885 3521 non
912 3481 1159 3535 corpore,
1185 3464 1280 3520 sed
1304 3465 1527 3520 virtute:

129 3575 147 3618 t
172 3562 455 3635 Opiﬁcium
479 3577 634 3616 suum
658 3600 673 3626 ,
716 3571 773 3615 et
798 3560 1052 3614 misertus
1080 3567 1162 3613 est
1186 3556 1303 3627 eius
1321 3597 1336 3621 ,
1367 3571 1531 3626 seque

128 3656 227 3711 dat
252 3654 421 3710 nudis
446 3652 838 3716 indumentum,
868 3660 923 3704 ut
941 3650 1053 3720 jam
1096 3658 1222 3704 ante
1250 3648 1484 3703 diximus
1513 3664 1530 3702 :

127 3764 261 3819 nque
285 3747 343 3801 in
393 3746 654 3802 Christum
682 3743 924 3814 baptisati
974 3743 1091 3796 estis
1116 3783 1131 3807 ,
1163 3740 1418 3795 Clu-istum
1447 3741 1533 3794 in-

140 3840 294 3911 (ϐαι.
326 3840 387 3894 5.
417 3837 538 3909 27).
565 3836 859 3891 Erraverat
891 3842 1029 3889 terra
1058 3834 1196 3888 viam
1244 3848 1492 3904 quaerens
1515 3874 1532 3900 ,

127 3934 357 3989 veniens
401 3949 416 3985 :
451 3929 628 3985 omnis
667 3927 868 3997 quippe
896 3926 1075 3981 anima
1107 3939 1292 3981 semen
1323 3925 1535 3981 theolo-

164 4040 227 4079 se
260 4024 467 4088 habet;
498 4032 552 4077 et
581 4021 706 4076 licet
745 4020 795 4073 in
827 4034 886 4073 se
914 4017 1177 4085 haberet,
1222 4018 1533 4085 nesciebat,

130 4116 208 4170 do
238 4115 295 4170 id
326 4113 477 4185 quod
504 4110 842 4167 desiderabat
867 4110 1221 4181 perquireret.
1250 4109 1382 4177 Quia
1408 4124 1538 4180 ergo

127 4222 175 4262 :s
212 4207 365 4261 viam
397 4203 734 4275 ignorabant,
760 4200 869 4272 Ego
894 4217 1005 4255 sum
1029 4200 1111 4255 cia
1140 4198 1317 4270 (Joan.
1340 4201 1536 4271 14.6),

161 4302 240 4355 At
270 4307 528 4353 mortuus
559 4295 661 4350 es?
696 4292 806 4366 Ego
855 4310 971 4348 sum
1019 4295 1319 4350 resurrectio
1340 4295 1357 4364 (
1377 4293 1536 4349 Joan.

137 4432 149 4445 .
178 4394 254 4445 At
295 4390 554 4444 inﬁrmus
583 4401 642 4441 es
664 4427 680 4451 ,
722 4396 777 4441 et
817 4386 979 4441 ductu
1030 4400 1164 4457 opus
1194 4386 1398 4441 habes?
1430 4387 1541 4458 Ego

133 4498 232 4553 rga
268 4482 346 4536 de
394 4480 580 4535 radice
604 4478 759 4533 Jesse
780 4518 796 4541 ,
826 4493 945 4548 qua:
970 4487 1234 4533 sustentat
1265 4478 1504 4533 inﬁrmos
1523 4520 1539 4546 ,

154 4574 300 4628 dicit
334 4572 605 4643 pmpheta
631 4588 645 4624 :
672 4568 828 4640 Virga
854 4580 941 4623 tua
968 4578 1012 4623 et
1032 4568 1243 4625 baculus
1268 4578 1401 4636 tuus,
1429 4570 1541 4640 ipsa

127 4667 312 4718 solata
343 4673 468 4718 sunt
495 4660 655 4732 (Isai.
678 4662 767 4715 11.
796 4658 873 4731 1).
898 4659 1008 4715 Cur
1042 4661 1221 4729 virga,
1253 4676 1350 4714 cur
1380 4661 1543 4714 bacu-

130 4760 223 4813 uia
243 4758 409 4814 omni
441 4756 587 4811 inlati
605 4761 919 4823 competunt
947 4770 961 4818 ;
988 4752 1211 4823 juvenes
1238 4754 1542 4819 instituunt,

132 4857 377 4906 irmant.
418 4849 634 4923 Verum,
663 4862 696 4901 ο
728 4847 971 4907 Domine,
998 4844 1314 4899 Esurientem
1340 4862 1417 4900 tne
1447 4861 1543 4899 nu-

164 4944 383 4999 sitienti
415 4952 589 5013 potum
615 4940 819 5003 dedisti,
852 4938 1042 4992 nudum
1065 4938 1327 5009 aperuisti,
1358 4953 1547 4993 erran-

127 5033 379 5099 duxisti,
415 5032 683 5087 inﬁrmum
705 5030 1048 5094 sustentasti;
1077 5031 1214 5083 viam
1245 5029 1546 5097 ingressus,

127 5142 145 5179 ς
195 5124 449 5194 vestigia
497 5131 816 5191 assequutus
864 5135 1029 5174 sum:
1062 5129 1267 5189 portam
1309 5120 1551 5175 veritatis

143 5236 158 5273 :
193 5218 333 5288 quis
368 5213 663 5271 ostendet?
689 5212 800 5284 Ego
826 5229 937 5267 sum
956 5215 1138 5267 ostium
1171 5210 1350 5281 (Joan.
1372 5208 1458 5265 10.
1475 5209 1554 5280 9),

127 5329 136 5363 :
165 5309 432 5379 quisque
448 5305 513 5359 ad
541 5306 755 5360 Patrem
786 5302 1105 5373 ingreditur.
1134 5303 1236 5357 Per
1261 5305 1552 5374 te,quare?

127 5416 251 5456 tum
284 5399 496 5456 salutis
520 5406 729 5468 aperta,
758 5410 917 5466 quam
947 5394 1139 5465 quaerit
1158 5394 1346 5450 beatus
1364 5394 1551 5463 David,

127 5510 179 5550 τι]
217 5494 444 5549 multas
473 5492 798 5563 cogitasset,
831 5504 990 5545 unani
1024 5487 1268 5557 invenit,
1297 5498 1351 5544 et
1380 5489 1555 5559 primo

134 5584 376 5655 Aperite
408 5584 538 5637 mihi
567 5593 739 5654 portas
773 5582 1024 5652 justitiae;
1055 5582 1307 5651 ingressus
1354 5584 1405 5635 in
1433 5599 1550 5649 eas,

127 5675 223 5729 Sor
279 5674 525 5729 Domino
573 5673 744 5743 (I'sal.
778 5674 864 5726 17.
896 5673 1003 5741 19).
1036 5674 1368 5731 Postulatum
1397 5689 1544 5732 asse-

252 5762 554 5822 ΡΑτιιοι..
602 5761 721 5822 Gn.
766 5761 987 5824 LXIII.

3090 230 3196 288 ΒΜ

1617 347 1814 410 quutus
1834 380 1849 405 ,
1880 346 1939 393 ut
1983 336 2186 395 invenit
2216 338 2267 394 id
2298 339 2439 410 quod
2488 357 2593 397 non
2620 344 2962 414 exspectabat
2990 386 3005 411 ,
3036 362 3195 402 uuam

1619 432 1842 493 scilicet,
1875 446 1981 484 non
2010 432 2205 486 multas
2228 476 2241 497 ,
2276 435 2502 503 repetita
2531 452 2662 491 voce
2691 437 2823 495 dicit
2849 456 2861 493 :
2902 438 3025 496 Hcec
3050 456 3197 513 porta

1615 520 1866 585 Domini;
1908 523 2040 591 justi
2070 523 2326 578 intrabant
2372 525 2425 579 in
2467 542 2599 582 eam.
2650 529 2849 585 Deinde
2890 532 3195 602 prephetica

1616 612 1821 683 visione
1850 620 1905 666 et
1930 612 2091 666 animi
2117 613 2387 669 desiderio
2408 616 2551 673 intus
2568 619 2861 697 ingressus,
2884 624 3033 693 quasi
3058 625 3195 678 intra

1618 705 1816 775 regiam
1839 705 2186 772 constitutus,
2208 705 2500 777 Conﬁtebor
2530 712 2640 777 tibi,
2667 713 2861 783 inquit,
2892 716 3011 783 quia
3036 733 3199 771 exau-

1617 795 1736 851 disti
1759 813 1857 850 me.
1884 796 1997 861 Dic,
2030 799 2287 868 prOpheta
2309 810 2366 857 et
2396 802 2665 874 theologe,
2693 810 2965 866 conﬁteris
2986 824 3039 868 et
3075 830 3195 885 gra‘

1621 887 1719 941 tias
1742 887 1854 957 agis
1890 887 2043 942 Deo?
2087 888 2215 957 quid
2246 897 2651 960 exspectatione
2683 907 2768 953 tua
2798 899 3014 970 dignum
3049 880 3200 959 inve-
3292 880 3296 905 τ

1618 976 1743 1031 nisti
1767 976 1791 1030 ?
1815 976 1916 1044 Qui
1947 978 2168 1048 cupiunt
2188 980 2239 1033 in
2259 980 2476 1037 domum
2507 986 2704 1055 regiam
2738 987 2966 1059 ingredi,
2986 1005 3202 1062 sperant
3246 1028 3262 1045 .

1619 1082 1678 1121 se
1706 1067 1890 1122 oculos
1916 1069 2276 1124 exsatiaturos
2307 1086 2429 1127 esse
2457 1078 2803 1143 spectaculis,
2833 1081 2950 1136 auri
2977 1092 3034 1137 et
3061 1100 3204 1139 mar-

1626 1171 1837 1211 morum
1870 1156 2101 1227 fulgore,
2124 1158 2431 1216 divitiarum
2461 1164 2621 1220 variis
2647 1166 2867 1225 ﬁoribus
2890 1212 2907 1237 ,
2949 1174 3205 1231 satellitiu

1619 1256 1675 1302 et
1699 1248 1835 1302 solio
1860 1250 2029 1319 regio,
2054 1266 2238 1322 regum
2268 1255 2587 1313 muneribus
2611 1274 2625 1312 :
2652 1258 2768 1314 haec
2795 1261 2992 1332 singuli
3019 1265 3201 1321 videre

1620 1340 1919 1407 cupientes;
1952 1342 2154 1412 regiam
2183 1353 2464 1414 expetunt,
2492 1356 2547 1402 et
2570 1348 2845 1406 desiderio
2876 1353 3090 1411 ardent.
3122 1357 3203 1413 Tu

1624 1444 1756 1483 vero
1782 1430 1907 1499 quid
1933 1431 2212 1489 desideras
2239 1450 2426 1491 eorum
2450 1478 2466 1504 ,
2490 1454 2609 1508 quae
2650 1441 2923 1512 ingressus
2954 1460 3050 1514 per
3078 1463 3203 1517 por-

1623 1529 1730 1575 tant
1755 1521 2048 1577 invenisti?
2076 1526 2144 1580 de
2174 1541 2276 1596 qua
2299 1543 2359 1583 re
2382 1531 2582 1598 gratias
2609 1534 2767 1603 agis?
2795 1537 2921 1605 quid
2954 1557 3203 1613 magnum

1622 1613 1911 1669 invenisti?
1939 1616 2065 1685 quid
2117 1619 2408 1687 cupiditate
2449 1622 2709 1691 dignum?
2738 1632 2947 1699 explica
2990 1636 3206 1693 deside-

1624 1705 1759 1759 rium
1788 1716 1956 1771 tuum,
1985 1722 2053 1762 ne
2074 1707 2295 1766 Judaica
2324 1712 2652 1782 impudentia
2680 1721 2956 1779 veritatem
2998 1729 3206 1785 calum-

1622 1798 1820 1853 nietur.
1850 1797 1987 1865 Quid
2016 1799 2304 1856 invenisti?
2329 1806 2455 1875 quid
2484 1808 2778 1875 praedicas?
2805 1816 2930 1885 quid
2959 1821 3206 1876 miraris?

1622 1889 1929 1955 Christum,
1965 1890 2165 1962 inquit,
2200 1893 2410 1963 inveni,
2438 1896 2640 1955 Christi
2668 1909 3023 1964 teconomiani
3059 1914 3164 1968 vidi
3187 1957 3204 1979 ,

1623 1997 1813 2086 novam
1839 1984 2064 2058 gratiam
2090 2026 2107 2052 ,
2158 2003 2351 2043 novum
2382 1989 2695 2050 beneﬁcium
2718 2038 2736 2063 ,
2759 2000 3048 2069 gloriosam
3081 2023 3206 2075 pas-

1623 2083 1853 2178 sionem,
1882 2092 2139 2178 arcanum
2168 2083 2483 2153 mysterium
2506 2103 2522 2143 :
2544 2087 2657 2144 haec
2680 2092 2857 2160 viden,
2884 2095 2997 2152 haec
3019 2102 3204 2169 miror,

1625 2180 1726 2236 pro
1756 2166 1838 2220 his
1863 2169 2063 2239 gratias
2092 2185 2214 2241 ago,
2246 2171 2469 2230 dicens:
2494 2176 2783 2249 Conﬁtebor
2810 2186 2922 2251 tibi,
2966 2192 3087 2257 quin
3113 2166 3211 2247 ex;

1623 2257 1811 2355 audisti
1833 2274 1933 2355 me,
1962 2269 2011 2355 et
2035 2263 2202 2355 factus
2226 2280 2279 2319 es
2297 2266 2491 2321 niihi’in
2509 2270 2725 2325 salutem
2743 2274 2913 2346 (Psal.
2942 2281 3063 2335 117.
3086 2283 3203 2355 21).

1624 2348 1740 2403 Non
1796 2351 1918 2405 celo
1957 2352 2277 2410 beneﬁcium
2302 2397 2318 2422 ,
2355 2374 2461 2413 non
2492 2362 2769 2421 abscondo
2811 2370 3082 2440 salutem,
3112 2348 3209 2432 sed

1624 2444 1981 2544 (Economiam
2017 2450 2313 2544 annuntio.
2340 2450 2592 2522 Lapidem
2636 2475 2785 2528 quem
2813 2465 3211 2533 reprabuverunt

1623 2532 1937 2632 testiﬁcantes
1960 2575 1975 2600 ,
2006 2536 2088 2632 hic
2113 2541 2282 2609 factus
2307 2550 2380 2596 est
2408 2543 2460 2597 in
2486 2557 2638 2614 caput
2664 2552 2841 2618 anguli
2874 2532 2899 2623 ν(
2907 2553 2987 2607 Ib.
3016 2574 3065 2612 υ.
3091 2558 3207 2632 22).

1628 2626 1816 2682 Viden’
1829 2630 2099 2698 quomodo
2123 2635 2413 2704 gratiarum
2432 2639 2574 2694 actio
2600 2639 2879 2701 historiam
2899 2626 3212 2719 aperuerii?

1626 2719 1914 2790 Conﬁtebor
1947 2723 2056 2791 tibi,
2083 2727 2325 2795 quoniam
2359 2731 2614 2786 exaudiui
2635 2751 2732 2802 me,
2752 2748 2798 2791 et
2818 2741 2986 2810 factus
3013 2759 3065 2797 es
3088 2746 3213 2800 mihi

1628 2815 1683 2870 in
1709 2817 1947 2873 salutem.
1980 2817 2231 2891 Lapidem
2260 2837 2409 2891 quem
2440 2827 2829 2893 reprobaverunt
2863 2832 3210 2905 aediﬁcantes,

1577 2922 1583 2928 '
1629 2909 1709 2962 hic
1732 2910 1897 2979 factus
1923 2920 1997 2965 est
2016 2912 2070 2965 in
2097 2922 2251 2981 caput
2278 2916 2479 2985 anguli.
2508 2916 2696 2972 Viden‘
2720 2924 2993 2988 quomodo
3037 2929 3215 2984 omnis

1632 3002 2011 3072 prophetarum
2041 3008 2373 3074 exspectatio
2420 3009 2589 3078 ipsam
2635 3017 2990 3071 oeconomiam
3040 3023 3215 3090 respi-

1632 3096 1757 3160 ciat,
1791 3106 1845 3150 et
1870 3095 2144 3151 Christum
2173 3096 2446 3156 desideret
2475 3102 2527 3156 in
2557 3118 2826 3178 synagoga
2856 3120 3172 3169 contentum
3197 3156 3213 3181 ,

1632 3186 1726 3242 sed
1754 3186 1894 3256 apud
1923 3195 2111 3257 gentes
2137 3189 2489 3247 celebratum.
2520 3193 2705 3266 Itaque
2728 3239 2743 3263 ,
2777 3208 2836 3254 ut
2859 3201 2925 3256 ad
2976 3218 3133 3273 proin
3147 3206 3221 3263 si-

1637 3285 1745 3331 tum
1774 3287 2134 3344 revertamur,
2175 3281 2217 3335 si
2250 3293 2458 3350 portam
2484 3301 2720 3355 quaeras,
2753 3290 3026 3349 Christum
3065 3297 3212 3352 inve-

1636 3368 1773 3423 nies.
1803 3370 1870 3423 Et
1913 3385 2042 3426 sane
2065 3410 2082 3437 ,
2109 3370 2318 3443 inquies
2342 3414 2356 3438 ,
2387 3386 2536 3446 porta
2586 3390 2669 3434 est
2710 3382 2780 3437 ob
2836 3384 3217 3457 benignitatem

1636 3476 1807 3517 suam.
1839 3462 1943 3518 Sed
1974 3463 2094 3532 quia
2116 3478 2249 3534 opus
2279 3475 2363 3520 est
2381 3468 2453 3533 ei,
2482 3470 2574 3539 qui
2600 3470 2653 3526 in
2683 3472 2887 3543 regiam
2914 3486 2970 3531 et
2998 3479 3051 3533 in
3085 3490 3221 3535 tem-

1639 3555 1785 3625 plum
1818 3555 1915 3613 Dei
1943 3555 2271 3626 ingreditur,
2289 3568 2347 3613 ut
2394 3561 2672 3618 ductorem
2705 3581 2772 3620 eo
2800 3582 2911 3636 quo
2951 3568 3056 3625 fert
3101 3573 3219 3627 ani-
3254 3602 3260 3607 -

1639 3663 1757 3701 mus
1788 3646 1981 3702 habeat
2013 3650 2197 3720 (nemo
2225 3652 2370 3707 enim
2408 3654 2473 3708 ad
2523 3655 2691 3713 altare
2740 3659 2997 3715 accedere
3040 3665 3177 3719 ausit
3206 3709 3220 3728 ,

1640 3739 1741 3793 nisi
1771 3739 2027 3795 sacerdos
2056 3740 2217 3813 adsit)
2242 3758 2257 3807 ;
2284 3757 2405 3798 cuin
2437 3761 2529 3814 per
2559 3757 2767 3817 portam
2807 3751 3082 3822 ingressus
3104 3753 3222 3813 fuc-

1641 3830 1715 3884 ris
1735 3871 1751 3897 ,
1776 3830 1951 3900 ipsum
1981 3831 2317 3889 sacerdotem
2352 3835 2591 3893 invenies
2619 3878 2636 3905 ,
2669 3839 2759 3910 qui
2789 3850 2842 3895 te
2887 3842 3173 3899 admoveat
3206 3865 3219 3898 :

1640 3920 1720 3974 Tu
1744 3921 1887 3976 enim
1920 3937 1975 3976 es
1997 3923 2233 3978 sacerdos
2276 3925 2332 3978 in
2383 3936 2628 3982 (eternium
2678 3932 2957 3986 secundum
2996 3937 3225 3991 ordinem

1644 4011 2019 4068 Melchisedech
2052 4012 2225 4085 (Psal.
2258 4016 2384 4073 109.
2410 4019 2490 4090 4).
2517 4018 2621 4075 Sed
2655 4035 2791 4092 opus
2840 4023 3001 4081 habet
3039 4043 3225 4085 sacer‘

1644 4105 1742 4161 dos
1786 4106 1959 4162 hostia
2008 4117 2061 4163 et
2104 4108 2354 4176 victima,
2387 4119 2445 4165 ut
2472 4111 2638 4168 Deum
2688 4117 2973 4185 propitium
3018 4120 3221 4176 reddat.

1646 4197 1763 4267 Ipse
1791 4197 1883 4253 tibi
1909 4198 2120 4252 victima
2150 4207 2234 4254 est
2254 4216 2267 4252 :
2290 4199 2423 4255 Ecce
2435 4199 2612 4271 Agnus
2628 4202 2744 4271 Dei,
2775 4207 2866 4276 qui
2890 4208 3020 4263 tollit
3046 4228 3229 4280 pecca-

1646 4301 1752 4344 tum
1775 4290 1953 4343 mundi
1984 4288 2165 4361 (Joan.
2196 4288 2380 4365 1.29).
2408 4293 2535 4350 Haec
2559 4298 2736 4352 omnia
2760 4309 2978 4369 propter
3008 4304 3228 4357 teaudi-

1643 4385 1766 4438 visti
1789 4384 1812 4439 ?
1837 4383 1962 4438 audi
1983 4383 2093 4453 jam
2146 4394 2366 4457 propter
2396 4387 2591 4457 ipSum.
2614 4389 2691 4445 Ne
2712 4392 2871 4448 sistas
2898 4394 3142 4449 intuitum
3177 4399 3229 4451 in

1647 4474 1930 4529 sacerdotii
1954 4473 2142 4530 ordine
2169 4514 2185 4540 ,
2219 4491 2287 4531 ne
2313 4478 2572 4548 respicias
2603 4480 2749 4535 illum
2785 4491 2843 4537 ut
2892 4486 3227 4543 sacerdotem

1646 4567 1988 4631 adstantem;
2029 4568 2123 4624 sed
2174 4572 2386 4640 respice
2416 4570 2564 4626 illum
2597 4588 2695 4643 per
2720 4590 2871 4630 suam
2914 4578 3229 4649 dignitatem

1645 4680 1768 4720 cum
1805 4663 1964 4716 Patre
1993 4658 2295 4718 sedentem.
2332 4663 2527 4719 Verum
2556 4680 2623 4721 ne
2648 4667 2810 4734 adsit,
2844 4672 3083 4729 veritatis
3122 4676 3230 4731 ini-

1650 4753 1842 4815 micus,
1874 4751 1965 4821 qui
1993 4753 2095 4807 alia
2125 4754 2347 4821 adimat,
2378 4756 2482 4810 alia
2514 4757 2670 4812 celet.

1720 4844 2173 4940 Contra-Arianae
2201 4878 2273 4888 —
2301 4848 2432 4904 Novi
2466 4850 2777 4909 hmreticum
2804 4857 3117 4929 quempiam’
3137 4878 3234 4919 ve-

1652 4936 1827 4989 ritatis
1863 4933 2151 4992 inimicum
2194 4953 2339 5008 saepe
2386 4939 2633 4998 dixisse:
2681 4944 2868 5001 Viden‘
2911 4966 3018 5007 non
3072 4967 3233 5021 posse

1652 5029 1960 5098 quempiam
1989 5030 2054 5082 ad
2082 5029 2295 5086 Patrem
2328 5033 2585 5091 accedere
2617 5038 2737 5094 sine
2767 5039 2946 5096 Filio?
2972 5047 3236 5103 mediato-

1655 5122 1731 5175 ris
1749 5122 1947 5193 quippe
1971 5121 2215 5178 ordinem
2246 5132 2392 5181 tenet
2420 5142 2484 5182 ac
2512 5129 2768 5197 ministri,
2790 5136 2879 5205 qui
2908 5152 3005 5192 eos
3030 5143 3120 5210 qui
3152 5157 3236 5197 sa.

1658 5216 1821 5269 lutem
1853 5226 2257 5285 consequuntur
2286 5218 2429 5275 Patri
2461 5219 2639 5279 oﬁ‘ert.
2668 5223 2804 5293 Quia
2842 5230 2986 5284 enim
3024 5232 3235 5304 inquit,

1658 5321 1794 5362 nova
1844 5308 2107 5376 sapientia
2146 5310 2428 5369 veritatem
2484 5318 2764 5384 innovari;
2813 5337 2986 5394 neque
3032 5337 3238 5395 poterat

1657 5400 1801 5454 enim
1834 5399 2063 5453 humana
2096 5408 2280 5454 natura
2307 5418 2401 5473 per
2427 5420 2486 5459 se
2506 5409 2572 5460 ad
2600 5408 2762 5467 Deum
2788 5414 3050 5471 accedere
3080 5435 3094 5469 :
3120 5418 3241 5474 ideo

1659 5492 1868 5549 medius
1892 5493 2031 5548 inter
2067 5488 2301 5550 creatam
2330 5506 2385 5553 et
2432 5498 2723 5557 increatam
2775 5514 3020 5561 naturam
3074 5506 3242 5563 Filius

1660 5584 1918 5641 mundum
1940 5581 2104 5643 offert
2153 5587 2285 5644 Deo.
2317 5589 2363 5647 Ο
2412 5588 2623 5648 novam
2643 5597 2904 5654 insaniam
2934 5600 2947 5653 l
2981 5616 3012 5654 ο
3045 5616 3242 5657 novant

1662 5674 1925 5733 fabulam!
1958 5680 2228 5735 excellens
2254 5683 2423 5740 Patris
2488 5687 2700 5745 bonitas
2729 5692 3064 5761 periclitatur
3103 5696 3242 5766 apud

2818 5777 2896 5837 27
