3872 6396
538 296 641 367 53:;

544 424 853 491 lttereticos,
877 419 965 490 qui
994 414 1293 473 divinitatis
1332 413 1640 484 dignitatem
1670 413 1976 467 obscurant.
2010 408 2114 462 Ve—

541 528 656 567 rum
688 513 1062 567 haereticorum
1098 507 1305 562 insania
1338 504 1567 571 ferocit;
1600 503 1908 560 Servatoris
1936 509 2115 555 autem

540 611 776 670 potestas
828 616 932 654 nou
990 598 1291 662 minuitur,
1351 594 1520 667 gloria
1571 608 1677 649 non
1726 591 2116 660 exStiuguitur,

539 693 705 761 gratia
756 705 863 745 non
892 688 1173 745 evertitur.
1205 687 1264 742 Si
1295 702 1387 740 nos
1413 727 1428 751 ,
1482 684 1690 755 inquit,
1733 682 2076 753 negaverimus
2100 720 2115 745 ,

539 787 625 838 ille
670 783 839 852 ﬁdelis
891 791 1058 836 manet
1103 779 1201 853 (2.
1226 778 1356 833 Tim.
1380 777 1435 831 2.
1468 776 1600 849 15):
1644 775 1878 845 seipsum
1926 772 2121 843 quippe

540 890 735 944 negare
766 889 872 929 non
904 882 1100 944 potest.
1134 870 1250 925 Una
1298 868 1449 923 sedet
1478 868 1546 922 ob
1593 865 1905 935 dignitatem
1934 876 2117 923 suam;

540 976 645 1020 stat
675 980 805 1021 vero
833 974 894 1019 ut
922 961 1174 1018 sacerdos
1203 960 1274 1016 ob
1303 959 1407 1015 sibi
1440 958 1679 1012 innatam
1712 955 2117 1026 benignitatem.

494 1076 518 1093 ι
611 1058 666 1113 ’5.
698 1056 763 1110 Et
790 1070 901 1109 rem
944 1053 1137 1108 miram
1164 1049 1469 1113 considera,
1505 1048 1691 1103 frater.
1721 1046 1855 1115 Quia
1883 1046 1938 1099 in
1981 1042 2120 1099 servi

545 1148 789 1203 ordinem
813 1156 868 1201 et
896 1145 1127 1201 ministri
1158 1145 1383 1199 formam
1418 1140 1533 1195 haec
1572 1138 1738 1193 verba
1766 1137 2120 1207 detorquent,

545 1242 713 1296 Nemo
764 1242 898 1293 venit
935 1239 1001 1291 ad
1046 1236 1253 1291 Patrem
1277 1275 1291 1300 ,
1322 1234 1417 1287 nisi
1448 1248 1535 1303 per
1584 1246 1662 1284 me
1708 1228 1888 1301 (Joan.
1925 1228 2013 1282 14.
2042 1224 2120 1297 6).

546 1333 908 1389 necessarium
938 1339 1022 1386 est
1066 1330 1132 1383 ad
1164 1326 1449 1382 hmreticos
1488 1323 1777 1393 impietatis
1803 1321 2007 1377 crimen
2038 1334 2126 1375 re-

548 1437 821 1496 torquere.
848 1424 905 1479 Si
935 1420 1076 1492 quod
1106 1421 1250 1475 Patri
1280 1418 1448 1472 Filius
1475 1415 1687 1481 oll‘erat,
1722 1413 1775 1469 id
1804 1412 2119 1482 dignitatem

550 1516 828 1572 offerentis
859 1514 1039 1579 tollit;
1071 1512 1113 1565 si
1144 1510 1355 1565 Patrem
1385 1506 1569 1562 videas
1598 1506 1737 1562 Filio
1785 1503 2121 1568 offerentem,

546 1610 673 1665 illuc
701 1607 1027 1676 impietatem
1054 1601 1319 1657 extendis.
1343 1600 1572 1654 Maxime
1608 1613 1736 1669 ergo
1762 1638 1775 1661 ,
1808 1596 1935 1651 dum
1965 1594 2127 1663 impie

546 1704 658 1772 agis
692 1700 756 1753 1n
802 1698 1027 1763 Filium,
1080 1694 1133 1748 in
1187 1692 1397 1748 Patrem
1450 1690 1808 1760 bIaSpltemas.
1844 1686 1911 1742 Ut
1958 1700 2123 1755 ergo,

548 1795 758 1855 fratres,
789 1790 840 1843 in
870 1787 1036 1842 verbo
1068 1784 1281 1855 pietatis
1301 1791 1356 1838 et
1380 1781 1622 1837 veritatis
1652 1778 1948 1848 nequitiam
1971 1790 2123 1831 com-

550 1886 879 1953 primamus,
913 1886 967 1934 et
1014 1878 1156 1947 piam
1202 1876 1523 1930 sententiam
1568 1866 2129 1938 declaremus(Vivus

548 1988 617 2031 est
648 1977 777 2029 enim
805 1987 966 2027 sermo
996 1970 1093 2025 Dei
1115 1981 1159 2025 et
1188 1970 1382 2041 efﬁcax,
1408 1978 1453 2021 et
1472 1963 1827 2038 penetrabilior
1847 1962 1984 2017 omni
2015 1961 2130 2031 gla-

548 2070 631 2121 dio
660 2067 865 2137 ancipiti
895 2064 1093 2138 [Helm
1124 2065 1175 2118 4.
1204 2060 1312 2134 12]
1349 2080 1361 2115 :
1392 2060 1625 2132 gladium
1647 2056 1934 2127 ancipitem
1952 2064 2128 2120 vocat,

548 2163 671 2231 quia
702 2158 897 2229 duplici
942 2157 1105 2211 utitur
1134 2167 1384 2211 sermone
1407 2193 1420 2217 ,
1440 2152 1544 2207 alio
1575 2151 1823 2204 firmante
1840 2189 1854 2214 ,
1878 2146 1985 2202 alio
2007 2144 2134 2200 sub-

548 2260 821 2311 vertente;
849 2247 1192 2303 subvertente
1217 2244 1577 2308 adversarios,
1609 2240 1854 2295 firmante
1876 2237 2133 2293 domesti-

550 2361 641 2399 cus
674 2340 848 2410 fidei):
868 2339 989 2393 audi
1016 2339 1188 2409 ipsum
1217 2337 1497 2391 Dominum
1520 2332 1784 2388 dicentem
1812 2348 1825 2385 :
1851 2328 2016 2383 Nemo
2043 2344 2134 2399 po-

550 2446 641 2491 test
668 2435 830 2489 venire
853 2432 921 2485 ad
941 2449 1018 2486 me
1041 2471 1056 2497 ,
1082 2430 1178 2483 nisi
1202 2426 1356 2481 Pater
1383 2442 1521 2479 meus
1542 2423 1754 2479 cwlestis
1784 2421 1993 2477 traxerit
2022 2435 2135 2474 eum

552 2527 797 2601 (Joan.6.
826 2526 938 2595 44).
969 2522 1339 2579 Necessarium
1368 2528 1544 2574 autem
1567 2526 1669 2583 est,
1699 2517 1909 2582 fratres,
1937 2528 2137 2585 eaqua:

552 2628 849 2688 opportuna
891 2624 1015 2671 sunt
1033 2613 1300 2669 hzereticis
1329 2611 1511 2666 dicere
1536 2651 1550 2675 ,
1575 2621 1627 2664 et
1650 2609 1789 2664 hanc
1813 2607 2135 2663 sententiam

553 2711 675 2765 fidei
707 2709 829 2764 filiis
854 2707 1139 2762 inculcare.
1170 2704 1277 2759 Cur
1297 2703 1442 2757 illam
1459 2700 1781 2757 oblationem
1807 2699 2136 2770 unigenitum

556 2804 645 2858 Dei
661 2801 892 2857 Verbum
925 2799 1121 2863 divisit,
1156 2796 1314 2850 modo
1329 2790 2015 2859 dicensabsePatri,modo
2037 2790 2137 2846 sibi

555 2910 582 2947 a
613 2892 766 2947 Patre
793 2890 1011 2945 uficrri?
1040 2901 1213 2957 neque
1252 2886 1395 2942 enim
1414 2900 1473 2941 ea
1490 2898 1607 2955 quae
1622 2882 1690 2937 ad
1719 2882 1952 2937 divinam
1985 2889 2139 2936 natu-

556 3000 667 3038 ram
687 2977 1392 3051 pertinentconfunduntur;
1412 2975 1505 3032 sed
1520 2978 1738 3029 verbum
1763 2973 2001 3029 veritatis
2024 2974 2137 3044 pla-

556 3090 679 3129 num
707 3082 759 3127 ct
782 3072 1088 3127 distinctum
1105 3080 1207 3134 cst,
1236 3068 1366 3122 nihil
1391 3068 1593 3122 habens
1612 3066 1886 3137 obliquum
1915 3074 2007 3120 aut
2030 3076 2140 3121 tor-

557 3178 765 3223 tuosum
797 3183 810 3220 :
837 3163 1021 3218 Onmes
1038 3164 1179 3218 enim
1210 3162 1301 3215 vite
1316 3159 1520 3213 Domini
1538 3168 1689 3213 recta:
1710 3156 1880 3226 (Psal.
1904 3156 1994 3213 24.
2021 3156 2137 3227 10).

630 3258 767 3312 Deus
791 3255 1042 3327 quomodo
1068 3263 1183 3321 stet,
1206 3251 1461 3321 quomodo
1490 3250 1678 3306 sedeat.
1703 3278 1773 3289 —
1804 3250 1941 3305 Num
1967 3264 2101 3320 ergo
2118 3291 2133 3316 ,

560 3351 775 3416 fratres,
798 3349 979 3412 Pater,
1013 3345 1174 3401 modo
1200 3344 1395 3400 sedens
1422 3343 1726 3413 primasque
1764 3350 1974 3411 tenens,
1992 3340 2141 3395 obla-

558 3452 641 3496 tos
669 3440 887 3509 recipit;
921 3437 1082 3494 modo
1108 3436 1281 3501 Filio,
1309 3436 1361 3490 in
1407 3434 1555 3505 regio
1586 3432 1771 3490 habitu
1822 3430 2030 3489 sedenti
2078 3443 2134 3488 et

562 3535 759 3604 primas
791 3531 1016 3597 tenenti,
1044 3530 1285 3586 debitum
1317 3527 1496 3583 reddit
1522 3536 1577 3583 et
1606 3527 1660 3582 in
1689 3526 1923 3581 ministri
1948 3525 2138 3581 ordine

559 3625 819 3695 quosdam
850 3623 985 3678 Filio
1015 3621 1210 3677 affert?
1234 3620 1390 3676 Absit
1416 3638 1430 3674 :
1462 3633 1585 3674 nam
1627 3618 1681 3673 in
1726 3618 1838 3674 Deo
1862 3659 1876 3684 ,
1905 3632 2029 3673 cum
2056 3631 2142 3673 se-

562 3721 683 3774 dem
713 3717 835 3786 quis
864 3714 1126 3780 nominat,
1173 3728 1279 3769 non
1308 3712 1470 3768 debet
1496 3711 1791 3765 humanum
1820 3708 2019 3781 aliquid
2048 3724 2143 3765 co-

565 3812 737 3880 gitare
763 3824 778 3872 ;
805 3821 980 3877 neque
1010 3818 1131 3860 cum
1162 3813 1307 3859 stare
1338 3803 1479 3857 Deus
1511 3800 1727 3866 dicitur,
1752 3800 1805 3854 id
1835 3800 1998 3856 debet
2041 3799 2142 3853 htt-

561 3913 723 3955 mano
751 3911 901 3952 more
946 3894 1188 3965 intelligi.
1214 3891 1271 3949 Si
1300 3892 1467 3948 Deum
1517 3899 1663 3945 stare
1692 3890 1878 3945 audias
1901 3932 1916 3957 ,
1949 3890 2145 3946 divinae

564 3990 875 4047 substantiae
903 3994 1107 4042 rectam
1136 3984 1442 4039 firmitatem
1489 3982 1729 4052 intellige
1757 3997 1771 4035 :
1801 3982 1845 4036 si
1888 3983 2034 4053 legas
2058 3983 2144 4038 vel

565 4082 749 4137 audias
773 4082 945 4150 ipsum
976 4076 1185 4141 sedere,
1212 4077 1589 4129 inconcussam
1618 4073 1788 4128 beata:
1810 4080 2015 4128 naturae
2039 4082 2148 4128 sta-

555 4175 825 4228 bilitatem
866 4170 1060 4242 cogita.
1094 4169 1211 4238 Ipse
1238 4167 1368 4222 dicit
1396 4182 1454 4222 se
1485 4178 1627 4222 stare
1653 4176 1708 4221 et
1729 4164 1919 4222 sedere
1943 4186 1956 4221 :
1978 4167 2145 4239 Moysi

548 4266 694 4320 edicit
722 4282 735 4318 :
766 4262 849 4316 Tu
876 4272 954 4316 sta
974 4262 1057 4315 hic
1087 4276 1297 4313 ntecum.
1325 4258 1392 4311 Et
1414 4268 1518 4312 erat
1546 4257 1687 4312 locus
1713 4258 1797 4313 ubi
1816 4260 1979 4313 stabat
2008 4258 2146 4314 Deus

569 4355 775 4421 Israel,
822 4354 968 4425 quasi
1006 4354 1137 4423 lapis
1165 4351 1396 4423 sapphiri
1422 4350 1615 4422 (Exod.
1644 4352 1731 4405 51.
1754 4350 1808 4405 2.
1832 4362 1878 4404 et
1910 4350 2001 4405 24.
2035 4351 2145 4424 10).

550 4450 863 4519 [Diligenter
888 4444 1255 4501 animadverte
1300 4461 1312 4497 :
1345 4442 1554 4513 Moyses
1594 4452 1824 4497 stantem
1872 4443 1997 4498 dicit
2030 4486 2043 4509 ,
2095 4454 2151 4499 et

571 4546 711 4598 Deus
736 4540 900 4611 Moysi
932 4538 1083 4608 quasi
1110 4546 1278 4600 stans,
1303 4536 1433 4589 dicit
1459 4553 1471 4588 :
1502 4534 1595 4589 Sta
1624 4551 1839 4589 mecum.
1857 4535 1996 4602 Quid
2022 4552 2151 4607 ergo

564 4648 881 4691 censeamus
907 4632 975 4686 tle
998 4628 1231 4685 Ieremia
1255 4627 1489 4691 dicente,
1508 4624 1587 4679 Tu
1608 4626 1785 4681 sedens
1806 4628 1859 4680 in
1884 4628 2149 4695 steculum,

569 4740 621 4785 et
666 4743 763 4782 nos
811 4724 1049 4796 perimus
1101 4722 1152 4775 iu
1185 4718 1481 4775 szeculum?
1509 4718 1682 4773 Sedes
1724 4728 1778 4773 et
1824 4719 1983 4773 statio
2028 4730 2155 4775 sunt

570 4826 799 4877 humana
818 4819 1000 4881 verba,
1032 4814 1125 4871 sed
1156 4828 1348 4869 sensus
1378 4822 1459 4868 est
1493 4811 1728 4867 divinus.
1759 4812 1891 4880 Quia
1920 4813 2151 4869 humana

568 4918 683 4971 vita
715 4915 817 4967 Ituc
845 4910 970 4965 illuc
1014 4906 1398 4976 circumagitur
1423 4947 1437 4971 ,
1483 4904 1623 4960 Deus
1664 4913 1809 4960 stare
1834 4904 2068 4971 dicitur;
2102 4914 2155 4961 et

571 5008 693 5074 quia
728 5018 824 5057 nos
870 5000 1091 5056 minime
1135 4998 1272 5052 firmi
1318 4996 1703 5067 instabilesque
1743 5011 1962 5063 sumus,
2016 4998 2156 5053 Deus

574 5098 769 5151 dicitur
786 5092 974 5149 sedere
997 5092 1066 5145 ob
1082 5089 1427 5145 stabilitatem
1446 5103 1596 5143 suam
1620 5107 1632 5143 :
1652 5088 1794 5158 quod
1815 5089 1957 5143 enim
1983 5090 2153 5154 sedet,

578 5190 787 5241 firmum
815 5194 916 5240 cst.
937 5183 1082 5251 Fuge
1101 5181 1190 5235 illa
1211 5195 1330 5249 quae
1358 5180 1450 5235 tibi
1481 5196 1546 5234 ex
1575 5180 1795 5235 vocibus
1810 5180 2153 5249 objiciuntur,

578 5289 629 5333 vi
644 5278 815 5347 cogita
828 5276 912 5330 illa
927 5288 1047 5342 qua:
1060 5288 1153 5342 per
1167 5270 1324 5325 ﬁdem
1342 5270 2013 5340 percipiuntur.Quomodo
2028 5284 2159 5341 ergo

576 5373 735 5427 offert
748 5369 886 5424 Patri
907 5366 1095 5421 Filius?
1110 5363 1380 5435 quomodo
1396 5364 1549 5418 Pater
1563 5363 1726 5418 Filio?
1743 5378 1914 5434 neque
1930 5366 2070 5418 enim
2087 5363 2162 5417 di-

578 5477 720 5519 ctum
739 5460 866 5517 illud
890 5460 1005 5515 sine
1030 5457 1273 5513 examine
1293 5456 1696 5526 relinquendum
1718 5466 1818 5510 est.
1850 5456 2005 5511 Pater
2019 5454 2151 5511 Filio

579 5555 836 5628 quosdam
856 5552 1173 5622 conspicuos
1190 5558 1246 5604 et
1267 5548 1519 5619 probatos
1544 5548 1699 5602 ofl'ert
1718 5565 1731 5613 ;
1752 5548 1919 5604 Filius
1947 5562 2156 5620 quoque

582 5650 721 5705 Patri
739 5646 997 5718 quosdam
1012 5644 1327 5713 conSpicuos
1344 5651 1398 5696 et
1421 5641 1669 5710 probatos
1686 5641 1861 5697 oll‘ert.
1878 5643 1950 5697 Ne
1965 5654 2016 5697 tu
2036 5658 2163 5712 pra:-

574 5758 864 5815 occupans,
885 5741 1081 5795 dictum
1102 5739 1165 5794 ad
1184 5738 1503 5793 calumniam
1527 5735 1776 5803 abripias,
1799 5734 1888 5791 sed
1913 5745 2158 5807 exspecta

1668 294 2033 355 SEVERIANI
2088 294 2427 351 GABAIDR.
2473 282 2685 352 EPISC.
3634 294 3708 363 εδδ

2236 408 2391 462 finem
2424 419 2477 463 et
2505 408 2572 463 de
2596 407 2740 462 dicto
2771 406 2946 478 judica
2982 425 2995 461 :
3020 423 3087 464 ne
3110 408 3186 461 sis
3208 407 3358 477 iudex
3387 408 3621 477 inimicus,
3644 426 3708 469 seu

2227 508 2566 553 concertator
2581 499 2891 553 benevolus.
2913 497 2967 551 In
2989 497 3147 553 lsrael
3166 498 3299 553 Deus
3313 506 3366 554 et
3384 499 3519 554 Pater
3531 508 3713 572 cognitus

2226 600 2363 657 erat,
2388 589 2555 645 Filius
2577 591 2957 661 ignorabatur:
2988 590 3128 659 apud
3157 600 3339 660 gentes
3362 600 3519 646 autem
3543 605 3587 649 et
3604 596 3713 652 Patet

2226 680 2632 751 ignorabaturet
2644 681 2839 735 Filius:
2863 697 2983 736 nam
2997 681 3365 751 multiplicium
3380 682 3570 737 deorum
3583 701 3717 745 errore

2228 771 2625 827 detinebantur.
2664 770 2764 828 Ubi
2795 772 2955 841 igitur
2981 772 3142 826 Pater
3170 780 3324 826 notus
3352 782 3446 836 est,
3475 773 3610 830 Filius
3630 794 3720 834 vero

2228 863 2506 933 ignoratur
2530 904 2545 927 ,
2579 864 2744 933 ignoti
2793 862 2917 917 Filii
2972 864 3239 931 interpres
3258 873 3340 916 est
3380 862 3539 917 Pater.
3562 866 3721 921 Semno-

2227 970 2351 1009 nem
2379 970 2669 1020 resumam,
2700 965 2756 1009 ut
2785 954 3197 1024 intelligentiam
3243 964 3484 1009 statuam.
3503 955 3587 1011 Ubi
3612 958 3724 1014 Pater

2228 1059 2387 1104 notus
2414 1058 2527 1115 est,
2551 1050 2619 1105 de
2644 1050 2782 1104 Filio
2809 1058 2985 1103 autem
3018 1047 3294 1103 dubitatur
3315 1090 3329 1114 ,
3362 1058 3509 1103 notus
3539 1051 3665 1121 igth
3686 1056 3725 1108 ﬁt

2228 1142 2493 1212 interpres
2523 1158 2539 1196 :
2567 1143 2655 1197 ubi
2703 1142 2859 1197 Pater
2906 1144 3202 1213 ignoratur,
3231 1142 3393 1212 ignoti
3418 1159 3574 1214 praeco
3608 1146 3725 1204 Filius

2229 1232 2492 1314 efficitur:
2523 1233 2647 1288 Ideo
2669 1275 2684 1300 ,
2715 1242 2772 1288 ut
2813 1242 3124 1289 accuratum
3161 1233 3423 1288 dictorum
3446 1250 3635 1291 examen
3664 1254 3726 1291 ac-

2230 1325 2433 1394 cipias,
2486 1340 2804 1395 sponsorem
2849 1326 2941 1381 tibi
2991 1327 3337 1397 Evangelium
3393 1327 3599 1397 praebeo.
3636 1330 3728 1385 Dicit

2230 1415 2487 1472 Servator
2512 1418 2579 1472 de
2605 1418 2878 1487 gentibus:
2909 1418 3113 1473 Nomen
3137 1427 3279 1472 tuum
3296 1420 3728 1491 manifestarium

2233 1505 2416 1576 (Joan.
2451 1509 2539 1562 17.
2565 1507 2663 1578 6):;
2715 1510 2823 1563 imo
2864 1508 3129 1579 ignoranti
3185 1509 3388 1564 mundo
3425 1524 3596 1565 nomen
3628 1521 3729 1566 tuum

2234 1599 2601 1655 manifestavi.
2624 1600 2775 1668 Quod
2820 1616 3015 1655 nomen
3048 1602 3450 1656 manifestavit?
3482 1602 3611 1668 Quod
3638 1606 3733 1659 Dm

2233 1698 2396 1745 esset.
2421 1691 2577 1757 Atqtti
2621 1692 2858 1761 cognitio
2887 1706 3083 1747 nomen
3135 1703 3620 1763 praeoccupaverat:
3650 1713 3733 1750 nam

2234 1781 2393 1835 etiam
2423 1782 2512 1851 qui
2542 1782 2592 1835 in
2634 1797 2824 1836 errore
2864 1790 3181 1851 versantur,
3220 1782 3389 1838 Deum
3409 1783 3597 1847 dicunt;
3618 1789 3735 1851 etqsi

2243 1886 2271 1923 a
2302 1870 2498 1940 pietate
2524 1880 2648 1926 sunt
2674 1872 2865 1939 alieni,
2902 1887 3097 1928 nomen
3124 1888 3233 1928 non
3287 1884 3499 1944 negant.
3526 1874 3737 1941 Quodnam

2237 1976 2365 2033 ergo
2412 1978 2607 2019 nomen
2657 1963 3072 2019 manifestavit?
3117 1963 3274 2030 Quod
3320 1964 3476 2019 Pater
3520 1975 3736 2020 vocetur:

2238 2051 2567 2123 Manifestavi
2613 2071 2793 2109 nomen
2838 2066 2980 2109 tuum
3023 2057 3234 2110 mundo.
3271 2051 3452 2111 Viden'
3484 2056 3640 2127 quod,
3681 2060 3740 2112 ubi

2238 2147 2396 2203 Pater
2422 2148 2635 2220 ignotus
2662 2160 2763 2215 est,
2788 2148 2955 2205 Filius
2985 2150 3056 2204 sit
3081 2149 3375 2219 interpres,
3400 2150 3483 2219 qui
3507 2166 3587 2219 per
3608 2152 3742 2221 pradi-

2238 2241 2500 2295 cationem
2527 2241 2888 2311 evangelicam
2914 2249 3205 2296 veritatem
3232 2240 3469 2295 declaret
3499 2258 3511 2293 :
3541 2240 3614 2295 ubi
3654 2257 3745 2296 vero

2240 2330 2399 2386 Pater
2425 2342 2583 2386 notus
2625 2347 2748 2388 esse
2780 2332 3064 2402 putabatur
3111 2331 3391 2403 Piliusque
3426 2333 3613 2403 ignotus
3634 2347 3745 2397 ent,

2240 2422 2398 2478 Pater
2423 2424 2587 2494 ignoti
2635 2424 2901 2493 interpres
2952 2424 3068 2478 fuit.
3110 2423 3360 2494 Exempli
3390 2426 3748 2493 causa,utitsit

2241 2516 2402 2572 rebus
2430 2519 2710 2572 veritatem
2742 2516 3105 2572 demonstrem
3142 2535 3155 2571 :
3185 2516 3391 2572 Paulus
3435 2517 3583 2573 Deum
3629 2533 3748 2571 nove-

2242 2616 2363 2672 rat,
2391 2607 2583 2662 Filium
2631 2624 2736 2663 non
2788 2619 3012 2664 noverat
3046 2626 3059 2663 :
3102 2618 3262 2663 norat
3297 2608 3493 2675 Deum,
3526 2625 3614 2664 non
3641 2622 3750 2663 nom

2243 2700 2410 2755 Deum
2442 2715 2566 2757 esse
2592 2699 2790 2756 Christi
2830 2701 3078 2757 Patrem:
3102 2710 3329 2773 eratque
3375 2702 3569 2771 pietatis
3595 2703 3747 2756 studio-

2242 2807 2356 2860 sus,
2387 2808 2450 2849 ac
2477 2808 2572 2864 pro
2593 2793 2709 2865 lege
2729 2795 3016 2865 pugnabat.
3048 2795 3189 2850 Deus
3221 2796 3398 2850 zelum
3420 2796 3630 2865 respexit
3650 2796 3753 2863 igno-

2243 2884 2414 2939 rantia
2457 2886 2696 2955 plenum,
2745 2885 2838 2941 sed
2880 2886 3056 2941 studio
3096 2886 3416 2942 ardentem:
3452 2886 3633 2956 etquid
3656 2888 3756 2955 agit?

2243 2976 2576 3031 demonstrat
2603 2975 2873 3046 ignoranti
2920 2976 3181 3046 ignotum.
3226 2976 3365 3045 Quis
3394 2977 3540 3033 nobis
3566 2980 3660 3031 hau:
3690 2994 3755 3029 ct-

2246 3068 2495 3138 plicabit?
2539 3068 2588 3123 ls
2631 3069 2769 3137 ipse,
2799 3069 2887 3138 qui
2917 3068 3207 3139 aliquando
3239 3070 3522 3139 ignoravit,
3552 3078 3596 3124 et
3624 3080 3756 3139 postea

2243 3158 2529 3229 cognovit;
2571 3159 2662 3229 qui
2692 3159 2982 3229 aliquando
3010 3169 3379 3230 persequutus
3416 3171 3515 3227 est,
3543 3169 3595 3215 et
3626 3170 3758 3230 postea

2245 3252 2572 3321 praadicavit.
2596 3252 2733 3320 Quid
2761 3252 2904 3307 enim
2937 3253 3048 3306 ait?
3075 3252 3141 3306 Et
3171 3270 3316 3307 erant
3359 3254 3561 3308 temqu
3598 3262 3762 3322 patrm

2246 3344 2388 3415 legis,
2403 3360 2560 3414 supra
2575 3345 2777 3398 modum
2798 3360 3095 3415 persequens
3111 3342 3397 3400 Ecclesium
3408 3344 3517 3399 Dei.
3527 3344 3634 3401 Cum
3644 3356 3762 3398 uta

2246 3434 2357 3489 Deo
2382 3436 2671 3506 placuisset,
2707 3436 2793 3507 qui
2820 3452 2901 3491 me
2925 3438 3204 3508 segregavit
3232 3454 3300 3491 ea:
3324 3448 3467 3493 utero
3488 3440 3643 3492 matris
3661 3455 3761 3499 aut,

2247 3539 2293 3582 et
2315 3532 2506 3583 vocavit
2534 3543 2623 3599 per
2645 3528 2865 3599 gratiam
2895 3545 3040 3582 suam
3064 3529 3289 3583 revelare
3308 3528 3498 3583 Filium
3519 3546 3647 3583 mni
3661 3530 3765 3581 inst:

2249 3618 2393 3690 (Gal.
2426 3620 2471 3673 1.
2500 3620 2585 3674 14.
2611 3619 2699 3674 15.
2724 3619 2835 3689 15),
2860 3628 2965 3675 etc.
2989 3618 3386 3674 Testimonium
3408 3620 3589 3690 quippe
3605 3619 3763 3673 allatum

2248 3719 2332 3766 est
2360 3711 2423 3765 ad
2452 3711 2737 3781 quaesitum
2783 3710 3289 3775 demonstrandum,
3328 3726 3436 3766 non
3465 3711 3527 3765 ad
3555 3711 3643 3767 loci
3668 3711 3765 3763 illius

2250 3804 2692 3874 speculationem.
2716 3804 2949 3859 Rursum
2989 3804 3246 3859 Servator
3292 3806 3561 3875 apostolos
3596 3805 3766 3859 interm-

2249 3907 2371 3969 gat:
2398 3896 2558 3963 Quem
2600 3913 2679 3950 me
2729 3896 2902 3951 dicunt
2950 3896 3176 3951 homines
3225 3914 3339 3952 esse
3387 3896 3569 3951 Filium
3606 3896 3768 3949 hominis

2253 3989 2469 4061 (Matth.
2501 3990 2588 4046 16.
2620 3990 2751 4061 15)?
2783 3990 3101 4061 lnterrogat,
3137 4005 3244 4044 non
3273 3999 3339 4044 ut
3383 3990 3565 4053 discat,
3604 3987 3681 4043 sed
3715 3996 3767 4043 ut.

2251 4082 2473 4149 depulsa
2523 4082 2627 4136 alia
2681 4081 2956 4152 Opinione,
3009 4082 3293 4135 veritatem
3329 4080 3521 4135 ﬁrmet.
3554 4080 3685 4147 Quem
3717 4093 3770 4129 at

2252 4174 2425 4227 dicunt
2451 4173 2712 4227 homines?
2727 4171 2971 4245 Apostoli
2996 4171 3229 4241 primum
3253 4173 3537 4226 multorum
3554 4171 3769 4242 opiniones

2257 4264 2528 4319 referunt:
2554 4262 2675 4330 Alii,
2718 4262 2985 4333 inquiunt,
3020 4261 3246 4328 Heliam,
3282 4264 3375 4317 alii
3415 4263 3671 4326 Ieremia»,
3708 4274 3767 4311 ast

2254 4372 2412 4409 unum
2442 4372 2505 4410 ea:
2533 4355 2790 4427 prophetis
2819 4353 2928 4423 (Ib.
2974 4370 3021 4408 v.
3068 4355 3181 4422 14).
3222 4354 3363 4421 Quid
3396 4370 3520 4426 ergo
3546 4352 3769 4408 Senator?

2258 4449 2431 4505 Falsis
2459 4448 2798 4519 opinionibus
2826 4446 2959 4502 nihil
2992 4446 3305 4517 respondet,
3329 4448 3472 4518 quod
3494 4446 3769 4516 responsione

2259 4542 2499 4610 indignas
2526 4540 2760 4610 judicet:
2807 4537 2903 4593 Vos
2928 4549 3094 4593 autem
3123 4554 3271 4610 quem
3297 4555 3378 4592 me
3398 4555 3502 4593 esse
3536 4538 3672 4589 dicitis
3692 4532 3766 4601 (li.

2258 4650 2305 4686 υ.
2334 4632 2460 4701 15)?
2493 4647 2597 4686 non
2630 4647 2760 4685 curo
2790 4630 2987 4686 multos
3015 4629 3135 4683 illos
3163 4638 3431 4695 errantes,
3462 4628 3553 4684 sed
3578 4642 3654 4681 vos
3671 4640 3769 4694 pre-

2261 4742 2446 4782 cones.
2477 4725 2609 4791 Quia
2641 4726 2786 4780 enim
2819 4739 2912 4778 vos
2961 4724 3093 4778 estis
3135 4723 3227 4793 qui
3276 4723 3553 4778 lucernam
3589 4720 3769 4774 veritatis

2264 4815 2812 4886 prmdicationemque
2842 4814 3055 4883 pietatis
3086 4828 3181 4883 per
3209 4821 3389 4869 totum
3415 4813 3590 4867 urbem
3616 4810 3770 4864 nauli:-

2265 4910 2372 4962 turi
2403 4908 2557 4971 estis,
2587 4908 2638 4961 in
2669 4907 2823 4960 vobis
2852 4916 3135 4960 versantur
3164 4905 3423 4968 humana,
3455 4906 3507 4958 in
3532 4901 3660 4957 vobis
3676 4914 3769 4950 verr

2267 5011 2346 5054 tas
2392 5001 2759 5069 periclitatur:
2790 5015 2852 5053 ac
2898 5000 3037 5053 sicut
3084 5009 3259 5053 vestra
3287 4998 3522 5067 cognitio
3554 5006 3770 5051 contum!

2266 5091 2539 5146 hominum
2577 5090 2895 5145 beneficium
2920 5101 3019 5154 est,
3050 5090 3127 5144 sic
3157 5101 3335 5145 vestra
3370 5089 3645 5161 ignorantia
3664 5098 3767 5138 com-

2267 5200 2427 5239 mune
2453 5184 2600 5238 orbis
2625 5184 3026 5239 detrimentum.
3058 5182 3261 5238 Idcirco
3289 5199 3386 5236 vos
3426 5198 3574 5252 quem
3599 5193 3669 5233 me
3689 5189 3767 5231 esse

2267 5276 2482 5332 dicitis?
2505 5275 2801 5346 Respondit
2827 5276 3018 5331 Petrus
3040 5294 3053 5330 ε
3081 5275 3161 5329 Tu
3191 5292 3242 5331 es
3267 5277 3517 5340 Christus,
3553 5272 3688 5326 Filius
3707 5267 3766 5319 lla"

2267 5369 2364 5422 vitri
2394 5366 2501 5441 (Ib.
2529 5384 2576 5421 υ.
2611 5367 2721 5437 16).
2749 5366 2846 5422 llic
2873 5366 2995 5421 fidei
3027 5368 3303 5431 terminus,
3339 5367 3440 5422 hoc
3466 5365 3675 5420 veritatis
3689 5373 3768 5412 rer-

2269 5460 2415 5525 bum,
2454 5460 2568 5514 lucc
2599 5469 2762 5514 recta:
2788 5459 3071 5513 sententia:
3092 5459 3359 5514 confessio
3376 5467 3476 5513 cst.
3500 5456 3666 5509 Verum
3684 5465 3763 5518 qua

2270 5554 2385 5610 fieri
2427 5562 2657 5624 poterat,
2711 5563 2767 5605 ut
2819 5553 2934 5607 iure
2974 5568 3078 5606 vox
3126 5552 3243 5606 aliis
3284 5551 3501 5620 mqnalis
3530 5546 3765 5602 laberetur:

2272 5646 2393 5700 illas
2414 5645 2765 5714 responsione
2796 5659 2901 5697 non
2944 5642 3192 5711 dignatus
3220 5652 3321 5708 est,
3354 5642 3473 5695 huic
3498 5654 3611 5693 vero
3634 5633 3763 5689 eaku'

2276 5739 2384 5793 lum
2412 5737 2571 5803 addit,
2602 5736 2798 5806 etquid
2825 5735 2935 5789 ait?
2959 5734 3037 5790 Ne
3054 5744 3325 5807 putaretur
3344 5734 3443 5790 hoc
3466 5732 3635 5787 dictum
3651 5724 3760 5782 etiam
