4064 6532
214 394 297 457 διδ

222 516 404 590 Ἐπειδὴ
436 518 544 590 γάρ
575 536 759 591 φησιν,
792 521 874 573 δτι
928 522 1085 591 καινὴ
1135 520 1293 589 σοφία
1342 522 1519 573 καινοῖ
1558 520 1655 589 τὴν
1711 521 1845 591 ἀλή-

211 604 346 671 θειαν,
378 606 565 678 ἐπειδὴ
599 607 673 677 μή
720 606 917 679 ἑχώρει
947 608 980 676 ἡ
1012 606 1330 678 ἀνθρωπίνη
1363 606 1523 675 φύσις
1550 606 1615 660 δι’
1646 608 1846 678 ἑαυτῆς

208 691 494 761 προσελθεῖν
522 692 600 763 τῷ
636 692 775 762 Θεῷ,
828 694 1077 764 μεθόριον
1121 692 1330 761 γίνεται
1358 693 1457 761 τῆς
1495 694 1717 763 κτιστῆς
1755 695 1849 747 καὶ

208 777 289 846 τῆς
310 778 559 831 ἀκτίστου
594 778 807 847 φύσεως
832 782 860 832 6
899 780 1025 843 Υἰὸς
1051 779 1343 852 προσάγων
1369 778 1466 849 τὴν
1495 779 1845 849 οἰκουμένην.

212 864 263 916 Ὢ
284 866 368 934 τῆς
396 866 589 934 καινῆς
625 865 852 935 μανίαςί
881 865 925 918 ὣ
948 864 1040 919 τοῦ
1070 865 1256 918 καινοῦ
1286 865 1592 935 δράματοςί
1625 868 1658 936 ἡ
1680 866 1848 936 ὐπερ-

207 951 309 1021 ϐολὴ
333 952 427 1021 τῆς
454 952 547 1004 τοῦ
582 952 789 1023 Πατρός
810 963 837 993 ι
867 952 1203 1022 ἀγαθότητος
1234 951 1528 1005 κινδυνεύει
1560 953 1710 1022 ποιρά
1734 954 1847 1014 τοῖς

208 1040 491 1109 αἰρετικοῖς,
536 1039 801 1109 ἀμϐλύνει
848 1040 945 1111 τὴν
989 1039 1145 1104 ἀξίαν
1176 1042 1277 1109 τῆς
1326 1038 1595 1109 θεότητος.
1642 1038 1841 1109 mm

209 1129 285 1196 μὲν
314 1127 558 1197 αἱρετική
605 1128 772 1197 μανία
804 1127 1151 1199 θρασύνεται,
1194 1128 1228 1197 ή
1259 1125 1315 1179 δὲ
1343 1127 1436 1179 τοῦ
1473 1126 1723 1197 Σωτῆρος
1756 1127 1847 1179 δύ-

208 1231 339 1281 ναμις
362 1215 464 1266 οὐκ
502 1213 855 1283 ἀμϐλύνεται,
884 1216 916 1285 ἠ
950 1214 1074 1279 δόξα
1101 1215 1164 1267 οὑ
1197 1214 1500 1276 σϐέννυται,
1530 1216 1564 1284 ὴ
1596 1214 1754 1284 χάρις
1784 1215 1844 1267 οὑ

206 1301 536 1370 καθαιρεῖται.
576 1301 730 1364 Ἐὰν,
768 1302 950 1370 φησὶν,
978 1300 1153 1370 ἡμεῖς
1178 1300 1590 1373 ἁρνησώμεθαθ
1618 1300 1846 1367 ἐκεῖνος

206 1387 389 1452 ,σειστὸς
430 1387 619 1455 μένει·
663 1386 1051 1455 ἀρνήσασθαι
1084 1388 1192 1460 γὰρ
1223 1387 1443 1442 ἑαυτὸν
1473 1390 1544 1442 οὐ
1574 1388 1841 1443 δύναται·

208 1473 515 1543 σνγκὰθηται
549 1473 649 1542 μὲν
694 1474 782 1526 διὰ
826 1475 924 1544 τὴν
966 1475 1175 1528 οἰκείαν
1222 1472 1401 1539 ἀξίαν,
1451 1474 1648 1546 ἕστηκε
1685 1474 1740 1528 δὲ
1769 1475 1845 1539 ὡς

208 1563 354 1631 ἱερεὺς
376 1561 461 1613 διὰ
485 1561 583 1631 τήν
611 1562 926 1632 πρέπουσαν
953 1562 1101 1633 αὑτῷ
1129 1561 1560 1633 φιλανθρωπίαν.

258 1650 436 1717 γ’.Καὶ
464 1650 567 1719 δρα
596 1650 655 1701 16
686 1650 1015 1719 θαυμαστὸν,
1049 1650 1267 1718 ἀδελφέ.
1308 1649 1526 1721 Ἐπειδὴ
1555 1650 1611 1704 ἑν
1634 1648 1842 1721 ὑπηρέ-

210 1753 277 1787 του
314 1736 459 1798 τάξει
518 1737 613 1788 καὶ
664 1737 903 1805 σχήματι
941 1736 1313 1800 διακονοῦντος
1344 1735 1745 1806 ἑκλαμϐάνουσι
1782 1736 1843 1789 16

207 1823 356 1892 ῥῆμα,
392 1823 475 1875 ὅτι
524 1823 735 1889 Οὐδείς
774 1824 1008 1892 ἔρχεται
1055 1824 1204 1891 πρὸς
1236 1825 1341 1877 τὸν
1372 1823 1623 1892 Πατέρα,
1667 1826 1718 1876 εἰ
1754 1823 1840 1893 μὴ

206 1910 262 1961 δι’
290 1909 457 1977 ἐμοῦ·
499 1912 795 1977 ἀναγκαῖον
854 1912 991 1981 πρὸς
1024 1913 1149 1973 τοὺς
1199 1911 1507 1981 αἱρετικοὺς
1562 1912 1843 1965 ἀποτεῖναι

203 1998 273 2048 16v
298 1996 507 2066 ἔλεγχον
537 1999 637 2067 τῆς
667 1997 1000 2061 ἀσεϐείαςλδ.
1032 1998 1097 2050 Εἰ
1130 1997 1189 2049 τὸ
1215 1997 1512 2068 προσάγειν
1550 1996 1629 2068 τῷ
1668 1998 1842 2068 Πατρὶ

202 2082 271 2133 τὸν
297 2082 413 2134 Υίον
444 2080 699 2152 καθαιρεῖ
730 2084 827 2154 τὴν
869 2083 1023 2149 ἀξίαν
1049 2082 1142 2135 τοῦ
1174 2083 1561 2153 προσάγοντος,
1604 2082 1698 2136 ὲάν
1728 2082 1843 2153 ἴδῃς

199 2172 272 2222 τὸν
320 2168 533 2239 Πατέρα
580 2171 658 2238 τῷ
684 2169 827 2251 ,Υίῷ
874 2171 1250 2241 προσάγοντα,
1300 2170 1560 2232 ὲκτείνεις
1590 2172 1705 2223 ἐκεῖ
1742 2172 1840 2241 τὴν

195 2258 440 2311 ἀσέϐειαν.
486 2257 737 2311 Μάλιστα
772 2260 870 2328 μὲν
915 2254 1006 2312 οὖν
1038 2259 1117 2322 εἰς
1155 2258 1285 2312 Υἰὺν
1316 2257 1551 2329 ἀσεϐῶν,
1587 2258 1678 2312 τὸν
1726 2260 1838 2312 Πα-

193 2347 306 2415 τέρα
338 2345 695 2415 βλασφημεῖς.
721 2347 835 2398 Ἵνα
867 2346 1067 2412 τοίνυν,
1095 2346 1331 2416 ἀδελφοὶ,
1364 2347 1421 2400 ἑν
1450 2344 1529 2416 τῷ
1557 2345 1701 2417 λόγῳ
1733 2347 1836 2416 τῆς

187 2432 449 2497 εὐσεϐείας
479 2434 574 2486 καὶ
618 2434 717 2503 τῆς
754 2433 1009 2504 ἀληθείας
1053 2434 1147 2486 καί⁵
1175 2435 1275 2505 τὴν
1315 2432 1513 2487 κακίαν
1556 2433 1839 2503 ἐπιστομί-

187 2539 375 2590 σωμεν,
408 2522 502 2575 καὶ
540 2522 639 2591 τὴν
675 2520 871 2591 εὐσεϐῆ
904 2519 1059 2584 δόξαν
1091 2521 1445 2592 γνωρίσωμεν
1480 2519 1634 2588 (Ζῶν
1671 2520 1778 2591 γὰρ
1807 2523 1839 2574 ὀ

179 2613 353 2677 λόγος
381 2610 483 2663 τοῦ
518 2607 667 2662 Θεοῦ
718 2609 817 2661 καί
862 2609 1143 2677 ἐνεργὴς,
1182 2608 1282 2662 καί
1323 2608 1647 2677 τομώτερος
1687 2607 1838 2677 ὑπὲρ

178 2696 378 2750 πᾶσαν
424 2699 726 2767 μάχαιραν
775 2695 1089 2764 δίστομον·
1139 2694 1389 2766 δίστομον
1438 2696 1494 2748 66
1535 2694 1692 2748 καλεῖ
1742 2694 1838 2767 τῂν

182 2786 463 2855 μάχαιραν,
491 2785 678 2855 ἐπειδὴ
706 2783 875 2853 διπλῷ
904 2784 1168 2855 κέχρηται
1194 2782 1271 2853 τῷ
1299 2784 1460 2855 λόγῳ,
1488 2783 1565 2854 τῷ
1593 2783 1692 2853 μὲν
1720 2800 1835 2855 στηο

180 2873 390 2942 ρίζοντι,
421 2872 498 2942 τῷ
527 2872 585 2925 δὲ
612 2870 958 2941 καθαιροῦντι
980 2886 993 2899 ·
1025 2869 1379 2941 καθαιροῦντι
1409 2871 1509 2941 μὲν
1540 2871 1665 2934 τοὺς
1695 2872 1842 2925 ἐναν-

54 2957 88 3041 r
178 2959 335 3022 τίους,
372 2959 673 3029 στηρίζοντι
700 2958 757 3011 66
784 2957 909 3020 τοὺς
941 2957 1175 3020 οἰκείους
1212 2957 1312 3027 τῆς
1346 2958 1604 3027 πίστεως)
1624 2976 1638 2991 ·
1672 2957 1838 3012 ἄκουε

24 3046 65 3117 ιζ
177 3049 334 3101 αὐτοῦ
381 3048 472 3101 τοῦ
521 3047 728 3117 Κυρίου
772 3046 1050 3114 λέγοντος·
1097 3045 1307 3112 Οὐδείς
1338 3046 1587 3099 δύναται
1638 3046 1840 3101 ἐλθεῖν

26 3133 79 3206 έδ
171 3139 318 3204 πρός
354 3154 445 3206 με,
488 3136 597 3189 ἐὰν
630 3135 716 3203 μὴ
756 3138 788 3189 ό
823 3134 1026 3203 Πατήρ
1057 3151 1178 3204 μου
1210 3137 1245 3189 ό
1290 3133 1567 3203 οὐράνιος
1603 3133 1838 3203 ἐλκύσῃ

10 3220 77 3292 ιιι,
166 3227 373 3277 αὐτόν.
409 3224 726 3290 Ἀναγκαῖον
774 3222 851 3285 66,
900 3222 1138 3291 ἀδελφοὶ,
1183 3220 1253 3275 τὰ
1295 3221 1480 3273 εἰκότα
1528 3220 1664 3292 πρὸς
1709 3223 1836 3286 τοὺς

166 3313 475 3382 αἰρετικούς
492 3312 691 3374 εἰπεῖν,
719 3312 812 3363 καὶ
835 3311 902 3364 τά
934 3311 1062 3382 περὶ
1090 3309 1278 3363 τούτου
1299 3309 1391 3362 τοῦ
1417 3310 1686 3379 νοήματος
1710 3311 1836 3375 τούς

168 3402 315 3463 υἱοὺς
360 3404 457 3469 τῆς
498 3399 731 3461 πίστεως
774 3397 1208 3469 πληφφορῆσαι.
1241 3396 1397 3457 Τίνος
1451 3398 1634 3450 ἕνεκεν
1668 3416 1840 3453 κατα-

164 3488 360 3541 διεῖλεν
384 3488 412 3538 6
455 3486 749 3557 μονογενὴς
801 3483 893 3538 τοῦ
926 3484 1061 3538 Θεοῦ
1107 3484 1278 3553 Λόγος
1322 3483 1418 3555 τὴν
1452 3488 1837 3557 προσαγωγὴν,

167 3580 237 3645 πῆ
278 3578 380 3646 μὲν
421 3577 544 3645 παρ’
572 3573 736 3626 αὑτοῦ
777 3572 949 3641 λέγων
1005 3572 1378 3643 προσάγεσθαι
1409 3572 1486 3643 τῷ
1516 3574 1710 3643 Πατρὶ,
1762 3576 1836 3643 πῆ

167 3664 218 3715 δὲ
244 3663 401 3734 παρὰ
433 3662 527 3720 τοῦ
565 3661 773 3732 Πατρός
803 3661 939 3731 πρὸς
967 3660 1159 3725 αὑτόν;
1186 3661 1246 3714 οὐ
1275 3660 1383 3732 γὰρ
1418 3661 1745 3730 συγκέχυται
1772 3663 1839 3714 τὰ

170 3751 259 3819 τῆς
294 3749 444 3811 θείας
472 3748 707 3817 φύσεως,
735 3746 848 3800 ἀλλ’
882 3748 1136 3818 εὑκρινής
1167 3748 1283 3799 ἑστι
1326 3746 1420 3799 καὶ
1456 3747 1783 3818 εὐδιόριστος
1812 3751 1840 3801 6

171 3837 327 3904 λόγος
351 3843 444 3910 τῆς
477 3838 755 3908 ἀληθείας,
777 3838 927 3891 οὐδὲν
957 3836 1167 3890 σκολιὸν
1196 3836 1355 3906 ἔχων,
1382 3835 1535 3889 οὐδὲν
1565 3852 1839 3907 στραγγομ

167 3923 383 3987 λιῶδες·
424 3924 621 3979 Πᾶσαι
652 3924 759 3994 γὰρ
791 3926 849 3976 αἰ
875 3922 1003 3976 ὁδοί
1032 3922 1251 3990 Κυρίου
1278 3920 1519 3976 εὐθεῖαι.

231 4009 384 4084 *Αρα
414 4013 546 4085 γάρ,
576 4011 813 4081 ἀδελφοὶ,
835 4013 863 4064 6
894 4010 1081 4081 Πατὴρ
1113 4010 1243 4062 ποτὲ
1287 4008 1384 4079 μὲν
1415 4007 1513 4080 τήν
1558 4008 1840 4081 βασιλικὴν

169 4103 461 4172 προεδρίαν
495 4100 705 4170 ἐπέχων
728 4099 940 4170 δέχεται
970 4098 1094 4161 τοὺς
1134 4097 1593 4167 προσαγομένους,
1625 4099 1753 4153 ποτὲ
1782 4100 1839 4152 δὲ

167 4189 238 4259 τῷ
283 4190 400 4260 Υἱῷ
431 4191 488 4243 ὲν
529 4187 789 4258 βασιλικῷ
828 4188 1066 4257 σχήματι
1100 4184 1488 4255 προκαθίσαντι
1525 4184 1704 4238 δίδωσι
1742 4187 1838 4257 τὴν

163 4277 406 4347 ὀφειλὴν,
443 4277 539 4329 καὶ
571 4278 628 4327 ὲν
664 4274 934 4344 ὑπηρέτου
969 4272 1119 4338 τάξει
1150 4270 1551 4340 παριστάμενος
1577 4272 1840 4343 προσάγει

56 1498 125 2255 7

52 2256 101 3017 Ι

163 4366 236 4433 τῷ
281 4364 434 4433 Υίῴ;
465 4363 558 4432 Μὴ
588 4362 827 4429 γένοιτο·
862 4360 953 4412 ἐπὶ
983 4360 1091 4428 γὰρ
1124 4358 1257 4410 Θεοῦ
1298 4356 1417 4410 οὔτε
1457 4358 1726 4429 καθέδραν
1766 4362 1865 4412 είο⁶

163 4453 334 4504 πιόντα
354 4452 471 4503 ἐστι
513 4468 564 4503 τι
597 4446 935 4518 ἀνθρώπινον
983 4445 1253 4514 ἑννοῆσαι,
1295 4445 1413 4496 οὐδὲ
1447 4446 1632 4497 στάσιν
1676 4446 1842 4498 ἀκού-

164 4556 335 4592 σαντα
365 4538 532 4590 πάλιν
565 4536 680 4589 ἑστι
716 4533 907 4603 νοῆσαί
936 4549 990 4585 τι
1024 4532 1132 4585 τῶν
1169 4531 1291 4584 καθ’
1328 4533 1497 4601 ἡμᾶς.
1534 4533 1658 4586 Ἐὰν
1686 4533 1845 4587 ἀκού-

163 4642 261 4698 σῃς
298 4626 435 4694 περὶ
476 4622 615 4675 Θεοῦ
651 4622 731 4674 ὅτι
779 4620 1028 4690 ἕστηκεν,
1075 4618 1135 4671 16
1182 4618 1397 4681 ἀκλινὲς
1429 4619 1522 4672 καὶ
1557 4619 1618 4671 τὸ
1664 4618 1843 4692 ὄρθιον

159 4716 271 4765 νόει
302 4713 401 4783 τῆς
436 4710 587 4773 θείας
619 4708 808 4771 οὐσίας
828 4723 844 4739 ·
874 4706 977 4761 κᾶν
1014 4705 1174 4759 πάλιν
1204 4704 1449 4787 ἀναγνῷς
1472 4706 1504 4775 ἦ
1534 4706 1772 4779 ἀκούσης
1790 4718 1842 4769 ⁰ν

158 4803 240 4854 ὅτι
272 4801 537 4871 κάθηται,
576 4796 724 4868 [‘07]
752 4796 813 4848 16
847 4795 1058 4865 ἑδραῖον
1088 4794 1182 4846 καὶ
1212 4793 1502 4846 ἀσάλευτον
1534 4792 1843 4864 ὲκλάμϐανε

157 4891 259 4959 τῆς
300 4888 583 4959 μακαρίας
624 4883 856 4953 φύσεως.
882 4881 1053 4944 Αὐτὸς
1084 4880 1235 4948 λέγει
1276 4878 1467 4934 ἑαυτὸν
1496 4882 1715 4934 ἑστάναι
1753 4884 1844 4935 καὶ

160 4977 441 5046 καθῆσθαι
460 4992 475 5006 ·
506 4972 587 5043 τῷ
612 4970 1026 5037 Μωῦσεῖιλέγει,
1056 4968 1139 5022 Σὺ
1168 4966 1347 5036 στῆθι
1375 4962 1491 5021 ὦδε
1522 4972 1650 5038 μετ’
1675 4968 1841 5039 ἐμοῦ.

164 5067 274 5119 Καὶ
319 5062 403 5134 ἦν
448 5067 481 5117 ὀ
523 5064 729 5127 τόπος,
768 5054 839 5114 οὗ
891 5054 1155 5125 εἱστήκει
1198 5058 1231 5110 ό
1280 5055 1422 5121 Θεὸς
1469 5056 1729 5125 Ἰσραὴλ,
1767 5059 1847 5124 ὡς

166 5156 337 5219 ,ιίοος
367 5150 735 5219 σαπφείρου.
758 5147 997 5217 Πρόσεχε
1022 5143 1289 5215 ἀκριϐῶς·
1314 5146 1343 5197 6
1375 5145 1613 5216 Μωῦσῆς
1638 5145 1847 5200 ἑστῶτα

170 5240 335 5307 λέγει,
361 5242 457 5293 καὶ
482 5240 513 5292 6
542 5237 677 5299 Θεὸς
702 5234 780 5304 τῷ
809 5234 1053 5297 Μωῦσεῖ,
1079 5232 1154 5294 ώς
1185 5230 1467 5301 ίστάμενός
1493 5248 1644 5301 φησι,
1668 5233 1848 5301 Στῆθι

170 5330 292 5395 μετ.
334 5327 507 5396 ἐμοῦ,
558 5324 625 5377 Τί
671 5320 763 5376 οὖν
815 5320 1077 5389 ποιοῦμεν
1126 5319 1387 5390 Ἱερεμίου
1440 5318 1721 5386 λέγοντος,
1766 5322 1847 5375 Σὺ

177 5416 512 5485 καθήμενος
558 5415 647 5477 εἰς
678 5411 784 5465 τὸν
810 5408 1016 5473 αἰῶνα,
1045 5407 1138 5460 καὶ
1183 5409 1343 5477 ἡμεῖς
1376 5405 1737 5477 ἀπολλύμενοι
1770 5411 1847 5472 εἰς

178 5510 268 5560 τὸν
300 5508 507 5570 αἰῶνας
547 5504 806 5573 Καθέδρα
849 5500 941 5554 καὶ
1000 5499 1188 5562 στάσις
1231 5496 1544 5569 ἀνθρώπινα
1599 5500 1846 5569 ῥήματα,

184 5597 315 5651 ἀλλά
357 5598 477 5651 θεῖα
518 5596 797 5664 νοήματα·
830 5590 918 5644 διὰ
958 5590 1049 5642 τὸν
1080 5589 1312 5643 ἄστατον
1344 5587 1439 5640 καὶ
1483 5578 1586 5640 ὧδε
1627 5587 1848 5640 κάκεῖσε

249 5689 278 5747 ξ
304 5688 435 5737 Unus
455 5684 543 5734 τοῦ
564 5688 795 5745 σωτῆρος.
851 5740 863 5747 _
940 5741 959 5747 Δ
991 5739 1001 5747 ι
1156 5744 1162 5747 Δ
1293 5737 1303 5747 _
1458 5742 1467 5747 Δ
1535 5738 1565 5747 __

254 5746 440 5797 δεενιι.
472 5754 525 5796 ει
548 5758 676 5795 unus
690 5737 781 5801 ’τῆς
821 5739 1076 5799 εὐσεϐείας,
1119 5744 1170 5786 el
1194 5737 1341 5799 paulo
1365 5742 1475 5799 post
1500 5738 1645 5786 etiam
1671 5738 1756 5794 τὴν
1782 5738 1853 5785 c.6—

196 5811 390 5921 ΝΞεῇ
405 5877 537 5923 recte
563 5882 704 5921 unus.
733 5867 829 5917 Alii
850 5877 969 5914 vero
994 5862 1202 5925 ἀναγνῷς
1223 5862 1304 5909 καὶ
1326 5859 1549 5921 ἀκούσῃς.

1484 403 1567 458 DE
1612 405 1893 463 SIGILLIS
1936 406 2184 463 SERMO.

3503 406 3608 463 556

1948 524 2339 594 περιαγόμενον
2378 526 2468 579 τὸν
2503 523 2835 595 ἀνθρώπινον
2873 522 3014 591 βίον,
3044 519 3172 582 Θεὸς
3207 517 3419 587 λέγεται
3451 523 3609 575 ἑστά-

1944 626 2051 674 ναι,
2083 611 2178 663 καὶ
2221 610 2307 665 διὰ
2347 611 2445 681 τὴν
2470 612 2791 682 ἀστήρικτον
2829 610 2921 661 καὶ
2953 608 3253 677 πανταχόσε
3286 625 3607 679 περιτρεποο

1948 696 2113 766 μένην
2141 697 2249 749 τῶν
2273 697 2395 750 καθ’
2421 698 2568 766 ἡμᾶς
2599 695 2927 750 κατάστασιν
2964 694 3180 762 λέγεται
3222 694 3493 765 καθῆσθαι
3516 695 3605 749 διὰ

1942 783 2003 834 16
2034 783 2275 853 ἑδραῖον·
2306 784 2365 837 16
2397 783 2505 854 γάρ
2541 783 2841 853 καθήμενον
2884 780 3164 851 ἠδρασται.
3210 781 3351 849 Φύγε
3392 780 3459 834 τὰ
3495 782 3605 835 ἀπὸ

1943 868 2041 937 τῆς
2076 869 2270 933 λέξεως
2306 869 2734 939 ὑποϐαλλόμενα,
2760 870 2854 921 καὶ
2882 868 2992 921 νόει
3020 867 3089 920 τὰ
3116 866 3205 919 διά
3245 868 3339 937 τῆς
3370 868 3605 928 πίστεως

1942 953 2309 1026 θεωρούμενα.
2354 956 2477 1019 Πῶς
2508 952 2599 1010 οῦν
2640 957 2903 1026 προσάγει
2945 954 3023 1024 τῷ
3065 953 3239 1023 Πατρὶ
3284 954 3445 1019 Υἰός;
3490 952 3606 1015 πῶς

1943 1042 2134 1113 Πατὴρ
2182 1042 2258 1112 τῷ
2288 1043 2428 1113 Υίῷ;
2450 1044 2509 1096 οὑ
2545 1043 2653 1113 γάρ
2675 1042 2755 1095 δεῖ
2787 1041 3101 1096 καταλιπεῖν
3129 1041 3219 1093 16v
3259 1041 3413 1108 λόγον
3447 1040 3604 1104 ἀνεξ-

1942 1126 2183 1185 έταστον.
2221 1130 2278 1182 '0
2306 1129 2495 1201 Πατὴρ
2532 1128 2797 1201 φανερούς
2838 1145 2989 1191 τινας
3022 1128 3115 1180 καὶ
3141 1117 3604 1197 ὁμολογουμένους

1943 1215 2208 1284 προσάγει
2234 1217 2311 1286 τῷ
2330 1216 2463 1286 Υἰῷ,
2491 1217 2519 1268 6
2542 1202 2669 1278 Υἰδς
2701 1216 2861 1269 πάλιν
2892 1202 3156 1285 φανερούς
3187 1231 3337 1276 τινας
3364 1214 3456 1266 καὶ
3485 1215 3607 1283 όμο⁹

1920 1298 2301 1371 λογουμὲνους
2333 1303 2595 1379 προσάγει
2628 1302 2706 1374 τῷ
2733 1300 2938 1373 ,Πατρί.
2974 1301 3062 1370 Μὴ
3105 1299 3389 1371 προλαϐὼν
3429 1302 3607 1370 ἀρπά-

1942 1385 2042 1457 ζῃς
2067 1387 2127 1439 16
2157 1388 2306 1458 ῥῆμα
2334 1388 2412 1450 εἰς
2443 1387 2714 1458 διαϐολὴν,
2756 1387 2869 1441 ἀλλ’
2891 1387 3181 1457 ἀνάμεινον
3210 1384 3269 1438 τὸ
3302 1384 3476 1449 τέλος,
3513 1384 3609 1436 καὶ

1942 1477 2124 1545 κρῖνον
2149 1476 2211 1529 16
2240 1475 2556 1547 λεγόμενον·
2594 1477 2667 1548 μὴ
2699 1475 2849 1545 γίνου
2878 1475 3137 1545 δικαστὴς
3161 1471 3447 1543 δυσμενὴς,
3472 1471 3608 1524 ἀλλά

1943 1562 2347 1633 συναγωνιστὴς
2378 1564 2631 1633 εὐμενής.
2667 1565 2756 1618 Ἐν
2794 1563 2871 1634 τῷ
2902 1562 3117 1633 Ἰσραὴλ
3160 1560 3405 1630 ἐγνώσθη
3452 1558 3550 1629 μὲν
3578 1560 3607 1611 6

1939 1649 2070 1713 Θεὸς
2107 1651 2199 1703 καὶ
2232 1649 2441 1721 Πατὴρ,
2480 1652 2719 1721 ἠγνοεῖτο
2756 1650 2813 1704 δὲ
2846 1650 2875 1701 6
2905 1649 3032 1712 Υἱός
3052 1665 3066 1679 ·
3098 1650 3155 1701 ὲν
3176 1648 3245 1700 66
3287 1649 3400 1709 τοῖς
3432 1646 3607 1699 ἔθνεσι

1940 1736 2036 1789 καὶ
2075 1737 2104 1789 6
2138 1736 2328 1807 Πατὴρ
2370 1739 2643 1807 ἠγνοεῖτο,
2680 1737 2772 1790 καὶ
2814 1737 2843 1787 6
2886 1736 3044 1799 Υἱός·
3091 1737 3155 1806 τῇ
3206 1733 3314 1804 γὰρ
3361 1731 3607 1801 πολυθέῳ

1939 1823 2113 1894 πλάνη
2136 1824 2427 1877 δεδούλωτο
2457 1824 2526 1877 τά
2561 1824 2707 1896 ἔθνη.
2737 1825 2912 1878 Ὅπου
2941 1820 3033 1877 οῦν
3064 1822 3248 1893 Πατὴρ
3281 1822 3378 1891 μὲν
3410 1822 3607 1891 γνωρί-

1939 1909 2120 1977 ζεται,
2163 1911 2291 1975 Υἰὸς
2324 1912 2381 1965 δὲ
2425 1913 2487 1965 οὐ
2532 1912 2888 1982 γνωρίζεται,
2935 1912 3203 1981 ἑρμηνεὺς
3256 1911 3462 1978 γίνεται
3512 1907 3605 1962 τοῦ

1939 2000 2303 2071 ἀγνοουμένου
2347 2000 2476 2053 Υἱοῦ
2512 2001 2541 2053 6
2569 2001 2777 2072 Πατήρ.
2811 1999 3254 2070 Ἐπαναλήψομαι
3295 1997 3385 2051 τὸν
3426 1997 3606 2067 λόγον,

1938 2086 2024 2140 ῖνα
2053 2088 2234 2159 στήσω
2258 2087 2317 2141 16
2344 2088 2543 2159 νόημα.
2567 2088 2740 2141 Ὅπου
2770 2078 2957 2159 Πατὴρ
2982 2086 3326 2157 γνωρίζεται,
3352 2085 3446 2138 καὶ
3477 2084 3605 2144 Υἱὸς

1938 2174 2367 2245 ἀμφιϐάλλεται,
2415 2177 2689 2247 ἑρμηνεὺς
2734 2175 2942 2244 γίνεται
2988 2177 3018 2229 6
3058 2172 3459 2245 γνωριζόμενος
3508 2170 3604 2223 τοῦ

1939 2263 2298 2333 ἀγνοουμένου
2316 2280 2329 2294 ·
2357 2265 2490 2317 ὅπου
2524 2264 2712 2334 Πατὴρ
2738 2262 3023 2333 ἠγνόηται,
3056 2260 3227 2331 κήρυξ
3256 2260 3347 2314 τοῦ
3382 2261 3606 2328 ἀγνοουέ

1942 2349 2102 2419 μένου
2136 2352 2164 2405 6
2192 2350 2320 2414 Υίὸς
2353 2351 2581 2419 γίνεται.
2610 2350 2710 2404 Διά
2737 2350 2913 2415 τοῦτο,
2944 2350 3031 2403 ἵνα
3059 2343 3230 2418 λάϐῃς
3264 2346 3463 2417 ἀκριϐῆ
3494 2345 3605 2397 τῶν

1934 2438 2235 2510 εἰρημένων
2259 2441 2357 2510 τὴν
2391 2439 2652 2504 ἐξέτασιν,
2689 2437 2883 2506 ἓγγυόν
2914 2454 2996 2489 σοι
3032 2437 3257 2506 παρέχω
3287 2434 3347 2487 16
3372 2432 3609 2499 Εὐαγγέ-

1936 2526 2066 2580 λιον.
2110 2526 2269 2596 Λέγει
2300 2528 2328 2579 6
2367 2526 2555 2597 Σωτὴρ
2595 2527 2723 2597 περὶ
2749 2523 2856 2578 τῶν
2895 2523 3063 2578 ἐθνῶν
3088 2540 3101 2553 ·
3140 2523 3209 2576 T6
3254 2518 3440 2588 ὄνομά
3488 2526 3606 2571 σου

1933 2611 2280 2683 ἐφανέρωσα
2308 2613 2388 2679 τῷ
2416 2616 2647 2681 κόσμῳ·
2694 2612 2910 2683 μᾶλλον,
2946 2611 3029 2664 ὅτι
3058 2608 3136 2680 τῷ
3164 2607 3443 2677 ἀγνοοῦντι
3477 2606 3610 2674 ὲφα-

1937 2701 2151 2771 νέρωσά
2188 2718 2281 2756 σου
2317 2703 2377 2755 16
2425 2702 2594 2771 ὄνομα
2638 2700 2717 2771 τῷ
2751 2701 2961 2771 κόσμῳ.
3004 2699 3162 2751 Ποῖον
3212 2695 3382 2765 ϐνομα
3412 2693 3609 2761 ἑφανέ-

1939 2805 2111 2859 ρωσε;
2144 2789 2266 2843 Ὅτι
2319 2785 2473 2851 Θεός.
2509 2786 2667 2840 Ἀλλά
2708 2786 3026 2858 προειλήφει
3065 2786 3099 2854 ἠ
3154 2780 3355 2851 γνῶσις
3396 2778 3456 2831 16
3490 2777 3608 2829 ὅνο-

1940 2891 2044 2945 μα’
2084 2876 2176 2929 καὶ
2209 2876 2259 2928 οἱ
2310 2874 2650 2945 πλανώμενοι
2694 2875 2802 2945 γὰρ
2842 2873 3059 2941 λέγουσι
3106 2871 3249 2932 θεὸν,
3279 2868 3372 2921 καὶ
3414 2866 3463 2918 οἱ
3498 2864 3606 2916 ἀπ-

1936 2962 2329 3033 εσχοινισμένοι
2367 2962 2465 3032 τῆς
2500 2962 2778 3024 εὐσεϐείας
2833 2962 2933 3013 οὐκ
2964 2958 3251 3029 ἀρνοῦνται
3292 2952 3390 3023 τὴν
3441 2967 3608 3021 προσιι

1934 3051 2196 3121 ηγορίαν·
2240 3053 2390 3103 ποῖον
2428 3044 2519 3101 οὖν
2558 3048 2726 3117 ὄνομα
2759 3047 3080 3115 ἑγνώρισεν;
3120 3044 3242 3095 Ὅτι
3288 3037 3475 3110 Πατὴρ
3508 3053 3608 3090 κα·

1935 3137 2136 3191 λεῖται·
2186 3134 2563 3205 Ἐφανέρωσά
2599 3150 2715 3187 σου
2744 3134 2811 3186 τὸ
2846 3132 3032 3200 ὄνομα
3075 3128 3155 3194 τῷ
3185 3128 3407 3196 κόσμῳ.
3444 3126 3609 3195 Ὁρᾷς

1937 3225 2018 3277 ὅτι
2046 3225 2178 3277 ὅπου
2218 3223 2482 3293 ἠγνόηται
2519 3223 2547 3274 6
2586 3219 2794 3291 Πατὴρ,
2832 3216 3104 3291 ἑρμηνεὺς
3149 3215 3354 3284 γίνεται
3381 3213 3410 3264 6
3446 3210 3607 3273 Υἱὸς,

1934 3310 2012 3381 τῷ
2061 3310 2398 3379 εὐαγγελικῷ
2444 3307 2763 3380 κηρύγματι
2816 3304 3120 3375 σαφηνίξων
3169 3301 3267 3373 τὴν
3316 3300 3569 3370 ἀλήθειαν

1936 3398 2070 3451 ὅπου
2125 3396 2181 3449 66
2226 3397 2256 3448 6
2301 3395 2489 3465 Πατὴρ
2539 3390 2816 3464 ἐνομίζετο
2868 3389 3259 3461 γνωρίζεσθαι,
3307 3388 3334 3439 6
3374 3385 3433 3439 66
3483 3383 3610 3446 Υἱὸς

1940 3483 2014 3554 μὴ
2048 3481 2427 3554 γνωρίζεσθαι,
2464 3482 2733 3553 ἑρμηνεὺς
2771 3479 2979 3547 γίνεται
3004 3476 3163 3539 αὑτὸς
3194 3474 3288 3528 τοῦ
3313 3472 3611 3542 ἀγνοουμέι

1936 3588 2047 3623 νου.
2066 3565 2211 3631 Οἷον,
2240 3569 2326 3622 ἵνα
2360 3569 2444 3621 ἐπ’
2472 3566 2648 3621 αὐτῶν
2676 3566 2831 3632 δείξω
2860 3564 2969 3617 τῶν
3005 3562 3339 3634 πραγμάτων
3367 3560 3465 3630 τὴν
3481 3558 3611 3639 ἀλή-

1937 3657 2109 3711 θειαν·
2170 3656 2381 3720 Παῦλος
2435 3656 2553 3727 ⁴ᾔδει
2584 3655 2675 3707 τὸν
2733 3654 2886 3717 Θεὸν,
2910 3653 3011 3706 οὐκ
3037 3652 3151 3723 ᾔδει
3173 3650 3265 3705 τὸν
3311 3648 3460 3701 Υἰόν·
3494 3647 3610 3716 ᾔδει

1935 3747 2089 3814 Θεὸν,
2124 3746 2222 3799 οὐκ
2252 3746 2366 3817 ᾔδει
2415 3745 2472 3799 δὲ
2523 3743 2742 3815 Πατέρα
2770 3742 2898 3795 ὄντα
2932 3740 3025 3793 τοῦ
3056 3736 3287 3811 Χριστοῦ
3332 3736 3422 3789 τὸν
3454 3734 3606 3787 Θεόν·

1936 3836 2029 3889 καὶ
2046 3830 2113 3905 ἦν
2145 3832 2391 3903 ζηλωτὴς
2414 3830 2695 3894 εὐσεϐείας
2728 3829 2869 3898 ὑπὲρ
2900 3827 2994 3881 τοῦ
3024 3827 3189 3897 νόμου
3226 3824 3553 3895 μαχόμενος·
3584 3824 3612 3874 6

1934 3924 2066 3986 Θεὸς
2090 3921 2395 3976 ἀπέϐλεπεν
2444 3921 2523 3983 εἰς
2558 3918 2648 3970 τὸν
2676 3917 2857 3987 ζῆλον,
2878 3915 3098 3984 ἀγνοίας
3117 3913 3211 3984 μὲν
3246 3911 3581 3982 πεπληρωμέ
3601 3940 3613 3949 ~

1936 4029 2044 4075 νον,
2063 4010 2225 4064 πόθου
2250 4010 2306 4062 δὲ
2324 4008 2580 4080 γέμοντα·
2599 4007 2693 4061 καὶ
2716 4005 2924 4057 τίποιεί
2943 4020 2957 4068 ;
2975 4002 3227 4073 γνωρίζει
3244 4000 3321 4072 τῷ
3334 3997 3611 4067 ἀγνοοῦντι

1935 4100 2026 4153 τὸν
2079 4097 2458 4168 ἀγνοούμενον.
2501 4095 2597 4158 Τίς
2648 4095 2778 4164 ἡμῖν
2816 4090 2986 4145 ταῦτα
3027 4087 3345 4167 σαφηνίζει;
3378 4086 3549 4147 Αὐτὸς
3586 4086 3615 4136 6

1938 4185 2069 4239 ποτὲ
2108 4185 2407 4255 ἀγνοήσας,
2461 4182 2554 4235 καὶ
2607 4178 2831 4250 ὕστερον
2888 4176 3180 4247 γνωρίσας,
3222 4172 3385 4236 αὐτὸς
3425 4174 3453 4225 6
3484 4170 3613 4223 ποτὲ

1937 4269 2153 4337 διώξας,
2188 4270 2282 4324 καὶ
2318 4268 2541 4340 ὕστερον
2570 4264 3080 4335 εὑαγγελισάμενος.
3105 4260 3168 4314 Τί
3191 4260 3300 4331 γάρ
3327 4258 3611 4330 φησιςΚιιί

1938 4358 2102 4428 ἤμην
2141 4356 2406 4425 ζηλωτὴς
2434 4354 2540 4409 τοῦ
2567 4352 2838 4423 πατρῴου
2878 4352 3085 4421 νόμου,
3117 4349 3244 4403 καθ’
3272 4344 3615 4416 ὑπερϐολὴν

1940 4446 2169 4500 διώκων
2196 4444 2311 4513 τὴν
2354 4442 2727 4509 Ἐκκλησίαν
2759 4440 2863 4494 τοῦ
2896 4439 3063 4494 Θεοῦ.
3096 4438 3236 4491 Ὅτε
3262 4434 3331 4490 δὲ
3358 4434 3616 4503 ηὐδόκη-

1940 4549 2053 4587 σεν
2080 4536 2113 4587 ό
2128 4532 2271 4598 Θεὸς
2300 4533 2332 4583 ό
2357 4530 2655 4599 ἀφορίσας
2669 4545 2743 4596 με
2767 4528 2835 4580 ἐκ
2856 4527 3087 4591 κοιλίας
3104 4524 3335 4601 μητρός
3351 4540 3489 4591 μου,
3517 4513 3614 4572 κ(ιί

1939 4618 2205 4683 καλέσας
2260 4616 2359 4670 διὰ
2407 4614 2518 4682 τῆς
2565 4614 2801 4683 χάριτος
2831 4611 3017 4690 αὐτοῦ
3081 4610 3471 4676 ἀποκαλύψαι
3510 4606 3615 4690 τύιλ

1950 4707 2087 4761 Υίύν
2118 4704 2304 4759 αὑτοῦ
2329 4704 2399 4756 ἐν
2434 4702 2587 4771 ἐμοί·
2623 4702 2717 4753 καὶ
2748 4699 2816 4752 τά
2845 4689 2991 4768 ἑξῆς.
3020 4700 3085 4751 Ἦ
3114 4697 3221 4767 γάρ
3258 4695 3534 4767 μαρτυρία
3555 4692 3617 4744 τὸ

1940 4793 2109 4858 δεῖξαι
2136 4792 2199 4844 16
2225 4790 2386 4861 ζητού
2397 4806 2574 4861 μενον,
2600 4788 2697 4858 οὑχ
2722 4789 2754 4857 ἠ
2778 4786 2978 4858 θεωρία
2998 4784 3091 4836 τοῦ
3129 4784 3398 4853 νοήματος
3448 4779 3612 4832 Πάλιν

1942 4882 2121 4953 ἐρωτᾷ
2150 4882 2179 4933 6
2207 4877 2397 4949 Σωτὴρ
2442 4878 2565 4940 τοὺς
2590 4875 2939 4937 ἀποστόλους,
2977 4873 3116 4927 Τίνα
3142 4890 3220 4941 με
3252 4870 3541 4939 λέγουσιν
3560 4868 3611 4919 cl

1942 4970 2235 5036 ἅνθρωποι
2273 4963 2423 5019 εἶναι
2452 4966 2559 5018 τὸν
2585 4956 2719 5017 Υίὸν
2747 4964 2853 5016 τοῦ
2875 4960 3026 5033 [408]
3062 4960 3413 5028 ἀνθρώπου;
3447 4957 3606 5028 Ἐρωο

1943 5058 2009 5127 τᾷ
2036 5057 2134 5126 οὐχ
2164 5056 2248 5107 ἵνα
2302 5052 2467 5124 μάθῃ,
2502 5051 2614 5104 ἀλλ’
2636 5050 2723 5104 ἴνα
2760 5050 2859 5120 τήν
2882 5048 3142 5102 ὑπόνοιαν
3188 5037 3456 5115 ἑξορίσας,
3516 5041 3615 5112 τὴν

1944 5142 2199 5214 ἀλήθειαν
2228 5140 2472 5212 στηρίξῃ.
2517 5139 2661 5193 Τίνα
2686 5154 2765 5206 με
2796 5135 3084 5205 λέγουσιν
3108 5136 3161 5189 οἰ
3190 5133 3516 5201 ἅνθρωποι;
3551 5132 3611 5184 Οἱ

1945 5229 2228 5285 ἀπόστολοι
2260 5227 2473 5299 πρῶτον
2500 5224 2598 5289 τὰς
2625 5225 2735 5278 τῶν
2752 5223 2959 5277 πολλῶν
2987 5220 3240 5285 ὑπονοίας
3272 5218 3616 5274 ἀντιϐἀλλου-

1948 5334 2049 5372 σιν·
2083 5317 2274 5388 Οἰμὲν
2304 5316 2434 5387 γάρ,
2468 5315 2651 5384 φασὶν,
2687 5314 2916 5376 Ἠλίαν,
2942 5315 2994 5366 οἰ
3016 5300 3083 5365 δὲ
3119 5310 3414 5381 Ἱερεμίαν,
3443 5310 3481 5377 ἢ
3509 5309 3617 5361 ἕντι

1946 5405 2061 5458 τῶν
2088 5403 2427 5473 προφητῶν.
2465 5402 2528 5454 Τί
2556 5396 2649 5455 οὖν
2678 5402 2706 5454 6
2728 5401 2950 5470 Σωτήρς
2990 5388 3131 5469 Πρὸς
3156 5393 3253 5467 μὲν
3278 5397 3375 5460 τὰς
3402 5394 3615 5465 ψευδεῖς

1947 5486 2102 5560 δόξας
2130 5488 2385 5562 οὐδεμίαν
2419 5478 2710 5562 ἀπόκρισιν
2732 5492 2984 5551 ποιεῖται,
3026 5478 3249 5553 ἀναξίας
3273 5483 3616 5562 ἀποκρίσεως

1948 5583 2147 5654 κρίνων
2170 5560 2271 5644 τάξ
2298 5579 2510 5649 ψευδεῖς
2544 5560 2816 5641 ὑπονοίας.
2860 5564 3043 5645 Ὑμεῖς
3076 5574 3143 5628 δὲ
3170 5575 3303 5628 τίνα
3314 5590 3389 5641 με
3412 5560 3617 5654 λέγετε

1948 5656 2097 5725 εἶναι
2116 5685 2133 5732 ;
2158 5668 2218 5721 οὐ
2242 5667 2348 5720 τῶν
2367 5666 2573 5719 πολλῶν
2597 5684 2684 5736 μοι
2712 5665 2865 5733 λόγος
2886 5663 2993 5717 τῶν
3017 5658 3472 5731 πεπλανημένων,
3503 5648 3615 5711 ἀλλ’

1951 5757 2103 5829 ὑμῶν
2133 5755 2241 5809 τῶν
2264 5755 2655 5826 κηρυττόντων.
2707 5752 2925 5823 Ἐπειδὴ
2959 5752 3065 5822 γάρ
3094 5751 3249 5821 ὑμεῖς
3273 5751 3391 5800 ἑστε
3416 5749 3463 5799 οῖ
3490 5746 3618 5814 μέλε·

1950 5849 2130 5911 λοντες
2173 5844 2504 5914 διαγγέλλειν
2541 5846 2630 5901 16v
2659 5844 2953 5915 λαμπτῆρα
2995 5841 3093 5911 τῆς
3124 5838 3397 5911 ἀληθείας,
3433 5838 3491 5892 ‘36
3516 5837 3616 5909 κῆδ
