3872 6396
111 384 175 438 ω
750 322 756 327 ”
1249 368 1336 423 ne
1375 366 1571 423 suum

1694 364 1939 422 SERMO.

111 516 311 556 ttllllilllalll
332 514 429 556 esse
463 499 789 567 opinionem,
835 491 963 547 illud
1008 488 1294 558 obsignans
1322 495 1378 541 et
1405 481 1558 555 sigii-

112 610 171 647 un
193 593 375 648 vericuis
394 590 603 653 addens,
628 588 791 642 dicit:
820 584 1009 639 Beatus
1035 598 1108 645 es,
1131 579 1310 634 Simon
1334 574 1561 645 Barjona

111 683 168 738 lb.
192 698 230 737 tt.
255 684 342 753 l7).
367 683 447 736 Hic
470 683 519 735 in
549 678 862 734 memoriam
893 689 1108 736 revoca,
1138 671 1350 725 Patrem
1397 667 1557 722 etiam

111 777 116 829 i
141 776 211 846 qui
229 790 276 830 se
295 782 497 836 noverat,
528 787 651 827 eum
672 785 832 841 quem
857 765 1134 837 ignorabat
1154 761 1411 816 revelare.
1428 757 1581 813 Βεσο.
1604 795 1622 803 --

111 884 139 919 's
162 882 218 929 es,
240 865 385 920 Simon
403 863 639 933 Barjona,
667 862 789 931 quia
813 874 933 913 caro
960 867 1006 910 et
1034 854 1239 924 sanguis
1284 867 1386 904 non
1422 863 1562 901 reue-

112 958 174 1011 rrit
189 958 276 1021 tibi,
299 957 371 1012 sed
388 955 532 1010 Pater
556 970 719 1019 meus,
741 952 829 1022 qui
857 952 909 1004 in
928 949 1066 1003 cretis
1092 956 1184 1001 est.
1221 942 1406 998 Viden‘
1423 953 1560 1009 quo-

114 1049 202 1103 odo
224 1050 301 1104 toti
323 1049 438 1114 orbi,
468 1048 556 1117 qui
590 1046 802 1101 Patrem
834 1041 1132 1113 ignorabat,
1180 1037 1348 1092 Filius
1394 1035 1561 1103 ignoti

114 1150 285 1208 terpres
306 1140 397 1195 sit:
424 1152 702 1211 synagogas
727 1144 904 1190 autem
935 1142 989 1187 et
1028 1130 1248 1194 Iudaeis,
1280 1127 1368 1196 qui
1396 1127 1560 1178 Deum

111 1228 240 1284 iidem
265 1244 315 1284 se
341 1243 479 1283 nosse
505 1229 782 1297 putabant,
801 1223 894 1279 sed
916 1223 1009 1277 Dei
1028 1220 1247 1276 verbum
1271 1218 1436 1271 Deum
1454 1227 1560 1268 non

111 1330 290 1386 «erant,
311 1321 406 1388 ipse
426 1320 580 1375 Pater
609 1321 871 1385 interpres
898 1314 1062 1386 ignoti
1087 1307 1383 1367 efﬁciatur?

113 1414 161 1466 4.
192 1410 259 1466 Ne
277 1411 429 1482 itaque
449 1426 708 1466 summam
738 1407 1115 1478 benignitatem
1134 1399 1422 1471 impietatis
1446 1395 1562 1450 via-

118 1521 191 1559 um
218 1512 416 1568 statuas;
445 1519 511 1559 ne
539 1504 749 1558 minuas
785 1499 1097 1571 dignitatem
1140 1505 1357 1566 propter
1384 1493 1564 1547 incar-

112 1599 309 1660 tionem;
336 1612 394 1652 ne
416 1595 675 1651 curiosius
697 1592 933 1663 inquiras
963 1593 1276 1645 immensam
1300 1585 1447 1639 illam
1470 1597 1566 1638 na-

112 1706 225 1755 -am;
253 1705 311 1745 ne
333 1688 575 1744 scruteris
618 1684 907 1741 essentiam
941 1674 1559 1749 incomprehensibilem.

111 1784 149 1837 bi
177 1782 318 1837 lsaias
352 1779 583 1844 suadeat,
614 1794 723 1833 non
769 1790 891 1833 esse
931 1774 1020 1829 illa
1061 1768 1430 1841 disquirenda,
1462 1781 1564 1822 nec

111 1876 221 1944 -ipto
260 1872 517 1944 agitanda:
546 1885 669 1925 nam
719 1869 813 1931 ait,
869 1865 1252 1922 Generationem
1296 1862 1409 1932 ejus
1454 1859 1566 1930 quis

111 1969 265 2023 trrabt't
305 1964 462 2037 (lsai.
493 1965 584 2021 55.
628 1962 738 2034 8)?
774 1958 904 2025 Sed,
937 1973 972 2014 o
1001 1954 1364 2028 impudentem
1404 1950 1569 2007 auda~

111 2076 154 2115 tn
181 2073 350 2115 eorum
371 2057 455 2127 qui
475 2055 653 2111 omnia
685 2062 888 2108 temere
916 2049 1156 2106 sentiunt
1189 2055 1246 2103 et
1286 2042 1564 2101 effutiunt!

111 2167 193 2223 lue
210 2151 346 2206 timet
373 2151 659 2204 Anommus
680 2143 777 2200 Dei
801 2151 1042 2199 naturam
1070 2138 1325 2203 scrutari,
1352 2144 1410 2192 et
1428 2133 1567 2189 inef-

111 2244 186 2297 ilia
214 2252 400 2298 temere
427 2238 593 2309 loqui,
625 2247 788 2306 atque
816 2244 999 2290 sancta
1023 2233 1332 2295 traducere;
1359 2244 1423 2284 ac
1444 2228 1569 2298 jure

111 2334 239 2390 dem.
268 2331 392 2401 Quia
427 2331 568 2387 enim
610 2328 892 2384 veritatem
934 2327 1164 2395 ignorat,
1206 2336 1328 2393 qua:
1357 2321 1570 2391 ignorat

112 2436 175 2493 rt,
217 2436 269 2480 ut
288 2440 400 2495 qua:
424 2422 783 2495 praedicantur
807 2418 1059 2475 occultet.
1078 2415 1196 2471 Non
1216 2413 1420 2469 audivit
1439 2427 1568 2467 san-

112 2534 141 2571 n
169 2516 484 2587 Scripturam
511 2521 841 2579 monentem,
873 2513 1001 2579 Qua
1027 2508 1116 2563 tibi
1142 2507 1386 2562 mandata
1426 2513 1566 2570 sunt,

133 2609 290 2680 cogita
319 2606 499 2679 (Eccli.
532 2607 585 2662 5.
633 2604 766 2677 22):
795 2618 967 2674 neque
1009 2602 1153 2658 enim
1206 2598 1421 2654 arcanis
1472 2596 1567 2650 tibi

111 2716 131 2752 ς
156 2709 257 2753 est.
284 2698 474 2753 Beatus
507 2697 666 2763 Deus,
695 2696 785 2766 qui
801 2695 947 2751 solus
962 2692 1223 2749 mirabilia
1247 2699 1458 2762 patrare
1476 2704 1572 2760 po-

111 2832 121 2855 ,
149 2806 265 2845 cum
297 2791 452 2847 vellet
477 2790 671 2846 Jobum
702 2789 848 2844 illum
877 2788 1130 2857 patientia
1169 2801 1265 2841 sua
1295 2785 1555 2840 illustrem

112 2882 211 2937 oria
229 2882 512 2938 creationis
533 2880 957 2949 obstupefacere,
980 2879 1055 2933 ait
1072 2878 1145 2933 illi
1165 2893 1179 2931 :
1203 2876 1300 2933 Ubi
1326 2893 1439 2931 eras
1459 2891 1571 2929 cum

111 2994 173 3028 tm
207 2975 478 3045 funderent
527 2973 648 3044 (Job
692 2972 781 3030 58.
820 2973 882 3043 4)
918 2971 1091 3027 ?cum
1122 2985 1273 3026 mare
1302 2969 1489 3026 ﬁeret?
1514 2976 1573 3022 ut

112 3070 169 3124 ris
195 3068 492 3134 absolvam,
511 3065 643 3123 Cum
672 3075 885 3122 montes
906 3064 1282 3121 ﬁrmarentur?
1298 3063 1377 3118 Tu
1399 3074 1573 3134 partus

111 3161 401 3229 alaphorum
444 3158 716 3214 observasti
769 3157 889 3229 (Job
919 3157 1139 3227 59.1)?
1182 3157 1387 3212 Enarra
1441 3153 1572 3208 mihi

114 3252 166 3308 di
220 3251 620 3317 formationem,
668 3249 901 3306 ferarum
955 3256 1162 3319 partus,
1209 3248 1572 3318 iumentorum

112 3361 185 3411 m,
218 3345 657 3400 constitutionem
680 3353 735 3398 et
761 3342 1075 3397 varietatem
1096 3341 1335 3397 omnium
1363 3358 1482 3411 quae
1515 3342 1569 3395 in

112 3439 182 3491 do
203 3446 353 3491 sunt.
383 3436 511 3492 llaec
534 3436 629 3506 ipsi
647 3435 878 3502 dicebat,
904 3434 1125 3489 utilium
1152 3433 1393 3498 doceret,
1413 3434 1574 3488 etiam

111 3547 119 3581 ι
148 3528 381 3595 mundo,
408 3542 532 3599 quae
560 3528 660 3583 sub
690 3536 963 3598 aspectum
1010 3526 1231 3592 cadunt,
1265 3540 1369 3579 non
1408 3539 1575 3595 posse

111 3622 388 3677 ominibus
408 3619 815 3691 comprehendi.
846 3618 1048 3674 Deinde
1075 3619 1263 3674 beatus
1285 3618 1373 3673 ille
1391 3618 1579 3672 obstu-

112 3725 223 3769 :tus
247 3713 424 3769 dicit:
458 3710 697 3777 Domine,
742 3711 893 3767 semel
919 3710 1157 3780 loquutus
1182 3726 1316 3775 sum,
1359 3712 1578 3763 secundo

111 3808 359 3876 adjiciam
388 3805 517 3876 (Job
556 3805 644 3860 59.
674 3804 785 3874 55).
817 3805 1010 3869 Qumso
1033 3810 1107 3869 te,
1133 3816 1313 3857 rerum
1339 3816 1459 3870 qua:
1480 3800 1579 3854 sub

111 3907 254 3953 etum
288 3897 502 3953 cadunt
542 3896 855 3967 perquisitio
899 3894 1092 3951 Jubmn
1145 3894 1493 3963 compressit;
1525 3904 1583 3949 et

112 3994 259 4046 ciam
290 4000 446 4046 tuam
482 4004 549 4045 ne
575 3988 857 4044 ineti‘abilis
885 3987 1098 4059 quidem
1128 3985 1396 4057 Unigeniti
1424 4000 1582 4056 gene‘

130 4084 448 4153 reprimet?
479 4083 676 4138 Verum
694 4082 815 4152 quia
834 4082 921 4136 illa
944 4097 1063 4152 qua:
1085 4081 1296 4151 ignoras
1319 4082 1579 4151 explicas,

112 4190 201 4228 uae
247 4188 455 4229 omnes
499 4173 744 4228 novimus
784 4172 882 4227 abs
913 4180 965 4227 te
997 4172 1285 4242 quaerenda
1316 4182 1463 4237 sunt,
1494 4172 1584 4226 dic

126 4266 429 4337 quomodo
464 4275 604 4321 terra
634 4280 797 4335 super
821 4280 987 4335 aquas
1003 4264 1218 4319 fundata
1245 4266 1335 4332 sit,
1359 4280 1586 4335 quomo-

111 4359 248 4413 datu
274 4374 348 4413 ex
386 4368 533 4413 terra
568 4360 827 4413 formatus
843 4358 931 4423 sit,
950 4357 1220 4429 quomodo
1248 4373 1441 4413 manna
1460 4374 1586 4428 sup—

111 4460 299 4515 atum,
335 4451 618 4520 quomodo
650 4466 797 4506 mare
847 4450 1109 4514 divisum;
1164 4464 1219 4505 et
1266 4466 1334 4506 ne
1378 4452 1586 4523 longior

112 4543 344 4612 reliqua
372 4544 662 4597 miracula.
690 4543 783 4597 Dic
809 4532 937 4597 mihi
967 4545 1238 4614 quomodo
1276 4548 1455 4617 angeli
1484 4563 1583 4619 ap-

118 4651 199 4687 im
235 4635 353 4690 sibi
382 4636 457 4689 ab
487 4634 795 4689 Abrahamo
824 4636 1045 4689 vitulum
1075 4638 1441 4693 comederint:
1466 4641 1589 4694 nul-

113 4729 124 4779 i
150 4738 395 4790 venter,
424 4726 633 4780 nullum
657 4726 899 4781 ciborum
924 4729 1321 4796 receptaculum
1351 4730 1403 4785 in
1426 4747 1588 4802 ange-

111 4818 209 4884 2ui
257 4818 407 4888 facit
438 4820 649 4889 angelos
674 4835 795 4873 suos
830 4820 1061 4888 spiritus,
1098 4832 1145 4874 et
1173 4822 1431 4878 ministros
1469 4841 1588 4880 suos

112 4934 115 4959 ;
175 4920 440 4964 urentem
494 4910 665 4983 (Psal.
699 4911 820 4966 105.
851 4912 930 4982 4).
961 4911 1242 4980 Quomodo
1276 4914 1589 4984 absumptus

152 5003 295 5057 est?
352 5001 559 5057 Statim
592 5003 872 5059 haereticus
904 5022 916 5057 :
950 5003 1088 5070 Quid
1131 5005 1216 5059 hic
1260 5007 1588 5076 impossibile

116 5099 197 5153 s?
230 5098 582 5168 angelorum
616 5098 811 5153 virtute
832 5099 1081 5154 evanuit.
1116 5100 1440 5170 Angelorum
1484 5102 1590 5155 vir-

139 5188 386 5253 credis,
418 5204 522 5244 nec
544 5190 844 5256 examines,
872 5198 927 5245 et
958 5191 1051 5246 Dei
1070 5194 1471 5261 generationem
1498 5208 1595 5248 cu-

111 5283 448 5336 scrutaris?
464 5282 748 5349 Quomodo
774 5284 897 5338 fecit
918 5283 1057 5337 Deus
1073 5284 1257 5337 czelum
1282 5294 1335 5338 et
1357 5286 1589 5339 terram?

112 5377 307 5442 iudet,
348 5375 434 5432 Ut
489 5376 654 5440 novit,
708 5384 767 5429 ut
816 5376 1002 5429 voluit.
1054 5375 1198 5431 Itane
1231 5377 1321 5430 Dei
1356 5386 1589 5446 potestas

111 5470 263 5523 iniis
308 5486 435 5523 non
470 5468 775 5539 subjicitur,
828 5468 921 5523 sed
975 5469 1127 5533 ﬁdei;
1178 5469 1358 5523 divina
1406 5481 1583 5525 autem

112 5561 232 5613 ntiu
273 5560 603 5614 ratiociniis
623 5558 937 5614 addicitur?
962 5558 1077 5613 Non
1100 5558 1292 5613 audisti
1330 5561 1581 5616 Davidem

113 5668 249 5715 cm,
320 5652 535 5706 Omnia
584 5668 908 5722 quwcumque
961 5652 1119 5706 uoluit
1169 5653 1415 5708 Dominus
1468 5656 1586 5725 fecit

164 5746 316 5801 154.
365 5745 474 5814 6)?
511 5745 845 5800 Voluntatem
881 5763 984 5800 non
1028 5747 1310 5816 perquiris,
1344 5755 1397 5801 ct
1423 5756 1585 5801 natu-

112 5843 329 5898 ηἰωδε
387 5845 700 5901 scrutaris?
733 5843 934 5914 Ecquid
960 5886 973 5913 ,
1024 5843 1251 5900 fratres?
1278 5844 1408 5913 Quae
1438 5845 1580 5902 Deus

3144 368 3248 425 538

1667 484 1851 538 volens
1878 481 2075 547 etIecit,
2110 481 2390 549 videntur;
2440 485 2493 539 is:
2532 499 2683 553 vero,
2723 501 2881 557 quem
2911 503 2976 544 ex
3032 492 3249 564 propria

1662 572 1961 627 substantia
1989 572 2177 641 genuit
2201 574 2521 632 invisibilem
2547 576 2730 650 (opera
2754 582 2896 637 enim
2917 598 3037 653 qua:
3060 584 3249 641 viden-

1667 673 1771 723 tur.
1795 672 1921 718 sunt
1948 664 2125 735 imago
2150 664 2247 720 Dei
2275 668 2597 742 invisibilis),
2621 688 2766 729 nunc
2790 684 2968 730 autem
2994 679 3046 732 in
3076 680 3246 733 ratio-

1663 754 1809 810 cinio
1835 765 2081 810 versatur
2109 756 2390 813 invisibilis
2425 765 2723 831 generatio,
2764 767 3056 827 ratiociniis
3083 772 3251 842 subji-

1666 849 1838 903 titur?
1861 866 1981 919 quae
2008 852 2194 907 volens
2224 852 2350 908 fecit
2369 871 2472 909 non
2491 859 2884 928 examinantur,
2915 872 2969 917 et
2989 866 3127 935 quod
3152 883 3251 937 per

1666 939 1899 994 divinam
1949 951 2006 996 et
2051 941 2424 999 intemeratum
2472 957 2717 1004 naturam
2771 956 2990 1022 protulit
3034 961 3250 1018 curiose

1666 1032 1958 1086 scrutaris?
1982 1032 2027 1087 Ο
2067 1049 2256 1088 novam
2300 1036 2608 1093 audaciam!
2646 1056 2679 1095 o
2719 1047 3061 1103 temerarium
3092 1066 3249 1107 cona-

1668 1124 1813 1178 tum!
1862 1141 1895 1176 0
1925 1125 2206 1179 consilium
2257 1130 2438 1197 turpet
2481 1144 2515 1183 o
2548 1141 2791 1189 naturam
2836 1135 3247 1201 inhonoratam!

1666 1214 2252 1309 Juredicebatbeatus
2278 1222 2481 1278 David:
2511 1223 2643 1280 Filii
2685 1228 2949 1286 hominum
2990 1252 3248 1309 usquequo

1665 1308 1807 1375 graui
1827 1308 2014 1361 corde?
2040 1307 2106 1364 Ut
2129 1310 2253 1377 quid
2276 1312 2487 1383 diligitis
2511 1317 2777 1372 vanitatem
2807 1331 2854 1374 et
2873 1307 3095 1394 (tuleritis
3116 1307 3248 1386 meno

1667 1397 1868 1451 dacium
1896 1399 2068 1466 (I’sal.
2093 1407 2144 1457 4.
2176 1404 2270 1472 3)?
2295 1405 2679 1480 Quodcumque
2706 1414 2849 1469 enim
2879 1417 3115 1477 alienum
3164 1435 3251 1481 est

1666 1503 1695 1543 a
1718 1488 1917 1544 Christi
1941 1491 2209 1559 doctrina,
2232 1512 2426 1551 vanum
2457 1511 2615 1556 estet
2651 1505 3008 1564 mendacium.
3041 1510 3174 1569 Nam
3203 1516 3251 1572 si

1671 1596 1797 1636 vere
1820 1582 1970 1678 dicit,
1998 1584 2106 1655 Ego
2132 1604 2246 1641 sum
2275 1592 2461 1646 ueritas
2486 1592 2663 1665 (loau.
2698 1598 2784 1653 14.
2804 1600 2883 1671 6),
2903 1619 3252 1678 quantumque

1666 1683 1817 1728 extra
1838 1673 2035 1731 Christi
2061 1677 2360 1736 doctrinam
2391 1694 2537 1751 sunt,
2569 1687 2635 1741 ad
2665 1692 3000 1749 mendacium
3026 1673 3249 1756 ducunt.

1667 1766 1853 1823 Reduc
1881 1770 2122 1826 animum
2152 1781 2301 1828 tuum
2335 1775 2404 1830 ab
2428 1778 2623 1835 inlimis
2652 1782 2757 1838 illis
2788 1788 3173 1856 qumstionibus
3198 1802 3255 1849 et

1668 1873 1699 1914 a
1730 1860 1894 1915 variis
1922 1863 2218 1919 ratiociniis
2239 1866 2305 1921 ad
2333 1869 2617 1927 sublimem
2649 1875 2996 1949 theologiam,
3021 1892 3076 1937 et
3099 1885 3253 1941 mitte

1670 1950 1884 2020 inopem
1918 1954 2061 2008 illam
2101 1957 2506 2016 ratiociniorum
2541 1968 2978 2036 perquisitionem
3010 1990 3025 2028 :
3068 1978 3253 2046 accipe

1669 2043 1914 2100 veritatis
1936 2045 2279 2105 thesaurum:
2313 2052 2494 2109 Simile
2518 2066 2591 2111 est
2626 2076 2836 2131 regnum
2863 2066 3103 2121 calorum
3141 2043 3252 2124 tlte-

1668 2149 1822 2189 sauro
1846 2135 2141 2194 abscondito
2171 2141 2385 2212 (Matth.
2431 2146 2519 2201 15.
2552 2149 2666 2219 44).
2700 2152 2809 2206 Cur
2834 2152 3090 2212 Servator
3134 2160 3254 2217 the-

1670 2240 1864 2282 saurus
1890 2233 2146 2287 vocatur?
2176 2233 2272 2289 Hic
2298 2236 2585 2308 diligenter
2614 2244 2851 2300 attende.
2884 2246 2953 2303 Ut
2975 2249 3256 2308 thesaurus

1672 2332 1779 2373 non
1812 2329 1939 2375 tunc
1964 2324 2323 2393 constituitur,
2356 2343 2479 2384 cum
2521 2334 2808 2402 reperitur,
2858 2338 2954 2394 sed
2993 2351 3147 2398 vetus
3175 2355 3259 2400 est

1671 2409 2024 2480 depositione,
2076 2431 2246 2472 novus
2299 2419 2517 2476 inventu
2560 2442 2572 2478 :
2617 2426 2696 2481 sic
2747 2429 2983 2487 salutare
3029 2436 3253 2492 verbum

1671 2515 1823 2561 vetus
1851 2515 1935 2562 est
1958 2507 2235 2579 dignitate,
2270 2522 2323 2566 et
2354 2515 2670 2586 principium
2723 2523 2994 2591 omnium;
3037 2542 3158 2583 nam
3190 2529 3257 2585 In

1673 2598 1924 2670 principio
1949 2612 2057 2655 erat
2086 2603 2286 2657 verbum
2313 2604 2490 2676 (Joan.
2524 2609 2576 2663 1.
2606 2609 2695 2681 1);
2730 2628 2867 2669 nova
2894 2628 3073 2675 autem
3115 2638 3257 2691 prte-

1672 2690 1867 2747 dicatio
1895 2704 2111 2763 propter
2135 2698 2312 2751 carnis
2333 2702 2708 2760 oeconomiam.
2730 2706 2796 2762 Et
2817 2722 2967 2778 sane,
2996 2690 3180 2783 frater,
3200 2710 3257 2774 ut

1671 2784 1850 2841 discas
1866 2786 2036 2856 ipsum
2059 2789 2293 2845 thesauri
2317 2793 2486 2849 instar
2500 2796 2932 2859 desiderantibus
2948 2806 3254 2879 splendere,

1672 2886 1728 2933 et
1752 2879 1842 2949 qui
1874 2879 2001 2934 illud
2025 2883 2298 2951 reperiunt
2328 2887 2480 2954 quasi
2512 2889 2578 2943 ad
2612 2890 2920 2949 thesaurum
2948 2912 3254 2968 accurrere,

1673 2969 1916 3060 Andreas
1952 2970 2109 3026 Petro
2147 2987 2415 3043 repertum
2459 2978 2700 3036 indicans
2729 2985 2835 3041 ait:
2871 2986 3030 3054 Quem
3055 2992 3259 3060 scripsit

1680 3058 1881 3130 Moyses
1909 3062 1962 3114 in
1985 3061 2093 3132 lege
2115 3072 2164 3117 et
2193 3067 2470 3137 prop/cette,
2489 3070 2771 3137 invenimus
2796 3076 3051 3135 Christum
3076 3058 3257 3146 (Joan.

1678 3152 1727 3207 1.
1752 3151 1864 3222 45).
1890 3151 2100 3225 Moyses
2120 3155 2264 3210 enim
2294 3167 2349 3212 et
2375 3160 2647 3230 prOphetae
2667 3165 2716 3218 in
2736 3168 2903 3223 sacris
2920 3168 3090 3238 libris,
3110 3177 3259 3243 quasi

1675 3245 1728 3300 in
1750 3244 2016 3301 thesauris
2045 3250 2473 3317 praedicationem
2496 3255 2875 3326 deposuerant.
2900 3262 3095 3319 Verum
3124 3267 3263 3323 sicut

1677 3336 1776 3402 illi,
1808 3339 1897 3407 qui
1925 3340 2190 3397 occultum
2221 3343 2527 3402 thesaurum
2558 3348 2850 3420 deponunt,
2900 3355 3003 3425 ipsi
3045 3358 3259 3428 quidem

1678 3428 1977 3497 depositum
2020 3442 2236 3502 norunt,
2265 3437 2436 3493 oculis
2470 3454 2598 3494 vero
2643 3440 2890 3509 lustrant,
2942 3462 3010 3502 ne
3039 3448 3106 3503 ab
3145 3451 3265 3506 aliis

1678 3518 1832 3614 facile
1855 3522 2024 3593 abripi
2052 3526 2219 3593 possit
2248 3544 2260 3578 :
2288 3527 2365 3583 sic
2394 3530 2668 3600 propheta:
2693 3534 2821 3591 dum
2840 3535 3112 3597 Christum
3130 3558 3266 3614 pra:-

1679 3612 1942 3679 dicarent,
1977 3616 2303 3674 obscuritate
2332 3622 2614 3678 verbormn
2667 3626 2987 3686 thesaurum“
3020 3612 3265 3691 occulta-

1681 3715 1827 3798 runt.
1860 3706 2072 3774 Quare?
2098 3710 2151 3765 Si
2182 3711 2325 3766 clare
2347 3712 2629 3779 dixissent,
2673 3735 2779 3773 non
2810 3720 3002 3779 fuisset
3032 3728 3265 3798 prOphc-

1684 3797 1775 3861 tia,
1811 3798 1905 3853 sed
1942 3800 2270 3869 praedicatio,
2301 3813 2355 3859 et
2399 3806 2767 3877 intempestiva
2815 3811 3054 3885 loquutio
3078 3797 3269 3887 praedi-

1682 3889 1909 3982 cationis
1952 3896 2405 3961 Opportunitatem
2454 3913 2904 3972 prazoccupasset.
2954 3906 3091 3975 Quid
3140 3926 3270 3982 ergo

1686 3980 1921 4036 faciunt?
1952 3982 2377 4054 lnterpretantur
2420 3998 2475 4043 et
2503 3993 2789 4048 occultant.
2814 3995 2944 4064 Quis
2985 3998 3086 4055 hoc
3108 3980 3271 4055 dicit?

1685 4074 1885 4129 Isaias:
1917 4076 1982 4128 Et
2006 4076 2100 4130 erit
2129 4078 2212 4131 hic
2252 4079 2377 4133 liber
2409 4082 2558 4151 quasi
2583 4084 2707 4139 liber
2738 4085 3069 4159 obsignatas:
3099 4093 3183 4161 qui
3227 4096 3271 4147 si

1685 4169 1833 4223 detur
1862 4171 1969 4224 viro
1996 4172 2177 4225 scienti
2207 4172 2400 4241 literas,
2450 4175 2604 4240 dicet,
2654 4177 2778 4233 Non
2828 4198 3033 4251 possum
3073 4184 3269 4255 legere;

1688 4261 1979 4332 obsignatas
2009 4264 2141 4317 enim
2168 4275 2259 4320 est.
2289 4265 2426 4321 Etsi
2449 4268 2596 4325 detur
2624 4274 2864 4327 nescienti
2888 4275 3081 4342 literas,
3111 4278 3267 4340 dicet,

1689 4351 1813 4407 Non
1836 4370 2043 4423 possunt
2073 4357 2258 4428 legere,
2289 4360 2409 4430 quia
2436 4377 2536 4415 non
2574 4362 2732 4417 didici
2780 4364 2950 4420 literas
2994 4367 3148 4436 (lsai.
3177 4369 3269 4426 29.

1690 4446 1779 4501 11.
1815 4446 1926 4516 12).
1958 4447 2097 4514 Quid
2138 4450 2240 4503 sibi
2290 4452 2402 4507 vult
2433 4453 2535 4509 hoc
2564 4455 2828 4526 aenigma?
2868 4457 3159 4529 Prophetia
3205 4462 3274 4516 de

1690 4538 1924 4606 Christo,
1959 4541 2152 4610 inquit,
2179 4550 2234 4596 et
2261 4557 2293 4597 a
2321 4542 2522 4599 ludatis
2546 4555 2599 4600 et
2625 4561 2654 4619 a
2676 4548 2963 4617 gentilibus
2990 4550 3274 4620 ignoraba-

1691 4640 1808 4686 tur:
1841 4646 1870 4685 a
1896 4631 2116 4697 ludzeis,
2161 4634 2248 4700 qui
2283 4633 2465 4689 literas
2506 4637 2747 4711 sciebant
2786 4648 2839 4693 et
2868 4639 3039 4709 legem
3067 4651 3122 4696 et
3152 4658 3275 4712 pro-

1634 4782 1643 4792 ,
1691 4728 1899 4797 phetas,
1932 4727 2055 4796 quia
2085 4726 2361 4797 obsignata
2406 4737 2557 4783 erat:
2588 4728 2756 4784 Judrei
2810 4730 2994 4786 literas
3032 4734 3276 4792 sciebant

1691 4826 1748 4872 et
1774 4817 2002 4872 inStituti
2028 4826 2211 4883 erant;
2244 4817 2473 4905 ideoque
2503 4819 2628 4873 dicit
2656 4821 2756 4875 illis
2792 4822 2964 4876 Deus:
2994 4823 3094 4889 Qui
3119 4835 3279 4896 gesta-

1693 4909 1818 4963 mini
1843 4925 1906 4963 ex
1930 4917 2092 4976 utero,
2127 4919 2176 4963 et
2202 4909 2521 4964 iustituimini
2566 4928 2720 4978 usque
2762 4912 2830 4964 ad
2874 4915 3069 4969 senium
3119 4915 3274 4987 (Isai.

1694 5001 1783 5057 46.
1813 5001 1869 5073 3)
1896 5019 1908 5055 :
1940 5000 2166 5056 instituti
2196 5010 2368 5063 erant,
2400 5002 2493 5057 sed
2544 5004 2871 5069 nesciebant,
2917 5006 3039 5074 quia
3071 5024 3156 5062 res
3182 5010 3280 5064 ob-

1696 5097 1951 5151 scuritate
1980 5095 2279 5167 tegebatur.
2319 5093 2365 5149 A
2408 5095 2695 5164 gentilibus
2734 5112 2862 5149 vero
2908 5097 3276 5168 ignorabatur,

1698 5204 1801 5242 non
1834 5195 2055 5258 propter
2079 5186 2484 5251 obscuritatem,
2520 5186 2613 5242 sed
2656 5188 2795 5256 quod
2844 5204 3067 5258 prorsus
3094 5191 3279 5247 literas
3312 5224 3315 5227 »

1697 5282 2025 5351 ignorarent.
2059 5280 2185 5335 Ideo
2216 5280 2410 5335 Paulus
2436 5280 2738 5345 Timotheo,
2772 5283 2861 5352 qui
2894 5284 2944 5337 in
2990 5284 3107 5354 lege
3142 5285 3279 5341 edu-

1696 5382 1845 5426 catus
1869 5370 2061 5435 fuerat,
2079 5372 2207 5426 dicit
2228 5388 2240 5426 ε
2274 5372 2402 5437 Quia
2421 5371 2483 5424 ab
2498 5371 2714 5445 infantia
2731 5390 2903 5427 sacras
2926 5375 3097 5430 lileras
3122 5378 3279 5442 nosti.

1697 5482 1812 5535 qua:
1841 5477 1887 5519 te
1914 5478 2123 5537 possunt
2173 5465 2418 5518 instruere
2460 5465 2529 5518 ad
2556 5465 2768 5520 salutem
2800 5467 2874 5535 (2.
2911 5466 3045 5521 Tim.
3078 5470 3133 5524 '5.
3166 5470 3277 5540 15).

1700 5557 1827 5611 Erat
1851 5570 1980 5627 ergo
2012 5555 2288 5625 prophetia
2320 5564 2378 5609 ut
2407 5555 2691 5610 thesaurus
2716 5556 2767 5610 in
2807 5557 2974 5612 sacris
3005 5557 3161 5615 libris
3191 5573 3277 5613 oc-

1696 5650 1836 5705 culta
1863 5669 1877 5704 :
1910 5666 2015 5703 non
2044 5649 2403 5704 recedendum
2433 5652 2577 5704 enim
2609 5659 2687 5704 est
2730 5664 2760 5704 a
2806 5650 3015 5709 ratione
3061 5651 3279 5706 occulti.

1696 5747 1878 5816 Neque
1902 5745 2065 5800 Isaias
2092 5746 2237 5801 solus
2267 5744 2574 5816 prophetias
2597 5743 2815 5799 exhibet
2836 5744 3165 5813 obsignatas,
3188 5741 3283 5797 sed

1697 5854 1857 5899 etiam
1890 5842 2107 5899 Daniel:
2139 5857 2261 5898 nam
2292 5841 2419 5897 dicit
2459 5842 2532 5897 illi
2565 5839 2805 5912 angelus,
2848 5848 3132 5911 postquam
3180 5835 3281 5907 ipsi
