3872 6396
510 365 613 423 559

508 487 806 538 tuturorum
834 477 1210 533 revelationem
1233 482 1624 530 monstraverat
1648 490 1662 528 :
1689 473 1753 528 Et
1773 483 1845 538 tu,
1873 473 2077 537 Daniel,

513 573 720 643 obsigna
762 568 944 624 librum
988 568 1122 621 hunc
1164 565 1390 629 visionis,
1435 566 1553 634 quia
1592 565 1938 633 interpretatio
1973 565 2084 633 ejus

512 664 689 737 procul
718 662 878 735 (Dan.
913 660 1001 715 12.
1026 660 1059 715 9
1067 673 1105 730 ).
1139 658 1266 714 Ideo
1294 658 1481 712 beatus
1514 656 1701 723 David,
1743 671 1865 710 cum
1912 654 2082 725 legeln

506 767 560 811 et
584 754 873 827 prophetas
898 768 963 808 ex
997 766 1224 822 persona
1257 750 1435 819 pepuli
1464 748 1695 819 legeret;
1731 762 1904 818 neque
1939 746 2082 802 enim

482 850 622 917 (ipse
650 847 740 916 qui
769 844 1085 917 prephetice
1111 842 1449 913 loquebatur,
1478 840 1784 910 ignorabat;
1815 848 1872 893 ut
1898 846 2083 893 osten-

472 930 662 1007 jderet
691 952 750 993 se
776 936 1062 1007 quamdam
1089 933 1289 990 Christi
1312 932 1629 988 oeconomiae
1654 930 1895 985 notitiam
1922 944 2084 1000 cape-

463 1005 489 1047 ’³
510 1046 587 1094 re,
619 1031 713 1085 sed
739 1005 846 1086 non
877 1042 1037 1099 posse
1062 1026 1362 1095 intelligere
1392 1026 1462 1079 ob
1487 1024 1751 1079 dictorum
1781 1021 2084 1076 obscurita-

508 1138 639 1190 tem,
660 1121 857 1191 aliquid
887 1119 1063 1176 simile
1091 1131 1279 1188 passus
1303 1124 1387 1170 est
1415 1116 1480 1170 iis
1496 1114 1584 1184 qui
1607 1126 1915 1167 crumenam
1942 1110 2088 1167 obsi~

507 1226 719 1288 gnatam
751 1212 952 1270 vident.
975 1208 1112 1278 Quid
1142 1223 1272 1278 ergo
1301 1206 1428 1261 facit
1448 1220 1569 1260 cum
1593 1204 1774 1258 literas
1803 1201 1967 1266 videt,
1986 1215 2085 1256 nec

510 1317 686 1378 potest
714 1318 932 1363 sensum
961 1301 1188 1369 capere?
1217 1298 1381 1353 dicit:
1410 1296 1599 1350 Revela
1628 1295 1803 1348 oculos
1845 1309 2002 1359 meos,
2037 1302 2084 1346 et

506 1396 834 1454 considerabo
879 1392 1133 1448 mirabilia
1177 1389 1239 1443 de
1267 1389 1375 1458 lege
1401 1394 1488 1441 tua
1514 1384 1687 1456 (Psal.
1717 1384 1841 1445 118.
1876 1383 2002 1453 18);
2032 1392 2086 1439 et

508 1504 742 1551 rursum,
765 1484 1065 1543 Benedictus
1084 1497 1157 1543 es,
1185 1478 1422 1542 Domine,
1450 1476 1577 1537 doce
1600 1492 1678 1529 me
1693 1475 2085 1547 justiﬁcationes

508 1592 622 1634 tuas
670 1578 773 1649 (Ib.
826 1593 875 1629 v.
924 1573 1034 1643 12).
1083 1572 1278 1625 Annon
1323 1568 1494 1639 legisti
1540 1568 1593 1622 in
1639 1567 1790 1638 lege?
1834 1574 2086 1622 annonte

506 1674 717 1743 Moyses
746 1667 1057 1736 decalognm
1084 1661 1303 1718 docuit?
1322 1660 1425 1716 Sed
1457 1667 1545 1713 tua
1576 1659 1698 1715 volo
1728 1657 1960 1723 discere,
1990 1655 2087 1711 abs

509 1780 559 1829 te
589 1764 890 1836 legislatore
908 1803 922 1823 ,
952 1776 979 1813 a
1008 1758 1153 1814 fonte
1181 1755 1315 1826 legis
1343 1753 1469 1807 volo
1488 1751 1698 1807 discere
1729 1750 1860 1820 legis
1887 1750 2085 1804 verita-

509 1871 638 1919 tem.
672 1858 866 1917 Verum
896 1853 1105 1917 discere
1130 1848 1423 1921 qua-rebat,
1451 1845 1543 1900 sed
1565 1844 1734 1915 gratia
1764 1843 2086 1899 recondebat

510 1953 572 2005 iis
603 1949 693 2020 qui
726 1944 1049 2004 beneﬁcium
1079 1938 1353 2010 accepturi
1376 1945 1553 1993 erant.
1583 1934 1707 1991 ldeo
1732 1934 1947 1989 dicebat
1969 1933 2087 1989 Ser-

508 2055 659 2102 vator
682 2037 996 2108 discipulis:
1038 2033 1093 2091 bl
1099 2034 1191 2090 ulti
1220 2047 1359 2102 reges
1404 2040 1450 2083 et
1473 2030 1601 2100 justi
1630 2027 1981 2083 desiderarunt
2006 2026 2084 2079 vi-

506 2136 623 2189 dere
649 2146 767 2202 qua:
789 2145 875 2184 vos
900 2125 1095 2190 videtis,
1122 2132 1170 2178 et
1192 2138 1291 2177 non
1318 2120 1546 2175 viderunt
1561 2134 1580 2183 ;
1604 2126 1653 2173 et
1677 2118 1855 2171 audire
1870 2132 1981 2185 qua:
2000 2130 2086 2171 vos

506 2226 716 2290 auditis,
748 2234 793 2278 et
824 2239 927 2276 non
963 2220 1274 2273 audierunt:
1300 2226 1519 2270 vestrum
1547 2222 1715 2270 autem
1757 2212 1887 2267 beati
1925 2212 2083 2279 oculi,

505 2324 623 2391 quia
651 2318 827 2372 videtis
856 2314 1005 2386 (Luc.
1028 2312 1115 2369 10.
1137 2311 1226 2366 24.
1258 2311 1372 2379 25).

578 2411 629 2477 5.
658 2408 762 2464 Sed
789 2406 1078 2478 qumrimus
1103 2402 1440 2474 quandonam
1466 2399 1697 2471 sigillum
1723 2396 1947 2452 fractum
1976 2396 2089 2452 fue-

504 2507 613 2574 rit,
646 2500 858 2573 Quando
899 2498 1169 2553 vinculum
1214 2492 1529 2564 ignorantiae
1573 2492 1841 2556 solutum,
1881 2498 1934 2545 et
1971 2503 2089 2560 qua:

506 2598 687 2655 clausa
714 2601 888 2655 erant,
920 2597 1102 2660 aperta
1131 2587 1299 2641 fuere.
1334 2583 1567 2639 Postulat
1608 2582 1661 2637 id
1690 2596 1721 2636 a
1750 2581 1907 2636 nobis
1934 2580 2089 2635 audi-

509 2697 593 2742 tor
625 2704 638 2742 :
668 2692 861 2754 praeter
885 2680 1217 2743 doctrinam,
1260 2675 1473 2731 modum
1514 2674 1673 2729 etiam
1704 2672 1863 2743 sigilli
1891 2671 2091 2742 signiﬁ-

508 2779 676 2846 casti,
708 2788 762 2833 et
802 2787 1010 2845 tempus
1053 2771 1334 2828 solutionis
1370 2770 1489 2839 ejus
1533 2784 1639 2823 non
1680 2766 1857 2822 dicis?
1885 2767 2090 2821 clausas

507 2868 786 2928 ostendisti
829 2867 1021 2936 ianuas
1044 2905 1060 2930 ,
1108 2876 1288 2919 annon
1328 2859 1578 2919 ostendes
1616 2857 1923 2913 reseratas?
1952 2856 2089 2924 Quid

507 2961 671 3034 ergo?
703 2961 819 3019 Uno
858 2958 1020 3013 verbo
1063 2957 1226 3012 multa
1275 2953 1594 3024 eXpediens,
1633 2951 1854 3022 quaesito
1902 2952 2088 3008 faciam

507 3053 656 3115 satis.
689 3050 824 3118 Quid
869 3048 1063 3120 igit‘ur?
1112 3047 1236 3101 Post
1274 3043 1575 3100 Servatoris
1604 3042 2049 3097 resurrectionem
2071 3084 2087 3110 ,

512 3112 633 3205 cum
662 3108 837 3197 divina
881 3108 1047 3210 ξηῖἶίει
1090 3138 1268 3208 ignota
1309 3135 1490 3191 multis
1528 3142 1704 3200 esset,
1743 3133 1849 3188 duo
1874 3134 2087 3204 quidam

508 3236 889 3306 discipulorum
923 3233 974 3287 in
1006 3231 1180 3285 vicum
1218 3229 1499 3292 abierunt,
1532 3234 1588 3282 et
1626 3234 1810 3282 mutuo
1843 3235 1898 3280 ut
1934 3226 2088 3281 amici

508 3328 561 3383 in
605 3329 686 3381 via
735 3325 1071 3394 disserebant
1112 3322 1178 3379 de
1226 3321 1545 3379 oeconomia.
1595 3319 1847 3375 Servatur
1888 3328 2089 3375 mutata

509 3419 678 3473 forma
717 3424 772 3471 et
800 3415 945 3471 vocis
977 3429 1110 3473 sono
1143 3412 1318 3484 (quod
1361 3412 1504 3466 enim
1546 3410 1847 3467 videntibus
1894 3410 2087 3478 facies,

511 3511 612 3573 hoc
634 3524 733 3561 vox
761 3507 826 3563 iis
847 3506 935 3577 qui
966 3504 1155 3563 faciem
1184 3519 1289 3570 non
1311 3502 1534 3574 vident),
1564 3501 1796 3559 occultat
1824 3510 1879 3557 et
1905 3516 2088 3558 vocem

510 3611 564 3659 et
592 3599 836 3663 formam,
859 3597 1091 3666 dicitque
1120 3595 1223 3657 illis
1250 3594 1294 3649 is
1317 3594 1408 3664 qui
1433 3592 1613 3653 omnia
1639 3593 1786 3648 novit
1815 3610 1830 3647 :
1856 3593 1954 3660 Qui
1975 3603 2091 3648 sunt

434 3708 437 3709 '
507 3694 591 3745 isti
617 3707 866 3746 sermones
892 3705 1017 3760 quos
1047 3687 1283 3756 confertis
1318 3686 1385 3747 ad
1421 3686 1669 3747 invicem?
1697 3685 1989 3757 Respondit
2017 3688 2088 3755 ei,

507 3784 598 3851 qui
630 3784 808 3839 omnia
835 3786 1091 3844 noverat,
1123 3776 1169 3831 is
1189 3819 1204 3843 ,
1234 3777 1325 3847 qui
1354 3776 1421 3831 ab
1447 3778 1561 3846 ipso
1585 3777 1763 3835 omnia
1785 3777 2043 3846 didicerat
2074 3796 2085 3830 :

510 3873 589 3941 Tu
619 3872 756 3926 solus
782 3871 1071 3940 peregrinus
1097 3885 1147 3922 es
1171 3869 1224 3921 in
1249 3866 1534 3921 Jerusalem
1558 3907 1572 3934 ,
1605 3877 1650 3921 et
1677 3869 1836 3923 nescis
1861 3867 1954 3922 illa
1981 3886 2093 3939 quis

510 3972 646 4037 facta
675 3972 790 4022 sunt
816 3963 868 4016 in
899 3961 998 4016 ea?
1021 3961 1226 4029 Quibus
1253 3961 1361 4024 ille,
1391 3960 1518 4027 Quae
1542 3960 1693 4032 (Luc.
1724 3961 1815 4016 24.
1850 3962 2090 4033 17-19)?

511 4056 609 4109 llic
640 4056 777 4119 Deus
800 4053 887 4121 qui
911 4052 1085 4105 omnia
1116 4051 1263 4104 novit
1287 4058 1341 4104 et
1371 4050 1986 4123 interrogat,Filittsejus
2010 4064 2090 4109 est

512 4146 600 4215 qui
632 4143 764 4213 dixit
790 4142 976 4208 Caino,
1010 4139 1107 4195 Ubi
1134 4150 1204 4195 est
1231 4141 1351 4195 Abel
1380 4142 1539 4210 frater
1577 4152 1692 4201 tuus
1722 4143 1877 4215 (Gen.
1904 4145 1956 4199 4.
1990 4145 2091 4215 9.)?

514 4238 707 4292 Dicunt
734 4236 832 4302 illi,
864 4233 943 4305 Ea
972 4250 1082 4303 qua:
1109 4235 1172 4289 de
1197 4232 1320 4289 Iesu
1351 4232 1641 4302 Nazareno,
1667 4238 1753 4306 qui
1779 4239 1874 4305 fuit
1901 4239 1977 4293 vir
2002 4256 2093 4310 po-

512 4310 617 4390 tens
644 4343 794 4396 apere
816 4334 861 4379 et
886 4342 1134 4389 sermone.
1166 4323 1424 4380 Adhucnc
1452 4327 1573 4379 vir?
1602 4335 1721 4395 post
1743 4337 1818 4387 tot
1837 4329 2088 4388 miracula

512 4420 634 4475 vir?
663 4427 783 4489 post
809 4428 886 4472 tot
911 4432 1096 4487 opera,
1129 4426 1247 4487 post
1276 4426 1476 4472 tantam
1506 4419 1699 4475 divinas
1724 4423 1975 4491 potentim
1997 4422 2089 4477 de-

514 4507 995 4566 monstrationem?
1029 4506 1139 4561 Nos
1178 4517 1381 4575 autem,
1420 4508 1663 4579 inquiunt
1692 4511 1795 4581 (ne
1826 4512 2091 4582 longiores

510 4578 686 4667 omnia
711 4599 996 4655 scrutando
1022 4598 1248 4669 simus),
1278 4615 1367 4653 nos
1393 4608 1562 4653 autem
1588 4603 1932 4670 sperabamus,
1958 4604 2091 4673 quod

506 4696 616 4765 ipse
635 4691 986 4760 redempturus
1010 4698 1134 4743 esset
1160 4688 1326 4746 lsrael
1347 4689 1524 4758 (Joan.
1551 4690 1640 4746 21.
1662 4690 1778 4762 21).
1807 4693 1936 4750 Vide
1960 4711 2087 4765 quo-

511 4783 670 4840 modo
695 4783 749 4837 in
778 4783 908 4853 ipsis
932 4780 1063 4835 ﬁdes
1093 4781 1200 4835 fere
1229 4782 1489 4851 exstincta
1518 4792 1679 4849 esset,
1705 4792 1757 4838 et
1777 4788 2091 4843 oeconomia:

508 4895 633 4949 spes
663 4856 892 4934 sublata.
924 4875 1036 4930 Nos
1057 4876 1488 4945 exspectabamus.
1517 4876 1631 4930 Non
1662 4877 1865 4941 dicunt,
1893 4879 2091 4950 Exspe-

508 4984 752 5036 ctamus,
785 4969 879 5024 sed
905 5011 918 5036 ,
954 4968 1399 5037 Exspectabamtts.
1440 4968 1673 5024 Noverat
1706 4968 1814 5039 jam
1848 4970 2005 5026 ﬁdem
2038 4973 2092 5028 in

510 5065 641 5134 ipsis
670 5063 936 5117 inﬁrmam
962 5074 1102 5123 esse,
1135 5069 1189 5112 ct
1219 5068 1397 5127 mente
1427 5060 1731 5125 declinare;
1760 5062 2089 5134 adstititque,

508 5158 598 5227 qui
628 5157 870 5215 labantes
895 5154 1066 5207 ﬁrmat
1096 5160 1153 5206 et
1182 5151 1378 5207 fractos
1406 5168 1594 5208 omnes
1617 5154 1793 5225 erigit.
1826 5155 1960 5223 Quid
1991 5157 2093 5211 illis

510 5250 585 5317 ait
615 5245 886 5301 beneﬁcus
918 5242 1067 5312 ipse?
1097 5240 1139 5295 Ο
1165 5243 1313 5328 stulti.
1335 5253 1378 5295 et
1410 5246 1544 5306 tardi
1574 5245 1744 5311 corde,
1775 5262 1873 5300 non
1900 5248 2091 5303 intelli-

508 5341 621 5411 gitis
654 5333 989 5404 Scripturas?
1018 5349 1183 5386 nonne
1220 5334 1325 5387 haec
1356 5337 1578 5403 oportuit
1608 5336 1860 5395 Christum
1891 5341 2017 5408 pati,
2046 5349 2093 5394 et

510 5414 699 5487 intrare
724 5428 776 5480 in
800 5425 1016 5497 gloriam
1044 5426 1228 5478 suam?
1258 5425 1317 5478 Et
1344 5426 1587 5493 incipiens
1611 5445 1641 5482 a
1668 5429 1774 5500 lege
1802 5439 1847 5483 et
1876 5432 2093 5499 prophe-

510 5528 571 5583 tis
591 5562 603 5585 ,
631 5518 827 5588 aperuit
872 5516 995 5585 ipsis
1024 5515 1317 5585 Scripturas
1349 5518 1508 5588 (Ibid.
1538 5536 1587 5575 v.
1609 5520 1766 5577 25-27
1789 5522 1829 5593 ).
1868 5522 2094 5579 Viden‘?

509 5611 761 5682 quamdiu
779 5608 943 5665 abfuit
959 5606 1220 5675 Christus,
1243 5624 1345 5664 non
1362 5621 1541 5678 aperta
1555 5611 1895 5669 fuitveritatis
1910 5615 2092 5684 janna,

516 5719 620 5758 non
653 5703 884 5758 solutum
917 5710 999 5756 est
1039 5701 1349 5770 ignorantia:
1381 5703 1669 5758 vinculum.
1704 5706 1923 5777 Aperuit
1953 5706 2094 5762 Seri-

512 5809 693 5867 pzuras
722 5796 868 5867 quasi
902 5794 1105 5850 clausas
1128 5792 1317 5866 januas
1349 5814 1359 5851 :
1391 5812 1518 5868 quas
1543 5798 1776 5867 januas?
1803 5800 1875 5857 De
1902 5801 2092 5872 quibus

1636 357 2011 422 SEVERIANI,
2060 358 2401 420 GABALUR.
2445 364 2655 423 EPISC.
3608 386 3685 443 5l0

2185 476 2260 529 ait
2291 476 2487 534 Paulus
2519 497 2533 537 :
2569 479 2637 535 Ut
2662 479 2804 535 Deus
2825 486 3021 553 aperiat
3044 459 3259 555 januam
3284 492 3491 557 gentibus
3515 493 3622 561 (Col.
3642 500 3681 552 ι.

2184 565 2278 634 3);
2311 578 2364 620 et
2397 583 2611 624 rursum
2640 570 2708 627 de
2732 571 3021 641 Cornelio,
3058 575 3317 646 Numquid
3351 580 3484 633 etiam
3518 589 3687 652 gentibus

2184 659 2381 724 aperuit
2405 658 2541 714 Deus
2561 661 2776 732 januam
2804 666 3112 734 pmnitentia:
3135 668 3267 740 (Act.
3298 672 3379 725 id.
3404 672 3515 742 26)?
3534 674 3688 734 Etvide

2185 748 2311 816 quid
2333 748 2610 819 dispenset
2636 752 2725 808 ille
2752 754 2869 809 fons
2895 756 3176 812 bonorum.
3202 759 3332 814 Cum
3352 762 3414 816 ad
3436 762 3583 819 vicum
3600 767 3687 822 εω.

2187 855 2340 896 ntaus
2382 846 2659 916 pervenit,
2690 862 2797 917 quo
2835 850 3125 907 tendebant
3160 854 3389 909 viatores
3410 896 3425 921 ,
3452 857 3595 911 adhuc
3617 862 3688 917 illis

2187 930 2418 1000 ignotus,
2447 935 2708 992 dubitanti
2737 940 3003 1009 apparuit.
3030 940 3131 997 Ubi
3157 943 3298 997 enim
3321 959 3434 998 cum
3463 946 3552 1001 illis
3575 963 3691 1003 reru-

2186 1021 2410 1091 buisset,
2444 1027 2618 1096 primo
2651 1038 2707 1082 ut
2734 1031 3047 1100 peregrinus
3078 1032 3306 1103 benigne
3329 1045 3563 1104 exceptus
3587 1038 3691 1108 (nam

2185 1115 2433 1171 dicebant
2458 1136 2471 1171 :
2502 1118 2657 1175 Mane
2681 1121 2959 1189 nobiscum,
2983 1125 3103 1194 quia
3127 1125 3370 1179 inclinata
3392 1138 3457 1181 est
3476 1130 3567 1184 dies
3585 1130 3690 1199 (Litt.

2185 1207 2275 1263 24.
2302 1209 2429 1279 29);
2461 1227 2525 1265 ne
2552 1213 2846 1282 ignorantia
2871 1215 3184 1286 dignitatem
3212 1233 3429 1287 prorsus
3454 1220 3692 1290 obtegeret.

2188 1302 2404 1371 Accepto
2444 1321 2573 1385 pane
2611 1305 2895 1374 benedixit,
2928 1312 3079 1381 fregit
3108 1320 3157 1365 et
3186 1312 3357 1377 dedit,
3386 1324 3429 1366 et
3456 1318 3590 1385 operti
3615 1331 3693 1371 stud

2186 1396 2322 1449 oculi
2364 1384 2571 1464 eorum,
2619 1411 3053 1471 cognoveruntque
3098 1404 3244 1458 illum
3291 1403 3447 1476 (Ibid.
3622 1410 3694 1463 Cur

2184 1485 2359 1553 prima
2390 1502 2577 1555 panem
2608 1489 2775 1553 dedit,
2804 1500 2859 1545 et
2884 1493 3058 1561 aperti
3081 1503 3207 1549 sunt
3232 1497 3370 1550 oculi
3390 1498 3696 1566 eorumloui:

2185 1575 2336 1630 cibus
2365 1577 2552 1632 Adami
2584 1581 2770 1635 oculos
2814 1582 2953 1638 male
2989 1595 3315 1654 aperuerat,
3346 1588 3622 1644 substitutus
3641 1604 3697 1646 est

2187 1680 2328 1721 nunc
2351 1668 2502 1723 cibus
2529 1684 2720 1725 novam
2748 1673 2893 1727 visus
2919 1675 3315 1733 restitutionem
3345 1677 3579 1733 efﬁciens.
3601 1679 3699 1736 0m.

2188 1756 2267 1812 los
2308 1761 2550 1828 aperiant
2597 1761 2868 1831 haeretici,
2906 1774 2960 1820 et
3007 1766 3181 1823 lucem
3228 1770 3467 1826 veritatis
3496 1773 3698 1827 videant:

2188 1848 2337 1904 illum
2368 1850 2605 1919 videant,
2628 1854 2717 1923 qui
2742 1854 2794 1908 in
2821 1856 3087 1927 principio
3114 1858 3259 1914 Deus
3284 1872 3417 1927 erat,
3441 1861 3562 1915 Deus
3579 1862 3701 1917 etDei

2188 1940 2420 1997 Verbum
2454 1961 2467 1998 :
2500 1960 2645 2015 saepe
2675 1947 2895 2003 audiant
2923 1950 3050 2007 illud
3072 1993 3085 2015 ,
3120 1950 3285 2019 Erat,
3319 1962 3374 2009 et
3399 1958 3704 2012 eessentdice-

2187 2047 2285 2086 re:
2317 2034 2442 2088 Non
2470 2046 2597 2090 erat.
2638 2037 2705 2091 In
2744 2041 2996 2111 principio
3038 2054 3145 2097 erat
3184 2044 3423 2099 Verbum.
3450 2047 3553 2102 Non
3574 2050 3705 2105 conie-

2188 2124 2309 2178 stim
2339 2123 2442 2180 hoc
2482 2128 2829 2195 praedicatum
2869 2130 2996 2197 fuit;
3032 2148 3204 2204 neque
3232 2137 3377 2191 enim
3405 2136 3500 2192 hoc
3522 2142 3706 2209 capieth

2188 2214 2437 2271 mundus.
2464 2215 2626 2273 Certe
2653 2229 2883 2289 quatuor
2907 2224 3275 2294 evangelistae,
3307 2226 3584 2294 Matthznus,
3608 2230 3706 2284 Ilur-

2187 2320 2302 2371 cus,
2333 2307 2505 2364 Lucas
2531 2318 2586 2365 et
2613 2310 2885 2383 Joannes,
2917 2329 3037 2370 cum
3083 2319 3512 2387 praedicationem
3545 2324 3706 2392 incepe-

2187 2405 2345 2464 runt,
2379 2415 2485 2454 non
2523 2402 2702 2457 statim
2740 2403 2943 2473 loquuti
2982 2416 3109 2462 sunt
3136 2424 3200 2463 ea
3231 2425 3355 2480 qua:
3379 2412 3489 2480 ejus
3513 2412 3702 2483 dignitati

2188 2491 2580 2561 competebant,
2606 2494 2700 2550 sed
2721 2496 3023 2553 auditorum
3046 2511 3265 2570 captum
3294 2514 3595 2569 spectarunt.
3618 2506 3709 2560 Iat-

2192 2581 2360 2636 tlircus
2385 2584 2465 2639 sic
2495 2584 2837 2657 Evangelium
2868 2589 3052 2659 incipit
3077 2610 3091 2646 :
3116 2591 3270 2647 Liber
3298 2597 3607 2665 generationis
3620 2596 3712 2650 1m

2189 2670 2395 2737 Christi,
2425 2674 2520 2742 ﬁlii
2544 2674 2732 2743 David,
2763 2677 2861 2745 ﬁlii
2884 2679 3141 2735 Abraham
3174 2682 3388 2746 (Matth.
3420 2686 3468 2739 1.
3495 2686 3561 2756 1).
3584 2685 3713 2754 Quare

2190 2781 2293 2820 non
2308 2764 2567 2823 FiliiDei‘i
2591 2784 2686 2824 cur
2708 2771 2866 2841 inope
2885 2771 3029 2828 dicto
3049 2774 3368 2846 dignitatem
3395 2779 3630 2833 occultas?
3646 2794 3713 2833 cur

2192 2857 2497 2913 hominibus
2523 2858 2701 2914 divina
2732 2861 3064 2919 abscondis?
3091 2867 3247 2936 Apud
3287 2866 3530 2932 Judzcos,
3559 2868 3713 2939 inquit,

2190 2949 2446 3019 praedico,
2469 2951 2559 3020 qui
2589 2952 2874 3019 nejustum
2902 2956 3117 3026 quidem
3146 2958 3420 3015 hominem
3450 2969 3611 3030 putant
3629 2974 3715 3017 esse

2190 3040 2485 3099 Christum.
2537 3043 2730 3100 Filium
2770 3047 3001 3105 Abrahae
3044 3050 3286 3107 nondum
3331 3052 3718 3115 admiserunt,et

2190 3134 2383 3190 Filium
2416 3135 2513 3192 Dei
2540 3138 2844 3194 annuntiari
2870 3141 3181 3211 patientur?
3208 3143 3280 3198 Et
3309 3145 3447 3200 unde
3473 3145 3563 3200 hoc
3580 3147 3599 3198 ἲ
3619 3146 3716 3211 Qui:

2191 3240 2289 3281 nec
2317 3242 2385 3284 ex
2411 3242 2608 3297 genere
2636 3230 2864 3287 Abraha:
2892 3246 3014 3288 esse
3043 3233 3458 3292 conﬁtebantur.
3483 3236 3585 3292 Non
3607 3236 3718 3291 audio

2191 3319 2259 3387 sti
2288 3319 2407 3374 illos
2450 3335 2594 3390 saepe
2624 3321 3058 3393 blasphemantes
3088 3327 3315 3389 dixisse,
3346 3328 3718 3383 Samaritanus

2191 3422 2245 3465 tu
2264 3452 2279 3475 ,
2310 3422 2357 3466 et
2384 3412 2691 3468 dwmanium
2723 3416 2877 3471 habes
2907 3417 3101 3489 (Joan.
3132 3419 3187 3474 8.
3217 3421 3291 3476 18
3313 3423 3370 3489 )?
3398 3421 3494 3490 Qui
3530 3423 3653 3477 illum
3670 3438 3717 3476 ex

2191 3512 2499 3559 sanctorum
2537 3521 2733 3576 genere
2771 3509 3060 3578 ejiciehant
3084 3553 3099 3575 ,
3127 3511 3515 3583 dignitatemne
3537 3514 3717 3569 divinam

2190 3594 2568 3651 admisissent?
2597 3599 2732 3665 Quid
2766 3615 2894 3671 ergo
2937 3603 3049 3656 ait?
3092 3603 3243 3658 Liber
3285 3608 3600 3676 generationis
3627 3604 3718 3659 less

2191 3685 2396 3753 Christi,
2427 3688 2523 3757 ﬁlii
2551 3687 2739 3757 David,
2765 3691 2861 3760 ﬁlii
2889 3692 3168 3749 Abraham.
3211 3696 3399 3752 Primo
3426 3699 3539 3753 illos
3558 3697 3720 3752 dilectis

2193 3779 2496 3835 nominibus
2545 3780 2782 3847 inducit,
2826 3786 2978 3854 queis
3021 3801 3219 3856 genere
3264 3790 3650 3861 copulabantnr,
3681 3799 3722 3842 ut

2194 3868 2319 3926 hinc
2361 3872 2539 3926 allecti
2584 3873 2837 3941 paulatim
2880 3876 3159 3932 veritatem
3207 3880 3540 3946 invenirent,
3575 3895 3721 3947 nempe

2190 3964 2590 4030 generationem
2612 3964 2728 4020 sine
2752 3967 3017 4034 passione,
3047 3969 3445 4037 intemeratam,
3471 3972 3571 4027 Deo
3589 3970 3719 4039 dignis

2193 4053 2413 4113 vocibus
2445 4054 2785 4122 prmdicatam
2806 4098 2820 4121 ,
2852 4059 3209 4128 omnibusque
3247 4063 3515 4118 traditam.
3542 4064 3719 4117 illum

2196 4143 2381 4198 beatus
2412 4143 2640 4210 Marcus,
2676 4146 3026 4218 Evangelium
3054 4166 3366 4221 aggressus,
3392 4153 3621 4209 anteriori
3644 4152 3719 4205 fre-

2194 4242 2278 4287 tus
2311 4236 2604 4301 exercitio,
2642 4236 2773 4295 dicit
2809 4239 3023 4308 quidem
3055 4241 3248 4297 Filium
3295 4246 3422 4311 Dei;
3461 4245 3548 4301 sed
3583 4244 3718 4300 statim

2192 4338 2494 4389 sermonem
2526 4330 2877 4397 compressit,
2907 4339 2962 4384 et
2998 4346 3155 4387 sensa
3187 4334 3423 4398 minuit,
3453 4344 3509 4389 ut
3536 4335 3719 4388 alliceret

2193 4416 2510 4473 auditorem.
2547 4420 2838 4489 Baptistam
2865 4437 2994 4493 ergo
3019 4426 3198 4479 statim
3229 4436 3513 4494 memorat,
3541 4428 3716 4483 dicens:

2195 4505 2409 4561 Initium
2455 4507 2721 4579 Evangelii
2760 4512 2886 4566 Jesu
2930 4512 3117 4568 Christi
3160 4516 3291 4570 sicut
3333 4520 3563 4588 scriptum
3598 4527 3655 4571 est
3680 4518 3716 4566 in

2194 4597 2336 4655 Isaia
2361 4602 2607 4670 praplteta
2635 4618 2653 4657 :
2677 4601 2809 4657 Ecce
2834 4605 2977 4659 mitto
3001 4607 3237 4674 angelum
3263 4626 3431 4663 meum
3455 4622 3560 4664 ante
3582 4609 3717 4679 facias

2194 4699 2330 4745 tuam
2353 4732 2369 4760 ,
2396 4694 2483 4763 qui
2510 4695 2815 4764 praeparabit
2852 4698 2986 4750 viam
3013 4708 3152 4751 tuam
3179 4710 3298 4754 ante
3326 4712 3375 4755 te
3404 4704 3421 4769 (
3443 4701 3589 4755 Marc.
3615 4701 3653 4752 1.
3678 4698 3712 4750 1.

2193 4782 2272 4852 2).
2304 4782 2600 4840 Lucernam
2633 4786 2871 4842 veritatis
2895 4788 3152 4855 ostendit,
3180 4798 3234 4844 et
3266 4793 3448 4845 statim
3474 4789 3714 4845 occultavit.

2197 4873 2266 4927 Et
2308 4876 2479 4944 primo
2512 4875 2714 4946 profert
2749 4879 3051 4934 ministrum
3072 4921 3087 4947 ,
3119 4890 3175 4937 ut
3204 4898 3337 4940 voce
3380 4884 3462 4939 illa
3506 4884 3715 4937 institutas

2199 4968 2435 5033 auditor,
2464 4984 2651 5024 sanum
2683 4982 2736 5026 et
2767 4971 3061 5040 perfectum
3087 4975 3280 5029 divina!
3304 4977 3605 5046 cognitionis
3630 4987 3717 5027 vet-

2197 5062 2320 5115 bum
2366 5062 2578 5118 tandem
2621 5064 2910 5135 exciperet.
2957 5067 3211 5136 Sequitur
3257 5069 3427 5124 Lucas
3469 5069 3723 5129 tertiumet

2199 5164 2318 5223 post
2346 5155 2465 5209 illos
2502 5155 2737 5211 medium
2768 5166 2913 5213 tenet
2940 5159 3116 5215 locum
3138 5201 3153 5226 ,
3184 5161 3522 5232 divinumque
3548 5159 3713 5214 verbum

2198 5246 2432 5314 attingit,
2462 5246 2555 5301 sed
2593 5262 2700 5301 non
2728 5248 3110 5319 interpretatur
3129 5292 3145 5315 ,
3189 5252 3493 5322 dignitatem
3519 5250 3711 5319 explicat.

2199 5337 2292 5390 sed
2325 5337 2433 5404 ait,
2467 5337 2719 5403 Quoniam
2765 5340 2965 5409 quidem
3005 5344 3154 5397 inulti
3196 5346 3365 5398 conati
3396 5354 3508 5398 sunt
3533 5343 3712 5397 ordinare

2198 5429 2539 5483 narrationem
2562 5446 2736 5484 earnm
2764 5448 2878 5501 qua:
2901 5433 2953 5486 in
2980 5435 3123 5488 nobis
3149 5438 3406 5505 completa
3434 5445 3544 5489 sunt
3560 5445 3712 5488 rem:

2200 5523 2361 5574 visum
2398 5531 2470 5575 est
2506 5530 2552 5576 et
2593 5523 2717 5575 mihi
2742 5565 2756 5588 ,
2786 5535 3052 5593 asscquuto
3081 5528 3252 5580 omnia
3276 5544 3307 5580 a
3334 5527 3570 5596 principio
3588 5566 3600 5587 ,
3620 5523 3711 5575 siml

2201 5615 2518 5669 tradiderunt
2561 5616 2722 5684 nobis,
2751 5619 2837 5686 qui
2866 5634 2896 5669 a
2926 5619 3177 5689 principio
3205 5620 3301 5690 ipsi
3328 5620 3563 5683 νὶάιτιυιι,
3588 5627 3626 5669 et
3647 5614 3712 5664 ιιὲ·

2202 5709 2346 5761 nistri
2374 5712 2577 5779 fuerunt
2598 5710 2731 5762 verbi
2755 5708 2902 5781 (Luc.
2937 5712 2985 5765 1.
3021 5712 3099 5767 ἰαῦ
3122 5714 3159 5779 ).
3186 5712 3288 5769 Sed
3315 5714 3524 5767 verbum
3546 5705 3707 5777 quidem

2202 5800 2327 5864 dixit
2357 5818 2371 5869 ;
2406 5817 2510 5859 non
2534 5802 2668 5877 dixit
2695 5815 2891 5873 tamen,
2912 5796 3054 5873 Deus
3078 5818 3179 5860 erat
3215 5806 3444 5862 Verbum.
3475 5800 3593 5871 Quid
3617 5808 3709 5864 αἵθ
