4064 6570
236 415 334 472 539

233 541 534 608 προφήτας.
563 541 749 614 ἐπειδὴ
777 542 1139 616 ὲσφράγιστω
1172 544 1411 599 Ἰουδαῖοι
1435 544 1736 615 γράμματα
1762 543 1897 615 ᾕδει-

231 641 343 688 σαν,
377 628 472 681 καὶ
517 628 944 701 ὲπαιδεύθησανο
985 632 1074 687 διά
1110 631 1268 686 τοῦτο
1293 632 1437 701 λέγει
1470 631 1648 694 αὐτοῖς
1683 633 1712 684 6
1742 630 1892 698 Θεὸς,

232 713 292 765 οι
325 712 762 784 βασταζόμενοι
796 717 866 772 ἐκ
897 719 1150 784 κοιλίας,
1189 717 1286 771 καί
1334 716 1749 786 παιδευόμενοι
1784 718 1896 784 ἕως

230 798 480 868 τήρους*
517 798 658 874 ἦσαν
707 804 1099 876 παιδευόμενοι,
1146 805 1259 858 ἀλλ’
1287 804 1387 857 οὐκ
1419 803 1656 874 ᾔδεισαν,
1706 804 1893 873 ἐπειδὴ

229 886 285 952 τῇ
323 885 564 957 ἀσαφείᾳ
602 886 921 959 ἐκρύπτετο.
967 890 1090 954 Τοῖς
1140 889 1197 943 δὲ
1230 887 1486 958 Ἕλλησιν
1534 889 1799 958 ἠγνοεῖτο,
1831 887 1892 941 οὐ

228 969 306 1024 8ιά
347 970 445 1044 τὴν
491 973 777 1043 ἀσάφειαν,
803 975 939 1029 ἀλλά
982 975 1070 1030 διά
1113 977 1174 1030 τὸ
1217 977 1352 1040 ὅλως
1385 977 1460 1048 μὴ
1489 974 1685 1028 εἰδέναι
1717 974 1896 1045 γράμ-

231 1075 390 1126 ματα.
439 1059 540 1113 Διά
587 1061 745 1114 τοῦτο
786 1061 996 1125 Παῦλος
1047 1062 1313 1134 Τιμοθέῳ,
1344 1063 1420 1133 τῷ
1469 1061 1787 1132 ὲντραφέντι
1816 1059 1894 1132 τῷ

229 1145 392 1214 νόμῳ,
419 1146 589 1214 λέγει,
613 1147 695 1200 ὅτι
738 1149 837 1202 Ἐκ
877 1147 1148 1217 ,ϐρέφους
1181 1148 1251 1202 τὰ
1298 1148 1424 1217 ιερὰ
1473 1145 1778 1218 γράμματα
1808 1141 1894 1200 οἷς·

226 1231 351 1298 δας,
381 1235 454 1288 τὰ
480 1234 788 1304 δυνάμενά
816 1250 890 1290 σε
920 1237 1174 1306 σοφίσαι
1203 1239 1290 1304 εις
1321 1237 1639 1306 σωτηρίαν.
1665 1231 1772 1288 Ἦν
1801 1230 1894 1289 οὖν

229 1320 258 1388 ἡ
303 1321 607 1388 προφητεία
651 1321 1142 1394 τεθησαυρισμένη,
1188 1323 1281 1375 καὶ
1324 1323 1383 1374 ὲν
1430 1325 1550 1386 ταῖς
1595 1323 1775 1390 ἁγίαις
1815 1322 1895 1392 βί-

229 1404 370 1466 ϐλοις
397 1407 818 1478 ὲγκεκρυμμένη
841 1425 854 1438 ο
875 1409 955 1460 δεῖ
980 1409 1089 1479 γὰρ
1115 1409 1189 1480 μὴ
1218 1409 1517 1479 ἀποστῆναι
1535 1408 1629 1462 τοῦ
1653 1425 1895 1479 κεκρυμ-

233 1491 408 1558 μένου.
449 1491 558 1560 Οὐχ
593 1493 815 1556 Ἡσαΐας
849 1492 1107 1564 δὲ’μόνον
1151 1493 1388 1547 δείκνυσι
1425 1495 1524 1558 τάς
1564 1494 1893 1565 προφητείας

232 1577 681 1647 ἑσφραγισμένας,
725 1579 859 1634 ἀλλά
914 1582 1010 1634 καί
1054 1581 1284 1652 Δανιήλ’
1321 1581 1465 1649 λέγει
1515 1581 1624 1651 γάρ
1669 1581 1816 1652 αὐτῷ
1865 1583 1894 1635 6

237 1662 450 1730 ἀγγελος
482 1664 619 1733 μετά
657 1665 718 1718 τὸ
764 1666 1000 1736 μηνῦσαι
1055 1667 1203 1738 αὐτῷ
1254 1668 1354 1738 τὴν
1397 1665 1737 1738 ἀποκάλυψιν
1783 1667 1892 1722 τῶν

236 1749 555 1818 μελλόντωνο
589 1751 698 1806 Kal
745 1752 848 1818 σὺ,
895 1754 1140 1823 Δανιὴλ,
1185 1753 1524 1824 σφράγισον
1557 1753 1625 1807 τὸ
1647 1754 1894 1818 βιϐλίον

237 1835 400 1890 τοῦτο
443 1835 549 1904 τῆς
597 1838 880 1907 ὁράσεως,
931 1840 1020 1896 ὅτι
1064 1843 1103 1910 ἠ
1148 1840 1415 1910 δήλωσις
1451 1839 1637 1895 αὐτοῦ
1671 1843 1758 1908 εἰς
1782 1857 1893 1911 μα-

242 1923 393 1990 ιιράν.
437 1924 536 1976 Διά
587 1925 742 1979 τοῦτο
787 1929 816 1981 6
858 1928 1125 2000 μακάριος
1168 1927 1330 1982 Δαυῒδ
1378 1926 1762 1996 ἀναγινώσκων
1802 1927 1892 1981 τὸν

237 2010 403 2078 νόμον,
432 2010 526 2064 καὶ
562 2011 949 2082 ἀναγινώσκων
991 2017 1115 2078 τοὺς
1173 2015 1456 2086 προφήτας
1492 2017 1556 2069 ὲκ
1601 2017 1889 2088 προσώπου

240 2095 320 2148 τοῦ
345 2096 468 2150 λαοῦ
491 2114 504 2127 ·
533 2099 596 2152 οὐ
624 2100 734 2171 γάρ
761 2101 920 2164 αὐτὸς
950 2102 1130 2170 ἠγνόει
1159 2103 1186 2155 6
1218 2102 1603 2173 προφητεύωνο
1638 2102 1892 2172 βουλόμε-

247 2200 317 2245 νος
337 2182 522 2249 δεῖξαι,
567 2186 650 2239 ὅτι
693 2185 930 2257 ἔμφασιν
969 2187 1067 2258 μέν
1098 2206 1220 2242 τινα
1265 2189 1478 2259 δέχεται
1507 2189 1604 2260 τῆς
1631 2189 1725 2242 τοῦ
1759 2191 1891 2261 Χρι·

245 2269 353 2322 στοῦ
387 2271 712 2341 οἰκονομίας,
743 2273 804 2326 οὑ
834 2273 1055 2328 δύναται
1083 2275 1139 2328 δὲ
1165 2275 1351 2345 νοῆσαι
1387 2274 1476 2328 διά
1501 2275 1600 2346 τὴν
1627 2275 1890 2345 ἀσάφειαν

244 2355 336 2408 τῶν
359 2356 570 2425 λέξεων,
601 2359 809 2430 ἔπασχέ
851 2377 904 2414 τι
949 2361 1325 2434 παραπλήσιον
1364 2362 1476 2426 τοῖς
1502 2361 1669 2432 δρῶσι
1699 2361 1892 2433 βαλάν-

247 2458 338 2498 τιον
355 2444 802 2516 ὲσφραγισμένον.
826 2446 892 2500 Τί
916 2443 1008 2502 οὖν
1023 2460 1050 2489 ε
1074 2451 1217 2502 ποιεῖ
1244 2447 1455 2520 βλέπων
1481 2450 1549 2502 τὰ
1568 2447 1888 2521 γράμματα,

247 2531 325 2584 καὶ
351 2531 419 2601 μὴ
445 2533 878 2604 καταλαμϐάνων
909 2534 1086 2589 αὐτῶν
1109 2535 1178 2589 τά
1205 2536 1450 2608 νοήματα
1472 2553 1487 2602 ;
1519 2535 1688 2605 λέγει,
1731 2537 1891 2591 Ἄπο-

244 2619 500 2688 ιάλυψον
532 2620 678 2694 τοὺς
715 2621 1058 2692 ὀφθαλμούς
1097 2641 1238 2692 μου,
1285 2623 1382 2678 καί
1425 2622 1776 2691 κατανοήσω
1818 2625 1891 2679 τὰ

242 2706 520 2776 θαυμάσια
546 2707 617 2760 ἐκ
648 2708 753 2762 τοῦ
781 2711 968 2778 νόμου
1003 2725 1120 2764 σου
1139 2727 1152 2740 °
1185 2710 1278 2764 καὶ
1312 2711 1472 2765 πάλιν
1496 2712 1525 2764 6
1553 2711 1713 2776 αὐτός
1731 2728 1744 2742 °
1775 2714 1891 2768 Εὐ-

248 2793 472 2861 λογητὸς
511 2789 589 2856 εἴ,
631 2795 826 2862 Κύριε,
865 2794 1113 2862 δίδαξόν
1144 2814 1222 2866 με
1251 2797 1324 2851 τὰ
1358 2797 1718 2868 δικαιώματά
1749 2814 1884 2854 σου.

240 2881 302 2931 03
332 2882 432 2950 γὰρ
464 2881 706 2949 ἀνέγνως
739 2883 890 2952 παρά
920 2882 1015 2936 τοῦ
1044 2883 1247 2953 νόμους
1293 2885 1394 2937 οὐκ
1434 2886 1718 2939 ὲπαίδευσέ
1764 2903 1823 2940 σε
1860 2889 1890 2940 6

239 2967 452 3037 Ιίωῦσῆς
479 2968 570 3020 τὸν
593 2967 916 3038 δεκάλογονς
958 2971 1119 3024 Ἀλλά
1160 2971 1229 3024 τὰ
1273 2971 1339 3024 σά
1383 2972 1637 3046 βούλομαι
1676 2974 1883 3045 μαθεῖν,

239 3055 320 3106 καὶ
347 3055 407 3108 τὰ
442 3055 590 3125 παρά
635 3056 728 3109 σοῦ
768 3057 860 3110 τοῦ
905 3059 1211 3129 νομοθέτου,
1242 3061 1394 3134 παρά
1433 3063 1530 3134 τῆς
1576 3065 1756 3135 πηγῆς
1795 3064 1887 3118 τοῦ

241 3141 385 3209 νόμον
423 3141 680 3212 βούλομαι
708 3140 738 3181 ι’
779 3143 967 3213 μαθεῖν
992 3144 1084 3198 τοῦ
1108 3146 1272 3218 νόμου
1310 3148 1409 3216 τὴν
1435 3148 1710 3219 ἀλήθειαν.
1749 3149 1887 3204 ’Λλλ’

237 3228 397 3299 ἐζήτει
432 3231 528 3300 μὲν
561 3231 770 3300 μαθεῖν,
798 3233 830 3304 ἡ
877 3232 930 3286 δὲ
960 3233 1117 3303 χάρις
1158 3234 1473 3305 ὲταμιεύετο
1499 3239 1608 3300 τοῖς
1638 3237 1888 3308 μέλλουσι

236 3317 510 3385 λαμϐάνειν
543 3318 644 3389 τὴν
688 3320 1024 3390 εὐεργεσίαν.
1071 3321 1170 3374 Διά
1211 3322 1372 3375 τοῦτο
1411 3323 1592 3392 ἔλεγεν
1633 3325 1662 3378 6
1700 3325 1888 3398 Σωτὴρ

236 3407 337 3467 τοῖς
364 3404 624 3476 μαθηταῖς
648 3425 660 3437 ι
710 3408 934 3462 Πολλοί
969 3408 1253 3475 βασιλεῖς
1285 3410 1383 3462 καί
1428 3410 1642 3466 δίκαιοι
1675 3413 1889 3469 ἐπεθύ-

235 3507 421 3558 μησαν
441 3492 591 3546 ἰδεῖν
615 3492 652 3547 ἅ
685 3493 965 3560 βλέπετε,
1000 3497 1096 3551 καί
1132 3499 1242 3551 οὐκ
1277 3497 1459 3565 εἶδον,
1491 3499 1590 3553 καί
1632 3501 1889 3556 ἀκοῦσαι

235 3580 269 3634 ἁ
294 3585 548 3646 ἀκούετε,
574 3584 674 3637 καί
714 3588 823 3638 οὐκ
861 3585 1174 3654 ἤκουσανο
1214 3589 1382 3659 ὑμῶν
1421 3587 1490 3644 δὲ
1517 3589 1796 3660 μακάριοι
1831 3595 1888 3646 ol

235 3668 533 3740 ὀφθαλμοὶ,
563 3671 654 3726 ὅτι
679 3671 964 3736 βλέπετε.
1097 3679 1104 3684 ’

299 3765 358 3812 ε’.
403 3760 555 3814 Ἀλλά
582 3760 851 3832 ζητοῦμεν
893 3763 1022 3817 ποτε
1054 3765 1190 3828 ὅλως
1219 3768 1250 3836 ή
1285 3766 1519 3837 σφραγὶς
1543 3767 1888 3838 ἀπεσφράγι-

233 3844 367 3916 σθη,
409 3848 535 3900 ποτε
571 3850 601 3901 6
641 3848 836 3920 δεσμὸς
876 3851 975 3921 τῆς
1017 3852 1238 3920 ἀγνοίας
1279 3853 1476 3925 ἐλύθη,
1519 3854 1647 3908 πότε
1688 3855 1754 3908 τά
1799 3873 1889 3909 κε-

233 3932 508 4003 κλεισμένα
561 3935 811 4006 ἀνεῴγει.
860 3939 1107 3992 Ἀπαιτεῖ
1155 3942 1282 4011 παρ’
1323 3942 1480 4014 ήμῶν
1520 3945 1548 3996 6
1595 3943 1886 4015 ἀκροατὴς,

231 4019 512 4091 καὶ,Παρά
535 4023 628 4074 τὸν
659 4023 813 4092 λόγον
852 4026 943 4078 τὸν
984 4027 1181 4097 τρόπον
1223 4045 1334 4099 μοι,
1384 4030 1568 4100 φησὶν,
1611 4031 1888 4102 ὲμήνυσας

230 4106 328 4160 τοῦ
348 4109 776 4180 σφραγίσματος,
803 4112 897 4165 τὸν
923 4114 1113 4184 καιρόν
1151 4133 1240 4186 μοι
1270 4116 1366 4187 τῆς
1405 4117 1704 4182 ἐπιλύσεως
1733 4118 1884 4192 [411]

226 4195 337 4246 τῶν
353 4197 802 4268 ἐσφραγισμένων
824 4200 884 4252 ού
905 4199 1082 4269 λέγεις
1104 4219 1117 4268 ;
1155 4203 1544 4270 κεκλεισμένας
1565 4205 1770 4270 ἔδειξας
1791 4208 1888 4272 td;

225 4282 416 4348 πύλας,
454 4285 804 4355 ἀνεῳγμένας
832 4286 930 4356 οὐχ
953 4286 1288 4355 ὑποδείξεις;
1320 4290 1384 4343 Τί
1412 4286 1542 4354 οὖνς
1594 4292 1726 4346 Ἀπὸ
1772 4294 1888 4360 ἐνὸς

223 4367 461 4439 ῥήματος
491 4371 560 4424 τά
602 4370 772 4424 πολλά
803 4373 1220 4444 παρωσάμενος,
1257 4377 1592 4447 παραστήσω
1613 4377 1672 4430 τὸ
1696 4379 1887 4450 ζητού-

221 4472 399 4524 μενον.
449 4456 514 4509 Τί
571 4453 699 4523 οὗν;
749 4459 907 4512 Μετὰ
957 4460 1054 4532 τὴν
1112 4461 1208 4515 τοῦ
1269 4464 1520 4536 Σωτῆρος
1570 4465 1884 4536 ἀνάστασιν,

217 4545 590 4615 ἀγνοουμένης
616 4549 727 4609 τοῖς
747 4547 964 4612 πολλοῖς
984 4549 1082 4619 τῆς
1106 4549 1255 4615 θείας
1276 4552 1515 4623 χάριτος,
1545 4555 1705 4619 τινὲς,
1730 4557 1884 4628 φησὶ,

217 4631 325 4682 τῶν
360 4633 620 4717 μαθητῶν
651 4633 746 4688 δύο
787 4635 892 4701 ἔξω
937 4639 1016 4699 εἰς
1064 4637 1256 4710 κώμην
1303 4642 1568 4712 ἀπῄεσαν,
1618 4645 1711 4698 καὶ
1749 4647 1887 4717 πρὸς

216 4718 476 4790 ἀλλήλους
506 4715 596 4774 οἷα
629 4720 772 4790 φίλοι
799 4723 856 4774 ὲν
887 4722 990 4792 ὀδῷ
1028 4725 1350 4780 ἀντέϐαλλον
1382 4731 1506 4801 περὶ
1539 4731 1638 4801 τῆς
1683 4715 1885 4786 οἰκονο-

219 4805 365 4876 μίας.
402 4807 458 4861 Ὀ
507 4809 703 4880 Σωτὴρ
751 4810 989 4882 ἀμείψας
1016 4812 1078 4865 τὸ
1125 4817 1312 4885 σχῆμα
1355 4818 1447 4870 καὶ
1484 4817 1543 4871 τὸ
1583 4819 1886 4891 ὲκφώνημα

218 4894 268 4960 ςό
299 4896 406 4966 γάρ
451 4897 568 4949 ἐστι
623 4898 910 4967 πρόσωπον
941 4902 1053 4964 τοῖς
1105 4901 1292 4973 ὁρῶσι,
1323 4903 1479 4957 τοῦτο
1509 4907 1661 4978 φωνὴ
1686 4912 1797 4972 τοῖς
1826 4909 1886 4963 τὸ

161 5051 164 5058 Ι
223 4983 509 5052 πρόσωπον
539 4984 638 5053 οὐχ
665 4985 876 5054 ὁρῶσι),
913 4987 1142 5058 κρύπτει
1174 4992 1266 5044 καὶ
1306 4991 1404 5064 τὴν
1438 4995 1619 5065 φωνὴν
1660 4997 1750 5048 καὶ
1787 4997 1886 5067 τὴν

223 5072 456 5141 μορφὴν,
497 5073 592 5123 καὶ
640 5071 788 5137 λέγει
822 5073 1002 5136 αὐτοῖς
1031 5077 1058 5129 6
1095 5077 1164 5128 τὰ
1207 5079 1384 5132 πάντα
1419 5081 1602 5145 εἰδώςη
1642 5085 1805 5152 Τίνες
1832 5090 1885 5140 οί

223 5158 379 5227 λόγοι
404 5154 593 5222 οὗτοι,
634 5159 741 5225 οὓς
781 5160 1168 5217 ἀντιϐάλλετε
1204 5166 1352 5234 πρὸς
1392 5169 1734 5237 ἀλλήλους
1780 5174 1884 5225 Λέ·

221 5260 300 5310 γει
335 5245 486 5314 αὖτῷ
532 5244 612 5316 τῷ
661 5247 749 5299 τά.
777 5247 954 5303 πάντα
992 5251 1153 5304 εἰδότι
1180 5254 1208 5304 6
1245 5255 1373 5325 παρ’
1403 5256 1566 5309 αὑτοῦ
1598 5257 1668 5310 τά
1709 5259 1886 5314 πάντα

224 5333 508 5400 μανθάνων
528 5349 541 5362 °
588 5337 632 5387 Σ
639 5335 672 5387 ὺ
696 5337 886 5404 μόνος
911 5340 1214 5406 παροικεῖς
1243 5343 1311 5393 ἐν
1339 5343 1750 5415 Ἰερουσαλὴμ,
1787 5350 1885 5402 καὶ

224 5425 333 5476 οὐκ
370 5424 563 5492 ἔγνως
602 5424 672 5476 τὰ
704 5427 993 5495 γενόμενα
1017 5428 1088 5480 ἐν
1113 5429 1298 5499 mm};
1328 5433 1487 5501 Λέγει
1513 5451 1526 5463 ο
1558 5435 1740 5502 ιιοῖα;
1788 5434 1888 5492 Οὗ-

220 5525 306 5573 τος
337 5513 366 5564 6
399 5510 536 5574 Θεὸς
571 5512 599 5563 6
629 5510 784 5575 εἰδὼς
812 5512 880 5569 τά
908 5514 1104 5581 πάντα,
1147 5518 1238 5570 καὶ
1269 5519 1508 5590 ἐρωτῶν,
1537 5522 1566 5573 6
1601 5522 1713 5587 υἱός
1741 5526 1887 5579 ἐστιν

277 5661 295 5682 ⁸
323 5659 456 5736 [ῖῃιις
480 5661 868 5738 ἐσφραγισμένων(
914 5665 1006 5737 Kal
1035 5664 1258 5738 ἀγνοοῦσι
1299 5668 1381 5738 μὲν
1421 5669 1447 5716 ὂ
1488 5669 1601 5732 ἔχει,
1644 5671 1697 5738 {ac
1733 5672 1784 5721 δὲ
1807 5678 1889 5731 τῆς

225 5723 468 5793 σιραγξδος
489 5723 699 5780 νοοῦσιν,
724 5723 795 5770 ὅτι
818 5725 872 5793 τὸ
896 5725 1048 5793 τίμιον
1071 5723 1124 5793 τὸ
1149 5723 1600 5791 ἐναποκείιιενονί”1“ί
1624 5731 1720 5787 οὖν.

229 5849 253 5908 β
285 5783 468 5893 Vden:
488 5790 572 5842 τῆς
592 5791 744 5851 πηγῆς
767 5783 1024 5849 τοῦνὸμου,
1049 5787 1101 5834 οὐ
1125 5791 1250 5852 παρὰ
1275 5783 1612 5854 τοῖύπηρέτον
1639 5783 1722 5843 τοῦ
1744 5797 1888 5854 νόμον

257 5864 304 5894 ου
325 5861 466 5906 ομαι.

257 5861 466 5906 ουλομαι.

1607 429 1694 484 DE
1733 427 2022 486 SIGILLIS
2061 429 2308 488 SERMO.

3545 441 3647 492 δύω

1991 546 2198 600 ἐκείνου
2223 545 2316 600 τοῦ
2344 545 2593 614 λέγοντος
2631 545 2709 616 τῷ
2737 547 2903 600 Κάῖνο
2934 546 3058 602 Ποῦ
3099 550 3345 616 Ἅϐελ,,ό
3388 550 3648 616 ἀδελφός

1991 647 2138 698 σου;
2167 633 2426 701 Λέγουσι·
2461 632 2537 686 Td
2560 633 2693 700 περὶ
2724 633 2925 700 Ἰησοῦ
2952 633 3058 688 τοῦ
3078 635 3430 703 Ναζωραίου,
3447 633 3648 701 ὃςέγέ-

1990 735 2126 772 νετο
2171 717 2326 786 ἀνὴρ
2370 716 2628 782 δυνατὸς
2675 719 2833 787 λόγῳ
2888 719 2984 772 καὶ
3031 719 3200 788 ἔργῳ.
3237 721 3443 791 Ἀκμὴν
3480 721 3646 790 ἀνήρ;

1994 803 2131 873 μετά
2147 802 2382 857 τοσαῦτα
2411 801 2662 872 θαύματα
2691 803 2862 873 ἀνήρ;
2899 804 3033 873 μετά
3058 804 3321 870 τοσαύτας
3349 807 3645 876 ἐνεργείας,

1994 889 2132 959 μετὰ
2176 887 2443 958 τοσαύτην
2473 887 2623 951 θείας
2666 887 2948 958 δυνάμεως
2996 889 3296 957 ἀπόδειξιν;
3331 891 3518 960 Ἡμεῖς
3561 891 3646 955 δὲ,

1990 976 2153 1045 φησὶν
2180 975 2288 1044 (ἵνα
2325 975 2402 1046 μὴ
2427 975 2603 1029 πάντα
2637 973 2909 1039 ἐξετάζων
2935 977 2963 1028 6
2990 975 3146 1043 λόγος
3182 977 3443 1048 μηκύνῃ),
3482 979 3648 1046 ἡμεῖς

1989 1061 2056 1115 δὲ
2096 1060 2440 1131 ἠλπίζομεν,
2477 1061 2563 1114 ὅτι
2605 1063 2786 1126 αὑτός
2816 1062 2985 1114 ἐστιν
3025 1063 3056 1115 6
3101 1065 3504 1133 λυτρούμενος
3547 1065 3652 1117 τὸν

2002 1147 2267 1217 Ἰσραήλ.
2289 1149 2430 1219 Ὅρα
2465 1148 2579 1210 πῶς
2608 1147 2830 1200 ἐσδεστο
2859 1149 2916 1200 ὲν
2945 1147 3127 1211 αύτοῖς
3159 1149 3345 1217 σχεδὸν
3372 1153 3408 1220 ἡ
3445 1151 3646 1212 πίστις,

1993 1237 2082 1288 καὶ
2113 1234 2388 1306 καθῄρητο
2437 1235 2619 1288 lam-6v
2653 1235 2686 1304 ἠ
2729 1233 2884 1296 ἐλπὶς
2928 1234 3027 1302 τῆς
3075 1236 3408 1305 οἰκονομίας.
3451 1236 3646 1304 Ἡμεῖς

1987 1320 2462 1389 προσεδοκῶμεν.
2511 1317 2586 1374 Οὐ
2622 1320 2792 1387 λέγει,
2828 1319 3423 1391 Προσδοκῶμεν,,ἀλλά,
3454 1326 3644 1388 Προσ-

1987 1405 2306 1476 εδοκῶμεν.
2344 1407 2497 1479 ᾟδει
2527 1402 2619 1460 οὖν
2651 1405 2836 1459 λοιπὸν
2876 1405 3205 1460 ἀσθενοῦσαν
3235 1407 3411 1462 αὐτῶν
3432 1409 3526 1477 τὴν
3554 1409 3642 1461 πί-

1990 1509 2126 1558 στιν,
2158 1495 2252 1546 καὶ
2289 1494 2546 1549 κλίνασαν
2589 1493 2766 1546 αὐτῶν
2808 1495 2906 1564 τὴν
2930 1494 3167 1548 διάνοιαν
3189 1511 3202 1524 ⁶
3246 1495 3341 1548 καὶ
3389 1489 3587 1563 ἐπέστη
3617 1497 3644 1547 6

1989 1581 2259 1651 στηρίζων
2287 1582 2412 1643 τοὺς
2453 1579 2969 1644 καταπεπτωκότας,
3020 1580 3115 1634 καὶ⁸
3161 1581 3403 1652 ἀνορθῶν
3443 1583 3643 1644 πάντας

1982 1667 2111 1732 τοὺς
2145 1667 2642 1739 κατερῤαγμένους.
2664 1669 2773 1720 Καὶ
2807 1668 2857 1721 τί
2887 1666 3022 1736 πρὸς
3047 1668 3243 1731 αὐτοὺς
3275 1670 3304 1721 6
3325 1667 3646 1739 εύεργέτης;

1985 1748 2054 1806 Ὦ
2091 1755 2354 1823 ἀνόητοι,
2387 1755 2486 1808 καί
2521 1753 2768 1822 βραδεῖς
2791 1752 2864 1821 τῇ
2906 1753 3138 1822 καρδίᾳ,
3169 1757 3242 1810 οὐ
3270 1755 3510 1810 συνίετε
3549 1755 3652 1819 τὰς

1985 1840 2262 1910 Γραφάςς
2302 1843 2375 1896 οὐ
2427 1841 2613 1895 ταῦτα
2651 1839 2773 1895 ἔδει
2824 1841 3036 1895 παθεῖν
3084 1841 3191 1895 τὸν
3238 1843 3510 1910 Χριστὸν,
3552 1841 3650 1895 καί

1985 1928 2283 1982 εἰσελθεῖν
2305 1929 2394 1992 εἰς
2421 1926 2535 1996 τὴν
2563 1927 2751 1989 δόξαν
2779 1927 2998 1991 αὑτοῦ;
3033 1926 3142 1982 Kal
3173 1927 3504 1996 ἀρξάμενος
3534 1927 3652 1982 ἀπὸ

1985 2013 2091 2068 τοῦ
2119 2016 2308 2082 νόμου
2336 2013 2436 2070 καί
2462 2013 2580 2068 τῶν
2611 2012 2953 2083 προφητῶν,
2987 2013 3291 2084 διήνοιγεν
3319 2013 3521 2080 αὐτοῖς
3547 2014 3654 2080 τὰς

1986 2099 2250 2170 Γραφὰς.
2268 2101 2448 2172 Ὁρᾷς,
2476 2103 2556 2155 ὃτι
2586 2101 2692 2164 ἕως
2719 2100 2928 2172 ἀπέστη
2953 2103 2983 2138 ⁸
3007 2101 3261 2172 Χριστὸς,
3287 2102 3385 2154 οὐκ
3408 2101 3654 2171 ἀνεῴχθη

1985 2190 2084 2258 τῆς
2115 2185 2428 2258 ἀληθείαςιὴ
2463 2186 2628 2258 πύλη,
2659 2185 2779 2239 οὐδὲ
2808 2186 2970 2257 ἐλύθη
3001 2188 3029 2240 6
3056 2187 3252 2256 δεσμὸς
3282 2186 3381 2256 τῆς
3407 2187 3649 2254 ἀγνοίας.

1985 2274 2233 2343 Διήνοιγε
2279 2273 2378 2335 τὰς
2425 2271 2646 2343 Γραφάς
2696 2267 2785 2326 οἷά
2818 2290 2968 2335 τινας
3027 2271 3192 2343 θύρας
3243 2271 3651 2341 κεκλεισμένας.

1985 2361 2151 2422 Ποίας
2175 2359 2378 2430 θύρας;
2424 2361 2559 2429 Περί
2595 2352 2670 2412 ὧν
2720 2376 2884 2428 φησιν
2922 2361 2950 2412 6
3001 2358 3232 2422 Παῦλος,
3256 2359 3382 2411 Ἵνα
3426 2361 3457 2411 ό
3509 2357 3652 2421 Θεὸς

1985 2445 2196 2513 ἀνοίξῃ
2233 2446 2421 2512 θύραν
2444 2445 2568 2511 τοῖς
2603 2445 2805 2500 ἔθνεσι
2826 2461 2838 2476 ο
2891 2442 2983 2497 καὶ
3019 2445 3176 2497 πάλιν
3205 2445 3296 2496 ἐπὶ
3336 2442 3651 2514 Κορνηλίου,

1983 2527 2127 2599 Ἀρά
2160 2547 2225 2601 γε
2257 2530 2355 2584 καὶ
2381 2529 2503 2596 τοῖς
2539 2531 2782 2584 ἔθνεσιν
2805 2529 3050 2598 ἤνοιξεν
3088 2532 3120 2583 6
3171 2531 3315 2594 Θεὸς
3347 2532 3534 2597 θύραν
3547 2546 3655 2597 με·-

1983 2619 2257 2685 τανοίας;
2297 2619 2407 2672 Καὶ
2449 2619 2550 2689 δρα
2585 2617 2638 2670 τί
2687 2618 3024 2687 οἰκονομεῖὴ
3068 2615 3218 2688 πηγὴ
3260 2615 3367 2668 τῶν
3400 2615 3649 2682 ἀγαθῶν·

1983 2707 2070 2760 ὅτε
2102 2705 2211 2777 γάρ
2251 2705 2452 2777 ἐπέστη
2500 2707 2564 2776 τῇ
2616 2703 2778 2775 κώμῃ
2812 2705 2874 2774 τῇ
2903 2703 3206 2773 Ἐμμαοῦς,
3241 2701 3386 2754 καθά
3427 2703 3520 2755 καὶ
3555 2701 3655 2774 τὴν

1988 2793 2162 2865 ὁρμὴν
2188 2789 2332 2863 εἶχον
2374 2793 2424 2845 οἰ
2469 2792 2763 2855 ὁδεύοντες,
2809 2791 2890 2844 ἔτι
2931 2790 3290 2861 ἀγνοούμενος
3334 2791 3424 2843 ὑπ’
3453 2789 3652 2852 αὐτῶν,
3718 2806 3726 2814 '

1985 2880 2155 2951 ἐφάνη
2181 2879 2260 2950 τῷ
2292 2878 2771 2950 ἀμφιδαλλομένῳ.
2808 2878 2895 2941 Ὠς
2938 2879 3047 2948 γὰρ
3080 2876 3404 2947 κατεκλίνθη
3452 2879 3652 2938 αὐτοῖς,

1981 2969 2051 3022 τά
2083 2967 2275 3038 πρῶτα
2317 2967 2391 3030 ώς
2443 2965 2590 3032 ξένος
2632 2965 3027 3035 φιλοφροσύνης
3064 2963 3379 3034 ἀξιούμενος
3415 2963 3655 3034 (Μεῖνον

1984 3054 2114 3126 γὰρ,
2145 3055 2299 3125 φησὶ.
2328 3053 2464 3122 παρ’
2503 3051 2666 3120 ἡμῖν,
2699 3052 2788 3104 ὅτι
2820 3052 3061 3104 ἔκλινεν
3086 3051 3124 3116 ἠ
3161 3051 3418 3122 ἡμέρα)ο
3454 3051 3538 3103 ενα
3578 3051 3651 3120 μὴ

1985 3143 2163 3213 πάντῃ
2189 3143 2221 3212 ὴ
2248 3141 2436 3210 ἄγνοια
2472 3137 2862 3211 κατακαλύπτῃ
2887 3140 2984 3208 τὴν
3015 3137 3190 3213 ἀξίαν,
3223 3140 3431 3193 Λαϐὼν
3472 3137 3652 3205 ἀρτων

1983 3211 2308 3298 ηὐλόίγησε,
2335 3227 2433 3281 καὶ
2469 3225 2706 3290 κλάσας
2744 3211 3148 3290 ἐπέδωκε,ἓαί
3175 3225 3513 3294 ἠνοίγησαν
3550 3227 3656 3277 αὐ·-

1983 3318 2104 3371 τῶν
2125 3319 2179 3370 ol
2207 3315 2522 3386 ὀφθαλμοὶ,
2553 3313 2650 3367 καί
2685 3312 3038 3383 ἐπέγνωσαν
3062 3313 3268 3366 αὐτόν.
3291 3312 3390 3365 Διά
3419 3313 3469 3363 τί
3504 3311 3656 3381 πρῶ-

1983 3421 2072 3458 τον
2128 3404 2296 3456 ἔδωκε
2341 3403 2433 3455 τὸν
2489 3401 2670 3472 ἀρτον,
2709 3400 2808 3454 καὶ
2851 3401 2971 3453 τότε
3031 3399 3325 3470 ἠνοίγησαν
3379 3399 3554 3453 αὐτῶν
3606 3402 3653 3451 οἰ

1982 3489 2282 3560 ὀφθαλμοί;
2339 3487 2552 3558 Ἐπειδὴ
2587 3487 2789 3558 βρῶσις
2835 3484 2929 3539 τοῦ
2982 3485 3154 3556 Ἀδὰμ
3181 3488 3305 3549 τοὺς
3343 3485 3648 3554 ὀφθαλμοὺς

1984 3576 2169 3637 κακῶς
2206 3575 2438 3645 ἤνοιξεν,
2485 3574 2813 3644 ἀντεισὴχθη
2837 3572 2932 3625 νῦν
2958 3572 3159 3644 βρῶσις
3195 3572 3292 3643 τὴν
3317 3573 3475 3643 ξένην
3520 3573 3650 3626 ἀνά-

1983 3662 2172 3732 6λεψιν
2200 3661 2565 3734 ἐργαζομένη.
2596 3659 2965 3730 Ἀναϐλέψωσι
3015 3661 3108 3714 καὶ
3141 3662 3191 3714 οἰ
3227 3661 3334 3713 τῶν
3368 3660 3656 3731 αἱρετικῶν

1985 3750 2192 3812 παῖδες,
2243 3749 2335 3802 καὶ
2380 3746 2530 3802 ἴδωσί
2573 3747 2634 3802 τὸ
2679 3747 2792 3817 φῶς
2829 3747 2928 3817 τῆς
2972 3746 3250 3818 ἀληθείας,
3283 3746 3430 3799 ἴδωσι
3461 3746 3551 3797 τὸν
3597 3747 3656 3797 ἐν

1983 3839 2124 3908 ἀρχῇ
2151 3838 2282 3890 ὄντα
2313 3836 2467 3900 Θεὸν,
2500 3835 2634 3888 Θεὸν
2659 3835 2808 3897 ὄντα,
2841 3835 2935 3888 καὶ
2957 3835 3092 3888 Θεοῦ
3114 3834 3284 3904 Λόγον
3306 3834 3616 3903 ὑπάρχοντα
3638 3850 3652 3862 ·

1984 3924 2256 3978 ἀκούσωσι
2287 3923 2546 3986 πολλάκις
2579 3918 2812 3985 τὺ,⁷Ην,
2837 3923 2932 3974 καὶ
2961 3921 3274 3976 παύσωνται
3305 3921 3552 3989 λέγοντες
3572 3922 3654 3984 τὸ,

1978 4017 2098 4068 Οὐκ
2125 4005 2221 4084 ἦν.
2252 4016 2351 4068 Ἑν
2378 4011 2535 4082 ἀρχῇ
2567 4007 2644 4082 ἦν
2673 4015 2705 4065 ό
2730 4012 2937 4080 Λόγος.
2969 4013 3097 4064 Οὐκ
3138 4012 3298 4075 εὐθὺς
3337 4011 3494 4064 τοῦτο
3527 4013 3655 4079 ἐκη-

1986 4101 2157 4173 ρύχθη
2177 4119 2190 4131 ο
2226 4101 2286 4153 ού
2327 4100 2433 4170 γὰρ
2465 4097 2660 4170 ἐχώρει
2691 4098 2720 4150 6
2752 4099 2976 4168 κόσμος.
3005 4098 3282 4168 Τέσσαρες
3309 4099 3488 4168 μέντοι
3516 4099 3655 4149 εἰσὶν

1985 4187 2362 4257 εύαγγελισταὶ
2391 4196 2440 4251 ο,
2471 4185 2770 4251 Ματθαῖος,
2801 4185 3046 4257 Μάρκος,
3080 4186 3313 4250 Λουκᾶς,
3350 4186 3442 4238 καί⁵
3479 4184 3655 4236 Ἰωάν-

1983 4295 2079 4348 νης
2105 4295 2116 4306 ⁸
2148 4277 2240 4328 ὅτε
2259 4273 2491 4346 ἤρξαντο
2515 4273 2608 4326 τοῦ
2640 4271 3016 4344 κηρύγματος,
3045 4272 3144 4324 οὑκ
3173 4271 3324 4344 [412]
3352 4272 3508 4334 εὐθὺς
3535 4271 3655 4324 ἐλάι-

1982 4363 2152 4434 λησαν
2191 4363 2259 4416 τά
2303 4361 2582 4432 πρέποντα
2609 4363 2673 4431 τῇ
2701 4360 2852 4430 ἀξίᾳ,
2896 4359 3031 4413 ἀλλά
3061 4359 3130 4413 τά
3184 4359 3489 4429 ἁρμόζοντα
3546 4364 3654 4421 τοῖς

1985 4448 2375 4521 ἀκροωμένοις.
2410 4449 2469 4500 ’0
2501 4447 2780 4510 Ματθαῖος
2813 4447 2988 4520 ἀρχὴν
3026 4447 3390 4516 ποιησάμενος
3426 4446 3533 4498 τῶν
3565 4448 3654 4497 εὑ-

1981 4538 2268 4608 αγγελίων,
2322 4537 2506 4606 λέγει·
2558 4538 2776 4602 Βίϐλος
2813 4537 3105 4607 γενέσεως
3148 4536 3349 4603 Ἰησοῦ
3398 4538 3655 4604 Χριστοῦ

1983 4626 2117 4680 υίοῦ
2152 4624 2354 4692 Δαυὶδ,
2385 4623 2518 4678 υἱοῦ
2544 4622 2813 4693 Ἀϐραάμ.
2844 4613 2942 4676 Διᾶ
2973 4623 3025 4675 τί
3082 4623 3155 4693 μὴ
3210 4623 3340 4676 Υἰοῦ
3371 4623 3536 4687 Θεοῦς
3569 4625 3654 4675 διὰ

1981 4714 2034 4766 τί
2064 4716 2254 4784 πτωχῇ
2286 4713 2428 4778 λέξει
2452 4711 2715 4783 κρύπτεις
2746 4711 2844 4770 τὴν
2873 4710 3064 4776 ἀξίαν;
3100 4711 3187 4763 διὰ
3215 4711 3266 4762 τί
3299 4713 3408 4772 τοῖς
3444 4711 3652 4779 ἀνθρώ-
3721 4716 3733 4726 ·

1983 4818 2104 4864 ποις
2129 4800 2196 4857 τά
2223 4800 2342 4853 θεῖα
2371 4798 2702 4863 καλύπτεις;
2747 4797 2903 4868 Παρά
2938 4796 3227 4859 Ἰουδαίοις,
3266 4799 3417 4866 φησὶ,
3453 4798 3667 4866 κηρύτ-’

1982 4907 2079 4951 τω,
2109 4891 2222 4953 τοῖς
2263 4887 2399 4958 μηδὲ
2451 4887 2742 4957 ἄνθρωπον
2775 4884 2980 4938 δίκαιον
3018 4879 3158 4937 εἶναι
3208 4885 3516 4936 πιστεύουσι
3561 4886 3651 4934 τὸν

1983 4975 2236 5045 Χριστόν.
2281 4974 2408 5027 Υἱὸν
2443 4972 2694 5044 Ἀϐραὰμ
2734 4971 2886 5024 οῠπω
2919 4971 3184 5034 ἐδέξαντο,
3235 4970 3328 5023 καί
3366 4970 3492 5022 Υἰδν
3517 4971 3651 5021 (ῖὶεοῦ

1983 5061 2484 5131 καταγγελλόμενον
2508 5059 2822 5124 ἀνέξονται;
2855 5058 2962 5111 Καὶ
2992 5057 3152 5111 πόθεν
3174 5056 3354 5122 τοῦτο;
3387 5055 3506 5110 ’Ότι
3535 5058 3648 5113 ουῗὲ

1984 5150 2077 5204 τοῦ
2112 5150 2307 5219 γένους
2343 5148 2506 5202 αὐτὸν
2541 5147 2852 5218 ὡμολόγουν
2905 5144 3171 5216 Ἀϐραάμ.
3227 5145 3340 5197 Ούκ
3396 5146 3651 5214 ἥκοντας,

1981 5236 2057 5299 ὡς
2087 5235 2346 5299 πολλάκις
2370 5231 2818 5304 βλασφημοῦντες
2846 5231 3026 5296 αὐτὸν,
3052 5231 3257 5297 ἔλεγονο
3287 5232 3653 5299 Σαμαρείτης

1983 5320 2038 5376 εἴ
2065 5323 2168 5386 σὺ,
2208 5324 2306 5376 καὶ
2337 5322 2648 5390 δαιμόνιον
2684 5319 2885 5388 ἕχεις;
2919 5320 2980 5370 Οἱ
3017 5316 3111 5370 τοῦ
3141 5317 3331 5385 γένους
3361 5318 3520 5371 αὑτὸν
3546 5321 3654 5369 τῶν

1989 5411 2159 5478 ἁγίων
2192 5409 2565 5472 ἐκϐάλλοντες,
2594 5407 2691 5478 τὴν
2715 5407 2872 5472 ἀξίαν
2893 5406 2988 5472 τὴν
3021 5404 3200 5458 ἔνθεον
3221 5405 3648 5475 κατελάμϐανί,

1986 5499 2050 5551 Τί
2077 5494 2168 5552 οὖν
2208 5514 2370 5568 φησι;
2403 5498 2618 5562 Βίϐλος
2643 5493 2931 5564 γενέσεως
2963 5492 3168 5560 Ἰησοῦ
3203 5493 3484 5562 Χριστοῦ.
3523 5496 3652 5544 vim":

1985 5586 2185 5651 Auvl6,
2217 5585 2350 5639 υἱοῦ
2389 5582 2656 5652 Ἀϐραάμ.
2706 5581 2925 5654 Πρῶτον
2959 5582 3154 5644 αὐτοὺς
3189 5583 3371 5648 ἐνάγει
3402 5584 3510 5644 τοῖς
3544 5585 3654 5632 ογ]-

1991 5693 2121 5747 μασι
2161 5676 2272 5738 τοῖς
2305 5672 2497 5743 φίλοις,
2547 5674 2655 5735 τοῖς
2690 5671 2824 5742 πρὸς
2874 5670 3193 5739 συγγένειαν
3237 5669 3548 5738 ἡνωμένωςν
3586 5669 3650 5719 ενι

2049 5794 2066 5811 ’
2099 5793 2242 5842 Savil.
2271 5793 2358 5847 ἓως
2385 5792 2576 5847 ἐπέστη.

2054 5859 2074 5885 ε
2104 5855 2236 5904 ιἰιυθ
2260 5857 2342 5904 sic.
2368 5856 2465 5904 Alii
2491 5852 2671 5916 μακρὰν
2699 5851 2806 5914 ἡμῖν
2827 5853 2868 5896 οἰ
2897 5850 3048 5910 εύαγγ.
