4064 6516
551 396 648 455 5H

552 512 616 578 ἐξ
633 515 854 570 ἐκείνων
873 515 1199 589 θηραθέντες
1222 521 1361 574 κατά
1384 520 1574 592 μικρὸν
1600 522 1800 593 εὕρωσι
1826 524 1923 596 τὴν
1939 524 2213 595 ἀλήθειαν,

548 600 648 670 τὴν
676 601 859 674 ἀπαθῆ
888 602 1159 674 γέννησιν,
1188 606 1289 678 τὴν
1316 606 1600 677 ἄχραντον,
1624 610 1723 681 τὴν
1753 610 2045 682 θεοπρεπεί
2077 611 2219 681 λόγῳ

549 689 978 758 κηρυττομένην,
1028 690 1121 744 καί
1156 692 1320 746 παντὶ
1369 694 1825 766 παραδεδομένην.
1855 697 2023 751 Πάλιν
2052 700 2079 751 6
2114 715 2218 767 μα·

549 773 739 841 κάριος
772 774 1021 845 Μάρκος,
1063 777 1250 840 καθεὶς
1299 780 1491 833 ἑαυτὸν
1519 782 1600 845 εἰς
1647 781 1710 835 τὸ
1733 781 2087 851 Εὐαγγέλιον,
2120 784 2217 837 καὶ

547 858 830 929 θαρσήσας
856 865 969 926 τοῖς
993 868 1591 936 προγεγυμνασμένοις,
1620 867 1761 937 λέγει
1792 870 1891 940 μὲν
1914 870 2041 924 Υἰὸν
2057 870 2214 936 Θεοῦ,

545 945 659 997 ἀλλ’
688 945 891 1012 εὐθέως
927 951 1233 1004 συνέστειλε
1255 951 1346 1005 τὸν
1366 953 1541 1022 λόγον,
1564 957 1659 1009 καὶ
1681 957 1980 1011 ἐκολόϐωσε
2006 958 2105 1029 τὴν
2131 958 2217 1011 ἐν-

546 1049 716 1096 νοιαν,
746 1034 834 1088 ῖνα
867 1035 1085 1111 μαλάξῃ
1114 1038 1207 1093 τὸν
1237 1040 1534 1113 ἀκροατήν.
1560 1043 1786 1113 Ἐπάγει
1808 1043 1901 1098 οῦν
1924 1045 2125 1109 εὐθέως
2146 1045 2215 1099 τά

546 1119 686 1173 κατά
736 1122 828 1174 τὸν
886 1122 1183 1197 βαπτιστὴν
1234 1126 1427 1195 λέγων,
1468 1130 1639 1199 Ἀρχὴ
1696 1131 1803 1185 τοῦ
1861 1133 2212 1201 εὐαγγελίου

557 1208 759 1274 Ἰησοῦ
799 1211 1055 1278 Χριστοῦ
1080 1230 1093 1244 ’
1158 1213 1352 1281 καθὼς
1398 1215 1719 1286 γέγραπται
1772 1219 1843 1272 ἐν
1873 1220 2086 1286 Ἡσαΐᾳ
2131 1220 2213 1286 τῷ

544 1294 846 1363 προφήτῃ·
905 1296 1061 1352 Ἰδοὺ
1117 1299 1474 1355 ἀποστέλλω
1513 1302 1620 1357 τὸν⁴
1647 1303 1907 1375 ἄγγελόν
1942 1324 2063 1376 μου
2097 1306 2209 1374 πρὸ

544 1380 869 1444 προσώπου
905 1400 1040 1449 σου,
1072 1384 1139 1451 ὃς
1162 1389 1601 1444 κατασκευάσει
1628 1392 1742 1460 τὴν
1772 1393 1917 1448 ὀδόν
1942 1412 2059 1449 σου
2106 1394 2208 1464 ἔμ-

544 1466 810 1533 προσθέν
838 1483 977 1523 σου.
1018 1472 1223 1537 Ἔδειξε
1255 1471 1361 1545 τὴν
1382 1476 1635 1547 λαμπάδα
1672 1483 1771 1552 τῆς
1798 1482 2075 1553 ἀληθείας,
2116 1483 2210 1536 καὶ

542 1551 744 1617 εὐθέως
783 1555 1087 1627 ἀπέκρυψε.
1116 1560 1221 1613 Καὶ
1253 1563 1513 1633 προφέρει
1546 1551 1760 1637 πρῶτον
1783 1551 2206 1640 τὸνήύπηρέτην,

542 1639 630 1693 ἵνα
665 1643 730 1713 τῇ
769 1646 918 1715 φωνῇ
968 1647 1324 1718 περιηχηθείς
1366 1650 1395 1701 ὁ
1438 1652 1730 1723 ἀκροατὴς,
1782 1654 1998 1725 δέξηται
2023 1639 2209 1710 λοιπὸν

540 1726 708 1795 ὑγιῶς
727 1728 819 1782 τὸν
848 1730 1081 1802 παντελῆ
1104 1733 1204 1804 τῆς
1230 1732 1520 1803 θεογωνίας
1542 1737 1717 1807 λόγον.
1743 1740 1803 1795 '0
1834 1743 2046 1806 Λουκᾶς
2075 1743 2207 1797 6x0-

538 1810 721 1866 λουθεῖ
751 1815 952 1886 τρίτος,
990 1818 1082 1872 καὶ
1113 1820 1275 1891 μέσος
1302 1826 1472 1894 χωρεῖ
1498 1826 1634 1894 μετά
1659 1826 1883 1894 τούτων,
1917 1830 2011 1883 καὶ
2040 1830 2207 1883 ἀπτε-

536 1915 626 1951 ται
650 1899 747 1970 μὲν
770 1901 863 1955 τοῦ
893 1902 1038 1957 θείου
1061 1905 1242 1973 λόγου,
1272 1909 1331 1961 ού
1367 1910 1473 1981 μὴν
1500 1912 1791 1983 ἐρμηνεύει
1815 1917 1910 1969 καὶ
1938 1915 2207 1971 ἀναπτύσ-

539 2001 620 2039 σει
649 1987 744 2059 τὴν
782 1989 958 2057 ἀξίαν,
1007 1992 1145 2047 ἀλλά
1194 2012 1394 2066 φησιν·
1444 1998 1797 2070 Ἐπειδήπερ
1842 2002 2061 2058 πολλοὶ
2102 2005 2206 2057 ἐπ’·

534 2076 863 2143 εχείρησαν
874 2079 1286 2145 ἀνατάξασθαι
1306 2083 1590 2154 διήγησιν
1610 2091 1741 2156 περὶ
1769 2089 1888 2143 τῶν
1906 2096 2205 2159 πεπληρο-

534 2164 886 2231 φορημένων
914 2167 985 2221 ἐν
1012 2169 1154 2239 ἡμῖν
1183 2171 1561 2240 πραγμάτων,
1589 2174 1761 2241 ἔδοξε
1800 2178 1974 2247 κάμοὶ
2018 2194 2205 2248 παρα-

533 2253 930 2319 κολουθηκότι
960 2265 985 2294 ιι
1011 2255 1136 2320 τοῖς
1182 2254 1370 2311 πᾶσιν
1396 2259 1499 2313 ἀπ’
1527 2261 1719 2329 ἀρχῆς
1743 2262 1986 2333 γράψαι,
2011 2265 2206 2332 καθὼς

534 2336 887 2404 παρέδωκαν
918 2341 1061 2409 ἡμῖν
1095 2347 1148 2397 ol
1183 2345 1285 2398 ἀπ’
1317 2346 1510 2414 ἀρχῆς
1537 2351 1825 2404 αὐτόπται
1848 2352 1946 2407 καὶ
1986 2353 2204 2422 ὑπηρέ-

534 2439 628 2475 ται
666 2428 972 2494 γενόμενοι
1012 2430 1120 2490 τοῦ
1145 2432 1353 2501 λόγου.
1394 2435 1554 2489 Ἀλλὰ
1591 2435 1747 2505 λόγον
1775 2438 1873 2509 μὲν
1902 2434 2074 2506 εἶπεν,
2104 2442 2205 2495 οὐκ

532 2506 652 2564 εἷπε
678 2512 733 2568 δὲ
765 2514 845 2567 ὅτι
890 2515 981 2568 καὶ
1031 2518 1177 2584 Θεὸς
1213 2516 1293 2589 ἦν
1336 2524 1369 2574 ὀ
1404 2525 1614 2591 Λόγος.
1662 2525 1727 2578 Τί
1775 2506 1868 2579 οὖν
1896 2528 1991 2581 καὶ
2043 2529 2205 2594 αὐτὸς

531 2603 706 2669 ποιεῖ;
739 2602 1043 2674 ’Λψάμενος
1080 2606 1140 2659 τὸ
1180 2603 1339 2672 εἶναι,
1390 2610 1483 2663 καὶ
1529 2613 1809 2682 ἐννοήσας,
1862 2614 1945 2668 ὅτι
1983 2618 2204 2688 νεκραῖς

530 2687 723 2752 ἀκοαῖς
755 2690 957 2761 ἐνηχεῖ,
989 2692 1221 2764 κρύπτει
1243 2695 1341 2766 τὴν
1371 2696 1549 2767 ἀξίαν,
1581 2701 1674 2753 καὶ
1703 2702 1965 2774 προφέρει
1993 2687 2093 2775 τὴν
2120 2706 2203 2757 οἰ-

534 2776 826 2845 κονομίαν
877 2779 1148 2849 Ἐγένετο
1197 2783 1386 2850 ἱερεὺς
1437 2788 1773 2855 Ζαχαρίαςο
1831 2791 1927 2843 καὶ
1972 2790 2043 2846 τὰ
2074 2791 2204 2863 ἐξῆς

527 2860 624 2914 τοῦ
652 2863 989 2933 εὐαγγελίου.
1017 2868 1224 2932 Πάντες
1246 2865 1338 2924 οὖν
1353 2872 1637 2945 ἐχώρησαν
1659 2876 1739 2939 εἰς
1766 2876 1862 2949 τὴν
1882 2881 1981 2951 τῆς
2001 2860 2201 2951 σαρκός

528 2950 859 3021 οἰκονομίαν,
891 2955 985 3008 καὶ
1006 2956 1188 3027 ἡρέμα
1220 2975 1335 3023 πως
1363 2959 1448 3015 διά
1469 2962 1576 3015 τῶν
1599 2963 1889 3035 θαυμάτων
1909 2950 2202 3042 ἐγνώριζον

526 3036 627 3110 τὴν
652 3039 827 3104 ἀξίαν.
857 3041 1215 3116 Ἐκηρύττετο
1246 3046 1301 3100 δὲ
1342 3049 1435 3102 ἐπὶ
1458 3050 1551 3104 τοῦ
1576 3051 1712 3106 Θεοῦ
1744 3055 1920 3124 Λόγου
1951 3036 2014 3111 τὸ
2040 3036 2202 3125 ἀξίω-

532 3144 629 3197 μα,
657 3129 960 3199 ἐκρύπτετο
995 3133 1052 3187 δὲ
1086 3133 1152 3187 τά
1193 3135 1333 3190 κατὰ
1370 3137 1477 3190 τῶν
1514 3141 1803 3211 αἰρετικῶν
1840 3144 1991 3217 βέλη,
2020 3149 2201 3203 καὶτὸ

525 3215 627 3285 τῆς
648 3216 812 3289 ὀρθῆς
842 3218 999 3292 δόξης
1028 3223 1380 3295 ἐπιτείχισμα
1408 3225 1621 3282 οὐδέπω
1649 3230 1726 3302 τῷ
1758 3215 2071 3305 κηρύγματι
2099 3237 2201 3309 τῆς

527 3301 810 3368 εὐσεϐείας
850 3308 1138 3379 ἐγήγερτο.

608 3386 863 3463 Ἰωάννης
889 3395 1068 3449 τοίνυν
1089 3398 1117 3450 6
1138 3397 1251 3462 υίὸς
1277 3398 1376 3471 τῆς
1399 3399 1628 3473 βροντῆς
1652 3405 1959 3472 τελευταῖος
1987 3410 2197 3482 παρῆλι-

529 3477 623 3531 θεν
654 3480 744 3533 ἐπὶ
762 3481 860 3554 τὴν
882 3482 1159 3553 θεολογίαν
1187 3487 1325 3556 μετά
1345 3489 1470 3554 τοὺς
1490 3494 1638 3562 τρεῖς
1664 3494 1905 3560 ἐκείνους
1928 3477 2197 3569 κήρυκας.

529 3566 625 3620 καὶ
655 3569 880 3634 εἰκότως
924 3573 953 3624 6
1001 3573 1101 3643 μὲν
1140 3575 1523 3649 ἠκολούθησεν,
1570 3583 1619 3635 οἰ
1667 3582 1724 3636 δέ
1765 3566 2087 3656 προέλαϐον,
2131 3589 2202 3642 τά

530 3657 705 3728 μικρά
733 3659 869 3724 τέως
895 3662 1536 3741 ἀστράπτοντες.”Ωσπερ
1563 3668 1671 3743 γὰρ
1696 3672 1798 3744 τῆς
1820 3673 2046 3746 βροντῆς
2068 3693 2202 3748 προ-

526 3749 743 3815 ηγεῖται
770 3752 1044 3822 ἀστραπὴ,
1090 3755 1177 3807 ίνα
1212 3754 1286 3827 μὴ
1334 3757 1529 3829 ἀθρόον
1569 3761 1749 3834 ἐκείνη
1791 3765 1854 3816 ἐκ
1883 3762 1992 3817 τῶν
2022 3765 2200 3835 νεφῶν

529 3835 759 3905 ραγεῖσα
806 3838 985 3912 πλήξῃ
1041 3840 1133 3895 τὸν
1190 3842 1491 3899 ἀκούονται
1540 3846 1713 3912 οῦτως
1772 3851 1959 3923 ἐπειδὴ
2006 3851 2199 3923 ἔμελλε

529 3920 760 3996 βροντᾷν
787 3925 815 3977 ὁ
850 3926 1121 3998 Ἰωάννης,
1150 3932 1198 3983 οἱ
1231 3934 1381 4002 τρεῖς
1407 3933 1789 4002 εὐαγγελισταὶ
1817 3920 1973 4012 δίκην
1997 3920 2198 4013 ἀστραο

528 4007 675 4060 πῶν·
708 4012 801 4063 καὶ
832 4014 880 4064 οἰ
910 4014 1010 4084 μὲν
1039 4016 1323 4088 ἠστραψαν
1353 4018 1450 4089 τὴν
1482 4022 1812 4093 οἰκονομίαν,
1844 4028 1874 4079 6
1903 4007 1961 4080 δέ
2001 4007 2200 4103 βροντᾷ

525 4097 624 4167 τὴν
647 4098 940 4167 θεολογίαν.
974 4104 1179 4176 Βροντὴ
1203 4106 1282 4173 δὲ,
1312 4106 1553 4177 ἀδελφοὶ,
1586 4112 1722 4181 μετά
1742 4114 1983 4185 ὄμϐρων,
2002 4097 2198 4191 βροντή

527 4185 800 4256 φόϐητρον
832 4189 940 4241 τῶν
972 4192 1259 4260 πονηρῶν
1305 4194 1400 4247 καὶ
1455 4195 1643 4270 ὥσπερ
1689 4199 1756 4253 ἂν
1799 4185 2059 4274 σάλπιγγί
2090 4185 2196 4261 τινι

527 4273 865 4343 κεχρημένος
890 4279 954 4346 τῇ
987 4276 1183 4349 βροντῇ
1213 4282 1240 4333 6
1266 4281 1495 4353 οὐρανὸς
1523 4285 1677 4340 καλεῖ
1704 4288 1796 4341 τὸν
1814 4273 2039 4363 ὄμϐρον,
2060 4294 2198 4349 ἀλλά

527 4358 746 4429 πρῶτον
794 4364 914 4426 ταῖς
972 4364 1280 4435 ἀστραπαῖς
1338 4371 1616 4441 ⁴προκαλεῖ
1668 4374 1761 4429 τὸν
1806 4358 1956 4451 [415]
2009 4382 2192 4436 ὑετόν·

537 4446 868 4515 Ἂστραπὰς
894 4451 1003 4523 γάρ
1031 4455 1063 4506 ό
1091 4452 1236 4521 Θεός
1255 4459 1341 4543 είς
1371 4460 1550 4543 ὑετὸν
1572 4446 1890 4532 ἐποίησενο
1916 4446 2104 4523 ἔπειτα
2126 4475 2192 4543 τῇ

528 4534 721 4605 βροντῇ
749 4541 885 4590 κινεῖ
912 4539 1009 4602 τὰς
1031 4542 1279 4609 νεφέλας.
1311 4542 1375 4597 Τί
1397 4541 1522 4613 οῦν;
1568 4549 1781 4623 Ἐπειδὴ
1813 4534 2196 4626 προηγήσαντό

524 4624 581 4675 αἱ
612 4624 867 4679 τοσαῦται
907 4628 1187 4700 ἀστραπαὶ
1215 4632 1309 4685 τοῦ
1359 4634 1538 4703 λόγου,
1566 4638 1848 4695 ἀκολουθεῖ
1883 4643 1944 4696 τὸ
1988 4645 2192 4709 λοιπὸν.

520 4716 595 4778 ὡς
620 4716 788 4789 ἔφθην
808 4720 996 4787 εἰπὼν,
1019 4724 1051 4792 ή
1078 4722 1272 4795 βροντὴ
1303 4726 1397 4796 τῆς
1427 4727 1720 4798 θεολογίας,
1744 4735 2193 4807 καταπλήττουσα

525 4804 625 4875 μὲν
657 4806 885 4872 πολλοὺς
932 4812 997 4880 τῇ
1051 4811 1322 4884 ὑπερϐολῇ
1360 4814 1459 4883 τῆς
1494 4815 1794 4887 θεολογίας,
1849 4804 2090 4894 φέρουσα
2137 4825 2193 4879 δέ

521 4893 647 4956 τοὺς
674 4893 913 4965 ὄμϐρους
945 4898 1043 4967 τῆς
1067 4899 1347 4967 εὐλογίαςο
1392 4904 1483 4955 καὶ
1518 4904 1648 4975 ἡμῖν
1691 4906 1788 4976 μὲν
1823 4893 2017 4983 βροντὴ
2049 4912 2194 4980 γίνε-

520 4997 612 5032 ται
662 4979 956 5050 θεολογίας,
990 4987 1107 5049 τοῖς
1153 4987 1208 5039 δέ
1244 4990 1541 5059 αἰρετικοῖς
1595 4990 1788 5065 βροντὴ
1829 4979 1954 5061 τοὺς
1989 4979 2193 5064 κακοὺς

523 5066 694 5137 θῆρας
723 5072 790 5139 τῇ
832 5070 1104 5143 ὑπερϐολῇ
1138 5074 1234 5145 τῆς
1268 5077 1678 5147 μεγαλοφωνίας
1706 5081 2023 5139 ἐλαύνουσα.
2059 5087 2190 5141 Ἀπὸ

520 5154 916 5223 ἐπιτιμήσεώς
965 5172 1081 5212 σου
1126 5162 1470 5231 φεύξονται,
1514 5166 1634 5222 ἀπὸ
1689 5170 1895 5239 φωνῆς
1927 5173 2192 5243 ,ϐροντῆς

521 5256 639 5294 σου
664 5242 1101 5300 ὃειλιάσουσιν.

593 5336 667 5394 ς’.
697 5330 1122 5420 ’Λναδράμωμεν
1142 5331 1233 5389 οὖν
1265 5338 1400 5408 πρὸς
1421 5340 1514 5394 τὸν
1537 5343 1593 5395 ἐν
1617 5344 1757 5417 ἀρχῇ
1785 5346 1934 5413 Θεὸν,
1958 5350 2190 5420 ἀναδρά-

524 5434 713 5508 μωμεν
743 5418 876 5508 πρὸς
906 5419 967 5472 τὸ
987 5421 1304 5508 ἀΐδιονφῶς,
1329 5427 1725 5503 ἀναδράμωμεν
1743 5436 1877 5506 πρὸς
1904 5438 1994 5491 τὸν
2022 5418 2192 5508 Λόγον

518 5500 609 5553 6:6
649 5502 708 5553 σὲ
754 5502 1044 5571 γενόμενον
1081 5506 1364 5576 ἄνθρωπον
1386 5528 1399 5543 ο
1450 5500 1737 5586 γενόμενον
1783 5500 1840 5571 δὲ
1872 5521 1997 5574 ὅταν
2030 5500 2188 5585 εἴπω,

518 5588 579 5642 οὐ
621 5589 1046 5661 μεταϐληθεῖσαν
1075 5594 1216 5664 λέγω
1245 5598 1429 5668 φύσιν,
1461 5602 1598 5656 ἀλλά
1640 5604 1738 5676 τὴν
1763 5606 1952 5678 θεῖκὴν
1990 5608 2145 5674 ἀξίαν
2164 5613 2191 5651 ι)

584 5706 614 5777 ξ
636 5703 806 5777 Morel.
836 5714 971 5777 εοίυε
993 5717 1429 5777 παρακολουθῆσαι.

518 5832 542 5880 ι
569 5767 610 5864 (δ
640 5768 805 5818 Morel.
832 5775 914 5831 τήν
942 5767 1195 5838 ἀνθρώπων
1236 5767 1382 5837 ἀξίαν.
1431 5781 1581 5833 δωίῑ.
1610 5785 1693 5843 τήν
1726 5789 1904 5849 θεῐκήν,
1947 5790 2069 5839 aflus
2108 5792 2191 5845 τήν

546 5845 687 5879 νλεῦν.

546 5845 687 5879 νυεῦν.

1767 408 2134 466 SEVERIANI
2172 411 2521 466 GABALOR.
2567 409 2779 465 EPISC.

3818 424 3901 479 5ίῖ

2322 525 2694 581 ἀναλαϐοῦσαν
2708 530 2776 583 τά
2798 530 3059 603 ἡμέτερα.
3081 530 3154 583 T6
3176 530 3303 601 γὰρ,
3327 531 3507 600 Λόγος
3527 532 3669 600 σὰρξ
3693 534 3899 605 ἐγένετο,

2319 611 2379 663 οὐ
2423 614 2771 682 μετάπτωσιν
2796 616 2893 686 τῆς
2924 618 3141 685 φύσεως
3171 616 3384 687 μηνύει,
3420 617 3547 671 ἀλλά
3573 618 3663 689 τὴν
3687 620 3901 693 ἀνάληψιν

2318 698 2417 766 τῆς
2443 699 2719 772 ἡμετέρας
2748 700 3051 767 ἀσθενείας.
3089 704 3153 757 Εἰ
3177 704 3285 775 γὰρ
3318 704 3398 769 τὸ,
3426 702 3689 770 Ἐγένετο,
3724 714 3896 778 μεταϐο-

2318 782 2415 853 λὴν
2445 785 2704 855 νομίζεις,
2751 788 2848 842 ἐάν
2895 790 3137 861 ἀκούσῃς
3165 790 3261 844 τοῦ
3301 790 3509 843 Παύλου
3534 790 3769 861 λέγοντος,
3800 802 3901 866 Χρι.

2318 871 2465 937 στὸς
2492 871 2653 941 ἡμᾶς
2683 874 3056 945 ἐξηγόρασεν
3089 877 3158 931 ἐκ
3201 876 3313 944 τῆς
3344 876 3592 945 κατάρας
3620 879 3715 933 τοῦ
3735 886 3899 952 νόμου.

2316 957 2637 1026 γενόμενος
2673 960 2826 1030 ὑπὲρ
2850 960 3021 1029 ἡμῶν
3041 962 3287 1031 κατάρα,
3312 963 3549 1034 κατάραν
3578 966 3648 1029 εἰς
3677 968 3811 1034 φύσιν
3832 975 3901 1026 καί

2318 1045 2665 1115 μετατροπὴν
2715 1046 2959 1119 κατάρας
3021 1049 3385 1120 ἐκλαμϐάνεις
3423 1051 3520 1119 τὴν
3557 1051 3703 1117 λέξιν.
3736 1055 3900 1127 Ὠσπερ

2313 1128 2442 1195 γοῦν
2472 1130 2554 1194 τὸ,
2583 1134 2854 1200 Γεγονὼς
2887 1133 3136 1203 κατάρα,
3165 1136 3317 1190 οὐδὲν
3334 1136 3514 1207 ἓτερον
3537 1140 3776 1209 σημαίνει,
3793 1142 3819 1211 ἢ
3839 1145 3898 1196 ὅτι

2312 1216 2410 1286 τὴν
2443 1216 2565 1270 καθ’
2601 1218 2758 1288 ήμῶν
2784 1222 3028 1293 κατάραν
3051 1223 3130 1285 εἰς
3157 1223 3348 1277 ἐαυτὸν
3370 1224 3615 1277 ἀνέλαϐεν
3631 1242 3645 1256 ·
3672 1225 3813 1289 οὕτως
3829 1231 3899 1280 καὶ

2311 1302 2389 1367 τὸ,
2427 1303 2489 1356 '0
2524 1306 2708 1374 λόγος
2743 1307 2900 1375 σὰρξ
2928 1307 3183 1379 ἐγένετο,
3215 1311 3313 1364 καὶ
3344 1310 3677 1377 ἐσκήνωσεν
3697 1312 3896 1382 ἐνήμῖν,

2310 1383 2461 1437 οὐδὲν
2482 1385 2609 1439 ἀλλο
2630 1389 3014 1461 παρίστησινῆ
3038 1391 3136 1461 τῆς
3162 1393 3366 1463 σαρκὸς
3388 1392 3483 1464 τὴν
3499 1394 3898 1466 ἀνάληψιν.Ἕχεις

2310 1470 2490 1552 εἰκόνα
2540 1472 2691 1544 παρά
2724 1475 2926 1545 σαυτῷ,
2961 1476 2990 1528 6
3035 1477 3190 1545 λόγος
3220 1480 3249 1531 6
3296 1479 3388 1541 σὸς
3432 1480 3692 1532 παιδεύσει
3720 1498 3768 1533 σε
3803 1486 3899 1552 περί

2309 1551 2403 1604 τοῦ
2429 1552 2562 1607 Θεοῦ
2588 1556 2782 1624 Λόγου,
2814 1559 2912 1628 οὐχ
2939 1558 3017 1623 ώς
3048 1561 3291 1630 παντελῆ
3323 1561 3501 1632 φέρων
3526 1565 3618 1633 τὴν
3648 1551 3897 1635 ὁμοιότητα,

2308 1638 2424 1691 ἀλλ’
2449 1639 2525 1702 ώς
2549 1640 2687 1711 ἔχων
2712 1641 2855 1712 ῖχνος
2881 1646 2975 1697 καὶ
3004 1644 3239 1715 ἔμφασιν
3264 1649 3365 1718 τῆς
3394 1649 3538 1713 θείας
3564 1651 3742 1714 ἀξίαςό
3758 1653 3893 1719 λόγος.

2320 1724 2582 1780 Ἐνταῦθα
2611 1727 2666 1781 δέ
2709 1746 2800 1799 μοι
2830 1731 3061 1803 πρόσεχε
3084 1733 3175 1787 τὸν
3198 1733 3325 1788 νοῦν
3350 1735 3603 1807 ἀκριϐῶς,
3624 1739 3700 1791 ἴνα
3730 1740 3789 1809 μή
3811 1740 3897 1793 δια-

2308 1812 2471 1884 κενῆς
2506 1812 2733 1887 λέγηται
2755 1816 2824 1872 τά
2854 1818 3097 1891 ῥήματα,
3120 1820 3216 1877 καὶ
3247 1822 3570 1895 ἀφανίζηται
3600 1825 3664 1879 τὰ
3685 1825 3785 1879 θεῖα
3805 1827 3898 1896 νοή·

2309 1936 2477 1990 ματα.
2500 1900 2578 1974 ’Ὅ
2611 1921 2771 1989 λόγος
2813 1922 2844 1975 6
2903 1923 3013 1977 τῶν
3044 1921 3353 1993 ἀνθρώπων
3385 1918 3614 1989 (ἀμυδρὰ
3644 1916 3695 1968 δέ
3731 1915 3895 1981 ἐστινὴ

2305 2006 2490 2073 εἰκὼν,
2523 2009 2622 2080 ούχ
2648 2008 2770 2064 ὅλον
2791 2009 3116 2081 παριστῶσα
3134 2009 3195 2061 τὸ
3219 2006 3459 2076 ἀξίωμα,
3480 2003 3590 2057 ἀλλ’
3612 2005 3671 2055 ἐκ
3690 2002 3782 2053 τῶν
3805 2002 3894 2054 καθ’

2301 2096 2453 2166 ἡμᾶς
2495 2097 2566 2154 τά
2599 2098 2743 2171 ὺπέρ
2776 2098 2927 2171 ἡμᾶς
2964 2094 3354 2167 διδάσκουσα)·
3381 2096 3410 2148 6
3437 2092 3587 2161 λόγος
3625 2092 3651 2144 6
3687 2088 3899 2160 ἡμέτερος

2301 2182 2595 2255 ἀσώματός
2617 2187 2786 2247 ἐστιν,
2811 2186 3065 2257 ἀόρατος,
3089 2184 3425 2254 ἀκράτητος,
3448 2181 3580 2250 ἀκοῇ
3610 2178 3731 2249 μόνῃ
3760 2192 3896 2244 παρα-

2300 2267 2604 2341 δεδομένος.
2627 2272 2818 2336 Οὐδεὶς
2836 2267 2978 2325 οἰδεν
3007 2271 3128 2341 ὄψει
3151 2271 3335 2338 λόγον,
3355 2267 3528 2329 οὐδεὶς
3545 2264 3753 2333 κατέσχε
3773 2260 3895 2331 χειρὶ,

2299 2358 2420 2413 ἀλλ’
2468 2358 2614 2414 ἐστιν
2674 2361 2903 2432 ἀόρατος
2925 2401 2941 2425 ,
2978 2361 3320 2456 ἀκράτητος,
3352 2357 3457 2456 ὐπδ
3493 2356 3617 2456 μιιίς
3654 2351 3897 2456 αἰσθήσεώς

2300 2447 2674 2520 κρατούμενος
2715 2450 2814 2520 τῆς
2848 2449 3041 2521 ἀκοῆς,
3086 2450 3182 2504 καὶ
3221 2446 3388 2501 τοῦτο
3433 2445 3687 2516 ἀοράτως.
3714 2439 3777 2493 Οὔ
3817 2438 3897 2506 γὰρ

2300 2539 2488 2607 χεῖρας
2522 2537 2809 2592 ἐκτείνασα
2831 2539 2866 2610 ή
2906 2539 3045 2609 ἀκοὴ
3099 2536 3361 2607 κατέχει,
3405 2534 3520 2588 ἀλλ’
3558 2531 3706 2593 αὐτὸς
3732 2532 3757 2583 6
3781 2528 3897 2594 λόγος

2299 2623 2560 2678 εἰσελθὼν
2593 2628 2897 2696 κρατεῖται.
2936 2627 2995 2681 '0
3026 2627 3185 2693 λόγος
3217 2624 3388 2688 αὐτὸς
3431 2623 3667 2692 γέννημα
3703 2618 3786 2688 μέν
3811 2618 3898 2667 ἐστι

2297 2709 2391 2763 τοῦ
2425 2710 2539 2777 νοῦ,
2568 2716 2827 2780 γεννᾶται
2872 2714 2928 2767 δὲ
2958 2716 3021 2769 οὐ
3071 2714 3256 2777 πάθει,
3290 2712 3395 2766 οὐκ
3426 2710 3546 2780 ὄψει
3577 2720 3620 2771 c.
3658 2707 3713 2760 οὗ
3741 2703 3898 2771 διαιρέ·

2299 2814 2405 2863 σει,
2432 2799 2492 2852 ού
2531 2801 2813 2872 μερίζεται
2852 2802 2947 2855 τοῦ
2982 2803 3075 2857 νοῦ
3114 2802 3504 2872 γεννήσαντος,
3547 2798 3606 2850 οὺ
3638 2792 3898 2866 χωρίζεται»

2295 2888 2398 2942 οὐκ
2422 2890 2801 2961 ἀποσχίζεται.
2833 2891 3099 2947 Ἐνταῦθά
3124 2909 3213 2964 μοι
3246 2894 3456 2963 χρῆσον
3478 2888 3574 2957 τὴν
3597 2884 3764 2956 ἀκοὴν,
3790 2881 3899 2949 αἰρε-

2294 2977 2439 3044 τικέ,
2469 2980 2663 3049 νόησον
2690 2979 2907 3050 πρῶτον
2934 2979 3003 3034 τὰ
3036 2980 3126 3045 σά,
3158 2978 3255 3034 καὶ
3277 2979 3401 3033 τότε
3428 2977 3685 3047 φαντάξου
3708 2970 3769 3062 τά
3789 2968 3897 3062 ὑπὲρ

2299 3064 2360 3119 σέ
2381 3083 2397 3098 ⁹
2424 3069 2587 3138 γεννᾷ
2609 3071 2638 3122 ὁ
2659 3068 2804 3132 νοῦς,
2830 3068 3155 3141 προέρχεται
3178 3068 3207 3120 6
3226 3067 3410 3137 λόγος,
3429 3066 3738 3136 προέρχεται
3756 3059 3809 3112 ἐκ
3827 3059 3897 3107 τοῦ

2296 3154 2684 3225 γεννήσαντος,
2726 3157 2820 3210 καὶ
2864 3156 3071 3220 πάντας
3102 3154 3305 3225 πληροῖ
3350 3155 3478 3217 τοὺς
3504 3141 3898 3242 ἀκούοντας,

2297 3243 2393 3296 τοῦ
2428 3244 2787 3314 γεννήσαντος
2812 3243 2974 3298 αὑτὸν
3008 3244 3108 3297 οὐκ
3146 3244 3447 3314 ἀφίσταται
3473 3257 3485 3270 °
3518 3238 3811 3311 προέρχεται
3836 3229 3897 3281 λό·

2301 3348 2396 3397 γος
2440 3332 2520 3393 εἰς
2555 3330 2764 3393 πάντας
2796 3330 3173 3401 μεριζόμενος,
3213 3331 3310 3384 καὶ
3348 3327 3583 3397 οὐδαμοῦ
3617 3322 3895 3396 σχιζόμενοςε

2299 3419 2568 3483 Ἕκαστος
2604 3419 2714 3491 γάρ
2746 3420 2962 3490 δέχεται
2983 3419 3277 3490 ὁλόκληρον
3306 3420 3400 3472 τὸν
3424 3418 3598 3484 λόγον,
3616 3415 3702 3468 καὶ
3722 3410 3897 3465 ἐστινέν

2297 3508 2544 3578 ἐκάστῳ;
2570 3508 2664 3560 καὶ
2696 3509 2752 3560 ἐν
2786 3508 3064 3572 τοσούτοις
3106 3507 3487 3579 μεριζόμενος,
3521 3503 3628 3557 ἀλλ’
3660 3499 3895 3593 ὀλόκληρῆ

2296 3595 2661 3666 εἰσχεόμενος.
2693 3596 2751 3649 Ὀ
2777 3593 2870 3650 οὖν
2892 3598 3162 3668 ἡμέτερος
3198 3596 3359 3663 λόγος
3386 3594 3648 3647 δείκνυσιν
3677 3594 3727 3689 ἐν
3759 3589 3896 3689 ὲσντῷ

2292 3684 2384 3737 τὸν
2407 3686 2745 3754 γεννήσαντα
2771 3684 2897 3739 νοῦν
2917 3702 2931 3716 ·
2967 3685 3075 3739 ἀπὸ
3107 3684 3216 3755 γὰρ
3238 3685 3336 3737 τοῦ
3356 3684 3516 3753 λόγου
3546 3676 3895 3745 καταλαμϐάνε-

2296 3789 2385 3825 ται
2418 3773 2450 3840 ἠ
2487 3770 2716 3824 διάνοια.
2754 3772 2954 3826 Σκόπει
2985 3772 3040 3825 δέ
3076 3790 3166 3843 μοι
3199 3773 3427 3825 κάκεῖνο
3448 3788 3462 3802 ’
3504 3768 3670 3837 τούτῳ
3695 3766 3769 3857 τῶ
3786 3765 3895 3857 λότιξ

2294 3859 2371 3928 τῷ
2406 3858 2661 3928 ἡμετέρῳ
2684 3858 3212 3930 προαναζωγραφῶν
3240 3859 3342 3930 τὴν
3364 3857 3669 3928 οἰκονομίαν
3689 3852 3771 3907 τοῦ
3793 3850 3894 3903 Θεοῦ

2296 3947 2495 4015 Λόγου,
2528 3945 2711 3999 εἰκόνα
2756 3945 2880 3999 τινὰ
2914 3945 3236 4017 θαυμαστὴν
3287 3939 3895 4034 προανείληπταιγηῖςιοις

2295 4031 2393 4098 μὲν
2430 4029 2645 4083 ἄνθεσιν
2673 4030 3083 4101 ώραῖζομένην,
3120 4031 3451 4101 πρέπουσαν
3476 4028 3533 4083 δὲ
3563 4031 3624 4098 τῇ
3657 4023 3739 4079 τοῦ
3772 4023 3894 4085 λόγου
3965 4074 3967 4085 Α

2292 4118 2627 4190 προθεωρίᾳ.
2658 4119 2722 4171 Τί
2766 4114 2895 4202 οῦνς
2925 4119 3032 4172 Τὸν
3069 4119 3230 4187 λόγον
3282 4119 3376 4172 τὸν
3409 4112 3895 4202 ἡμέτερον-ἀόρατα

2290 4200 2441 4273 [414]
2473 4200 2623 4268 ὄντα,
2676 4203 2773 4255 καὶ
2804 4201 2965 4272 σῶμα
3020 4203 3095 4272 μὴ
3138 4202 3353 4273 ἔχοντα,
3388 4202 3483 4255 καὶ
3523 4195 3805 4269 κρατεῖσθαι
3838 4195 3893 4260 μὴ

2286 4284 2617 4354 δυνάμενον,
2654 4285 2819 4355 ἑτέρᾳ
2869 4286 2976 4337 τινί
3026 4283 3189 4355 σοφία
3226 4286 3255 4337 6
3306 4284 3443 4376 Θεδς
3485 4278 3890 4376 μεταρῤὶυθμίσαξ.

2289 4372 2385 4425 καὶ
2414 4371 2648 4441 ὁρᾶσθαι
2678 4373 2972 4443 πεποίηκε,
3012 4372 3108 4425 καὶ
3156 4373 3505 4441 κρατεῖσθαι.
3545 4370 3608 4422 Τί
3635 4366 3730 4437 γὰρ
3752 4366 3890 4424 ποιεῖς

2299 4459 2520 4531 Ἐπειδὴ
2562 4460 2660 4532 οὐχ
2708 4462 2920 4531 ἑωρᾶτο
2950 4454 3092 4530 ὄψει,
3150 4458 3330 4512 ἐνδύει
3378 4458 3539 4513 αὐτὸν
3565 4456 3591 4497 ἀ
3643 4455 3809 4522 σῶμα,
3847 4451 3892 4500 τὸ

2284 4547 2540 4619 γράμμα,
2577 4548 2672 4601 καὶ
2710 4547 2901 4619 ῶσπερ
2933 4548 3056 4601 τινὰ
3103 4547 3285 4619 σάρκα
3337 4542 3788 4644 αὐτῷ-περιέθηξξ
3815 4536 3890 4604 τὴν

2282 4636 2393 4689 τῶν
2427 4636 2777 4707 γραμμάτων
2804 4637 2925 4708 ὄψιν
2945 4652 2959 4665 ·
2996 4638 3090 4690 καὶ
3119 4636 3179 4689 ὃν
3206 4637 3340 4690 ποτε
3380 4635 3592 4690 ἀκούων
3620 4632 3885 4721 οὐχᾲὲιὶιριξς.

2282 4722 2684 4793 ἀναγινώσκων
2729 4726 2894 4795 όρᾷς’
2955 4718 2999 4792 ᾧ
3047 4725 3295 4794 ἐντυχεῖν
3328 4724 3433 4777 οὐκ
3476 4722 3672 4779 ἐδύνου.
3701 4716 3775 4770 διὰ

2288 4812 2474 4883 βίϐλου
2509 4811 2823 4882 βαστάζεις.
2862 4812 3021 4865 Ἀλλά
3066 4809 3628 4901 σωματοῦταιμμένηό
3663 4797 3887 4901 λόγος

2283 4899 2379 4952 τοῦ
2406 4900 2761 4971 γράμματος,
2803 4901 2863 4953 οὐ
2896 4900 3272 4972 περικλείεται
3302 4899 3360 4953 δέ
3385 4898 3463 4969 τῷ
3492 4896 3774 4968 γράμματα
3801 4888 3873 4940 ἀλλ

2283 4986 2400 5040 ἐστι
2435 4989 2586 5059 παρὰ
2618 4988 2697 5058 τῷ
2748 4989 2983 5057 λέγοντι,
3013 4990 3107 5042 καὶ
3155 4988 3306 5058 παρά
3357 4987 3436 5059 τῷ
3486 4982 3883 5070 ἀναγινώσκοντιξ

2284 5078 2389 5132 κάν
2423 5095 2508 5142 τις
2558 5076 2773 5141 λαϐὼν,
2812 5078 3057 5147 ἀδελφοὶ,
3094 5076 3301 5147 βιϐλίον
3348 5077 3530 5149 σχίσῃ,
3563 5070 3790 5164 τδσῶμα
3815 5080 3882 5164 τον

2283 5165 2449 5233 λόγου
2473 5165 2711 5236 ἔσχισεν,
2740 5167 2801 5219 οὐ
2825 5165 2916 5219 τὸν
2948 5166 3105 5232 λόγον
3132 5164 3322 5257 ἔτεμεἶ
3340 5166 3451 5257 Καὶ
3474 5164 3566 5257 ἵνα
3584 5159 3739 5257 μάθῃς
3838 5157 3879 5257 (ιῘᾶ

2289 5253 2747 5307 συναναλίσκεται
2778 5253 3072 5324 γράμματι
3097 5252 3278 5321 λόγος,
3310 5252 3458 5321 λέγει
3486 5250 3655 5341 όΘεὸς
3682 5241 3882 5341 τῶ

2290 5343 2409 5415 μία,
2444 5343 2717 5409 Καθίσας
2756 5341 2991 5412 ’γράψον
3021 5340 3119 5394 ἐπὶ
3154 5342 3396 5406 βιϐλίου
3427 5339 3645 5402 πάντας
3672 5330 3878 5395 (06(15-

2480 5432 2578 5486 καί
2605 5401 2813 5497 έπὶδὲξ
2849 5401 3114 5499 ’ἱωαθιείμ
3142 5401 3220 5495 τῷ
3246 5426 3512 5495 βασιλεῖ.
3532 5422 3630 5477 Ἦν
3652 5422 3702 5476 δέ
3721 5422 3743 5471 ό
3765 5418 3878 5510 λόγθξ

2298 5521 2495 5593 μεστὸς
2521 5518 2775 5588 ἐλεγμοῦ.
2812 5518 2963 5571 Ἐπεὶ
2984 5513 3077 5571 οῦν
3105 5518 3156 5570 οἰ
3181 5518 3439 5571 δυνάσται
3460 5514 3578 5575 τοὺς
3601 5511 3813 5577 ἐλέγχους
3834 5517 3875 5549 ου

2348 5746 2372 5833 Ξ
2402 5726 3363 5852 $3?!33:53f15335q33$e§d6626$§3
3373 5724 3637 5845 ﬁgendum
3658 5768 3877 5829 suspicata

2288 5866 2396 5909 erat
2416 5856 2569 5907 Savil.
