3872 6396
122 399 173 456 .tl
1268 372 1353 426 Illi
1393 364 1677 425 SlCllJJS
1716 364 1964 419 SEltMO.

122 519 213 571 icit?
230 516 438 585 Poslquam
453 527 549 567 rem
563 509 830 578 attigerat,
842 501 1081 570 cogitans
1097 512 1156 588 se
1175 491 1400 550 mortuis
1411 487 1543 588 auri-

122 626 170 663 us
185 582 384 670 hiemare,
399 605 678 676 dignitatem
692 599 850 661 celat,
871 604 925 651 et
944 583 1299 649 (monentium
1317 582 1550 655 profert:

122 701 187 756 'uit
198 700 374 756 secedat
383 697 645 759 Zacharias,
661 692 970 748 etc.0mnes
987 692 1115 754 ergo
1135 683 1200 737 ad
1219 679 1395 736 carnis
1412 689 1557 732 (eoo-

122 796 266 848 omiam
292 800 510 855 venerunt,
535 798 588 844 et
615 801 708 857 per
736 780 990 838 miracula
1019 776 1330 845 dignitatem
1349 766 1548 822 sensim

122 881 688 941 idicaruut.Pr:edicabatur
701 871 958 930 DeiVerbi
972 867 1226 938 dignitas,
1243 862 1349 917 tela
1363 866 1548 913 contra

122 973 684 1034 ereticosoccultabantur,
702 977 757 1023 et
781 974 940 1020 recta:
961 958 1242 1016 sententia:
1257 964 1562 1024 pr0pugna—

122 1072 219 1126 ilum
245 1069 430 1123 nondum
449 1063 645 1134 pietatis
671 1057 1048 1130 praedicatione
1061 1050 1349 1107 excitatum
1366 1043 1557 1097 fuerat.

134 1164 233 1217 Tres
262 1161 418 1232 priores
451 1154 774 1227 Evangelista!
814 1149 1020 1219 fulgura
1041 1187 1058 1211 ,
1104 1141 1330 1197 Joannes
1373 1134 1563 1232 tonitru

122 1256 167 1307 it.
200 1223 476 1307 —'Joannes
516 1223 645 1316 ergo
693 1243 834 1298 tilias
882 1233 1101 1293 tonitrui
1149 1239 1462 1326 postremus.
1495 1223 1561 1278 ad

122 1343 330 1413 eologiam
357 1338 556 1394 accessit
585 1342 706 1404 post
737 1343 844 1386 tres
888 1329 1010 1382 illos
1039 1334 1337 1413 praecones,
1368 1325 1423 1370 et
1446 1325 1567 1413 iure

122 1453 141 1492 ε
164 1405 376 1503 sequutus
399 1439 498 1495 est;
529 1427 604 1481 illi
639 1426 1054 1495 praecesserunt,
1081 1423 1137 1470 et
1164 1408 1434 1503 paululum
1464 1405 1566 1503 ful-

130 1530 189 1580 ris
211 1499 474 1580 emiserunt.
499 1511 960 1586 Quemadmodum
988 1507 1130 1562 enim
1159 1502 1336 1573 fulgur
1367 1499 1565 1554 tonitru

122 1615 306 1680 secedit,
342 1628 398 1667 ne
435 1618 648 1680 repente
689 1620 753 1660 ex
802 1601 1030 1658 nubibus
1079 1604 1369 1663 erumpens
1412 1601 1571 1642 aures

122 1708 272 1762 rcellat
295 1723 306 1758 :
336 1703 395 1758 ita
418 1711 689 1770 antequam
717 1695 950 1749 Joannes
978 1695 1224 1748 tonaret,
1254 1692 1366 1738 tres
1393 1694 1558 1770 evan—

122 1800 222 1853 ista:
248 1798 393 1850 instar
417 1769 676 1862 fulgurum
709 1788 1115 1857 praecesserunt.
1147 1775 1226 1830 Illi
1258 1775 1425 1829 instar
1455 1769 1558 1826 ful-

122 1905 206 1944 -um
238 1884 558 1943 oeconomiam
596 1880 970 1939 illustrarunt;
1001 1871 1090 1926 hic
1129 1865 1452 1936 theologiam
1485 1871 1569 1916 to-

128 2027 139 2037 .
170 1981 366 2036 Tonitru
401 1986 568 2032 autem
591 2015 605 2039 ,
645 1971 876 2035 fratres,
907 1974 1027 2038 post
1068 1960 1298 2033 pluviam
1325 1998 1342 2023 ,
1373 1954 1573 2010 tonitru

122 2074 311 2128 -iculnm
334 2079 408 2126 est
431 2068 791 2140 improborum
824 2077 838 2112 :
868 2073 931 2113 ac
971 2057 1110 2112 sicut
1138 2051 1328 2107 caelum
1373 2046 1574 2102 tonitru

148 2168 258 2221 tuha
285 2161 494 2234 quadam
521 2174 674 2214 usum
701 2199 716 2222 ,
746 2152 978 2226 pluviam
1011 2148 1272 2209 advocat,
1304 2142 1397 2197 sed
1427 2141 1576 2234 prius

123 2260 246 2311 viam
275 2232 493 2317 excitat;
523 2266 645 2305 nam
684 2249 823 2302 Deus
857 2243 1086 2312 Fulgura
1117 2239 1169 2292 in
1200 2234 1424 2308 pluviam
1459 2232 1576 2304 fecit

122 2348 212 2402 sal.
255 2346 367 2401 154.
405 2344 467 2414 7)
503 2361 517 2398 :
553 2339 747 2395 deinde
791 2337 985 2390 tonitru
1033 2331 1201 2385 nubes
1245 2329 1563 2380 commovet.

122 2442 148 2491 d
176 2436 362 2508 igitur?
387 2434 511 2502 Quia
553 2435 942 2502 praecesserant
973 2430 1116 2477 tanta
1150 2418 1296 2474 verbi
1329 2416 1575 2508 fulgura,

130 2504 244 2585 nitur
276 2529 515 2591 demum,
555 2533 612 2578 ut
651 2521 766 2576 dixi
791 2562 806 2587 ,
848 2518 1046 2572 tonitru
1092 2511 1408 2580 theologim,
1436 2504 1580 2577 quod

128 2635 204 2676 tos
235 2620 550 2675 sublimitate
580 2631 674 2670 sna
717 2610 1019 2683 percellat,
1057 2605 1151 2661 sed
1195 2599 1582 2659 benedictionis

123 2729 204 2768 res
243 2714 463 2767 emittat.
493 2708 560 2764 Et
603 2706 756 2761 nobis
792 2701 1007 2773 quidem
1055 2696 1257 2752 tonitru
1302 2691 1584 2762 theologia:

122 2810 268 2871 itur;
301 2801 565 2859 haereticis
594 2814 720 2854 vero
751 2796 982 2856 tonitru,
1011 2789 1151 2862 quod
1183 2787 1355 2842 malas
1387 2784 1584 2838 bestias

128 2900 324 2952 imitate
344 2895 488 2949 vocis
509 2891 763 2961 depellat.
792 2886 865 2941 Ab
891 2881 1240 2952 increpatione
1261 2889 1347 2933 tua
1369 2876 1583 2949 fugient,

122 3006 175 3044 re
201 2987 406 3041 tonitrui
437 2986 510 3038 tui
539 2980 887 3055 formidabant
918 2975 1093 3046 (Psal.
1123 2973 1246 3028 105.
1277 2969 1352 3042 7).

122 3125 125 3135 .
158 3083 518 3136 Accurramus
547 3088 678 3146 ergo
717 3071 784 3126 ad
822 3083 945 3126 eum
977 3066 1066 3136 qui
1098 3065 1151 3119 in
1192 3060 1450 3132 principio
1474 3067 1591 3114 erat

122 3192 172 3239 ς,
204 3183 552 3228 accurramus
589 3167 656 3221 ad
702 3175 959 3220 aeternam
1004 3159 1178 3214 lucem
1202 3197 1217 3222 ,
1247 3166 1591 3209 accurramns

122 3266 327 3320 'erbum
359 3271 581 3331 propter
612 3266 664 3312 te
700 3255 901 3310 factum
939 3251 1240 3306 hominem.
1271 3246 1404 3301 Cum
1435 3244 1590 3309 dico,

122 3372 204 3417 un,
238 3369 347 3408 non
379 3358 640 3406 mutatam
670 3347 792 3402 dico
831 3354 1097 3407 naturam,
1127 3339 1220 3395 sed
1248 3337 1480 3392 divinam
1508 3334 1593 3388 di-

122 3458 251 3501 nem
305 3453 494 3499 nostra
540 3449 925 3497 assumentem.
975 3434 1107 3489 lllud
1151 3434 1330 3496 enim,
1385 3429 1597 3484 Verbum

137 3543 335 3609 factum
367 3546 466 3602 est,
501 3550 607 3589 non
637 3533 840 3601 lapsam
875 3538 1117 3584 naturam
1146 3526 1365 3590 indicat,
1396 3521 1488 3577 sed
1516 3522 1600 3575 in-

122 3634 302 3686 itatem
333 3637 580 3683 nostram
603 3632 953 3692 assumptum.
978 3619 1108 3674 Nam
1136 3617 1180 3674 si
1204 3615 1358 3682 illud,
1383 3613 1599 3668 Factum

122 3721 482 3775 notationem
513 3730 635 3771 esse
664 3725 849 3784 putas;
879 3712 922 3765 si
953 3709 1142 3765 audias
1171 3708 1392 3763 Paulum
1419 3705 1602 3759 dicen-

143 3814 387 3867 Cltristus
421 3826 517 3862 nos
550 3806 758 3860 redemit
785 3823 817 3858 a
841 3802 1108 3857 maledicto
1138 3800 1285 3871 legis,
1317 3802 1483 3870 factus
1510 3813 1602 3868 pro

122 3929 123 3934 η
156 3905 507 3959 maledictum
539 3897 698 3970 (Gul.
727 3900 780 3954 5.
814 3896 949 3966 1⁵5);
979 3892 1321 3948 maledictum
1363 3891 1414 3944 in
1445 3898 1602 3944 natu-

127 3998 344 4051 referes
369 4037 386 4062 ,
419 4005 477 4048 et
526 3991 874 4047 mutationem
921 3984 1190 4040 maledicti
1229 3983 1333 4037 diei
1373 3980 1602 4051 putabis.

122 4104 210 4159 'go
244 4086 416 4151 illud,
453 4083 650 4137 Factus
678 4080 1024 4144 maledictum,
1059 4075 1188 4130 nihil
1220 4073 1362 4128 aliud
1402 4074 1604 4144 signiti-

123 4194 300 4250 quam
333 4176 490 4246 quod
539 4176 652 4244 ipse
693 4170 1033 4226 maledictum
1077 4167 1130 4221 in
1171 4181 1229 4220 se
1267 4166 1561 4234 susceperit
1590 4182 1609 4219 :-

123 4271 221 4325 lnd
245 4313 260 4334 ,
298 4268 374 4322 Et
421 4267 648 4322 Verbum
680 4280 801 4318 caro
831 4266 1022 4332 factum
1062 4268 1169 4322 est,
1202 4267 1247 4311 et
1288 4257 1524 4310 habitavit
1557 4257 1610 4310 in

141 4408 156 4429 ,
194 4362 345 4417 nihil
375 4359 536 4414 aliud
569 4355 872 4426 significat,
897 4366 1055 4422 quam
1083 4349 1262 4404 carnis
1287 4347 1612 4417 assumptio-

169 4452 373 4508 Habes
412 4449 565 4520 apud
597 4459 648 4502 te
676 4447 962 4516 imaginem
996 4460 1010 4496 :
1043 4441 1262 4496 verbum
1295 4441 1409 4494 sive
1436 4453 1614 4494 sermo

122 4549 279 4602 circa
330 4545 443 4598 Dei
481 4541 717 4596 Verbum
763 4549 813 4592 te
849 4537 1092 4592 instituet
1115 4575 1129 4599 ,
1162 4549 1268 4588 non
1308 4533 1614 4587 omnimoda

122 4637 350 4691 itudine
379 4675 397 4699 ,
443 4633 548 4688 sed
591 4631 733 4703 quod
777 4628 1058 4699 vestigium
1097 4625 1364 4696 quoddam
1409 4641 1518 4693 pra:
1556 4639 1617 4680 se

127 4774 142 4794 ,
180 4739 244 4784 et
273 4727 590 4796 emphasin
631 4724 826 4778 divinae
857 4719 1149 4791 dignitatis.
1188 4719 1283 4772 Hie
1321 4733 1448 4773 vero
1488 4717 1616 4772 mihi

122 4839 218 4877 um
260 4819 498 4874 adhibe
527 4818 834 4887 diligenter,
861 4829 929 4868 ne
961 4813 1227 4866 incassum
1260 4811 1418 4864 verba
1447 4808 1618 4879 proie-

129 4934 183 4980 r,
219 4925 283 4970 et
322 4913 535 4966 divina
565 4924 722 4964 sensa
755 4907 1072 4961 obruantur.
1118 4904 1307 4958 Sermo
1348 4903 1620 4956 hominum

122 5023 231 5060 ura
261 5015 474 5060 autem
503 5011 586 5058 est
610 5003 807 5070 imago,
835 5013 954 5068 qum
985 5011 1087 5050 non
1119 5005 1286 5049 totam
1313 4994 1621 5064 dignitatem

122 5099 260 5163 mit,
307 5094 425 5150 sed
461 5112 587 5164 qua:
615 5109 681 5148 ex
715 5091 913 5145 nostris
940 5105 1000 5143 ea
1032 5104 1150 5158 qua:
1178 5103 1337 5155 supra
1375 5102 1473 5140 nos
1503 5097 1628 5142 sunt

131 5191 200 5260 t)
243 5208 258 5243 :
303 5203 521 5242 Sermo
559 5194 741 5239 noster
775 5184 1124 5251 incorporeus
1166 5189 1278 5243 est,
1325 5177 1624 5243 invisibilis,

122 5283 364 5336 :tabilis
395 5323 412 5341 ,
453 5280 552 5349 qui
591 5278 774 5331 auditu
804 5277 921 5329 solo
952 5273 1261 5342 percipitur.
1303 5271 1488 5326 Nullus
1517 5287 1631 5326 ser-

122 5393 184 5427 m
228 5390 311 5427 ex
357 5374 498 5425 visu
534 5371 703 5433 novit,
738 5369 915 5422 nullus
943 5382 1102 5420 manu
1137 5364 1504 5434 apprehendit,
1535 5365 1628 5419 sed

3136 363 3240 417 512

1661 481 1927 539 deciditur
1955 497 2017 537 ex
2051 489 2228 537 mente
2265 481 2571 551 generantis
2591 521 2607 548 ,
2647 498 2750 536 non
2790 492 3067 550 separatur
3087 525 3104 550 ,
3137 499 3242 537 non

1661 573 1942 630 scinditur.
1977 571 2072 626 llic
2095 572 2226 626 mihi
2256 586 2414 626 aures
2443 573 2745 638 commoda,
2777 573 3048 629 lia-retice.
3079 572 3243 629 Intel-

1663 663 1768 735 ligc
1797 664 2027 734 primum
2055 671 2141 716 tua
2162 705 2178 729 ,
2206 671 2260 717 et
2285 671 2412 717 tunc
2435 678 2498 717 ea
2528 678 2648 734 qua:
2684 679 2840 732 supra
2871 674 2924 720 tc
2952 675 3077 720 sunt
3112 665 3244 720 ima~

1663 758 1848 829 qiuare
1881 775 1896 811 :
1924 756 2092 828 gignit
2122 771 2305 821 mens,
2335 756 2512 826 prodit
2539 756 2762 812 verbum
2786 797 2802 823 ,
2844 759 3021 828 prodit
3055 774 3122 815 ex
3151 774 3249 830 ge-

1666 857 1913 916 nerante,
1941 857 1996 904 et
2016 863 2206 904 omnes
2233 848 2321 917 qui
2347 847 2574 902 audiunt
2598 849 2788 917 replet,
2820 865 2918 905 nec
2947 867 2973 903 a
3005 853 3248 921 genitore

1665 941 1911 997 recedit:
1947 941 2124 1012 prodit
2157 957 2357 1006 sermo,
2387 941 2477 1011 qui
2509 942 2560 995 in
2594 956 2783 997 onmes
2809 943 3166 1013 distribuitur,
3199 956 3250 1003 et

1669 1047 1928 1103 nusquam
1965 1032 2245 1088 scinditur.
2282 1032 2658 1103 Unusquisque
2699 1042 2869 1089 totum
2908 1037 3105 1107 excipit
3133 1054 3253 1093 ver-

1669 1121 1828 1188 bum,
1859 1131 1913 1178 et
1941 1132 2024 1178 est
2063 1123 2117 1177 in
2159 1122 2384 1192 singulis
2407 1163 2422 1188 ,
2450 1132 2504 1177 et
2533 1122 2585 1176 in
2619 1131 2697 1177 tot
2726 1124 3042 1180 distributus
3067 1166 3083 1192 ,
3112 1137 3256 1183 totus

1671 1225 1849 1271 tamen
1892 1217 2203 1271 infunditur.
2250 1215 2444 1270 Noster
2474 1216 2650 1287 itaque
2681 1233 2862 1272 sermo
2897 1229 3130 1274 mentem
3161 1235 3258 1290 ge-

1672 1317 1951 1362 nerantem
1997 1307 2050 1362 in
2092 1322 2151 1362 se
2190 1307 2522 1363 demonstrat
2553 1323 2569 1366 :
2601 1323 2630 1361 a
2656 1308 2822 1363 verbo
2852 1324 3080 1380 namque
3107 1325 3260 1364 mens

1672 1399 2169 1468 comprehenditur.
2218 1399 2348 1454 lllud
2392 1408 2568 1454 autem
2618 1401 3010 1457 animadvertas
3050 1401 3207 1457 velim
3242 1419 3261 1463 ;

1676 1489 1781 1546 hoc
1800 1501 1986 1545 nostro
2009 1505 2259 1547 sermone
2289 1493 2426 1546 Deus
2445 1492 2798 1548 (economiam
2827 1494 2919 1549 Dei
2944 1494 3100 1550 Verbi
3129 1511 3260 1566 pra:-

1676 1583 1937 1653 ﬁgurans,
1971 1585 2255 1654 imaginem
2299 1584 2586 1654 quamdam
2627 1585 2924 1641 mirabilem
2963 1588 3260 1658 prmmittit,

1681 1675 1910 1730 terrenis
1957 1674 2178 1729 ﬂoribus
2220 1674 2563 1738 decoratam,
2610 1692 2729 1746 qua:
2777 1687 2954 1733 tamen
2999 1679 3266 1734 sermonis

1679 1769 1872 1823 rationi
1896 1777 2185 1839 competat.
2220 1768 2356 1836 Quid
2396 1767 2588 1838 igitur?
2628 1769 2942 1826 Sermonem
2984 1780 3264 1840 nostrum,

1680 1859 2040 1923 iuvisibilem,
2084 1861 2491 1930 incorporeum,
2523 1862 2611 1933 qui
2656 1863 2823 1918 teneri
2865 1874 3135 1934 nequeat,
3160 1863 3267 1918 alio

1679 1951 1912 2020 quodam
1959 1951 2185 2021 sapienti
2231 1953 2392 2007 modo
2433 1952 2812 2020 conformatus,
2846 1955 2899 2010 id
2939 1955 3104 2012 eflicit
3128 1966 3185 2011 ut
3211 1965 3265 2012 et

1682 2043 1851 2099 videri
1882 2053 1938 2099 et
1965 2044 2138 2100 teneri
2180 2047 2369 2115 possit.
2412 2045 2548 2114 Quid
2590 2047 2734 2102 enim
2780 2049 2943 2105 facit?
2978 2050 3111 2118 Quia
3152 2051 3269 2106 visu

1683 2151 1788 2188 non
1822 2136 2237 2206 percipiebatur,
2272 2137 2422 2193 illum
2457 2140 2625 2194 literis
2653 2155 2750 2201 ceu
2777 2157 3004 2214 corpore
3032 2144 3268 2210 vestivit,

1683 2234 1738 2279 et
1767 2224 2040 2281 literarum
2074 2229 2308 2296 Speciem
2339 2245 2436 2285 ceu
2465 2247 2678 2286 carnem
2709 2232 2810 2302 ipsi
2839 2235 3219 2306 circumposuit
3253 2259 3267 2295 :

1684 2330 1746 2368 ac
1776 2332 1931 2386 quem
1973 2319 2198 2373 audiens
2242 2336 2347 2374 non
2392 2322 2687 2390 cernebas,
2740 2323 2925 2394 legens
2966 2328 3270 2396 conspicis;

1684 2423 1844 2477 quem
1873 2409 2048 2479 legere
2076 2427 2181 2465 non
2210 2423 2445 2482 poteras,
2477 2414 2529 2468 in
2551 2414 2690 2470 libro
2710 2417 3044 2473 circumfers.
3072 2418 3270 2476 Verum

1685 2514 1864 2556 sermo
1895 2515 1990 2570 per
2018 2503 2201 2557 literas
2230 2519 2521 2576 corporeus
2547 2505 2799 2575 eflicitur,
2825 2511 2877 2564 iu
2902 2510 3070 2566 literis
3095 2521 3272 2567 tamen

1687 2606 1793 2646 non
1821 2593 2194 2656 concluditur;
2225 2596 2319 2651 sed
2349 2606 2433 2652 est
2459 2608 2514 2653 et
2541 2611 2664 2653 cum
2703 2599 2918 2657 dicente
2952 2613 3004 2657 et
3045 2618 3163 2658 cum
3194 2605 3273 2659 le-

1687 2692 1866 2752 gente.
1896 2683 1952 2738 Si
1979 2685 2120 2754 quis,
2151 2685 2366 2755 fratres,
2397 2687 2588 2744 librum
2615 2689 2908 2761 discerpat,
2936 2709 3131 2764 corpus
3160 2709 3275 2751 scr-

1690 2775 1866 2829 monis
1887 2775 2123 2841 discidit,
2151 2792 2255 2833 non
2286 2795 2613 2836 sermonem.
2643 2781 2711 2837 Et
2737 2793 2794 2837 ut
2818 2783 2994 2840 discas
3021 2801 3128 2841 non
3152 2803 3278 2844 con-

1689 2867 1828 2921 sumi
1851 2880 2158 2923 sermonem
2184 2885 2288 2924 una
2314 2885 2435 2926 cum
2459 2872 2650 2938 literis,
2673 2873 2801 2929 dicit
2826 2875 2972 2931 Dens
2991 2877 3278 2939 Jeremim;

1692 2957 1888 3014 Sedens
1914 2959 2073 3014 scribe
2099 2964 2149 3014 in
2171 2961 2299 3016 libro
2319 2978 2490 3018 omnes
2513 2981 2786 3032 sermones,
2815 2977 2861 3021 et
2882 2969 3024 3022 trade
3044 2968 3078 3022 .1
3084 2971 3281 3025 oacliim

1692 3051 1801 3122 regi
1831 3050 1967 3120 (Jer.
2000 3053 2088 3107 56.
2121 3053 2237 3124 26).
2269 3054 2398 3109 Erat
2439 3065 2617 3111 autem
2657 3073 2837 3113 sermo
2865 3061 3286 3131 reprehensione

1695 3145 1906 3215 plenus.
1931 3147 2193 3216 Quoniam
2218 3147 2376 3218 igitur
2398 3151 2682 3219 optimates
2708 3153 3156 3223 reprehensiones
3177 3172 3282 3212 non

1696 3236 1908 3304 ferunt;
1938 3254 2111 3310 neque
2131 3240 2273 3294 enim
2301 3241 2533 3311 dignitas
2559 3241 2715 3299 facile
2735 3245 2957 3313 justitiaz
2983 3248 3281 3316 subjicitur,

1700 3328 1794 3382 sed
1838 3329 2122 3384 veritatem
2166 3330 2458 3398 obscurat;
2502 3349 2596 3388 rex
2636 3337 3145 3406 reprehensionibus
3184 3341 3288 3396 illis

1701 3419 1939 3476 oll'ensus
1964 3463 1980 3488 ,
2014 3421 2162 3476 illum
2194 3423 2449 3493 scalpello
2489 3427 2681 3482 scriba:
2720 3428 3000 3484 discissum
3033 3432 3083 3484 in
3116 3433 3288 3487 locum

1703 3514 1840 3585 ignis
1870 3516 2120 3585 coniecit.
2150 3516 2285 3584 Quid
2318 3533 2443 3587 ergo
2474 3518 2618 3573 Deus
2655 3521 2720 3573 ad
2750 3521 3069 3578 terentium?
3096 3524 3291 3580 Sedens

1704 3607 1902 3662 eosdem
1928 3624 2182 3662 sermones
2218 3609 2412 3676 scribe,
2453 3619 2499 3664 et
2527 3615 2594 3663 da
2623 3614 2730 3684 regi
2759 3611 2914 3684 (Jer.
2945 3615 3035 3671 515.
3062 3615 3132 3672 28
3158 3620 3205 3685 ),
3237 3626 3295 3672 ut

1706 3701 1878 3755 discat
1904 3714 1963 3755 se
1990 3700 2173 3755 literas
2197 3701 2520 3758 dissecuisse
2540 3745 2556 3768 ,
2583 3721 2682 3760 nec
2711 3722 3016 3764 sermonem
3049 3711 3290 3765 seidisse.

1712 3795 1900 3849 Vidi~ti
1941 3795 2271 3866 imaginem?
2311 3797 2420 3866 jam
2452 3809 2684 3853 mentem
2715 3801 2766 3854 in
2796 3801 3024 3856 sublime
3051 3818 3165 3873 age.
3202 3804 3294 3858 Dei

1711 3886 1972 3954 Verbum,
1998 3889 2112 3942 sive
2140 3888 2334 3942 Sermo
2359 3889 2501 3944 Dens
2530 3891 2853 3961 unigenitus,
2883 3907 3074 3962 corpus
3103 3894 3294 3957 induit,

1713 3989 1769 4032 nt
1795 3979 1885 4049 qui
1921 3994 2029 4033 non
2058 3979 2349 4048 apparebat
2390 3991 2713 4050 appareret;
2741 3998 2957 4037 carnem
3003 3985 3212 4054 induit,
3243 3998 3302 4042 ut

1712 4071 2036 4125 contreetari
2073 4079 2254 4140 posset
2281 4071 2372 4142 qui
2401 4080 2525 4127 ante
2551 4087 2658 4127 non
2687 4076 3140 4132 contrectabatur.
3176 4080 3301 4134 Ideo

1712 4164 1947 4220 Joannes
1975 4179 2096 4219 cum
2129 4165 2421 4220 invenisset
2450 4165 2580 4220 illud
2611 4166 2967 4224 desiderabile
2987 4212 3001 4238 ,
3029 4171 3170 4241 quod
3199 4171 3299 4228 ali-

1715 4258 1929 4329 quando
1957 4258 2140 4313 auditu
2172 4257 2488 4324 tenebatur,
2515 4258 2842 4330 domumque
2883 4263 2996 4317 visu
3038 4267 3302 4337 percipie-

1720 4351 1874 4404 batur
1895 4392 1910 4416 ,
1939 4349 2067 4404 dicit
2100 4367 2114 4404 :
2145 4349 2296 4417 Quod
2323 4360 2430 4404 erat
2459 4367 2492 4404 a
2520 4352 2771 4422 principio
2794 4394 2810 4418 ,
2842 4357 2978 4422 quod
3014 4357 3231 4411 uidimus
3261 4369 3306 4412 et

1718 4444 2004 4497 audivimus
2023 4484 2037 4507 ,
2070 4453 2118 4497 et
2151 4459 2332 4497 manus
2360 4453 2546 4499 nostra
2581 4456 3016 4503 contrectaverunt
3040 4452 3114 4519 (1.
3145 4451 3304 4508 Joan.

1729 4539 1775 4590 l.
1806 4533 1884 4609 1).
1913 4535 2143 4591 Carnem
2171 4536 2348 4606 itaque
2385 4539 2632 4607 gestavit,
2664 4549 2864 4594 vestem
2891 4542 3183 4612 dignitatis,
3215 4561 3306 4599 vc-

1723 4640 1857 4684 stem
1888 4629 2169 4685 decentem
2199 4648 2213 4682 :
2248 4645 2368 4685 nam
2411 4629 2660 4686 Dominus
2687 4635 2913 4704 regnavit
2932 4677 2946 4700 ,
2976 4637 3203 4690 decorem
3233 4638 3310 4689 in-

1724 4727 1876 4778 dutus
1902 4734 1973 4779 est
2001 4722 2173 4792 (Psal.
2199 4723 2288 4779 92.
2319 4724 2392 4794 1).
2418 4723 2589 4778 Judmi
2617 4725 2924 4794 impngnant
2952 4742 3072 4781 eum
3100 4728 3190 4798 qui
3217 4745 3308 4798 ap.

1720 4816 1932 4886 paruit,
1962 4816 2051 4885 qui
2092 4830 2197 4868 non
2244 4826 2587 4884 apparentem
2631 4818 2980 4886 ignorabant;
3011 4828 3064 4873 et
3093 4834 3308 4874 carnem

1727 4907 1944 4977 quidem
1989 4907 2342 4976 cruciligunt,
2386 4907 2479 4962 sed
2519 4907 2854 4962 divinitatem
2895 4925 2999 4963 non
3040 4913 3309 4969 occidunt.

1730 4998 1861 5052 Nam
1894 4998 1937 5051 si
1979 5013 2159 5052 sermo
2191 5013 2341 5052 meus
2367 5014 2474 5052 non
2512 4999 2646 5068 perit
2676 5015 2794 5053 cum
2828 5001 3012 5064 literis,
3044 5021 3162 5073 quae
3191 5017 3316 5062 sunt

1732 5090 2104 5145 indumentum
2133 5091 2280 5159 ejus,
2312 5107 2377 5143 an
2411 5091 2552 5145 Deus
2585 5093 2799 5146 verbum
2823 5135 2837 5158 ,
2867 5093 2984 5149 fons
3008 5098 3130 5152 vita!
3153 5139 3167 5162 ,
3195 5115 3316 5155 cum

1733 5201 1894 5240 carne
1921 5184 2176 5255 perierit?
2208 5184 2390 5238 Passio
2417 5185 2683 5253 corporis,
2713 5185 3108 5254 impassibilitzts
3138 5191 3314 5262 digni-

1737 5279 1862 5332 tatis
1884 5286 1969 5332 est
1997 5277 2093 5349 (a).
2126 5275 2234 5330 Cur
2263 5289 2362 5345 ego
2390 5274 2519 5329 dicit
2548 5277 2739 5330 Paulus
2765 5294 2778 5332 :
2813 5277 2948 5331 Nam
2985 5281 3029 5333 si
3055 5285 3318 5352 cognoris-

1736 5382 1863 5434 sent,
1892 5387 2165 5441 numquam
2191 5368 2470 5423 Dominum
2498 5371 2672 5441 gloria:
2699 5373 3063 5440 cruciﬁxissent
3095 5377 3169 5445 (1.
3196 5375 3313 5430 Cor.

122 5465 435 5520 IViSihiliS
465 5505 480 5525 .
534 5459 884 5515 illll‘aClabiliS
909 5498 922 5522 ς
962 5472 1173 5525 unmIue
1215 5456 1428 5510 alldillls
1470 5471 1630 5511 sensu
1723 5463 1790 5518 τὶ.
1816 5466 1910 5532 8)?
1937 5464 2070 5530 Quia
2100 5465 2176 5527 is,
2212 5464 2298 5532 qui
2330 5477 2545 5518 Carnem
2583 5463 2788 5525 induit,
2821 5470 3119 5534 pass'ouem
3149 5468 3328 5522 carnis

122 5574 201 5621 ll‘,
248 5555 455 5624 idque
509 5551 762 5606 invisibili
809 5549 988 5603 modo.
1028 5546 1212 5617 Neque
1240 5548 1382 5600 enim
1421 5546 1635 5602 auditus

122 5664 191 5701 sa
234 5661 442 5700 niunu
479 5644 628 5712 capit
662 5643 838 5706 illum,
871 5639 963 5694 sed
1006 5640 1117 5708 ipse
1156 5655 1334 5694 sermo
1363 5639 1637 5710 ingressus

122 5755 207 5791 ir.
247 5739 495 5791 Sermo
549 5736 662 5804 ipse
705 5732 938 5803 gignitur
969 5746 995 5782 a
1030 5741 1245 5794 mente;
1273 5729 1506 5799 gignitur
1545 5746 1640 5784 an—

128 5849 218 5888 on
265 5830 594 5903 passione,
626 5842 730 5881 non
761 5826 900 5890 visu,
927 5837 1032 5877 non
1059 5821 1348 5890 divisione;
1381 5838 1485 5877 non
1517 5837 1637 5892 pars

1741 5559 1839 5611 sibi
1880 5556 2146 5626 propriam
2190 5555 2387 5611 reddit.
2427 5555 2638 5611 Vestem
2679 5559 2876 5630 regiam
2918 5560 2960 5612 si
3005 5561 3325 5615 contumelia

1742 5650 2017 5716 olfeceris,
2049 5666 2225 5704 annon
2265 5650 2353 5704 illa
2395 5649 2638 5704 indutum
2668 5651 2990 5706 contumelia
3022 5653 3234 5705 afticis?
3261 5671 3327 5705 an

1808 5764 1880 5828 (α)
1902 5765 2043 5814 Hunc
2074 5764 2279 5828 locnma
2300 5763 2473 5828 verbo,
2495 5759 3014 5828 Judmi._ineipicntem
3035 5764 3183 5828 habes
3205 5767 3330 5828 apud

1746 5825 2110 5880 Theudorctnm
2139 5826 2267 5878 Dial.
2293 5829 2342 5889 5,
2365 5826 2431 5877 de
2457 5825 2727 5889 bnpatibili,
2753 5826 2890 5876 Tom.
2918 5826 2966 5889 4,
2993 5839 3101 5889 με.
3133 5827 3234 5876 169.
