3872 6396
453 284 559 342 διδ

458 396 636 455 nescis
661 407 785 448 eum
815 392 903 461 qui
934 387 1092 458 regia:
1121 386 1334 458 imagini
1363 385 1741 443 contumeliam
1774 382 1952 447 infert,
1987 385 2039 439 in

457 491 767 561 dignitatem
812 482 1080 555 prototypi
1109 479 1490 537 contumeliam
1521 479 1765 534 vertere?
1791 494 1857 531 an
1886 477 2036 547 igno-

458 596 545 637 ras
567 595 689 635 eum
715 578 806 648 qui
832 575 915 630 vel
945 574 1171 645 ligneam
1197 572 1282 626 vel
1307 586 1512 626 amcam
1554 578 1785 624 statuam
1823 568 2003 637 dejicit
2020 606 2037 633 ,

457 689 564 729 non
594 672 744 742 quasi
776 669 1005 739 ligneam
1031 666 1308 721 materiam
1336 665 1533 719 laeserit
1560 664 1741 734 plecti,
1768 662 1862 719 sed
1888 661 2041 732 quasi

456 765 508 817 in
542 761 716 831 ipsum
759 774 941 829 regem
982 773 1174 813 manus
1212 755 1513 812 extenderit
1549 754 1620 812 de
1665 755 1843 811 medio
1882 754 2043 810 tolli?

458 852 675 911 Materia
706 850 995 904 inanimata
1022 863 1139 918 qua:
1170 846 1312 917 regis
1340 846 1624 917 imaginem
1653 846 1884 915 praefert,
1914 859 2043 899 con-

458 941 732 997 tumeliam
766 941 817 993 in
859 954 1040 1008 regem
1086 936 1379 992 transfert:
1412 936 1580 992 forma
1610 944 1788 990 autem
1820 936 2040 1000 vivens,

456 1047 615 1101 quam
648 1029 821 1084 induit
852 1029 993 1084 Deus
1028 1027 1258 1083 Verbum
1278 1068 1293 1089 ,
1322 1028 1369 1081 si
1398 1026 1725 1082 contumelia
1752 1025 2039 1090 afficiatur,

1618 1165 1727 1173 -ν-
1740 1165 1966 1173 ...οη

460 1175 473 1177 _
542 1167 1435 1177 ______.____..._....——..——.___.._1

1980 270 2203 323 DUBH.

1686 1167 2558 1370 m

3582 270 3661 328 διι

2146 397 2326 437 annon
2351 382 2729 439 contumeliam
2759 380 2812 439 In
2852 383 3024 451 illum,
3053 384 3141 455 qui
3173 400 3235 440 ea
3264 384 3496 455 induitur,
3522 396 3662 447 trans-

2147 474 2323 531 feret?
2355 476 2675 545 Dignitatem
2718 476 2958 548 intellige
2979 520 2997 544 ,
3028 489 3084 534 et
3112 481 3452 535 mconomiam
3484 497 3541 539 ne
3562 501 3659 542 ακι.

2147 566 2365 624 tumelia
2402 566 2623 622 afﬁcias.
2659 568 2857 623 Verum
2899 569 3016 625 haec
3052 570 3165 640 jam
3211 572 3338 625 satis
3373 582 3512 628 sunto
3537 593 3548 628 :
3571 595 3663 648 qu

2147 676 2275 714 vero
2302 669 2507 715 restant
2533 660 2601 717 de
2633 661 2742 715 Deo
2773 661 2947 716 Verbo
2972 663 3248 717 tractanda
3272 703 3288 728 ,
3314 662 3455 719 alteri
3483 670 3664 727 orationi

2146 762 2509 819 reservantes,
2542 754 2731 811 ordine
2758 755 2990 825 quodam
3022 756 3435 812 moderationem
3465 759 3563 828 ejus
3592 760 3665 815 ho-

2147 860 2280 900 nore
2306 845 2604 900 afficiamus
2621 885 2639 913 ,
2667 856 2719 902 et
2747 846 2858 902 Deo
2881 846 3109 917 gloriam
3151 848 3437 904 referamus
3454 891 3468 913 ,
3495 851 3609 907 Patri
3627 867 3667 909 et

2147 938 2283 993 Filio
2306 948 2362 993 et
2386 937 2607 1008 Spiritui
2635 949 2844 1004 sancto,
2871 954 3015 995 nunc
3036 949 3093 997 et
3112 954 3345 1010 semper,
3370 950 3420 996 et
3446 943 3491 996 iu
3515 948 3668 1002 saecula

2148 1031 2489 1086 saeculorum.
2516 1031 2709 1086 Amen.

542 1170 1024 1181 ..η-,Ψ-
1452 1172 1458 1175 _
1518 1168 1527 1169 κ
1618 1165 1966 1173 _-_.__.__
2012 1165 2846 1178 ..-_,_______~__.._____--

458 1167 3604 1228 messae-mw

2788 1169 3443 1183 -‘mm

2909 1177 3028 1179 πί

1614 1427 1698 1489 ΙΝ
1743 1427 2153 1489 HOMILIAM
2196 1429 2277 1489 IN
2322 1429 2584 1502 ILLUD,

1521 1545 1607 1601 IN
1654 1547 2054 1604 PRINCIPIO
2094 1548 2284 1604 ERAT
2332 1550 2655 1609 VERBUM.

525 1651 694 1720 Quem
718 1648 911 1703 habeat
934 1653 1206 1701 auctorem
1235 1643 1349 1699 lucc
1378 1643 1568 1698 concio
1592 1659 1697 1698 non
1726 1645 1881 1699 facile
1913 1659 2033 1714 per-

454 1747 670 1815 cipitur,
703 1756 910 1797 necnon
939 1754 1045 1810 quo
1077 1749 1338 1808 tempore,
1372 1752 1475 1807 qua
1518 1736 1571 1791 in
1602 1737 1817 1792 civitate
1859 1737 2039 1792 habita

454 1837 637 1893 fuerit.
664 1826 866 1890 Dietam
893 1832 1057 1888 fuisse
1080 1832 1294 1902 planum
1320 1838 1403 1885 est
1422 1838 1607 1885 contra
1628 1830 2040 1885 Pneumatoma-

452 1930 585 1984 chos
624 1938 677 1983 et
721 1929 1011 1983 Anomceos
1052 1924 1401 1995 Eunomiique
1434 1931 1749 1993 sectatores,
1793 1924 1881 1994 qui
1931 1939 2037 1978 non

453 2026 524 2079 ita
563 2023 768 2093 pridem
805 2023 859 2076 in
886 2022 1103 2077 civitate
1134 2020 1232 2074 ista
1261 2019 1460 2089 primas
1488 2018 1831 2072 obtinuerant
1856 2026 1910 2070 et
1937 2016 2040 2071 Ca-

452 2119 682 2172 tholieos
707 2123 1105 2187 oppresserant.
1136 2114 1305 2177 Quam
1336 2126 1445 2171 rem
1481 2111 1549 2164 ita
1581 2109 1836 2165 describit
1859 2117 2041 2163 orator

453 2208 540 2263 llic
561 2210 701 2263 circa
734 2205 965 2261 medium
989 2204 1265 2258 concionis
1291 2220 1305 2257 :
1328 2199 1455 2257 Cum
1479 2201 1610 2254 cnim
1632 2201 1831 2269 ﬂoreret
1861 2198 2041 2268 impie-

453 2312 551 2366 tas,
582 2318 695 2354 cum
716 2301 846 2353 hanc
868 2297 1037 2353 urbem
1059 2297 1337 2351 devastaret
1362 2294 1588 2356 Itazresis,
1620 2292 1874 2362 absumpti
1895 2301 2040 2347 erant

455 2392 700 2447 Ecclesia:
726 2391 983 2460 ﬁlii.......
1019 2388 1205 2444 Verum
1234 2387 1401 2451 hodie,
1448 2384 1636 2446 dilecti,
1668 2385 1822 2453 ejecta
1862 2392 1933 2436 est
1955 2398 2043 2453 pe-

454 2486 632 2554 stifera
656 2483 748 2537 illa
775 2481 1026 2546 doctrina,
1055 2490 1102 2534 et
1128 2480 1352 2551 ingressa
1373 2486 1442 2530 est
1471 2474 1710 2529 salutaris
1738 2473 1924 2544 gratia.
1944 2472 2041 2528 llic

454 2574 673 2628 omnino
725 2572 935 2627 videtur
972 2570 1055 2640 agi
1097 2569 1163 2624 de
1209 2568 1377 2639 pulsis
1427 2583 1456 2619 a
1508 2565 1810 2619 Theodosio
1854 2563 2040 2633 Magno

455 2664 732 2721 Anommis
758 2674 813 2720 et
837 2662 1070 2726 Arianis,
1100 2661 1187 2731 qui
1228 2658 1482 2715 ecclesias
1510 2658 1705 2712 multas
1737 2655 2042 2709 Constanti-

454 2757 635 2825 nopoli
677 2755 1029 2827 occupabant.
1074 2751 1207 2807 Illud
1237 2750 1429 2806 accidit
1466 2764 1607 2804 anno
1651 2747 1851 2803 Christi
1890 2748 2037 2802 580:

454 2859 615 2918 atque
635 2847 769 2902 adeo
794 2847 932 2901 dicta
954 2845 1110 2901 fuerit
1129 2845 1244 2899 hrrc
1265 2843 1480 2898 homilia
1507 2856 1650 2897 anno
1670 2841 1881 2895 circiter
1898 2840 1995 2896 5Sl
2024 2858 2036 2895 :

457 2957 576 3009 qua:
620 2939 745 2994 item
775 2938 869 2993 fuit
897 2936 1223 2993 Tillemonlii
1270 2933 1533 2990 sententia
1566 2933 1618 2987 in
1650 2931 1766 2986 Vita
1806 2930 2042 3002 Chryso-

453 3031 636 3101 stmni,
673 3045 790 3104 pag.
836 3028 942 3085 592
982 3037 1036 3083 et
1077 3028 1199 3082 587.
1246 3025 1328 3080 Ad
1384 3024 1522 3080 hanc
1562 3038 1689 3078 vero
1736 3022 2041 3092 opinionem

453 3131 631 3184 omnia
671 3128 958 3199 quadrant.
1001 3123 1133 3182 Nam
1179 3117 1667 3189 Constantinopoli,
1719 3115 1807 3170 ubi
1860 3114 2041 3170 habita

455 3221 624 3278 fuisse
650 3232 865 3293 putatur
909 3219 1148 3287 humilia,
1182 3215 1397 3288 plurimi
1438 3222 1592 3270 erant
1630 3211 2043 3269 Pneumatoma-

2151 1647 2238 1701 chi
2280 1658 2334 1701 et
2360 1649 2606 1704 Anommi
2651 1650 2825 1716 multi,
2857 1666 2992 1723 quos
3008 1652 3249 1726 exagitat
3264 1653 3352 1711 hic
3378 1657 3593 1727 quisquis
3626 1664 3677 1717 sit

2148 1738 2378 1808 scriptor
2408 1755 2421 1792 :
2455 1738 2508 1793 bi
2535 1739 2601 1793 ab
2634 1740 2889 1797 Ecclesiis
2911 1742 3068 1812 ejecti
3094 1753 3253 1809 sunt;
3284 1756 3464 1801 contra
3487 1749 3677 1805 Catholi-

2146 1841 2239 1882 cos
2261 1839 2434 1882 tamen
2458 1828 2907 1898 digladiabantur,
2931 1832 3073 1902 quod
3096 1835 3255 1889 etiam
3280 1836 3347 1888 ad
3373 1852 3528 1908 usque
3543 1838 3678 1911 Chry-

2147 1920 2371 1972 sostomi
2402 1927 2641 1987 tempora
2684 1923 3065 1990 perseveravit,
3099 1934 3155 1979 ut
3182 1924 3369 1980 videre
3404 1930 3552 1983 estin
3586 1932 3675 2000 ejus

2147 2018 2332 2064 contra
2389 2010 2681 2066 Anommos
2729 2012 2947 2067 homilia
2995 2012 3462 2088 Constantinopoli
3508 2021 3683 2089 habita,

2147 2099 2212 2156 T.
2238 2101 2289 2167 1,
2313 2100 2418 2155 col.
2441 2100 2537 2155 701
2566 2111 2749 2173 etsqq.
2776 2104 2831 2158 ln
2859 2105 2961 2161 fine
2989 2116 3166 2162 autem
3193 2108 3425 2164 homiliaz
3450 2114 3679 2168 conciona-

2146 2198 2232 2245 tor
2263 2200 2429 2245 totum
2474 2202 2673 2247 coetum
2718 2196 3017 2251 communis
3066 2200 3233 2268 patris
3264 2208 3322 2255 et
3354 2200 3571 2256 doctoris
3591 2218 3681 2273 pre-

2144 2282 2297 2338 cibus
2343 2286 2703 2341 commendat.
2763 2287 2858 2341 llle
2907 2305 3036 2345 vero
3088 2290 3264 2347 adhuc
3323 2292 3555 2349 fortassis
3596 2307 3683 2352 erat

2147 2373 2209 2431 S.
2242 2373 2534 2445 Gregorius
2562 2376 2949 2446 Nazianzenus,
2991 2381 3082 2451 qui
3121 2383 3319 2438 eodem
3352 2398 3491 2439 anno
3515 2388 3682 2456 cpisco-

2146 2473 2327 2535 patnm
2357 2467 2418 2522 C.
2451 2467 2514 2523 Ρ.
2544 2468 2691 2538 pacis
2716 2471 2993 2525 servandae
3015 2487 3174 2528 causa
3203 2474 3492 2531 abdicavit.

2218 2555 2381 2613 Stilus
2410 2560 2630 2614 omnino
2661 2561 2949 2631 perplexus
2987 2573 3042 2618 et
3080 2564 3314 2632 ferreus,
3355 2568 3492 2624 unde
3511 2569 3683 2639 quidam

2148 2647 2290 2702 illam
2321 2647 2614 2706 Severiano
2642 2650 2966 2709 Gabalorum
2996 2656 3251 2728 episcopo
3280 2659 3353 2713 ob
3375 2659 3570 2715 dicendi
3594 2663 3683 2715 aln-

2148 2745 2368 2798 nitatem
2394 2742 2817 2815 adscripserunt.
2844 2747 3038 2803 Verum
3068 2750 3182 2805 haec
3211 2752 3490 2806 Severiani
3512 2757 3686 2808 concio-

2148 2836 2323 2890 nantis
2353 2844 2565 2891 aetatem
2590 2839 2901 2907 praecedunt
2929 2857 2944 2898 :
2976 2857 3148 2912 neque
3177 2844 3293 2913 ipse
3324 2845 3471 2900 solus
3496 2846 3586 2901 hoc
3606 2850 3687 2902 stili

2147 2926 2276 2981 vitio
2318 2926 2618 2993 laborabat,
2654 2936 2709 2982 ut
2761 2945 2905 2999 stepe
2943 2931 3195 2988 vidimus.
3229 2932 3687 3005 interpretaqu

2146 3019 2388 3074 Latinam
2415 3019 2641 3075 Joannis
2666 3018 2853 3077 Jacobi
2885 3022 3128 3087 Beureri,
3171 3026 3319 3095 quod
3362 3042 3424 3083 ea
3453 3030 3692 3097 paraphra.

2147 3112 2269 3165 stice
2309 3119 2452 3165 esset
2498 3111 2838 3181 concinnata,
2880 3114 3187 3183 rejecimus,
3236 3132 3537 3189 novamque
3572 3136 3692 3189 para-

2150 3217 2346 3258 vnmus.

460 3308 3690 3355 ___________.__________———————-———————___

460 3441 521 3483 ινι
569 3439 780 3492 ILLUD,
826 3436 887 3478 IN
928 3431 1243 3477 PRINCIPIO
1290 3425 1455 3471 ERAT
1504 3420 1789 3474 VERBUM,
1851 3417 1991 3460 ETC.

542 3540 875 3585 raorumm
920 3537 1024 3579 DEI
1074 3517 1158 3597 (1.
1207 3514 1349 3577 Cor.
1396 3512 1456 3571 2.
1506 3504 1604 3583 10)
1642 3526 1655 3563 :

1762 3644 2016 3659 Μ

533 3746 587 3797 1.
644 3741 902 3797 Ilesterna
946 3737 1036 3792 die
1080 3734 1234 3790 nobis
1272 3744 1453 3787 sermo
1498 3729 1549 3783 in
1598 3742 1803 3796 magum
1850 3726 2041 3797 aqnilro

463 3833 890 3904 speculationem
918 3828 1099 3892 desiit,
1128 3824 1339 3894 aquila),
1370 3822 1607 3891 inquam,
1640 3818 1783 3873 illius
1813 3832 2039 3887 magnae,

462 3943 583 3998 quae
610 3924 803 3995 Spiritu
842 3920 1032 3976 czelum
1060 3926 1117 3973 et
1151 3916 1399 3970 caelestes
1431 3920 1723 3981 potestates
1765 3920 2043 3964 transcen-

463 4022 561 4083 dit,
592 4027 646 4074 et
672 4031 702 4070 a
728 4028 909 4070 rerum
936 4009 1175 4065 omnium
1198 4007 1351 4075 apice
1379 4004 1608 4059 orditur.
1638 4001 1874 4057 Joannes
1899 4000 2043 4054 enim

464 4114 617 4170 nobis
646 4110 821 4183 primo
848 4102 1159 4177 prmdieavit
1190 4099 1341 4163 illud,
1375 4097 1439 4152 In
1481 4097 1731 4166 principio
1769 4103 1876 4149 erat
1920 4092 2044 4148 Ver-

466 4209 603 4270 bum,
648 4210 703 4257 et
740 4198 809 4255 de
852 4198 1086 4251 incrcata
1133 4200 1321 4246 natura
1362 4188 1766 4259 philosophatus
1807 4195 1923 4249 est;
1952 4184 2043 4255 qui

466 4313 582 4354 rem
599 4302 832 4350 creatam
855 4302 1070 4344 omnem
1097 4285 1216 4355 plus
1236 4297 1395 4353 quam
1425 4281 1599 4351 aquila
1632 4288 2046 4348 prsetergressus

463 4398 565 4449 est.
584 4385 886 4449 tonitruque
906 4394 1093 4435 sonum
1117 4375 1408 4445 superavit,
1427 4383 1487 4427 ut
1510 4372 1599 4441 qui
1623 4371 1769 4426 solus
1787 4380 2043 4424 aeternam

465 4490 520 4536 et
536 4478 802 4534 ca-lestcm
822 4469 1213 4544 philosophiam
1229 4463 1617 4535 prmdicaverit.
1637 4461 1860 4516 Tonitru
1890 4475 2043 4514 nam-

463 4587 589 4645 que,
609 4569 819 4633 fratres,
837 4576 891 4622 et
908 4572 1073 4620 terret
1090 4560 1339 4629 etirrigat
1360 4576 1374 4612 :
1396 4556 1581 4626 irrigat
1598 4553 1816 4608 nubium
1851 4552 2042 4618 imbre,

464 4671 630 4722 terret
658 4670 713 4718 et
738 4656 980 4730 percellit
1023 4668 1179 4709 sono.
1212 4651 1469 4705 Diversus
1509 4661 1637 4717 ergo
1668 4655 1845 4715 partes
1888 4657 2044 4699 assu-

465 4757 562 4813 mit
588 4769 693 4809 vox
724 4749 946 4807 Ioannis
974 4764 987 4801 :
1021 4745 1205 4814 irrigat
1233 4740 1554 4801 Ecclesiam,
1586 4744 1641 4791 et
1671 4734 2045 4789 haereticorum

464 4865 653 4920 agmen
682 4840 1067 4916 perterrefacit.
1095 4838 1227 4892 Cum
1256 4835 1397 4890 enim
1431 4846 1564 4886 vana
1592 4831 1895 4900 loquuntur,
1924 4842 2046 4882 cum

466 4952 653 4999 contra
683 4953 839 5007 quam
869 4934 969 5004 ipsi
1010 4932 1187 4987 sciunt
1213 4928 1461 4998 quaedam
1496 4939 1619 4981 esse
1665 4932 1880 4995 negant,
1923 4937 2045 4976 cum

465 5037 697 5090 lmmana
740 5030 919 5100 lingua
960 5035 1145 5082 contra
1188 5023 1426 5077 divinam
1478 5017 1809 5087 Scripturam
1858 5015 2048 5070 decer-

464 5137 581 5184 tant
615 5144 626 5179 :
660 5134 786 5177 tunc
828 5122 1021 5175 clamat
1051 5118 1308 5178 Joannes,
1360 5114 1507 5171 Erat.
1552 5120 1678 5167 ante
1723 5110 1874 5171 illud.
1926 5110 2047 5162 Non

473 5232 575 5273 erat
602 5220 696 5290 (υ).
744 5213 810 5268 In
851 5209 1102 5283 principio
1146 5217 1253 5261 erat
1305 5204 1537 5268 Verbum,
1586 5214 1633 5259 et
1688 5203 1903 5257 Verbum
1939 5210 2046 5255 crat

528 5354 603 5416 (ιι)
625 5350 806 5416 Collata
837 5361 947 5397 eum
972 5344 1176 5416 _Codice_
1192 5342 1352 5403 Regio
1388 5340 1523 5399 1958,
1548 5341 1629 5402 qui
1653 5338 1843 5387 mendis
1868 5343 2046 5397 scatet,

460 5410 818 5481 quihusAmtssis
843 5410 1077 5481 prrecipHa
1103 5414 1338 5481 notamus.

526 5478 595 5540 (ὁ)
628 5475 732 5525 Hoc
769 5466 862 5540 est,
890 5471 935 5518 ni
968 5466 1141 5540 fallor;
1168 5467 1311 5515 Prius
1315 5466 1454 5540 ,μίξις
1475 5466 1538 5540 de
1561 5466 1730 5540 verbo.
1772 5472 1881 5540 Erat
1924 5476 2040 5539 ffer-

460 5542 489 5589 b
614 5548 759 5609 quam
791 5525 987 5609 dicere}.
1017 5529 1290 5609 d.e.J.oaune
1315 5528 1545 5609 baptista:
1573 5536 1669 5601 Non
1693 5538 1795 5601 erat
1818 5530 1912 5609 μιιέ
1936 5525 2040 5609 ξυξὶ

463 5589 746 5652 Νιιο’νῖιιρο
778 5597 890 5660 quid
930 5592 1056 5643 aliud
1092 5592 1169 5640 hic
1204 5592 1350 5652 possit
1385 5589 1657 5651 significari,
1693 5591 1785 5642 nisi
1818 5592 1942 5644 forte
1981 5596 2043 5644 sit

466 5678 491 5710 ιι
511 5662 702 5717 cadum.

2102 3396 2318 3474 (Joan.
2385 3395 2444 3454 1.
2492 3394 2551 3472 1)
2603 3416 2617 3455 :
2665 3414 2745 3457 ET
2801 3415 2971 3467 QUOD
3023 3418 3308 3464 smm'rcs
3371 3422 3694 3465 SCBUTETL‘R

1705 3522 1783 3563 ET
1828 3520 1891 3561 IN
1938 3516 2040 3559 ΒΕ(

2150 3515 2176 3557 s
2223 3514 2668 3571 ILLUMINATOS,
2715 3518 2796 3559 ET
2837 3519 3085 3563 CONTRA
3128 3522 3499 3567 nmazrmos
3543 3505 3632 3590 (α).

2020 3622 2410 3677 395%)“

2156 3718 2296 3790 apud
2323 3715 2506 3785 Deum,
2540 3729 2586 3775 et
2628 3723 2761 3776 Deus
2808 3734 2916 3778 erat
2955 3724 3190 3793 Verbum,
3218 3743 3355 3783 voce
3401 3746 3493 3784 sua
3528 3740 3697 3785 terrens

2150 3812 2531 3868 adversarios:
2568 3814 2767 3869 Davide
2812 3816 3131 3872 testificante
3176 3834 3241 3875 ac
3270 3821 3507 3885 dicente,
3547 3823 3695 3875 Abiu-

2150 3903 2439 3973 crcpatione
2462 3912 2551 3957 tua
2579 3906 2793 3975 fugient,
2835 3923 2868 3959 a
2905 3922 3023 3961 voce
3049 3910 3261 3963 tonitrm'
3288 3913 3363 3964 tui
3389 3912 3693 3977 formidabant

2153 3994 2323 4063 (I’sal.
2356 3994 2480 4050 105.
2514 3996 2591 4063 7).
2624 3994 2691 4049 In
2718 3997 2968 4067 principio
3008 4011 3113 4053 erat
3151 3999 3395 4066 Verbum,
3432 4013 3487 4058 et
3519 4003 3697 4058 Verbum

2149 4096 2258 4139 erat
2305 4087 2447 4156 apud
2489 4085 2673 4154 Deum,
2720 4096 2766 4141 et
2813 4087 2954 4142 Deus
2994 4102 3102 4143 erat
3143 4090 3383 4147 Verbum.
3416 4095 3543 4161 Quia
3584 4096 3695 4148 enim

2154 4179 2420 4247 passionis
2450 4175 2645 4247 expers
2671 4189 2754 4234 est
2779 4180 2928 4235 vcrhi
2953 4183 3250 4251 generatio,
3286 4184 3516 4240 Verbum
3547 4187 3695 4255 appel-

2154 4268 2248 4336 lat,
2278 4279 2335 4324 ut
2360 4284 2459 4341 per
2482 4286 2546 4325 ea
2572 4286 2693 4341 qua:
2735 4274 2785 4326 in
2816 4282 2871 4327 te
2900 4282 3046 4337 sunt,
3086 4290 3147 4328 ea
3176 4291 3299 4344 qua:
3340 4291 3499 4346 supra
3529 4286 3575 4331 te
3599 4284 3696 4330 sunt

2153 4373 2207 4418 te
2247 4363 2461 4419 doceat.
2495 4364 2626 4419 Nam
2678 4367 2816 4421 sicut
2863 4383 3016 4422 mens
3057 4367 3278 4423 verbum
3329 4370 3568 4441 gignens,
3610 4371 3698 4423 sine

2154 4455 2402 4524 passione
2431 4457 2619 4527 gignit,
2652 4472 2757 4513 non
2788 4469 3022 4524 secatur,
3054 4475 3158 4514 non
3186 4461 3377 4526 efﬂuit,
3409 4478 3511 4517 non
3538 4476 3695 4531 corpu

2154 4562 2305 4602 reum
2332 4549 2605 4619 quidpiam
2638 4550 2837 4619 patitur
2868 4568 2883 4604 :
2912 4552 2991 4606 sic
3019 4552 3199 4608 divina
3250 4562 3307 4609 et
3337 4556 3590 4623 passionis
3622 4570 3695 4608 ex-

2153 4654 2277 4703 pers
2303 4641 2583 4709 generatio
2616 4639 2901 4696 ineffabilis
2928 4652 2982 4697 et
3032 4642 3582 4713 incomprehehsibilis
3616 4654 3692 4701 est.

2156 4744 2261 4783 non
2312 4740 2545 4796 secatur,
2581 4747 2686 4785 non
2733 4732 3025 4797 dividitur;
3078 4735 3171 4789 sed
3197 4735 3323 4789 dum
3355 4736 3427 4790 ab
3466 4736 3624 4805 impiis
3658 4744 3697 4785 et

2155 4823 2443 4878 incredulis
2478 4825 2747 4881 haereticis
2793 4827 2931 4881 male
2976 4836 3206 4893 secatur,
3236 4844 3264 4882 a
3297 4830 3400 4898 piis
3448 4830 3557 4884 sine
3592 4826 3695 4879 divi-

2154 4915 2306 4970 sione
2336 4924 2481 4971 recte
2511 4926 2775 4971 servatur.
2824 4917 2933 4971 Cur
2962 4919 3134 4973 noluit
3160 4920 3487 4990 evangelista
3531 4917 3693 4978 dicere,

2156 5006 2210 5060 In
2241 5007 2503 5076 principio
2543 5018 2658 5062 erat
2691 5007 2893 5061 Filius?
2920 5008 2996 5063 Ne
3026 5009 3113 5063 filii
3148 5024 3341 5064 nomen
3383 5009 3601 5079 passioni
3624 5006 3695 5058 ob-

2153 5100 2371 5153 noxiam
2417 5102 2823 5170 generationem
2874 5102 3153 5159 induceret
3201 5121 3214 5156 :
3256 5104 3349 5158 sed
3403 5104 3545 5157 illum
3594 5099 3695 5153 dicit

2160 5188 2412 5254 Verbum,
2448 5200 2505 5244 ut
2532 5193 2931 5261 generationem
2961 5195 3077 5248 sine
3104 5196 3348 5265 passione
3376 5194 3616 5248 dei-taret.
3638 5192 3694 5243 Ac

2154 5298 2222 5338 ne
2250 5285 2579 5353 prolatitium
2625 5301 2747 5340 esse
2776 5287 2995 5340 verbum
3029 5296 3261 5356 putares,
3313 5286 3580 5355 subjnnxit
3607 5300 3618 5335 :
3650 5279 3693 5333 Et

2155 5375 2292 5431 Deus
2335 5387 2440 5431 erat
2494 5376 2756 5433 Verbum:
2789 5388 2843 5433 ut
2888 5379 3032 5434 verbi
3080 5380 3293 5435 nomine
3339 5375 3691 5448 impossibilita-

2154 5476 2280 5531 tem,
2318 5470 2407 5524 Dei
2435 5485 2563 5524 vero
2589 5472 2805 5524 nomine
2826 5471 3138 5541 dignitatem
3164 5472 3505 5538 intelligeres.
3527 5464 3689 5524 Deinde

2151 5560 2267 5630 ejus
2315 5562 2557 5631 exposita
2605 5563 2972 5631 generatione,
3019 5561 3289 5618 Creatoris
3324 5561 3619 5633 dignitatem
3654 5558 3691 5600 ct

2156 5654 2445 5722 potentiam
2492 5652 2691 5709 inducit
2744 5654 2982 5709 :Omuia
3035 5671 3122 5725 per
3178 5657 3339 5725 ipsum
3388 5656 3523 5723 facta
3561 5651 3687 5704 sunt?
