4064 6516
562 353 667 411 565

561 473 660 526 αὐι
672 468 736 534 ᾧ.
771 468 836 522 Et
860 485 912 521 τι
939 460 1032 522 οῦν
1069 467 1288 535 γέγονεν
1312 469 1369 519 ἐν
1403 467 1568 539 αύτῷ,
1600 470 1700 541 ούχ
1725 473 1758 541 ή
1787 471 2038 535 ἀκτιστος
2068 471 2229 541 φύσις

562 557 650 611 τοῦ
685 556 1020 627 Πνεύματος.
1071 554 1209 608 Ἀλλ’
1241 555 1474 626 εἴρηται.
1508 557 1664 627 φησὶ,
1713 558 1930 614 πάντα.
1975 560 2114 614 Ἀλλ’
2153 563 2230 634 ή,

561 644 632 701 τὰ
681 643 896 705 πάντα,
954 641 1104 713 φωνή
1148 642 1209 694 ού
1246 642 1642 714 περιλαμϐάνει
1671 647 1770 716 τὴν
1795 647 2047 702 ἀκτιστον
2071 648 2232 717 φύσιν

562 731 703 804 μετά
732 730 832 798 τῆς
872 729 1116 799 κτιστῆς.
1152 730 1214 783 Εἰ
1247 729 1302 782 δέ
1331 732 1422 801 τῇ,
1458 733 1655 786 πάντα
1680 772 1694 796 ,
1728 737 1877 805 φωνῇ
1929 735 2228 808 προσέχων,

561 817 968 887 κατετόλμησας
997 819 1098 886 τῆς
1117 816 1278 885 ἁγίας
1308 819 1546 887 φύσεως,
1593 819 1688 874 ἐάν
1726 821 1964 894 ἀκούσῃς
1994 823 2087 876 τοῦ
2121 825 2234 878 Κυ-

563 905 676 976 ρίου
695 903 943 972 λέγοντος
963 919 976 934 ⁶
1003 903 1232 971 Πάντες
1267 905 1402 959 ὅσοι
1432 902 1624 977 ἦλθον
1645 908 1759 976 πρὸ
1790 909 1958 978 ἐμοῦ,
1980 911 2233 966 κλέπται

558 987 722 1062 ἦσαν
748 989 847 1044 καί
865 991 1111 1059 λῃσταί,
1138 991 1191 1044 τί
1219 990 1281 1044 ἂν
1301 993 1512 1059 εῖποις;
1545 994 1786 1066 Μωῦσῆν
1812 996 2015 1069 λῃστὴν
2037 998 2235 1069 ὀνομά-

557 1075 693 1144 ζεις,
724 1077 819 1131 καὶ
851 1079 976 1141 τοὺς
1007 1077 1291 1148 προφήτας
1323 1077 1561 1142 κλέπτας
1586 1082 2014 1154 προσαγορεύεις
2035 1100 2048 1148 ;
2073 1084 2232 1138 Πάν-

557 1183 658 1232 τες
702 1165 832 1236 γὰρ,
881 1164 1018 1218 ὅσοι
1069 1165 1182 1234 πρὸ
1219 1165 1366 1235 ἐμοῦ
1400 1162 1610 1237 ἦλθον.
1647 1167 1898 1224 κλέπται
1934 1166 2096 1241 ἦσαν
2133 1173 2232 1228 καὶ

556 1251 802 1320 λῃσταὶ,
835 1251 1018 1321 φησίν.
1058 1251 1123 1305 Ἦ
1157 1251 1215 1306 δέ
1236 1251 1414 1306 ἔννοια
1450 1253 1660 1324 μερίζει
1691 1255 1785 1308 καῖ
1833 1257 1962 1328 περὶ
2011 1258 2173 1311 τίνων
2203 1262 2233 1315 6

557 1337 736 1408 λόγος,
764 1337 856 1390 καὶ
892 1337 1029 1409 πρὸς
1052 1337 1223 1402 τίνας.
1257 1339 1368 1392 Καὶ⁵
1398 1339 1492 1393 νῦν
1516 1340 1642 1412 περί
1685 1341 2046 1415 δημιουργίας
2083 1345 2112 1398 6
2147 1345 2235 1401 λό-

556 1442 674 1496 γος,
698 1426 790 1479 καὶ⁸
811 1423 918 1496 ,τὴν
948 1425 1304 1496 δημιουργίαν
1334 1425 1482 1495 λέγει
1512 1426 1580 1480 δι’
1603 1427 1769 1482 αὑτοῦ
1796 1431 2141 1502 γεγενῆσθαι,
2168 1433 2231 1488 ού

557 1513 658 1586 τὴν
682 1511 777 1566 τοῦ
833 1511 1149 1582 Πνεύματος
1179 1512 1387 1579 ούσίαν,
1423 1512 1522 1585 τὴν
1571 1513 1714 1569 οὕτω
1763 1517 2134 1589 γνωρίζουσαν
2163 1520 2234 1575 τά

558 1600 652 1655 τοῦ
673 1598 830 1663 Θεοῦ,
860 1599 936 1663 ὡς
967 1600 1028 1654 τὸ
1063 1599 1156 1654 τοῦ
1197 1599 1482 1671 ἀνθρώπου
1508 1603 1723 1674 πνεῦμα
1764 1606 1831 1659 τὰ
1859 1607 1917 1659 ἐν
1936 1607 2107 1678 αύτῷ,
2136 1626 2234 1663 κα-

558 1687 667 1753 θὼς
689 1686 838 1756 λέγει
881 1685 1094 1750 Παῦλος
1117 1701 1132 1716 ·
1153 1686 1362 1754 Οὐδείς
1390 1684 1514 1743 οἵδε
1556 1690 1629 1744 τὰ
1657 1691 1764 1746 τοῦ
1793 1693 2128 1762 ἀνθρώπου.
2179 1699 2234 1752 ει

557 1775 639 1847 μὴ
671 1775 739 1830 τὸ
768 1774 1003 1845 πνεῦμα
1031 1774 1139 1829 τοῦ
1166 1775 1482 1844 ἀνθρώπου
1511 1776 1577 1831 τὸ
1597 1779 1669 1832 ἐν
1703 1779 1864 1847 αὐτῷ
1887 1784 2228 1841 κατοικοῦν.

556 1863 621 1918 Et
645 1857 738 1917 οῦν
767 1859 828 1916 τὸ
843 1861 1060 1932 πνεῦμα
1075 1860 1135 1914 τὸ
1155 1861 1287 1933 ἐμὸν
1303 1861 1580 1936 ἀλλότριον
1600 1865 1696 1937 τῆς
1716 1867 1858 1938 ἐμῆς
1879 1868 2113 1938 φύσεως.
2139 1872 2234 1926 καὶ

554 1950 618 2005 τὸ
634 1949 858 2022 Πνεῦμα
872 1948 966 2004 τοῦ
985 1949 1120 2005 Θεοῦ
1135 1949 1287 2024 [417]
1304 1951 1584 2024 ἀλλότριον
1607 1954 1705 2024 τῆς
1725 1953 1819 2008 τοῦ
1839 1955 1976 2010 Θεοῦ
1994 1958 2227 2027 φύσεως

559 2037 634 2094 T6
663 2037 773 2111 γὰρ
793 2037 1050 2106 Πνεῦμα.
1083 2037 1236 2108 φησὶ.
1260 2037 1456 2093 πάντα
1479 2039 1712 2109 ἐρευνᾷ,
1737 2041 1836 2096 καί
1857 2043 1930 2097 τὰ
1939 2045 2102 2110 βάθη
2123 2046 2232 2102 τοῦ

555 2125 728 2181 Θεοῦ.
764 2124 901 2178 Ἀλλ’
927 2125 956 2178 6
984 2125 1256 2199 αἱρετικὸς
1277 2127 1377 2201 μὲν
1402 2125 1482 2193 τὸ,
1512 2128 1751 2196 ἐρευνᾷ,
1785 2131 1993 2195 ἀκούει.
2047 2133 2146 2206 τήν
2173 2135 2231 2190 δὲ

553 2211 765 2266 ἔννοιαν
788 2211 974 2276 κακῶς
994 2212 1346 2283 ἐκλαμϐάνει.
1371 2213 1435 2268 Et
1456 2213 1564 2287 γάρ
1584 2215 1719 2287 ⁴ᾔδει,
1749 2218 1901 2289 φησὶ,
1923 2219 1984 2272 τὸ
2007 2220 2232 2294 Πνεῦμα

552 2298 623 2354 τά
649 2302 708 2352 ἐν
736 2298 813 2370 τῷ
845 2298 985 2370 Θεῷ,
1019 2298 1119 2352 ούκ
1147 2299 1212 2352 ἂν
1238 2299 1446 2370 ἠρεύνα
1469 2316 1482 2331 ·
1515 2306 1784 2373 μαρτυρεῖ
1816 2305 1925 2376 γὰρ
1951 2307 2116 2362 αὑτοῦ
2160 2313 2228 2384 τῇ

552 2385 749 2456 ἀγνοίᾳ
797 2387 831 2457 ή
886 2386 1102 2456 ἔρευνα.
1137 2387 1200 2440 El
1249 2386 1428 2441 τοίνυν
1462 2387 1522 2441 τὸ
1563 2391 1790 2462 ἐρευνᾷν
1811 2392 1873 2446 τὸ
1899 2395 2125 2466 Πνεῦμα
2169 2399 2231 2452 τὸ

552 2474 709 2543 ἀγιον
740 2473 810 2526 τά
861 2474 998 2544 βάθη
1052 2473 1146 2527 τοῦ
1197 2474 1354 2540 Θεοῦ,
1413 2476 1635 2545 ἀγνοίας
1665 2533 1667 2536 ,
1701 2483 2033 2553 κατηγορίαν
2081 2485 2230 2558 αύτῷ

554 2561 772 2629 ἐπάγει,
799 2561 928 2614 ὅταν
973 2561 1088 2634 ἴδῃς
1111 2561 1203 2615 τὸν
1228 2561 1361 2616 Θεὸν
1407 2563 1711 2635 ἐρευνῶντα
1736 2566 1833 2632 τὰς
1867 2569 2092 2640 καρδίας
2120 2573 2227 2627 τῶν

553 2647 880 2719 ἀνθρώπων,
907 2648 1128 2717 ἀγνοίας
1147 2648 1312 2702 αὑτοῦ
1338 2651 1719 2726 καταψηφίζῃς
1756 2657 1954 2710 Ἀκουε
1977 2657 2110 2728 γοῦν
2132 2662 2225 2715 τοῦ

552 2735 768 2790 Παύλου
822 2736 1105 2806 λέγοντος·
1164 2737 1240 2801 ὡς
1278 2738 1527 2810 περὶτοῦ
1577 2741 1894 2812 Πνεύματος
1948 2740 2069 2800 εἷπε
2090 2790 2105 2814 ,
2153 2749 2225 2803 Τὸ

550 2824 797 2894 Πνεῦμα
825 2824 1023 2878 πάντα
1052 2823 1286 2894 ἐρευνᾷ,
1315 2827 1412 2880 καὶ
1440 2828 1512 2882 τὰ
1530 2828 1694 2897 ,βάθη
1733 2831 1838 2886 τοῦ
1869 2833 2019 2888 Θεοῦ
2039 2852 2054 2866 ο
2083 2834 2225 2890 οὕτω

551 2912 802 2982 καὶπερὶ
839 2912 933 2966 τοῦ
975 2911 1110 2966 Θεοῦ
1155 2911 1462 2982 φιλοσοφῶν
1506 2917 1535 2969 6
1577 2915 1788 2982 Παῦλος
1823 2921 2008 2991 φησὶν,
2057 2923 2120 2978 '0
2156 2924 2226 2979 δὲ

548 2999 816 3070 ἐρευνῶν
841 3004 948 3068 τὰς
975 2999 1243 3069 καρδίας,
1263 2998 1389 3057 οἶδε
1427 3003 1486 3057 τί
1511 3004 1576 3057 τύ
1599 3007 1874 3076 φρόνημα
1909 3009 2016 3064 τοῦ
2039 3013 2222 3067 Πνεύ·

547 3105 756 3159 ματος.
802 3089 866 3141 Εἰ
919 3083 1012 3142 οὖν
1069 3086 1202 3152 Θεὸς
1248 3091 1444 3162 ἐρευνᾷ
1481 3090 1711 3160 ἀγνοῶν,
1764 3097 1856 3148 καί⁵
1894 3097 1956 3150 τὸ
2000 3097 2224 3169 Πνεῦμα

550 3174 779 3246 ἀγνοοῦν
823 3175 1038 3248 ἐρευνᾷ.
1095 3175 1257 3230 Ἀλλά
1293 3177 1382 3230 ἵνα
1428 3177 1607 3251 μάθῃς
1653 3181 1824 3236 ὅτιτὸ
1873 3184 2097 3258 ἐρευνᾷν
2123 3187 2222 3242 ούκ

549 3263 872 3334 ἀγνοοῦντός
894 3266 1063 3329 ἐστιν,
1097 3263 1212 3319 ἀλλ’
1241 3265 1462 3329 εἰδότος,
1497 3268 1776 3338 ἐπήγαγεν
1795 3286 1809 3300 ·
1849 3273 2012 3328 Οὕτω
2033 3275 2224 3333 καὶτὰ

551 3351 659 3407 τοῦ
707 3352 856 3407 Θεοῦ
884 3351 1081 3418 οὐδεὶς
1103 3352 1278 3422 ἔγνω.
1303 3355 1354 3407 εί
1375 3353 1462 3423 μὴ
1492 3354 1560 3408 τὸ
1585 3357 1828 3428 Πνεῦμα
1884 3361 1990 3417 τοῦ
2029 3366 2176 3420 Θεοῦ
2203 3383 2217 3397 ο

550 3439 648 3494 καὶ
675 3438 875 3509 γνῶσιν
897 3438 1190 3509 ἐπιγράφει
1215 3439 1294 3510 τῷ
1323 3441 1626 3512 Πνεύματι.
1656 3445 1718 3498 ού
1750 3447 1851 3519 τήν
1895 3451 1960 3504 ἐκ
1991 3451 2091 3524 τῆς
2119 3453 2224 3522 φύ-

553 3543 691 3591 σεως
723 3526 1048 3599 κατάληψιν,
1080 3526 1216 3582 ἀλλά
1240 3528 1338 3598 τὴν
1363 3529 1429 3583 ἐκ
1453 3530 1554 3600 τῆς
1585 3531 1801 3602 φύσεως
1835 3537 2148 3607 ἐπίγνωσιν.

623 3614 690 3684 βπ,
713 3613 1014 3684 Τοιγαροῦν
1045 3613 1120 3699 μὴ
1155 3614 1342 3685 μέριζε
1376 3615 1476 3688 τὴν
1502 3617 1799 3691 ἀμέριστον
1822 3624 2002 3693 φύσιν,
2039 3626 2114 3699 μὴ
2136 3630 2224 3683 τέ-

553 3718 653 3772 μνε
699 3702 799 3771 τὴν
833 3697 1138 3788 ἀδιαίρετον
1176 3702 1416 3788 *οὐσίανο
1466 3703 1698 3777 γνώριξε
1753 3709 1812 3762 δὲ
1878 3697 2224 3788 μᾶλλδνήτῆν

548 3788 778 3859 δύναμιν
805 3787 1067 3860 ἀκριϐῶς.
1134 3785 1226 3854 Εἷς
1253 3791 1514 3862 κέκληται
1542 3794 1571 3845 6
1631 3795 1820 3869 Πατὴρ
1880 3802 1973 3852 καὶ
2031 3803 2060 3855 6
2095 3785 2224 3870 Υῖύς

550 3878 648 3930 καὶ
693 3876 752 3930 τὸ
814 3877 1039 3948 Πνεῦμα
1060 3875 1122 3930 τὸ
1170 3877 1344 3946 ἆγιον.
1395 3881 1529 3951 Περὶ
1586 3881 1684 3952 μὲν
1729 3883 1837 3957 γάρ
1883 3886 1976 3941 τοῦ
2012 3891 2224 3964 Πατρὸς

475 3983 492 3994 ·
547 3965 747 4034 λέγειό
791 3964 942 4031 Υἱὸς,
977 3966 1162 4018 Ὅταν
1198 3965 1365 4032 ἴδητε
1415 3967 1523 4022 τὸν
1562 3968 1700 4022 Υίὸν
1755 3972 1861 4028 τοῦ
1903 3976 2222 4046 ἀνθρώπου

548 4051 889 4121 καθήμενον
920 4051 990 4105 ἐκ
1020 4051 1235 4116 δεξιῶν
1261 4050 1368 4122 τῆς
1396 4053 1733 4125 δυνάμεως·
1771 4062 1865 4114 καὶ
1891 4062 2118 4135 δύναμιν
2148 4069 2224 4122 ει-

549 4138 764 4212 ρηκὼς,
807 4138 1002 4208 ἔστησε
1030 4138 1128 4211 τὴν
1182 4139 1375 4205 δόξαν,
1416 4142 1502 4196 ἵνα
1535 4143 1823 4221 θαυμάσῃς
1862 4151 1960 4223 τὴν
1991 4152 2220 4211 ἔννοιαν.

551 4226 718 4280 Ὅθεν
745 4226 1037 4315 αύτὸν-τέν-
1050 4227 1270 4298 Πατέρα
1305 4229 1398 4282 καὶ
1429 4229 1562 4285 Θεὸν
1595 4233 1773 4288 καλῶν
1802 4236 2052 4308 δύναμιν,
2088 4242 2224 4315 πρὸς

455 4329 458 4333 '
547 4315 806 4383 Καϊάφαν
825 4313 1224 4385 διαλεγόμενος,
1252 4315 1355 4388 ἔφη
1375 4332 1390 4348 ·
1414 4319 1600 4373 Ὅταν
1619 4322 1783 4390 Ιδητε
1819 4326 1926 4380 τὸν
1950 4328 2086 4382 Υιὸν
2117 4313 2223 4388 τοῦ

547 4400 865 4470 ἀνθρώπου
905 4401 1245 4472 καθήμενον
1270 4405 1340 4459 ἐκ
1378 4405 1593 4471 δεξιῶν
1625 4407 1733 4479 τῆς
1773 4411 2098 4484 δυνάμεως.
2129 4419 2226 4474 Δὺ.

547 4506 712 4578 ναμις
752 4484 844 4543 οὖν
873 4491 902 4543 6
946 4490 1166 4562 Πατήρ⁶
1195 4490 1422 4564 δύναμις
1457 4494 1514 4548 δὲ
1555 4497 1648 4551 καὶ⁵
1687 4503 1715 4552 6
1762 4499 1908 4567 Υἱὸς,
1949 4503 2025 4568 ὼς
2074 4506 2222 4578 λέγει

548 4576 800 4642 Παῦλος·
849 4578 1104 4647 Χριστὸς
1157 4579 1306 4634 Θεοῦ
1353 4581 1605 4652 δύναμις
1648 4585 1744 4640 καὶ
1799 4589 1946 4644 Θεοῦ
1999 4576 2219 4664 σοφία·

545 4665 774 4755 δύναμις
797 4667 890 4720 καὶ
920 4665 983 4720 τὸ
1003 4664 1226 4738 Πνεῦμα
1249 4669 1311 4722 τὸ
1339 4668 1493 4739 ἆγιον
1510 4687 1538 4741 χ
1560 4673 1707 4741 λέγει
1731 4671 1825 4731 οῦν
1851 4681 1880 4732 6
1901 4679 2088 4755 Σωτὴρ
2111 4687 2222 4750 τοῖς

549 4754 842 4825 μαθηταῖς·
874 4755 1132 4810 Matr-ate
1147 4756 1219 4810 ἐν
1248 4757 1635 4830 Ἰερουσαλὴμ
1658 4761 1768 4831 ἕως
1788 4761 1860 4822 οὗ
1879 4754 2224 4840 ἐνδύσησθε

543 4843 805 4934 δύναμιν
815 4843 885 4934 ἐξ
899 4843 1115 4934 ὕψους.
1132 4843 1302 4934 Εἰδὼς
1320 4842 1432 4913 οῦν,
1449 4849 1720 4920 ἀγαπητὲ,
1737 4854 1794 4905 ἐν
1816 4855 1990 4928 Πατρὶ
2012 4860 2224 4934 καὶΥῑῷ

544 4932 640 4985 καὶ
668 4931 809 5019 ἁγίῳ
841 4931 1120 5003 Πνεύματι
1157 4932 1256 5006 τὴν
1287 4936 1480 5005 ὁμοίαν
1509 4937 1712 5009 ταύτην
1737 4939 1986 5014 δύναμιν,
2009 4945 2099 5017 ἔχε
2123 4931 2224 5019 τὴν

547 5019 740 5108 πίστιν
763 5018 1058 5108 ἀσάλευτον
1079 5035 1096 5051 '
1133 5020 1207 5093 μὴ
1240 5023 1472 5096 μερίσῃς
1506 5024 1604 5098 τήν
1631 5026 1791 5092 δόξαν
1819 5030 1917 5102 τὴν
1946 5018 2223 5108 ἀκατάλη-

547 5123 702 5170 πτον,
723 5106 836 5196 ἀλλ’
857 5108 1123 5196 ἐπίγνωθι
1149 5109 1248 5175 τὰς
1278 5112 1548 5184 συνθήκας
1567 5115 1662 5170 τοῦ
1693 5119 2069 5192 φωτίσματος·
2099 5106 2221 5196 βλέ-

547 5211 635 5284 πε,
655 5195 782 5284 τοὺς
813 5195 1092 5284 υἱοὸςᾼτῆς
1138 5199 1360 5269 χάριτος
1389 5201 1478 5256 διά
1520 5204 1618 5258 τοῦ
1652 5208 1887 5276 μεγάλου
1919 5195 2223 5284 ἀρχιερέως

547 5282 909 5372 ἀνᾼθήσαντας,
944 5282 1108 5372 βλέπε
1137 5285 1207 5339 τὰ
1247 5287 1414 5342 τέκνα
1443 5289 1538 5342 τοῦ
1578 5294 1754 5362 φωτὸς
1783 5295 2056 5367 δραμόντα
2083 5282 2222 5372 πρὸς

544 5370 672 5431 τοὺς
713 5370 960 5458 κήρυκας
999 5369 1095 5424 τοῦ
1130 5373 1308 5442 φωτός
1327 5390 1341 5404 ο
1385 5376 1468 5429 δεῖ
1493 5378 1601 5450 γὰρ
1639 5381 1765 5446 τοὺς
1795 5385 1905 5438 ἀπὸ
1935 5386 2027 5439 τοῦ
2055 5369 2221 5458 φωτί-

547 5473 751 5550 σματος
777 5457 1238 5550 ἀναγεννηθέντας
1258 5462 1484 5535 δραμεῖν
1519 5469 1655 5540 πρὸς
1682 5472 1808 5536 τοὺς
1833 5474 1932 5546 τὴν
1971 5457 2222 5550 οἰκουμέ-

546 5563 644 5638 νην
671 5546 1158 5638 ἀναγελννήσαντας.
1189 5549 1442 5638 Εῖπωμεν
1468 5555 1561 5608 καὶ
1595 5558 1754 5627 ἡμεῖς
1783 5562 1923 5629 μετά
1955 5564 2048 5616 τοῦ
2084 5546 2220 5638 προ-

548 5636 722 5704 φήτου
762 5633 857 5686 καὶ
892 5634 1004 5686 τῶν
1029 5633 1375 5692 ἀποστόλωνο
1429 5641 1793 5713 Ἀνάϐλεψον
1836 5648 1957 5718 τοῖς
1999 5633 2219 5720 ὀφθαλ-

608 5815 638 5848 ⁸
666 5813 775 5864 Mss.
799 5821 857 5876 τῆ
873 5816 1041 5882 ἐννοίᾳ.

2171 353 2404 412 DUBIA.
3835 385 3911 440 57H;

2335 474 2492 543 μοῖς,
2526 477 2624 530 καί
2664 478 2753 532 ἴδε
2783 479 3132 550 συνηγμένα
3175 482 3244 536 τὰ
3276 486 3454 541 τέκνα
3492 504 3627 543 σου·
3654 496 3736 548 καὶ
3762 499 3911 553 πᾶλιν-

2337 561 2429 655 ζῶ
2456 565 2591 655 ἐγὼ,
2617 568 2782 640 ,λέγει
2811 569 3058 638 Κύριος,
3094 570 3184 625 ὅτι
3214 572 3444 641 πάντας
3480 579 3680 647 αὐτοὺς
3693 584 3912 655 ἐνδίησῃδ

2335 649 2418 743 ῶς
2450 654 2684 743 κόσμον
2715 656 2977 743 νύμφης.
3017 657 3256 728 Ἕστηκε
3286 660 3461 714 τοίνυν
3500 663 3703 732 Ἡσαΐας
3730 649 3912 743 σήμερον

2335 737 2508 809 λέγων
2537 741 2672 812 πρὸς
2700 742 2769 796 τά
2797 742 2906 796 τῶν
2939 744 3312 814 φωτισθέντων
3334 749 3526 822 πλήθη,
3559 755 3670 817 τοῦς
3693 737 3914 828 γεννηθέν-

2334 844 2434 892 τας
2469 830 2531 883 ἐκ
2570 830 2886 904 Πνεύματος
2915 833 3091 902 ἁγίου,
3118 835 3244 900 τοὺς
3278 836 3470 908 ἀθρόον
3501 840 3915 916 ἀνακαινισθέντας,

2334 917 2460 981 τοὺς
2480 917 2537 971 ἐν
2563 920 2663 990 μιᾷ
2691 921 2832 990 ῥοπῇ
2860 920 3312 994 μεταϐληθέντας,
3341 925 3462 988 τοὺς
3483 924 3584 981 ἀπὸ
3601 929 3767 1002 γηῖνης
3790 950 3913 990 κατα.

2338 1005 2581 1070 στάσεως
2619 1008 2700 1070 είς
2736 1009 2986 1080 οὐράνιον
3027 1009 3206 1064 εἰκόνα
3243 1013 3708 1084 μεταποιηθέντας·
3737 1020 3915 1092 ἐκπλήτ-

2333 1110 2486 1148 τεται
2517 1092 2626 1166 γὰρ
2663 1095 2888 1160 Ἡσαΐας
2913 1097 3086 1166 λέγων
3103 1115 3116 1129 ·
3151 1099 3244 1165 Τίς
3263 1095 3406 1164 εἶδε,
3438 1100 3525 1168 τίς
3549 1100 3750 1171 ἤκουσε
3769 1109 3917 1165 τοιαῦ·

2335 1196 2428 1244 τα,
2451 1181 2540 1234 ὅτι
2570 1181 2777 1236 ἐτεκεν
2805 1185 2843 1251 ἡ
2872 1181 2946 1253 γῆ
2992 1185 3065 1238 τὰ
3105 1185 3286 1238 τέκνα
3319 1183 3507 1254 αὐτῆς
3537 1186 3602 1243 ἐν
3638 1189 3795 1260 ἡμέρᾳ
3821 1195 3915 1262 μιᾷ.

2337 1268 2435 1322 καὶ
2456 1268 2668 1340 ἐτέχθη
2690 1271 2866 1338 ἔθνος
2889 1273 2978 1338 είς
2998 1271 3161 1336 ἅπαξ
3172 1289 3192 1338 ;
3221 1273 3425 1344 Ταχεῖα
3449 1273 3552 1348 γὰρ
3570 1276 3655 1330 τοῦ
3676 1279 3918 1350 Πνεύματος

2336 1362 2369 1432 ή
2399 1362 2758 1433 ἀναγέννησις
2778 1378 2793 1392 ⁸
2833 1363 2934 1416 οὐκ
2963 1363 3225 1434 ἀναμένει
3258 1365 3478 1436 χρόνον,
3511 1367 3568 1419 ού
3604 1367 3803 1422 δουλεύει
3829 1389 3916 1426 και-

2341 1451 2452 1521 ροῖς
2481 1450 2576 1504 καὶ
2610 1454 2860 1518 γενεαῖς,
2893 1451 3007 1506 ἀλλ’
3056 1451 3172 1523 ἅμα
3202 1451 3477 1523 βούλεται,
3519 1454 3629 1525 ἃμα
3664 1457 3854 1512 τίκτεται
3876 1461 3920 1513 τὸ

2336 1537 2800 1608 ἀναγεννὼμενον.
2849 1539 3098 1612 Ἐπρεπε
3128 1543 3242 1604 τοῖς
3272 1542 3408 1604 υἱοῖς
3447 1539 3538 1595 τοῦ
3566 1543 3722 1612 φωτὸς
3757 1546 3918 1600 ἃπασαν

2335 1626 2433 1698 τὴν
2485 1625 2691 1697 ἀγορὰν
2742 1626 3050 1698 πομπεύειν
3115 1629 3211 1683 καὶ
3271 1627 3511 1695 δοξάζειν
3557 1630 3645 1684 καὶ
3691 1632 3920 1701 ἀναφωνεῖν

2337 1714 2543 1768 ἐκεῖνον
2570 1714 2663 1768 τὸν
2713 1714 2782 1768 δι’
2831 1715 3031 1780 αὐτοὺς
3063 1715 3288 1772 ἐλθόντα
3326 1719 3506 1784 κάτω,
3541 1719 3620 1773 ῖνα
3648 1719 3825 1776 ἅπασαν
3851 1723 3921 1794 τὴν

2336 1803 2668 1875 οἰκουμένην
2715 1804 2970 1879 ἀναγάγῃ
3014 1805 3150 1876 πρὸς
3188 1806 3384 1860 ἑαυτὸν
3425 1804 3571 1879 [MS]
3611 1807 3726 1862 ἀνω.
3751 1810 3922 1880 Χριστὸς

2338 1890 2606 1963 κατῆλθεν
2644 1891 2708 1946 ἐκ
2740 1891 2846 1945 τῶν
2885 1890 3132 1964 οὐρανῶν
3154 1907 3168 1922 ·
3205 1891 3477 1963 κατῆλθεν
3511 1895 3569 1948 οὐ
3600 1895 3826 1966 μεταστὰς
3845 1896 3921 1951 τῶν

2337 1975 2582 2049 οὐρανῶν
2598 1994 2611 2008 ·
2645 1977 2878 2047 ἀνῆλθεν
2902 1977 2964 2030 οὐ
2999 1976 3276 2049 μεταστάς
3299 1979 3398 2050 τῆς
3433 1980 3533 2052 γῆς
3549 1993 3566 2010 ⁸
3591 1979 3702 2034 οὔτε
3721 1981 3810 2052 γὰρ
3826 1998 3920 2036 κατ-

2336 2063 2506 2119 ελθὼν
2529 2066 2657 2128 τοὺς
2685 2065 2952 2137 οὐρανοὺς
2991 2066 3235 2137 ἐρήμους
3255 2065 3564 2133 κατέλιπεν,
3595 2065 3705 2120 οὔτε
3729 2067 3918 2133 ἀνελθὼν,

2334 2153 2540 2226 ἔρημον
2569 2153 2668 2224 τὴν
2689 2154 2794 2225 γῆν
2818 2153 2921 2224 τῆς
2941 2153 3137 2208 ἐαυτοῦ
3164 2153 3490 2220 ἐπιστασίας
3507 2155 3759 2210 ἀπέλιπεν.
3772 2158 3919 2227 Ἐπρε·

2336 2259 2403 2295 πε
2433 2253 2456 2282 ι’
2489 2244 2603 2306 τοῖς
2635 2244 2771 2305 υἱοῖς
2797 2242 2892 2296 τοῦ
2920 2241 3094 2310 φωτὸς
3126 2241 3226 2308 τὴν
3260 2242 3524 2314 λαμπάδα
3545 2243 3633 2297 τοῦ
3656 2244 3790 2312 λόγου
3810 2261 3920 2314 περι-

2335 2329 2519 2401 φέρειν
2548 2331 2607 2384 ἐν
2634 2333 2755 2396 ταῖς
2783 2332 3008 2402 ἀγοραῖς
3032 2347 3048 2362 ο
3079 2329 3179 2400 οὐχ
3202 2329 3460 2402 ὑϐρίζετο
3484 2331 3543 2384 τὸ
3569 2319 3922 2404 μυστήριον,θύκ

2331 2417 2629 2489 ήτιμάζετο
2659 2417 2770 2472 τῶν
2798 2418 3171 2488 νεοφωτίστων
3209 2420 3238 2471 6
3273 2418 3559 2492 χαρακτὴρ
3591 2419 3681 2490 τῆς
3711 2419 3920 2488 ἀληθείας.

2336 2506 2582 2577 Ἔπρεπε
2614 2507 2707 2560 καὶ
2742 2507 2926 2570 αὐτοῖς
2982 2506 3043 2559 ἐν
3076 2506 3368 2572 πλατείαις
3411 2507 3592 2577 ὑμνεῖν
3611 2525 3626 2540 ο
3668 2507 3822 2577 Σοφία
3844 2507 3922 2578 γὰρ

2330 2595 2400 2648 ἐν
2423 2593 2657 2661 ἐξόδοις
2675 2594 2969 2664 ὑμνεῖται,
2988 2595 3060 2650 ἐν
3075 2593 3145 2648 δὲ
3167 2595 3483 2662 πλατείαις
3501 2596 3800 2664 παρρησίαν
3815 2595 3922 2664 ἆται,

2330 2686 2416 2739 ἐπ’
2447 2685 2632 2755 ἄκρων
2657 2685 2716 2740 δὲ
2738 2685 2966 2757 τειχέων
2999 2685 3353 2758 κηρύττεται.
3371 2687 3694 2759 Καθάρωμεν
3713 2687 3791 2741 τὸν
3806 2688 3920 2757 ἀέρα.

2328 2771 2388 2825 ὃν
2416 2771 2606 2843 ἐμίανε
2644 2773 2714 2827 τά
2760 2772 2996 2845 πορνικὰ
3033 2772 3279 2845 ᾄσματα,
3313 2775 3408 2829 καὶ
3446 2774 3665 2847 ἔχρανάν
3708 2791 3812 2828 ποτε
3840 2774 3923 2842 βοαὶ

2327 2859 2565 2921 ἀσεϐῶν.
2595 2863 2693 2914 καὶ
2720 2861 3009 2932 ὀλολυγμοὶ
3033 2860 3141 2914 τῶν
3171 2862 3564 2917 ἐπιτελούντων
3587 2863 3650 2917 τά
3666 2860 3759 2916 τῶν
3784 2861 3923 2933 δαιμό-

2326 2965 2434 3000 νων
2462 2947 2766 3023 μιάσματα.
2811 2948 3287 3020 Ἐκαθαρίσθησαν
3320 2949 3399 3020 τῷ
3421 2949 3559 3022 λόγῳ
3585 2949 3670 3004 τοῦ
3697 2949 3839 3018 φωτὸς
3858 2949 3924 3000 καὶ

2327 3034 2356 3086 6
2387 3033 2518 3105 ἀὴρ,
2556 3035 2650 3088 καὶ
2694 3036 2728 3106 ή
2750 3033 2847 3104 γῆ,
2875 3035 2968 3088 καὶ
3005 3036 3036 3089 6
3069 3035 3324 3106 οὐρανός,
3364 3038 3568 3107 Ὠσπερ
3605 3035 3702 3107 γάρ
3739 3034 3923 3097 στενάζει

2327 3120 2423 3174 καὶ
2447 3123 2476 3175 6
2500 3121 2728 3193 οὐρανὸς
2752 3123 2900 3193 καὶή
2934 3123 3004 3195 γῆ
3031 3123 3125 3177 ἐπὶ
3154 3125 3220 3195 τῇ
3248 3125 3423 3196 κακίᾳ
3453 3124 3559 3178 τῶν
3579 3123 3782 3186 ἀσεϐῶν,
3799 3121 3922 3183 οὕτως

2325 3207 2676 3278 εὐφραίνεται
2699 3208 2861 3264 πάλιν
2885 3210 2980 3263 ἐπὶ
3005 3211 3072 3282 τῇ
3094 3211 3414 3283 δικαιοσύνῃ
3439 3210 3545 3264 τῶν
3566 3209 3918 3282 κατορθούντων¹

2325 3295 2454 3348 ὅταν
2481 3295 2583 3366 μὲν
2615 3295 2726 3367 γὰρ
2769 3296 3061 3370 ἁμαρτάνῃ
3097 3297 3409 3368 ἄνθρωπος,
3459 3299 3734 3369 ἀγανακτεῖ
3755 3298 3780 3350 6
3802 3298 3919 3367 ούρα-

2327 3383 2436 3449 νὸς,
2470 3383 2850 3450 ἀγανακτεῖδέ
2886 3385 2978 3440 καὶ
3015 3386 3048 3455 ή
3091 3385 3186 3455 γῆ,
3224 3384 3303 3450 ῶς
3337 3403 3499 3458 φησιν
3532 3385 3796 3457 Ἱερεμίας·
3829 3383 3920 3446 Ἕξ-

2325 3470 2476 3537 ἐστη
2508 3473 2542 3525 6
2579 3471 2835 3539 οὐρανὸς
2876 3471 2975 3527 ἐπι
3014 3473 3233 3538 τούτῳ,
3275 3475 3380 3529 καὶ
3422 3473 3656 3544 ἔφριξεν
3690 3475 3724 3542 ἡ
3756 3470 3834 3542 γῆ.
3860 3472 3920 3524 ὅτι

2326 3555 2436 3611 δύο
2466 3557 2564 3611 καί
2591 3557 2826 3626 πονηρὰ
2849 3558 3142 3626 ἐποίησεν
3169 3562 3202 3613 ὀ
3223 3561 3400 3627 λαός.
3435 3560 3594 3631 Ὁρᾷς
3629 3559 3733 3622 πῶς
3765 3557 3918 3629 φρίττει

2325 3645 2354 3698 6
2383 3645 2610 3716 οὐρανὸς
2642 3645 2736 3699 καὶ
2767 3647 2801 3716 ή
2824 3647 2916 3716 γῆ,
2950 3647 3376 3718 ἁμαρτανόντων
3399 3648 3504 3703 τῶν
3535 3644 3921 3721 ἀνθρὼπιιινςῖιίει

2327 3733 2692 3787 ταποιούντων
2727 3734 2782 3788 δὲ
2829 3734 3054 3799 ἐαυτοὸς
3087 3736 3165 3799 είς
3199 3735 3510 3800 εὐσέϐειαν,
3543 3735 3693 3791 ἄκουε
3725 3731 3802 3788 τοῦ
3829 3747 3920 3801 προ-

2328 3822 2499 3894 φήτου
2557 3821 2803 3890 λέγοντος
2821 3839 2834 3852 ο
2893 3825 3447 3892 Εὐφραινέσθωσαν
3497 3827 3548 3878 οί
3604 3820 3812 3892 οἰφανοι
3850 3816 3917 3874 καί

2326 3911 2768 3982 ἀγαλλιάσθωή
2799 3911 2877 3982 τῆ
2896 3930 2910 3944 ·
2941 3913 3179 3982 ρηξάτω
3212 3914 3285 3967 τὰ
3324 3915 3432 3984 ὄρη
3469 3913 3830 3985 εὐφροσύνην,
3849 3907 3918 3961 Idl

2327 4003 2379 4054 oi
2403 4001 2622 4066 βουνοί
2649 4001 3038 4071 ἁγιαλίασιν,
3072 4002 3159 4056 ὄτι
3189 4003 3461 4071 ἠλέησεν
3490 4007 3523 4058 ὁ
3556 4003 3686 4068 Θεὸς
3710 3999 3798 4053 τὸν
3810 3995 3920 4052 λαὸν

2326 4089 2534 4143 αὐτοῦ.
2561 4088 2778 4158 Λεγέτω
2822 4090 2976 4161 καὶὴ
3027 4089 3326 4160 Ἐκκλησία
3367 4093 3399 4162 ή
3440 4091 3665 4161 τοσούτῳ
3710 4087 3824 4158 δχλῳ
3853 4084 3919 4136 καὶ

2326 4175 2440 4246 λαῷ
2488 4176 2714 4246 κομῶσα
2741 4192 2754 4206 ·
2833 4176 2974 4246 Ἐγὼ
3016 4176 3377 4247 κατελείφθην
3409 4179 3535 4231 ποτὲ
3567 4176 3716 4247 μόνη,
3747 4168 3916 4226 οὗτοιδὲ

2329 4281 2419 4334 μοι
2443 4262 2546 4316 ποῦ
2569 4259 2747 4335 ἦσαν;
2775 4263 2887 4332 ἐγὼ
2917 4264 3138 4328 ἄτεκνος
3169 4263 3262 4318 καὶ
3289 4266 3453 4336 χήρα,
3481 4265 3683 4324 τούτους
3705 4263 3751 4315 δέ
3779 4258 3918 4330 μοιτίς

2326 4350 2610 4422 ἐγέννησε;
2638 4350 2858 4419 Λεγέτω
2885 4353 2978 4406 καὶ
3002 4351 3072 4405 τά
3097 4352 3266 4407 τέκνα
3293 4355 3394 4426 τῆς
3427 4351 3729 4422 Ἐκκλησίας
3750 4347 3807 4402 τὰ
3828 4361 3917 4397 συν·

2327 4440 2561 4510 ἐχόμενα
2589 4437 2666 4510 τῷ
2716 4437 2910 4510 πλήθει
2943 4441 3078 4511 πρὸς
3104 4441 3194 4493 τὸν
3223 4441 3358 4495 Θεὸν
3383 4442 3480 4513 τὴν
3513 4441 3681 4510 φωνὴν
3711 4437 3798 4491 τῶν
3821 4449 3916 4501 προ·

2327 4527 2511 4598 φητῶν
2531 4543 2544 4558 ’
2574 4527 2792 4592 Στενδς
2819 4545 2922 4597 μοι
2957 4531 2989 4582 ό
3015 4529 3196 4591 τόπος
3216 4547 3230 4558 ·
3253 4531 3516 4598 ποίησόν
3534 4546 3628 4599 μοι
3655 4527 3824 4584 τόπον,
3844 4521 3913 4572 ἵνα

2328 4613 2684 4683 κατοικήσω.
3706 4681 3712 4688 .

2397 4701 2526 4756 Ὅτε
2553 4701 2662 4774 γὰρ
2691 4700 2905 4772 ἤκμαζε
2930 4701 3000 4755 τὰ
3025 4702 3122 4773 τῆς
3153 4705 3380 4776 πλανης,
3411 4704 3498 4758 ὅτε
3517 4701 3542 4740 ἀ
3575 4700 3826 4768 ἐπενέμετο
3844 4693 3912 4760 τὴν

2328 4789 2480 4844 πόλιν
2515 4789 2717 4859 ταύτην
2744 4791 2778 4861 ή
2819 4790 2957 4862 νομὴ
2997 4791 3094 4862 τῆς
3127 4791 3410 4861 αἱρέσεως,
3447 4788 3674 4862 ἀνήλωτο
3709 4785 3766 4838 τὰ
3794 4780 3910 4834 τέκνα

2326 4878 2426 4947 τῆς
2466 4877 2826 4949 Ἐκκλησίας-
2894 4878 2988 4931 καὶ
3022 4877 3209 4950 ὥσπερ
3253 4879 3415 4949 ἀκρὶς
3454 4875 3730 4932 ἐπελθοῦσα
3844 4865 3907 4917 ὑπ’

2326 4965 2575 5039 οὐρανὸν,
2599 4965 2879 5020 ἀναλίσκει
2906 4967 3032 5030 τοὺς
3059 4967 3302 5037 καρποὺς
3319 4965 3508 5036 αὐτῆς,
3536 4963 3690 5026 οὕτως
3715 4962 3742 5028 ἢ
3767 4956 3905 5028 φθθρθ

2327 5053 2477 5118 ποιὸς
2503 5052 2816 5108 διδασκαλία
2859 5055 2984 5116 τοὺς
3018 5055 3264 5124 καρποὺς
3303 5054 3403 5124 τῆς
3441 5055 3602 5116 ὅντως
3636 5043 3904 5103 διδασκαλίας

2325 5141 2581 5214 ἀνήλισκε
2612 5142 2706 5197 καὶ
2734 5143 2833 5212 τῆς
2871 5141 3169 5206 εὐσεϐείας.
3212 5142 3372 5195 Ἀλλά
3405 5143 3648 5212 σήμερον,
3675 5127 3901 5203 ἀγαπητοὶ,

2325 5229 2591 5301 ἐξεϐλήθη
2621 5231 2654 5301 ή
2692 5229 3013 5300 φθοροποιὸς
3042 5229 3375 5288 διδασκαλία.
3418 5231 3509 5284 καὶ
3541 5224 3756 5296 είσῆλθεν
3780 5221 3806 5290 ἡ
3832 5234 3904 5270 σω·

2323 5319 2509 5389 τήριος
2540 5317 2700 5388 χάρις
2740 5317 3090 5386 ἀναγεννῶσα
3139 5319 3231 5371 τὸν
3278 5318 3424 5382 λαὸν,
3455 5318 3544 5372 καὶ
3580 5315 3778 5382 λέγουσα

2325 5405 2485 5460 αὐτόν
2505 5423 2517 5437 ’
2573 5406 2709 5460 Νῦν
2741 5405 3145 5460 ἀνταποδώσω
3176 5407 3310 5462 ἀντὶ
3353 5406 3470 5461 τῶν
3499 5405 3690 5476 γόνων.
3713 5393 3784 5452 ὧν
3805 5407 3900 5446 κατ’

2386 5531 2413 5570 ιι
2438 5529 2558 5591 Reg.
2573 5530 2762 5593 ἐνδύσῃ,
2775 5537 2930 5579 recte.
2946 5531 3012 5580 Ila
3031 5532 3160 5579 enim
3181 5532 3441 5593 legendum
3460 5529 3703 5579 secundum
3715 5516 3901 5589 ρκίζητνῖι·

2326 5593 2394 5657 τῖε
2423 5591 2855 5650 Ηεὺτεὶοεῶιιεεει
2876 5597 2931 5641 ει
2950 5592 3201 5652 Lalilia,el
3232 5598 3304 5643 sic
3321 5593 3742 5657 legeralBeurcms
3770 5579 3820 5630 td
3851 5591 3899 5619 εν·

2324 5671 2566 5763 m"?ng
2589 5716 2737 5770 οὕτως
2761 5716 2947 5776 ἔπρεπε.
2975 5715 3076 5766 Sed
3113 5719 3262 5773 οὕτως
3287 5717 3423 5766 dcesl
3451 5719 3497 5764 in
3551 5713 3646 5774 Reg
3668 5746 3678 5766 .
3701 5712 3827 5763 nam":
3848 5695 3900 5743 Ῑε⁴

2325 5779 2455 5840 εἱςδρ
2478 5777 2674 5825 videtur
2689 5777 2950 5824 ηιθυταυ-υς.

2388 5837 2413 5877 (ι
2438 5839 2558 5901 Reg.
2585 5841 2641 5886 τὰ
2667 5845 2749 5897 τῆς
2770 5839 2991 5901 αἱρέσεως
3012 5839 3106 5889 ὅτε.
3911 5871 3927 5932 ὅ
