3872 6396
129 301 165 353 ,5
852 288 915 344 IN
958 287 1179 353 ILLUD,
1224 285 1285 339 ΙΝ
1327 278 1656 340 PRINCIPIO
1696 282 1876 336 Ειιιτ
1920 281 2217 345 VERBUM,
2258 281 2404 338 ETC.

1684 403 1861 447 rentes
1889 394 1953 447 ad
1982 409 2257 463 pra-conas
2286 394 2418 447 lucis
2452 413 2463 447 :
2497 404 2708 464 Oportet
2736 395 2882 451 ettim
2913 409 3026 457 eos,
3059 397 3145 462 qui
3178 400 3250 451 ab

1681 485 2069 539 ilhnuiuatione
2101 500 2195 539 seu
2229 486 2490 554 baptismo
2529 487 2829 556 regenerati
2855 495 2996 551 sunt,
3026 486 3093 541 ad
3127 487 3248 541 illos

1680 576 1767 645 qui
1797 576 1981 631 orbem
2025 585 2405 645 regenerarunt
2442 591 2745 631 accurrere.
2770 578 3012 632 Dicamus
3056 587 3110 631 et
3154 592 3252 631 nos

1681 682 1802 721 cum
1854 667 2109 737 propheta
2153 677 2208 722 et
2252 668 2508 736 apostolis
2540 686 2553 722 :
2585 668 2797 736 Respice
2832 670 3008 733 oculis,
3054 679 3103 723 et
3141 670 3254 721 uide

1682 759 1816 828 ﬁlios
1840 769 1953 812 tuos
1978 769 2337 829 congregatos;
2365 767 2418 813 et
2440 776 2673 818 rursum.
2709 760 2832 816 Vivo
2858 779 2970 833 ego,
2994 762 3126 818 dicit
3148 763 3254 817 Do-

1685 851 1880 914 minus,
1912 856 2029 919 quia
2073 850 2177 904 illis
2227 852 2458 903 omnibus
2498 854 2743 916 vestieris,
2789 855 2921 907 velut
2959 867 3254 909 ornamento

1682 958 1879 1011 sponsa:
1906 941 2058 1007 (lsai.
2092 941 2182 998 60.
2209 941 2264 995 4.
2288 951 2335 993 et
2350 941 2437 997 «l9.
2463 942 2573 1011 18).
2603 943 2719 997 Stat
2748 959 2874 1014 ergo
2898 944 3061 999 Isaias
3091 944 3252 1000 hodie

1683 1032 1958 1097 alloquens
2002 1039 2197 1086 emtum
2250 1030 2686 1098 illuminatorum,
2719 1034 2806 1101 qui
2859 1035 2968 1089 nati
3006 1046 3132 1089 sunt
3182 1051 3249 1090 ex

1683 1122 1879 1191 Spiritu
1898 1132 2101 1187 sancto,
2123 1124 2211 1192 qui
2242 1132 2456 1192 repente
2486 1126 2724 1179 renovati
2748 1135 2892 1193 sunt,
2922 1128 3011 1197 qui
3044 1128 3096 1181 in
3127 1144 3249 1182 mo.

1684 1223 1863 1267 mento
1889 1224 2011 1267 sunt
2045 1215 2402 1279 transmutati,
2431 1214 2570 1283 quia
2602 1224 2814 1270 terreno
2839 1226 2981 1272 statu
3014 1218 3065 1272 in
3093 1218 3250 1273 caele-

1683 1314 1817 1358 stem
1875 1304 2156 1374 imaginem
2203 1305 2475 1360 reformati
2516 1316 2931 1378 sunt:stupore
2978 1311 3251 1380 perculsus

1684 1389 1847 1446 Isaias
1875 1393 2004 1447 dicit
2034 1410 2047 1446 :
2082 1392 2205 1458 Quis
2224 1394 2366 1457 vidit,
2399 1394 2512 1463 quis
2537 1397 2727 1450 audivit
2753 1398 2897 1461 talia,
2921 1400 3037 1467 quia
3058 1400 3252 1470 peperit

1683 1493 1817 1537 terra
1858 1484 1995 1551 ﬁlias
2041 1500 2160 1538 suos
2204 1485 2257 1538 in
2296 1486 2378 1539 die
2416 1503 2537 1551 una,
2584 1498 2632 1542 et
2676 1500 2795 1543 nata
2830 1499 2903 1544 est
2937 1507 3059 1562 gens
3098 1491 3250 1546 simul

1683 1574 1835 1644 (Isai.
1869 1575 1956 1631 66.
1989 1576 2088 1642 8)?
2113 1575 2272 1630 Velox
2300 1576 2496 1647 quippe
2520 1588 2602 1632 est
2624 1579 2852 1648 Spiritus
2880 1583 3246 1651 regeneratio:

1684 1680 1789 1717 non
1820 1666 1982 1719 servit
2009 1664 2335 1731 temporibus
2364 1682 2461 1720 nec
2489 1668 2941 1736 generationibus,
2973 1671 3064 1725 sed
3091 1672 3251 1725 simul

1683 1762 1842 1823 atque
1868 1754 1978 1807 vult
2007 1754 2242 1810 nascitur
2274 1754 2414 1824 quod
2456 1766 2823 1825 regeneratur.
2851 1759 3085 1814 Decebat
3111 1761 3251 1816 lilios

1685 1843 1817 1898 lucis
1842 1844 2037 1914 ubique
2064 1846 2114 1898 in
2145 1844 2261 1899 fore
2290 1846 2578 1913 praedicare
2621 1858 2675 1902 et
2704 1849 2980 1905 celebrare
3006 1867 3126 1907 eum
3156 1853 3247 1922 qui

1686 1944 1903 2005 propter
1928 1936 2072 2004 ipsos
2097 1935 2393 2002 descendit,
2426 1947 2481 1990 ut
2506 1947 2676 1992 totum
2704 1941 2886 1996 orbem
2914 1957 3125 1997 sursum
3156 1944 3246 1999 dee

1685 2024 1865 2079 ducat.
1899 2026 2141 2081 Christus
2183 2026 2460 2081 descendit
2484 2027 2551 2083 de
2594 2030 2740 2085 carlis
2770 2049 2784 2085 :
2817 2031 3109 2097 descendit,
3144 2051 3250 2097 non

1685 2113 1969 2169 discedens
2018 2114 2085 2170 de
2138 2116 2315 2180 caelis;
2373 2116 2633 2182 ascendit,
2688 2135 2792 2174 non
2846 2094 3129 2178 discedens
3180 2094 3250 2179 de

1688 2213 1849 2259 terra.
1879 2205 2058 2275 Neque
2084 2207 2226 2259 enim
2270 2221 2392 2261 cum
2432 2207 2729 2276 descendit,
2771 2212 2935 2265 cmlos
2969 2228 3029 2266 se
3056 2228 3253 2268 vacuos

1688 2295 1935 2363 reliquit;
1969 2311 2139 2365 neque
2170 2311 2291 2350 cum
2334 2297 2597 2363 ascendit,
2641 2308 2836 2354 terram
2865 2302 3253 2371 gubernatione

1687 2401 1780 2441 sua
1807 2385 2111 2440 destitutam
2145 2386 2376 2456 reliquit.
2404 2388 2634 2443 Decebat
2659 2389 2795 2444 ﬁlios
2822 2390 2955 2445 lucis
2983 2394 3249 2450 lucernam

1687 2476 1833 2529 verbi
1879 2475 1931 2529 in
1972 2475 2087 2531 foro
2129 2476 2325 2547 ubique
2373 2476 2718 2534 circumferre
2753 2483 3105 2553 :mysterium
3149 2500 3256 2539 non

1689 2566 2011 2621 contumelia
2065 2566 2417 2633 afﬁciebatur,
2470 2565 2750 2624 character
2787 2573 3026 2628 veritatis
3070 2560 3261 2631 recens

1690 2657 2108 2711 illuminatorum
2167 2672 2272 2710 non
2339 2656 2814 2714 debonestabatur.
2872 2661 3105 2717 Docebat
3164 2680 3260 2721 eos

1690 2763 1899 2819 quoque
1921 2749 1971 2801 in
2004 2748 2192 2818 plateis
2216 2757 2433 2802 cantare
2459 2766 2472 2801 :
2503 2747 2771 2817 Sapientia
2791 2751 2932 2806 enim
2961 2752 3014 2806 in
3044 2754 3261 2809 exitibus

1692 2840 2013 2912 prtedicatur,
2046 2849 2094 2894 et
2117 2842 2168 2893 in
2191 2840 2372 2912 plateis
2401 2840 2615 2909 ﬁdenter
2640 2842 2745 2912 agit
2766 2840 2949 2910 (Prov.
2988 2846 3035 2898 I.
3068 2844 3182 2916 ΞΟ),
3207 2846 3262 2901 in

1692 2931 1917 2987 summis
1940 2932 2108 2985 muris
2137 2931 2474 3000 prmdicatur.
2518 2929 2816 3003 Purgemus
2852 2948 3054 3000 aerem,
3094 2952 3253 3008 quem

1693 3022 1974 3078 cantilena:
2002 3021 2321 3076 meretricia:
2362 3020 2725 3091 inquinaruut,
2771 3038 2929 3093 quem
2961 3024 3262 3081 iniecerunt

1694 3114 1820 3168 olim
1852 3112 2130 3181 impiorum
2154 3111 2440 3175 clamores,
2471 3120 2523 3164 ct
2545 3110 2776 3167 ululatus
2802 3128 2986 3168 eorum
3005 3114 3093 3184 qui
3121 3113 3263 3170 {teda

1694 3206 1997 3260 daemonum
2042 3203 2292 3275 mysteria
2340 3200 2702 3256 celebrabant.
2752 3201 2928 3257 Verbo
2973 3204 3105 3258 lucis
3146 3220 3262 3269 aer,

129 416 224 468 nnis
250 424 406 479 nempe
432 408 585 464 facta,
617 418 719 456 non
747 411 802 455 tlt
831 398 1064 454 lueretici
1097 397 1364 463 eilutiunt,
1395 397 1482 466 qui
1514 397 1564 447 in

129 522 165 559 te
188 504 305 557 dicto
341 497 661 554 adorandum“
686 492 938 561 Spiritum
986 486 1440 556 comprehendere
1481 502 1574 536 an-

136 606 199 659 nt,
221 606 264 647 et
285 592 438 646 dicunt
469 607 481 640 :
518 586 704 641 Omnia
730 599 819 654 per
856 582 1020 649 ipsum
1056 581 1191 650 facta
1231 584 1367 638 sunt,
1396 585 1443 628 et
1468 576 1577 628 sine

129 705 171 739 ιο
192 689 345 754 factum
369 690 431 735 est
451 676 581 731 nihil
607 673 741 745 quod
768 676 959 744 factum
984 671 1126 723 estin
1156 667 1289 735 ipso.
1316 664 1510 718 Verum
1531 664 1573 715 si

130 753 246 830 iIIIIﬂ
273 775 372 842 ipso
399 770 589 824 factum
610 774 715 827 est,
745 772 799 815 at
828 778 935 816 non
977 760 1211 813 increata
1239 765 1425 810 natura
1454 753 1575 821 Spi-

135 885 203 921 ns.
240 865 346 929 Sed,
385 864 453 917 ait
490 862 605 922 ille,
637 858 836 933 dictum
886 864 987 920 est,
1021 850 1225 905 Omnia.
1275 848 1435 918 Atqui
1462 846 1577 900 hare

132 978 177 1017 ι.
220 957 410 1017 Omnia,
453 968 558 1007 non
605 964 724 1003 cum
772 953 949 1001 creata
995 944 1286 997 increatam
1335 947 1574 992 naturam

129 1044 434 1117 mprehendit.
463 1040 613 1109 Quod
644 1039 687 1092 si
719 1037 841 1090 huic
865 1035 1005 1098 voci,
1040 1031 1243 1093 Omnia,
1276 1026 1572 1089 attendens,

129 1158 206 1195 sus
230 1156 280 1194 es
306 1152 493 1191 sacram
525 1141 771 1188 naturam
812 1136 1096 1189 temerare,
1131 1125 1174 1175 si
1218 1121 1449 1175 audieris
1475 1120 1579 1173 Do-

131 1248 239 1286 num
265 1230 527 1288 dicentem,
571 1223 755 1278 Omnes
779 1225 1020 1289 quotquot
1050 1222 1289 1267 venerunt
1332 1220 1448 1264 ante
1478 1227 1575 1274 me,

129 1340 184 1377 ἐδ
201 1330 323 1374 erant
353 1328 395 1373 et
419 1317 636 1372 latrones
661 1312 837 1383 (Joan.
869 1309 957 1363 10.
985 1306 1063 1375 8),
1095 1304 1222 1373 quid
1248 1301 1485 1357 dixeris?
1510 1316 1575 1353 an

130 1430 265 1488 .ysem
292 1414 533 1467 latronem
576 1404 765 1461 dices?
813 1417 878 1455 an
905 1399 1196 1471 prophetas
1225 1393 1411 1448 fures?
1455 1408 1575 1445 nam

148 1507 244 1569 ille,
273 1502 440 1557 Omnes
466 1505 708 1567 quotquot
732 1503 850 1546 ante
888 1506 966 1543 me
987 1495 1243 1545 venerunt,
1274 1487 1410 1554 [ures
1438 1490 1578 1535 erant

129 1601 336 1651 latrones.
382 1592 479 1648 Sed
530 1603 721 1644 sensus
754 1582 1028 1652 distinguit
1060 1580 1125 1633 de
1162 1576 1353 1646 quibus
1402 1587 1580 1628 sermo

140 1699 189 1743 ct
225 1688 284 1740 ad
326 1697 452 1754 quos
480 1679 765 1751 pertineat.
798 1674 949 1729 Nunc
977 1671 1043 1726 de
1082 1668 1354 1724 creatione
1401 1678 1580 1718 sermo

144 1776 477 1834 :creationem
510 1771 577 1824 ab
616 1784 681 1825 eo
709 1767 898 1820 iactam
928 1762 1077 1826 dicit,
1110 1775 1212 1814 non
1256 1768 1431 1812 autem
1463 1755 1582 1809 sub-

129 1873 276 1925 ntiam
324 1866 564 1936 Spiritus,
608 1876 729 1931 qua:
777 1859 848 1912 ita
893 1855 1165 1925 cognoscit
1207 1867 1266 1906 ea
1313 1865 1432 1920 qua:
1484 1848 1578 1902 Dei

130 1974 177 2028 [1,
208 1971 260 2015 ut
285 1958 492 2029 spiritus
516 1952 748 2009 hominis
786 1965 905 2021 qtue
932 1949 983 2002 in
1011 1963 1067 2000 se
1097 1956 1236 2008 sunt,
1273 1952 1325 1995 nt
1351 1942 1424 1995 ait
1449 1941 1582 1994 Pau-

152 2072 165 2108 :
192 2050 346 2105 Nemo
374 2046 506 2101 novit
530 2059 642 2114 quia
666 2051 782 2095 sunt
814 2038 1051 2101 hominis,
1075 2036 1168 2087 nisi
1194 2034 1400 2099 spiritus
1423 2030 1582 2084 homi-

157 2144 237 2212 qui
265 2143 313 2194 in
338 2140 442 2208 ipso
474 2136 662 2190 habitat
690 2133 768 2203 (I.
796 2131 912 2185 Cor.
943 2128 997 2183 2.
1029 2127 1138 2195 11).
1168 2126 1222 2180 Si
1255 2140 1381 2191 ergo
1422 2123 1579 2191 spiri-

143 2246 282 2287 mens
318 2230 519 2283 alienus
559 2234 642 2280 est
680 2240 709 2277 a
738 2236 853 2276 mea
881 2228 1088 2280 natura,
1117 2217 1346 2287 Spiritus
1373 2228 1583 2283 quoque

170 2324 367 2378 alienus
416 2321 519 2374 crit
564 2332 597 2370 a
636 2323 823 2370 natura
874 2310 966 2364 Dei
1003 2327 1015 2361 :
1046 2323 1164 2361 nam
1217 2307 1310 2367 ait,
1358 2305 1582 2374 Spiritus

129 2418 193 2469 tia
227 2420 500 2473 scrutatur,
532 2408 681 2462 etiam
708 2402 964 2476 profunda
990 2399 1082 2452 Dei
1114 2397 1162 2469 (1
1174 2398 1222 2452 b.
1253 2413 1301 2450 ι’.
1334 2396 1443 2464 10).
1472 2394 1582 2449 γε.

130 2525 141 2558 ι
171 2503 443 2557 Ιιςιιηιὶοιιε
470 2497 620 2561 illud,
650 2504 928 2557 scrutatur,
958 2489 1126 2554 audit,
1159 2502 1374 2542 sensum
1404 2495 1581 2539 autem

129 2611 184 2649 re
209 2594 506 2662 detorquet.
549 2588 604 2643 Si
631 2586 772 2641 enim
805 2590 1003 2645 nosset,
1050 2580 1238 2648 inquit,
1266 2576 1495 2646 Spiritus
1520 2590 1583 2629 ea

129 2704 141 2736 ε
166 2687 216 2738 in
246 2685 352 2738 Deo
378 2688 525 2745 sunt,
559 2693 664 2732 non
694 2676 873 2744 utique
897 2678 1224 2727 scrutaretur
1250 2685 1263 2721 :
1288 2669 1401 2737 ipsa
1431 2681 1585 2720 nam-

156 2770 503 2842 pcrscrutatio
550 2764 903 2835 ignorantiam
950 2760 1143 2829 arguit.
1184 2756 1239 2812 Si
1271 2772 1401 2827 ergo
1443 2754 1586 2825 quod

130 2868 247 2918 'itus
275 2870 491 2914 sanctus
512 2855 766 2928 profunda
790 2853 879 2908 Dei
903 2860 1190 2915 scrutetur,
1220 2848 1271 2902 id
1298 2848 1411 2917 ejus
1434 2849 1586 2917 igno—
1634 2914 1639 2919 '

140 2957 239 3007 iam
270 2958 494 3021 arguat;
523 2963 643 3002 cum
675 2944 871 3000 videris
898 2944 1063 2997 Deum
1104 2939 1265 2995 corda
1310 2939 1587 2993 hominum

129 3056 363 3105 nantem,
394 3044 564 3112 ipsum
604 3036 914 3109 ignorantia:
940 3032 1255 3089 accusabis?
1282 3030 1417 3086 Audi
1445 3029 1588 3085 enim

130 3139 239 3191 lum
291 3135 687 3189 dicentem:ut
734 3128 801 3182 de
844 3126 1044 3196 Spiritu
1093 3124 1321 3188 dixerat,
1368 3121 1591 3192 Spiritus

134 3232 184 3281 ia
230 3235 511 3289 scrutatur,
558 3222 707 3276 etiam
747 3216 1003 3288 profunda
1050 3214 1142 3267 Dei
1170 3229 1188 3267 :
1218 3214 1296 3267 sic
1337 3212 1494 3266 etiam
1524 3210 1591 3266 de

152 3315 608 3387 philosophatur:
644 3309 744 3375 Qui
783 3325 897 3362 vero
941 3315 1194 3360 scrutatur
1232 3302 1409 3370 corda,
1455 3302 1592 3355 novit

129 3429 211 3463 um
244 3409 477 3480 Spiritus
503 3404 677 3476 (Rom.
709 3400 762 3457 8.
788 3400 905 3470 ‘27).
931 3400 985 3454 Si
1017 3413 1146 3467 ergo
1180 3398 1317 3451 Deus
1344 3398 1594 3465 ignorans

137 3511 299 3565 tatur,
334 3499 496 3553 etiam
524 3495 754 3565 Spiritus
796 3498 1064 3545 scrutatur
1094 3489 1363 3558 ignorans.
1392 3485 1590 3541 Verum

129 3594 259 3656 cius,
295 3588 526 3645 scrutari
558 3602 661 3641 non
695 3582 987 3653 ignorantis
1034 3595 1175 3644 esse,
1223 3578 1317 3633 sed
1362 3578 1479 3648 eius
1504 3579 1592 3648 qui

129 3696 162 3747 L,
210 3683 437 3738 intulit:
470 3680 561 3736 Sic
603 3688 650 3732 et
674 3693 786 3747 qua:
828 3675 924 3729 Dei
972 3684 1091 3728 sunt
1120 3688 1263 3726 nemo
1310 3672 1464 3735 novit,
1497 3671 1596 3724 nisi

130 3777 242 3828 itus
269 3773 367 3827 Dei
397 3773 471 3844 (l.
511 3768 629 3826 Cor.
657 3768 746 3824 10.
779 3765 871 3836 11)
907 3783 921 3821 :
950 3774 1003 3820 et
1043 3763 1401 3834 cognitionem
1429 3762 1595 3832 Spiri-

129 3865 406 3927 idscribit,
438 3878 544 3917 non
588 3856 1122 3929 comprehensionem
1163 3869 1228 3909 cx
1260 3863 1468 3919 natura,
1500 3852 1594 3908 sed

129 3968 302 4010 natura
323 3954 713 4025 cognitionem.

173 4050 369 4118 Itaque
418 4063 485 4100 ne
523 4043 730 4099 dividas
786 4038 1161 4095 indivisibilem
1214 4045 1480 4100 naturam,
1532 4050 1598 4089 ne

129 4156 251 4195 eces
301 4135 662 4193 substantiam
703 4146 820 4202 qua:
867 4129 1037 4184 secari
1082 4127 1284 4196 nequit,
1337 4127 1443 4178 imo
1485 4124 1600 4193 ejus

133 4234 310 4287 ntiam
365 4236 616 4283 accurate
647 4236 933 4293 cognosce.
962 4219 1112 4274 Unus
1154 4226 1237 4272 est
1264 4217 1352 4286 qui
1382 4225 1603 4270 vocatur

130 4342 165 4378 r
198 4336 255 4377 et
286 4320 467 4376 Filius
494 4329 546 4373 et
572 4318 801 4386 Spiritus
827 4321 1062 4367 sanctus.
1089 4311 1163 4364 De
1190 4309 1346 4363 Patre
1374 4322 1602 4376 namque

159 4416 343 4470 Filius
372 4430 388 4465 :
423 4410 549 4465 Cum
577 4406 799 4461 videritis
828 4403 1020 4457 Filium
1050 4401 1269 4456 hominis
1299 4396 1552 4452 sedentem
1573 4412 1603 4450 a

129 4509 200 4561 ris
245 4504 460 4558 virtutis
493 4499 706 4569 (Matth.
735 4496 826 4551 26.
856 4495 969 4564 64).
999 4492 1133 4548 Cum
1164 4492 1414 4545 virtutem
1448 4489 1600 4551 dixit,

130 4604 234 4653 iam
274 4594 584 4651 constituit.
605 4601 663 4645 ut
683 4586 999 4643 sententiam
1026 4584 1254 4639 mireris.
1277 4582 1608 4650 Quapropter

129 4708 180 4745 m
214 4691 447 4744 Patrem
475 4694 529 4741 et
563 4685 730 4737 Deum
759 4693 956 4733 vocans
982 4677 1256 4734 virtutem,
1283 4671 1497 4741 Caiphae
1524 4670 1606 4724 di-

135 4792 157 4836 t
194 4798 210 4833 :
247 4778 390 4834 Cum
418 4775 642 4830 uideritis
671 4770 865 4825 Filium
900 4767 1118 4821 hominis
1143 4764 1397 4818 sedentem
1426 4778 1456 4815 a
1486 4761 1609 4815 dea:-

133 4874 387 4927 virtutis.
420 4870 604 4923 Virtus
652 4879 779 4932 ergo
824 4862 1025 4916 Pater:
1062 4859 1229 4912 virtus
1272 4870 1402 4909 vero
1448 4852 1607 4907 etiam

129 4981 199 5023 IS,
235 4972 305 5016 ut
352 4964 428 5013 ait
462 4958 657 5013 Paulus
686 4973 699 5008 :
733 4951 958 5009 Christus
1002 4948 1099 5002 Dei
1124 4948 1279 5001 virtus
1306 4954 1355 4999 et
1388 4944 1483 4997 Dei
1520 4959 1610 4996 sa-

129 5056 199 5105 tia
250 5052 337 5123 (I.
372 5048 497 5105 Cor.
540 5048 590 5102 1.
621 5045 712 5113 24)
750 5042 963 5097 :virtus
1008 5038 1167 5093 etiam
1212 5034 1444 5103 Spiritus
1488 5045 1615 5086 san—

152 5164 168 5200 :
200 5121 348 5199 dicit
378 5142 525 5196 enim
555 5139 808 5194 Servatur
836 5130 1111 5200 discipulis
1143 5146 1157 5181 :
1189 5126 1395 5180 Manete
1436 5124 1490 5176 in
1525 5121 1614 5175 Je-

130 5240 263 5298 lem,
302 5237 475 5289 donec
500 5228 783 5285 induamini
801 5226 979 5279 virtute
1009 5238 1069 5275 ea:
1087 5221 1191 5274 alto
1220 5217 1368 5288 (Luc.
1391 5214 1481 5269 2L
1501 5214 1607 5280 l9).

129 5432 204 5475 :to
230 5398 440 5490 parem
468 5429 589 5470 esse
614 5412 886 5470 virtutem,
921 5403 1076 5459 Iidem
1124 5411 1305 5456 teneas
1332 5398 1617 5452 inconcus-

159 5529 177 5564 :
342 5504 557 5563 dividas
601 5500 817 5572 gloriam
858 5490 1476 5563 incomprehensibilem,
1525 5484 1618 5539 sed

130 5617 182 5656 ιε
226 5595 504 5667 baptismi
537 5601 688 5663 pacta
719 5606 735 5642 :
765 5588 943 5654 aspice
988 5583 1125 5637 ﬁlios
1169 5580 1356 5651 gratiae
1384 5592 1481 5647 per
1506 5590 1619 5630 ma-

129 5711 183 5748 m
228 5690 591 5746 sacerdotem
621 5686 888 5741 ﬂorentes,
938 5675 1116 5747 aSpicc
1156 5673 1287 5727 lucis
1316 5670 1450 5724 ﬁlios
1493 5682 1616 5721 cur-

3145 286 3250 343 546

1697 3305 1860 3359 terra,
1915 3293 2102 3348 caelum
2151 3302 2371 3361 purgata
2424 3300 2568 3344 sum.
2618 3289 3071 3358 Quemadmodum
3119 3294 3261 3348 enim

1697 3388 1886 3441 cmlum
1914 3395 1966 3438 et
1995 3373 2135 3439 terra
2160 3382 2227 3438 de
2252 3381 2447 3436 malitia
2478 3381 2759 3448 impiorum
2785 3381 3155 3452 ingemiscunt,
3184 3386 3263 3439 sic

1698 3477 1947 3532 laetantur
1972 3474 2039 3530 de
2066 3473 2267 3543 iustitia
2298 3472 2580 3541 proborum
2607 3488 2757 3526 :cum
2786 3473 2927 3527 enim
2957 3474 3116 3528 homo
3142 3490 3265 3544 pec-

1697 3578 1803 3631 cat.
1836 3568 2137 3635 indignatur
2163 3564 2372 3624 exulum.
2406 3562 2707 3632 indignatur
2734 3575 2894 3627 terra,
2925 3576 2980 3619 ut
3013 3566 3088 3620 ait
3115 3566 3270 3621 Jerc—

1699 3660 1834 3716 mias
1867 3676 1879 3711 :
1915 3656 2183 3725 Obstupuit
2208 3654 2386 3707 uelum
2422 3669 2572 3723 super
2611 3653 2726 3717 hoc,
2761 3663 2807 3707 et
2833 3654 3083 3709 inhorruit
3111 3667 3266 3720 terra,

1699 3757 1821 3827 quia
1855 3754 1955 3808 duo
1985 3752 2120 3805 mala
2158 3750 2278 3819 fecit
2304 3749 2525 3819 populus
2554 3744 2691 3817 (Jer.
2728 3747 2785 3801 2.
2815 3747 2902 3801 η.
2938 3748 3051 3819 I3).
3080 3748 3269 3804 Viden‘

1700 3846 1969 3918 quomodo
2006 3843 2350 3896 exliorrescat
2389 3839 2576 3892 caelum
2625 3846 2681 3893 et
2726 3848 2893 3902 terra,
2926 3841 3271 3907 peccantibus

1703 3933 2041 3995 hominibus?
2068 3932 2199 3987 Cum
2246 3940 2425 3983 autem
2469 3926 2537 3982 ad
2567 3927 2814 3997 pietatem
2858 3938 3267 3995 Convertuntur,

1701 4029 1821 4084 audi
1852 4025 2163 4096 prophetam
2194 4019 2461 4075 dicentem
2491 4034 2505 4070 :
2540 4015 2797 4071 Latentur
2824 4015 2939 4072 cwli
2966 4027 3015 4071 et
3053 4019 3268 4072 exsultet

1706 4131 1839 4176 terra
1861 4135 1879 4172 :
1900 4122 2163 4184 erumpant
2192 4120 2382 4165 montes
2411 4109 2462 4161 in
2488 4109 2732 4171 ltetitiam,
2767 4116 2813 4160 et
2843 4107 2996 4162 colles
3025 4108 3075 4161 in
3100 4109 3275 4162 asul-

1708 4212 1965 4268 tationem,
1985 4205 2103 4275 quin
2119 4202 2348 4255 misertus
2365 4207 2438 4252 est
2459 4194 2702 4250 Dominus
2715 4196 2891 4265 populi
2914 4198 2995 4249 sui
3011 4195 3061 4266 (Ι
3067 4198 3158 4249 sai.
3178 4195 3269 4252 49.

1710 4300 1820 4368 15).
1852 4298 2001 4351 Dicat
2042 4302 2096 4345 et
2126 4287 2367 4345 Ecclesia
2399 4303 2518 4356 qua:
2562 4294 2711 4340 tanto
2752 4294 2895 4341 cmtu
2934 4285 3092 4339 iloret
3121 4304 3134 4339 :
3167 4286 3277 4353 ligo

1709 4386 1974 4459 quondam
2017 4383 2200 4437 relicta
2244 4392 2361 4433 sum
2404 4376 2558 4439 sola;
2587 4374 2642 4429 hi
2668 4388 2798 4431 vero
2826 4374 2931 4429 mei
2952 4375 3050 4427 τιὺὶ
3078 4376 3279 4427 erant?

1709 4496 1808 4551 ego
1836 4478 2037 4545 absque
2064 4473 2245 4528 liberis
2283 4479 2337 4524 et
2364 4468 2519 4522 vidua
2544 4485 2561 4533 ;
2590 4466 2691 4523 hos
2713 4482 2844 4522 vero
2873 4466 2992 4535 quis
3028 4467 3157 4520 mihi
3184 4483 3280 4533 ge-

1714 4571 1863 4628 nuit?
1887 4568 2073 4623 Dicant
2099 4573 2153 4617 et
2184 4561 2275 4616 ﬁlii
2303 4560 2554 4614 Ecclesim
2582 4558 2672 4628 qui
2701 4556 3039 4612 multitudine
3077 4556 3277 4610 redun-

1712 4666 1877 4727 dant,
1922 4658 2303 4729 prOpbetarum
2339 4665 2471 4703 voce
2518 4648 2629 4704 Deo
2672 4648 2957 4716 loquentes
2985 4664 2998 4699 :
3024 4645 3280 4717 Angustus

1713 4755 1837 4810 mihi
1869 4755 2008 4806 locus
2031 4766 2050 4804 :
2077 4749 2159 4818 {ac
2185 4744 2306 4799 mihi
2338 4743 2501 4796 locum
2528 4748 2583 4791 ut
2621 4738 2841 4791 habitem
2876 4736 3035 4808 (Ibid.
3077 4752 3125 4789 υ.
3163 4736 3279 4803 20).

1792 4839 2029 4897 Ηιενειίεἱ
2052 4835 2246 4907 pridem
2267 4832 2584 4885 daminantes
2607 4843 2670 4881 ex
2695 4828 2891 4880 civitate
2913 4826 3077 4896 ejecti.
3096 4823 3286 4881 Contra

1716 4934 2004 4989 Anomteos.
2032 4954 2105 4970 -—
2127 4924 2259 4978 Cum
2291 4920 2433 4976 enim
2461 4919 2674 4973 ﬂoreret
2705 4917 2967 4985 impietas,
3000 4932 3122 4971 cum
3149 4916 3286 4970 hanc
3378 4913 3396 4927 ‘

1720 5025 1906 5080 urbem
1938 5020 2244 5075 devastaret
2284 5011 2534 5075 bzeresis,
2560 5008 2825 5078 absumpti
2855 5017 3008 5063 erant
3037 5008 3290 5062 Ecclesia:

1722 5116 1812 5171 lilii
1842 5128 1942 5168 :ac
1966 5112 2099 5166 sicut
2124 5109 2326 5161 locusta
2365 5113 2558 5157 terram
2600 5099 2881 5165 invadens,
2921 5098 3038 5169 ejus
3083 5098 3286 5153 fructus

1710 5205 1987 5295 ‘consumit
2020 5220 2034 5257 :
2065 5200 2143 5255 sic
2176 5196 2478 5268 perniciosa
2507 5192 2598 5247 illa
2626 5191 2870 5247 doctrina
2906 5189 3109 5245 fructus
3151 5205 3293 5243 verre.

1669 5279 1978 5351 "doctrinm
2019 5301 2073 5348 et
2111 5290 2325 5362 pietatis
2368 5283 2723 5354 consumpsit.
2754 5280 2953 5337 Verum
2996 5279 3174 5345 hodie,
3208 5280 3293 5333 di-

1725 5386 1870 5453 lecti,
1895 5385 2064 5455 ejecta
2107 5388 2191 5436 est
2233 5377 2484 5450 pestifera
2530 5375 2621 5429 illa
2651 5374 2918 5435 doctrina,
2959 5380 3013 5426 et
3054 5372 3293 5439 ingressu

1726 5488 1809 5534 est
1847 5474 2095 5530 salutaris
2136 5472 2325 5537 gratia,
2353 5483 2469 5539 qum
2498 5466 2749 5536 populum
2800 5471 3083 5533 regenerat
3127 5472 3175 5513 ct
3221 5462 3298 5513 sic

1728 5567 2061 5638 alloquitur:
2118 5561 2270 5616 Nunc
2299 5557 2573 5612 retribuam
2622 5572 2713 5623 pro
2763 5551 2981 5621 fetibus,
3009 5568 3132 5620 quos
3180 5566 3293 5602 ron—

1732 5658 1953 5727 sumpsit
1982 5671 2130 5711 erum
2158 5663 2202 5707 et
2231 5654 2422 5706 locusta
2447 5659 2492 5703 at
2520 5651 2695 5718 rubigo
2743 5644 2896 5714 (Joel.
2922 5642 2978 5695 ἳ.
3017 5641 3134 5711 ‘25).
3165 5640 3301 5707 Quid
