3872 6396
584 306 685 371 547
1562 384 1565 385 ν

580 428 882 493 contendis,
918 428 1185 493 haereticc,
1219 441 1343 482 cum
1382 425 1586 484 Judzeis
1634 426 1859 497 gloriam
1894 426 2161 497 Unigcniti

578 522 894 579 nominare?
933 521 1014 575 llli
1048 520 1506 575 resurrectionem
1535 529 1791 588 quantum
1816 520 1867 573 in
1910 520 2039 590 ipsis
2065 520 2164 574 fuit

578 615 917 669 occultarunt
942 630 954 665 :
986 622 1040 666 tu
1069 611 1404 665 divinitatem
1434 621 1689 680 quantum
1722 622 1874 681 potes
1900 612 2158 665 occultas.

579 710 647 758 At
688 719 864 774 neque
897 703 971 757 illi
1007 702 1287 758 veritatem
1336 702 1443 756 sibi
1469 702 1739 756 vindicare
1784 713 2027 772 possunt,
2062 717 2159 757 ne-

577 810 683 864 que
712 805 767 849 tu
814 794 1065 864 pietatem
1116 804 1449 863 perspectam
1494 792 1679 848 habes.
1714 794 1850 847 Audi
1881 808 2008 864 ergo
2040 809 2160 863 pro-

582 890 798 954 phetam
827 886 1095 940 dicentem
1126 901 1140 938 :
1176 884 1389 953 Operuit
1416 886 1566 938 caelos
1592 885 1751 938 virtus
1779 886 1908 956 ejus,
1936 896 1981 938 et
2010 885 2161 938 laude

579 978 693 1044 ejus
719 976 872 1046 plena
898 986 970 1029 est
996 986 1130 1030 terra
1180 974 1406 1046 (Habac.
1434 975 1490 1032 ὅ.
1520 978 1599 1045 5).
1642 977 1844 1042 Laude,
1876 993 1982 1031 non
2012 993 2161 1031 com-

585 1068 979 1136 prehensione;
1032 1067 1172 1132 fide,
1228 1083 1336 1121 non
1400 1069 1857 1137 perscrutatione;
1913 1069 2135 1122 caritate

580 1173 685 1212 non
718 1159 1125 1228 perquisitioue.
1150 1157 1266 1213 Non
1289 1158 1354 1212 ad
1385 1158 1814 1228 perquirendum,
1840 1159 1933 1214 sed
1954 1160 2019 1213 ad
2041 1174 2157 1217 cre~

577 1249 811 1303 dendum
864 1250 1091 1304 instituti
1144 1263 1386 1303 sumus:
1434 1250 1713 1305 credentes
1770 1251 2146 1320 illuminamur,

578 1356 683 1395 non
723 1341 936 1397 curiose
977 1342 1348 1411 perQuirentes
1411 1341 1761 1410 baptizamur.
1803 1342 1880 1397 Ne
1920 1351 1971 1397 te
2008 1344 2155 1398 deci-

581 1435 729 1501 piant
750 1443 921 1489 caatns
940 1433 1313 1489 haereticorum
1339 1451 1350 1487 :
1375 1432 1695 1501 baptismum
1711 1435 1907 1504 quippe
1936 1435 2153 1500 habent,

581 1524 674 1578 sed
721 1538 826 1578 non
878 1520 1372 1587 illuniinationem;
1424 1533 1478 1576 et
1532 1524 1865 1593 baptizantur
1907 1540 2152 1594 corpore,

576 1615 670 1668 sed
708 1614 884 1668 anima
913 1628 1018 1669 non
1051 1613 1440 1668 illuminantur.
1473 1615 1622 1671 Sicut
1661 1618 1802 1671 enim
1849 1618 2031 1673 Simon
2066 1619 2158 1673 ba-

578 1706 822 1773 ptizatus,
858 1722 962 1759 non
997 1705 1329 1761 illuminatus
1357 1717 1459 1772 est,
1499 1720 1550 1762 et
1586 1709 1669 1763 isti
1714 1713 1826 1779 pari
1873 1713 2034 1766 modo
2061 1712 2156 1767 dc-

577 1798 1002 1866 prolieuduntur.
1048 1798 1334 1853 Exsultent
1359 1812 1487 1869 ergo
1518 1801 1739 1869 spiritus
1764 1806 2151 1872 apostolorum,

573 1889 661 1958 qui
689 1890 951 1958 spirituali
982 1903 1179 1959 sagena
1216 1900 1420 1945 tantum
1448 1890 1586 1945 hunc
1617 1895 1870 1964 populum
1900 1907 2171 1965 ceperunt-

575 1996 668 2048 per
697 1980 949 2050 Spiritum
996 1995 1262 2037 sanctum.
1295 1983 1446 2038 Nunc
1496 1987 1712 2054 impleta
1759 1998 1842 2041 est
1888 1988 1938 2041 in
1984 1990 2153 2043 oculis

576 2074 775 2127 nostris
826 2074 1138 2143 prppltetica
1192 2091 1290 2129 vox
1323 2093 1337 2128 :
1372 2074 1439 2130 In
1482 2080 1769 2133 novissimis
1810 2080 2002 2147 diebus,
2033 2070 2179 2137 dicit

573 2161 731 2228 Deus,
764 2180 863 2216 non
914 2165 1048 2218 ultra
1096 2166 1283 2227 dicent,
1319 2165 1450 2221 Ecce
1493 2185 1615 2221 arca
1667 2174 1948 2226 testamenti
1991 2176 2153 2228 sancti

572 2254 773 2319 Israel;
818 2258 868 2310 id
914 2267 1025 2320 cst,
1056 2258 1230 2312 cultus
1281 2258 1566 2329 antiquus;
1622 2278 1781 2331 neque
1822 2265 2053 2318 ascendet
2099 2266 2152 2319 in

571 2364 658 2399 cor
684 2363 857 2401 eorum
901 2356 1249 2403 testamentum
1276 2367 1409 2404 arca:
1449 2351 1664 2423 (Jerem.
1693 2354 1747 2407 5.
1782 2355 1893 2425 16).
1937 2356 2151 2422 Quare?

570 2432 707 2497 Quia
724 2452 835 2490 ecce
851 2455 940 2508 ego
960 2441 1164 2494 mittam
1180 2443 1368 2496 multos
1384 2453 1652 2499 venatores
1669 2455 1717 2499 et
1737 2450 2020 2518 piscatores
2039 2452 2146 2522 (le-

570 2535 697 2577 rem.
715 2525 798 2578 lli.
820 2527 920 2590 l6).
935 2526 1376 2599 Circumscripsit
1402 2548 1581 2587 arcam
1611 2536 1756 2589 illam
1788 2549 2025 2594 veterem
2042 2542 2142 2611 (α),

570 2627 623 2670 ct
663 2617 867 2673 induxit
893 2634 1069 2675 arcam
1101 2621 1356 2678 Ecclesia:
1378 2640 1496 2694 qua:
1524 2641 1812 2697 numquam
1845 2629 2000 2699 perit.
2030 2624 2151 2684 Mit-

568 2721 671 2764 tunt
699 2713 881 2767 multos
908 2724 1167 2769 venatores
1194 2724 1241 2769 et
1271 2716 1571 2786 piscatores.
1601 2720 1645 2774 Ο
1676 2736 1865 2775 novam
1901 2718 2149 2792 piscatio-

571 2802 727 2856 neinl
754 2803 843 2873 qui
889 2802 1005 2859 heri
1052 2813 1240 2874 captus
1283 2816 1385 2873 est,
1432 2808 1589 2864 hodie
1632 2812 1907 2880 piscatur:
1947 2814 2146 2882 repleta

570 2891 714 2946 enim
736 2901 819 2947 est
844 2902 981 2947 terra
1008 2894 1176 2965 gloria
1206 2895 1427 2965 Christi,
1459 2908 1513 2954 et
1541 2902 1738 2971 impleti
1769 2914 1892 2958 sunt
1926 2906 2029 2961 fide
2058 2920 2145 2962 or-

575 2983 657 3038 bis
687 2982 842 3041 fines.
874 2982 952 3041 Ne
976 2988 1152 3057 itaque
1180 3000 1399 3059 propter
1425 2994 1601 3047 carnis
1630 2997 1985 3051 (economiam
2016 3014 2146 3054 con-

576 3073 811 3129 tumeliis
839 3074 1041 3131 afﬁcias
1086 3077 1419 3147 dignitatem.
1450 3082 1490 3135 A
1533 3078 1733 3139 .lndaeis
1762 3088 1889 3140 exiit
1937 3103 2140 3154 rumor,

571 3165 838 3221 venditatn
876 3165 1040 3223 fuisse
1071 3171 1544 3237 resurrectionem,
1572 3181 1627 3229 et
1656 3175 1792 3229 fama
1818 3179 2141 3247 percrebuit,

568 3254 858 3326 discipulos
888 3256 1035 3313 illum
1075 3258 1280 3317 furatos
1306 3278 1447 3319 esse.
1481 3263 1555 3320 Illi
1591 3278 1776 3324 contra
1802 3285 1999 3341 corpus
2027 3274 2142 3343 ejus

563 3342 880 3403 sententiam
920 3350 1111 3405 mortis
1139 3352 1396 3420 tulerunt,
1445 3356 1496 3411 hi
1529 3358 1851 3431 theologiam
1882 3367 2000 3433 ejus
2045 3342 2139 3434 pro

564 3437 700 3494 virili
729 3442 1068 3497 annuntiaut.
1093 3436 1294 3501 Verum
1328 3446 1542 3504 illorum
1587 3467 1751 3523 opera
1780 3473 1934 3513 error
1980 3459 2139 3515 hodie

560 3527 906 3597 ditl'unditur;
934 3534 1002 3588 ab
1026 3535 1266 3591 Ecclesia
1294 3554 1424 3594 vero
1446 3541 1549 3596 vita
1572 3555 1767 3600 aeterna
1796 3548 2134 3618 prmdicatur.

562 3619 646 3687 Et,
674 3622 717 3676 si
748 3622 849 3688 vis,
883 3624 1051 3680 habes
1094 3637 1328 3684 veterem
1370 3630 1650 3704 imaginem
1684 3658 1696 3691 :
1731 3647 1787 3693 ut
1827 3640 1967 3694 enim
2015 3658 2134 3697 cum

557 3704 778 3781 Iosephi
810 3712 1006 3771 fratres
1048 3718 1144 3786 ipsi
1184 3720 1417 3776 insidiati
1458 3733 1601 3790 sunt,
1630 3727 1797 3784 Jacub
1821 3740 1875 3786 ct
1900 3733 2014 3802 ejus
2054 3734 2134 3791 fa-

561 3802 703 3856 milia
751 3804 922 3875 ipsum
954 3808 1107 3863 valde
1137 3810 1389 3881 lugebat;
1433 3817 1526 3871 sed
1569 3811 1833 3891 IEgyptus
1859 3821 2005 3881 illum
2036 3827 2131 3882 ha-

558 3892 719 3949 bebat
745 3896 1007 3952 viventem
1031 3914 1093 3954 ac
1121 3914 1436 3973 regnantem
1464 3924 1476 3960 :
1509 3908 1594 3964 hic
1621 3914 1758 3981 apud
1787 3914 2046 3974 Iacobum
2077 3931 2134 3977 ut

554 3994 796 4039 mortuus
826 3986 1143 4056 lugebatur;
1197 3992 1249 4046 in
1278 3986 1512 4067 Egypto
1550 4009 1728 4057 autem
1758 4006 1907 4063 vivus
1936 4026 2132 4081 regna-

555 4074 643 4131 bat
674 4094 687 4131 :
718 4078 796 4132 sic
822 4087 877 4132 et
903 4095 1045 4135 nunc
1073 4083 1214 4151 apud
1239 4084 1453 4141 .Iudacos
1481 4100 1536 4146 et
1580 4092 1819 4153 furentes
1852 4074 2131 4161 haereticos

556 4177 798 4223 mortuus
825 4169 915 4225 ille
945 4182 1192 4241 putatur;
1224 4176 1548 4251 theologiam
1580 4188 1720 4242 enim
1751 4193 2018 4259 perimunt
2038 4200 2127 4267 qui

554 4256 709 4311 fidem
735 4258 929 4315 tollunt
953 4272 1007 4317 et
1028 4266 1354 4333 quaestiones
1378 4284 1629 4343 movent;
1661 4256 1799 4348 apud
1825 4300 1921 4338 nos
1948 4256 2124 4344 autem

553 4356 741 4418 regnat
769 4350 939 4416 vivus,
969 4362 1026 4407 et
1067 4362 1124 4409 ut
1153 4356 1307 4413 decet
1343 4361 1618 4420 adoratur.
1649 4370 1719 4424 At
1745 4386 1870 4430 vere
1914 4378 2125 4436 lirinum

550 4439 888 4512 validumque
933 4454 1017 4499 est
1062 4445 1155 4503 Dei
1208 4452 1455 4522 verbum,
1518 4458 1711 4516 invicta
1760 4473 2122 4536 apostolorum

550 4529 816 4586 doctrina.
847 4534 1032 4606 itaque
1072 4552 1177 4594 non
1207 4539 1404 4598 frustra
1446 4547 1649 4605 laborat
1679 4529 1824 4610 Pauli
1855 4575 1957 4615 vox
1985 4564 2123 4618 veri-

545 4623 668 4678 tatis
694 4638 907 4681 causam
953 4643 1138 4698 agens.
1184 4633 1317 4705 Age,
1351 4635 1508 4695 beate
1552 4642 1737 4712 Paule,
1772 4664 1868 4718 pro
1900 4655 2123 4712 veritate

543 4715 858 4781 concitatus,
891 4718 1172 4791 indignare
1215 4741 1314 4795 pro
1344 4728 1470 4798 fide,
1514 4715 1789 4806 iratusque
1816 4741 1902 4797 dic
1946 4744 2119 4802 ha-re-

540 4805 701 4883 ticis_:
745 4807 1023 4866 Undenain
1057 4817 1399 4875 Aristotelica
1429 4823 1603 4879 edocti
1633 4831 1803 4885 estis?
1832 4836 1952 4903 quis
1998 4838 2118 4894 Pla-

541 4904 720 4951 tonem
739 4899 1037 4971 Evangeliis
1060 4910 1331 4975 prtetulit?
1361 4914 1480 4982 quis
1504 4916 1625 4973 lidei
1656 4899 2113 4999 prardieitioucm,

532 4987 712 5056 ejccit,
744 5000 798 5046 et
840 4993 1166 5054 incredulam
1195 5007 1546 5072 qumstioncm
1592 4987 1845 5071 induxit?
1896 5021 2110 5078 ubinam

534 5079 690 5146 illud,
708 5084 957 5182 ingenitus
973 5099 1022 5145 et
1043 5094 1262 5162 genitus,
1280 5095 1547 5155 didicisti?
1573 5103 1855 5177 Reliquisti
1877 5112 2108 5182 Patrem,

534 5172 780 5239 respuisti
825 5168 938 5231 Filii
972 5196 1190 5249 nomen,
1222 5186 1492 5259 indignam
1539 5168 1732 5263 putasti
1762 5200 1994 5269 Spiritus
2026 5168 2109 5260 di:

532 5261 811 5328 gnitatein,
838 5267 904 5321 ad
937 5267 1164 5328 humana
1196 5279 1356 5333 verba
1386 5291 1438 5337 te
1463 5261 1753 5344 convertis.
1778 5293 1952 5351 Probe
1976 5298 2107 5356 dixit

528 5349 811 5457 Jerettiias,
842 5355 1002 5412 Periit
1028 5363 1155 5427 ﬁdes
1180 5383 1245 5420 ea:
1268 5385 1356 5423 ore
1379 5389 1555 5429 eorum
1585 5376 1717 5451 (λεν.
1744 5382 1795 5437 7.
1823 5349 1945 5456 28).

527 5441 661 5495 dixit
689 5442 876 5501 Petrus
906 5458 959 5504 et
989 5452 1178 5507 beatus
1204 5461 1520 5526 praedicatus
1540 5441 1656 5524 est?
1696 5472 1774 5527 Tu
1800 5494 1852 5530 es
1874 5441 2107 5538 Curiatiis

508 5530 693 5636 filius
723 5532 817 5590 Dei
859 5537 1054 5611 (Matth
1118 5547 1206 5602 16.
1240 5550 1351 5619 16).
1384 5553 1501 5610 Non
1530 5558 1684 5626 dixit,
1716 5564 1794 5620 Tu
1824 5530 2104 5642 csvp‘rol;

520 5622 779 5740 inge‘iiitli;
830 5630 949 5697 sed,
989 5635 1062 5740 u
1101 5654 1153 5693 es
1182 5640 1408 5701 (Ilii-istm
1454 5648 1627 5708 Filius
1672 5622 1789 5715 Dei.

584 5718 655 5781 (α)
684 5719 732 5770 ω
760 5732 852 5785 est,
879 5739 942 5774 ne
969 5726 1088 5779 ultra
1114 5741 1465 5792 monstraretur
1488 5745 1665 5799 cfi‘ccu.

2065 301 2291 359 DUBIA.

3654 352 3725 413 Sta

2274 421 2433 539 Pater
2464 426 2781 495 sapientiam
2825 434 3108 504 revelavit,
3142 455 3312 500 annon
3354 446 3477 508 illam
3499 471 3645 530 capm
3665 486 3727 539 pq.

2271 514 2410 569 iuit?
2451 530 2630 574 annon
2664 531 2877 590 poterat
2904 527 3155 588 Christus
3200 544 3435 606 apostolis
3472 514 3725 623 dicere};

2270 606 2389 662 illos
2412 611 2570 677 jussit
2596 612 2892 684 baptizare,
2922 619 3126 679 Euntes
3152 627 3400 700 baptizate
3422 606 3728 709 gentesvi'u‘;

2269 699 2411 755 mine
2436 704 2604 771 geniti
2632 714 2688 761 et
2719 708 2938 779 ingeniti
2958 715 2981 767 ?
3003 714 3109 771 Sed
3130 699 3453 791 mysticarutii
3477 699 3727 801 ινξιόὶιῷηῶ

2267 792 2562 860 sapientius
2584 811 2779 854 nomen
2805 802 3025 860 invenit.
3052 808 3233 865 Divina
3250 816 3608 893 circumscribis,
3624 833 3728 891 fidem

2269 881 2425 947 tollis,
2461 894 2514 937 et
2540 891 2891 955 quiestionem
2927 895 3157 955 inducis.
3191 902 3291 958 Sed
3333 910 3464 975 time,
3490 930 3518 968 ο
3556 881 3728 984 ininiiee:

2266 972 2456 1029 Petrus
2480 978 2660 1034 claves
2689 990 2833 1038 tenet
2860 1004 2872 1038 :
2905 989 3028 1057 quia
3060 992 3205 1047 enim
3234 996 3381 1063 dixit,
3420 972 3489 1057 Tu
3512 1024 3553 1061 es

2266 1062 2436 1119 Filius
2456 1066 2572 1131 Dei,
2598 1072 2776 1128 claves
2804 1080 3032 1149 accepit.
3053 1081 3200 1149 Quos
3226 1062 3408 1145 viderit
3428 1094 3585 1154 Petrus
3601 1062 3729 1165 Filia;

2263 1154 2522 1224 dicentes,
2557 1162 2622 1216 iis
2669 1175 2877 1233 portam
2912 1173 3062 1240 regni
3111 1177 3281 1246 aperit
3310 1198 3324 1236 :
3350 1196 3575 1255 quotquot

2263 1250 2457 1305 viderit
2486 1253 2659 1323 ipsum
2696 1275 2810 1314 rem
2837 1276 2960 1317 esse
2990 1279 3228 1323 creatam
3251 1250 3540 1335 dicentes-et
3562 1250 3729 1358 διηριλᾷ

2263 1352 2493 1411 montes,
2521 1346 2584 1401 iis
2613 1359 2821 1419 portam
2842 1354 3099 1414 Ecclesia:
3121 1363 3369 1419 occludit.
3386 1367 3489 1423 Non
3510 1375 3625 1441 prius
3638 1346 3727 1437 enim

2261 1434 2441 1490 claves
2469 1442 2694 1513 accepit,
2711 1459 2869 1512 quam
2894 1447 3114 1516 diceret,
3132 1451 3207 1506 Tu
3224 1469 3275 1509 es
3293 1456 3341 1509 F
3341 1458 3450 1513 ilius
3467 1434 3577 1520 Dei:
3600 1434 3731 1529 tuncet

2261 1525 2350 1579 ille
2368 1529 2515 1583 audit
2533 1530 2599 1585 ab
2630 1534 2747 1602 ipso
2773 1535 2992 1594 :Beatus
3019 1557 3091 1609 es,
3118 1543 3299 1601 Simon
3319 1525 3729 1620 Barjonanibidula

2259 1616 2423 1672 claves
2452 1623 2596 1691 regni
2622 1625 2863 1682 actorum
2896 1631 3112 1701 (Matt/1.
3146 1641 3169 1693 ί
3181 1639 3233 1693 6.
3267 1642 3372 1711 17).
3394 1616 3729 1710 Postconlessio;

2260 1726 2378 1763 nem
2402 1723 2666 1782 potestas;
2698 1731 2817 1787 post
2837 1721 2993 1780 fidem
3019 1728 3248 1786 traditur
3262 1733 3485 1792 Ecclesia
3500 1752 3545 1795 et
3559 1760 3727 1813 regnum.

2329 1798 2382 1856 3.
2415 1802 2612 1860 Verum
2660 1810 2751 1865 alii
2782 1826 2967 1869 contra
3002 1817 3198 1876 Filium
3245 1840 3489 1895 pugnant,
3516 1834 3587 1888 alii
3605 1798 3729 1896 :onlra

2257 1892 2515 1963 Spiritum
2569 1912 2814 1958 sanctum
2882 1910 3052 1964 aciem
3108 1892 3395 1973 instruunt.
3442 1892 3602 1980 verum
3648 1935 3729 1987 nihil

2259 1987 2474 2054 prodest
2501 1992 2642 2059 quod
2689 1994 2961 2054 Christum
3003 2005 3389 2076 confiteantur,
3419 2014 3527 2070 dum
3552 2019 3731 2088 Spiritum

2256 2089 2497 2133 sanctum
2527 2095 2724 2153 negant
2754 2104 2766 2138 :
2801 2088 2939 2144 sicut
2967 2094 3097 2151 nihil
3146 2100 3366 2167 prodest
3401 2105 3461 2159 iis
3492 2112 3566 2176 qui
3590 2112 3732 2172 Patrem

2255 2169 2598 2237 confitentur,
2631 2188 2682 2230 ct
2715 2178 2916 2235 Filium
2950 2198 3167 2254 negant.
3198 2191 3326 2247 Nam
3349 2206 3399 2249 et
3422 2169 3566 2253 Judaei
3588 2169 3733 2261 Patren

2253 2260 2593 2327 confitentur,
2623 2270 2711 2335 qui
2759 2286 2957 2342 negant
2988 2274 3205 2347 Filium,
3237 2300 3405 2353 neque
3434 2289 3599 2348 habent
3626 2301 3732 2354 vitam

2253 2361 2529 2409 aeternam.
2561 2359 2659 2427 Qui
2684 2361 2879 2420 Christi
2910 2369 3133 2437 gloriam
3162 2375 3408 2446 desl‘iicit,
3445 2400 3535 2440 non
3560 2405 3732 2461 accepti-

2254 2442 2379 2500 bilis
2422 2458 2504 2502 est
2534 2452 2674 2519 apud
2718 2454 2954 2513 Patrem.
3006 2466 3243 2524 Attende
3268 2442 3552 2544 diligenter.

2250 2538 2405 2591 amici
2437 2539 2559 2596 Jobi
2587 2560 2708 2599 cum
2747 2548 2853 2603 Deo
2901 2560 3317 2627 conveniebant,
3358 2567 3445 2620 scd
3472 2568 3729 2629 Jobumcmi-

2251 2626 2575 2689 demnarunt
2606 2653 2619 2689 :
2654 2636 2797 2694 Deus
2839 2658 2989 2710 vero,
3033 2647 3159 2705 licet
3205 2652 3283 2707 illi
3312 2668 3512 2713 Causam
3539 2677 3651 2717 suam
3674 2668 3729 2719 de

2250 2721 2555 2793 fenderent,
2589 2745 2695 2785 non
2740 2733 2983 2802 probavit
3011 2756 3128 2809 eos,
3159 2744 3255 2799 sed
3285 2747 3413 2803 dixit
3439 2768 3451 2804 :
3482 2752 3567 2806 Cur
3602 2759 3733 2824 loquni

2248 2816 2366 2868 estis
2396 2831 2571 2872 contra
2596 2838 2793 2877 servum
2820 2843 2984 2882 meum
3013 2830 3114 2886 Job
3164 2835 3184 2900 (
3209 2836 3309 2891 Job
3338 2840 3425 2894 42.
3456 2843 3533 2913 7)?
3566 2847 3608 2900 Si
3641 2816 3734 2905 Drus

2249 2907 2470 2974 amicos,
2493 2913 2581 2979 qui
2610 2926 2796 2969 contra
2819 2918 3009 2975 Jobum
3044 2924 3248 2993 laqnuti
3273 2928 3475 2987 fuerant
3496 2948 3539 2990 et
3555 2952 3601 2991 sc
3619 2944 3734 3009 glori:

2246 2996 2553 3066 affecerant,
2577 3019 2680 3058 non
2710 3011 3046 3080 approbavit,
3067 3032 3132 3070 an
3162 3035 3261 3075 eos
3282 3024 3369 3091 qui
3395 3024 3560 3083 Filium
3583 3047 3735 3103 negant,

2247 3089 2368 3145 licet
2399 3107 2456 3146 se
2485 3098 2862 3169 confiteantur,
2898 3109 3220 3174 probaturus
3247 3089 3369 3170 est?
3397 3119 3583 3177 Minime
3620 3089 3733 3180 sane:

2245 3196 2387 3246 nam,
2417 3183 2517 3250 Qui
2536 3190 2644 3242 odit
2673 3207 2771 3257 me,
2799 3193 2988 3265 inquit,
3011 3212 3058 3253 et
3081 3200 3292 3258 Patrem
3324 3226 3476 3264 meum
3500 3215 3587 3267 odit
3612 3214 3734 3284 (1m

2248 3272 2333 3328 15.
2370 3275 2482 3347 25).
2509 3278 2872 3353 Similiterque
2914 3291 3054 3347 sicut
3074 3294 3240 3352 Pater
3264 3300 3492 3359 oblatum
3515 3308 3597 3362 sibi
3614 3272 3735 3365 bona

2244 3383 2354 3421 rem
2402 3386 2505 3426 nou
2554 3376 2765 3447 recipit,
2797 3381 2841 3436 si
2892 3383 3060 3441 Filius
3105 3406 3214 3445 non
3276 3394 3565 3461 lionoretur.
3592 3403 3651 3456 sic
3672 3420 3734 3457 nec

2241 3456 2398 3513 Pater
2427 3477 2524 3516 nec
2568 3458 2753 3535 Filius,
2790 3471 2835 3525 si
2882 3470 3113 3543 Spiritus
3162 3494 3384 3539 sanctus
3422 3501 3730 3546 contemnatur.

2241 3545 2438 3605 Paulus
2484 3560 2630 3610 certe
2683 3561 2931 3618 hairetica
2981 3568 3181 3625 zizania
3236 3578 3531 3643 pullulautia
3574 3583 3733 3649 invenit,

2238 3640 2333 3693 scd
2374 3657 2493 3711 qua:
2536 3663 2824 3720 numquam
2870 3669 3055 3725 aperte
3090 3640 3405 3734 eruperunt.
3444 3672 3557 3728 Nam
3596 3676 3734 3745 Ephesi

2239 3729 2291 3832 in
2313 3734 2435 3832 asia
2460 3743 2863 3832 cumquosdam
2891 3729 3289 3829 reperissetqui
3312 3761 3541 3829 baptizati
3565 3729 3728 3832 fueram,

2237 3820 2370 3878 dixit
2396 3828 2473 3882 eis
2504 3847 2517 3882 :
2565 3830 2625 3886 Si
2655 3831 2909 3903 Spiritum
2936 3857 3168 3900 sanctum
3212 3856 3471 3924 accepistis
3507 3862 3731 3913 crederm!

2238 3912 2626 4009 Responderunt
2656 3922 2757 3993 illi,
2789 3928 2967 4001 Neque
3009 3938 3053 3989 si
3082 3937 3312 4009 Spiritus
3334 3912 3525 4002 sanctus
3556 3960 3611 4004 est
3630 3912 3730 4003 auidi-

2234 4006 2413 4103 uimus
2442 4009 2579 4081 (Act.
2616 4015 2698 4069 l9.
2731 4017 2812 4087 2).
2841 4020 2975 4078 Hinc
3028 4006 3286 4095 praiclara
3342 4036 3424 4091 illa
3466 4055 3571 4102 vox,
3596 4040 3644 4093 In
3663 4057 3730 4103 quo

2232 4115 2350 4170 ergo
2395 4100 2638 4175 baptizati
2678 4114 2839 4168 estis?
2889 4112 3077 4177 Petrus
3124 4126 3359 4199 itemque
3398 4100 3569 4189 Paulus
3594 4100 3727 4190 Eccio.

2231 4193 2362 4247 siam
2386 4195 2632 4266 doceant,
2657 4220 2761 4258 non
2788 4211 3079 4268 nectendas
3100 4232 3221 4274 esse
3244 4193 3334 4276 illa
3358 4223 3606 4281 haereticas
3626 4245 3727 4298 qua.»

2231 4285 2452 4341 stiones.
2485 4284 2638 4348 Unde
2682 4297 2890 4354 nefaria
2925 4303 3008 4357 illa
3034 4305 3290 4367 Eunomii
3318 4317 3607 4387 appellatio?
3628 4284 3725 4373 unde

2230 4373 2481 4435 hmrctica
2514 4388 2759 4443 semina?
2791 4390 2932 4449 Sane
2966 4400 3119 4464 periit
3150 4404 3351 4460 veritas
3374 4411 3502 4478 apud
3523 4413 3670 4479 impios
3691 4424 3726 4462 rt

2228 4469 2565 4529 Aristotelica
2598 4479 2839 4536 doctrina
2871 4485 3129 4544 obtinuit.
3155 4469 3422 4554 Humana;
3449 4469 3620 4556 natura:
3651 4516 3704 4556 te:

2228 4562 2403 4618 minos
2436 4580 2665 4636 usurpas
2707 4574 2847 4629 circa
2894 4576 3128 4636 divinam
3171 4598 3225 4640 et
3256 4605 3362 4644 non
3390 4593 3593 4662 genitam
3618 4606 3722 4646 nato—

2227 4663 2362 4719 ram,
2388 4664 2442 4709 et
2470 4660 2703 4726 genitam
2755 4664 2931 4720 dicis?
2957 4662 3034 4724 Tu
3085 4690 3234 4744 vero,
3279 4660 3469 4751 inquit,
3506 4685 3608 4753 quid
3639 4699 3719 4738 esse

2227 4742 2440 4801 Patrem
2470 4749 2649 4805 dicis?
2695 4754 2993 4826 lugenitum
3025 4765 3165 4831 dico,
3198 4742 3293 4824 sed
3328 4742 3430 4829 non
3456 4742 3573 4831 sicut
3598 4787 3638 4831 tu
3658 4792 3718 4829 as-

2223 4838 2360 4893 seris
2387 4858 2401 4894 :
2431 4840 2728 4912 ingenitam
2746 4850 2884 4907 dico
2906 4854 3140 4921 Patrem,
3164 4864 3287 4930 quia
3316 4883 3417 4920 non
3445 4868 3715 4939 fuitgcnitus.

2221 4925 2328 4983 Sed
2360 4941 2413 4986 et
2439 4948 2538 5001 ego
2565 4937 2826 4995 Adamum
2858 4944 3150 5013 ingenitum
3181 4925 3332 5019 dico,
3364 4959 3477 5027 quia
3500 4925 3589 5014 utin
3610 4958 3719 5029 grii-

2222 5027 2325 5085 tus,
2359 5023 2452 5076 sed
2484 5023 2740 5085 formatus
2767 5044 2869 5087 est.
2904 5035 2979 5091 Ne
3021 5040 3293 5100 auditores
3320 5023 3499 5103 alienis
3524 5023 3715 5119 peractus

2225 5106 2417 5167 dictis:
2447 5113 2563 5170 haec
2586 5119 2841 5188 figmenta
2865 5136 3008 5181 sunt.
3028 5128 3296 5200 lngenitus
3316 5150 3397 5193 est
3413 5106 3552 5195 Pater
3570 5160 3581 5195 :
3600 5141 3714 5194 multa

2214 5218 2425 5275 quoque
2473 5208 2575 5262 alia
2630 5212 2865 5283 ingenita
2921 5233 3066 5277 sunt.
3118 5224 3412 5297 lugenitum
3455 5235 3620 5303 quippe
3655 5242 3707 5285 θυι

2216 5294 2593 5368 quodcumque
2636 5318 2742 5359 non
2804 5310 3041 5377 genitum
3083 5294 3202 5371 fuit
3237 5336 3253 5375 :
3311 5294 3580 5393 ingenitum
3616 5338 3711 5392 quo-

2211 5401 2314 5455 que
2346 5388 2541 5446 dicitur
2581 5397 2722 5464 quod
2770 5402 2985 5468 quidem
3034 5406 3121 5475 fit,
3166 5412 3261 5466 sed
3308 5388 3526 5471 nondum
3566 5388 3708 5470 factum

2213 5488 2315 5532 est.
2362 5480 2707 5541 ResurrcCIio
2738 5503 3072 5553 mortuorum
3121 5517 3262 5560 nunc
3308 5505 3523 5577 ingenita
3543 5510 3708 5563 estztiet

2207 5571 2382 5635 enim,
2415 5575 2508 5628 sed
2534 5578 2769 5635 nondum
2799 5582 2937 5640 facta
2969 5598 3087 5657 est,
3118 5605 3303 5665 estque
3333 5571 3599 5661 incondita.
3621 5614 3703 5651 cum

2208 5667 2445 5722 nondum
2478 5671 2549 5723 sit
2588 5674 2793 5742 genita.
2824 5677 3029 5737 Dicitur
3053 5698 3260 5756 qucque
3301 5691 3567 5758 ingenitum
3602 5690 3701 5756 quot

2208 5775 2306 5817 nec
2361 5762 2580 5835 tactum,
2624 5784 2801 5842 neque
2849 5789 3099 5848 umquam
3148 5784 3438 5842 faciendum
3465 5795 3551 5854 est,
3571 5792 3701 5853 eoque
