4064 6520
504 336 610 393 549

506 454 543 522 η
576 451 873 512 ἀνάστασις
907 448 1016 500 τῶν
1058 445 1264 516 νεκρῶν
1301 443 1594 513 ἀγέννητος
1625 440 1719 496 νῦν
1740 458 1753 472 ·
1789 443 1999 509 γίνεται
2043 444 2171 514 7&9,

510 541 623 594 ἀλλ’
656 537 807 593 οὔπω
846 535 1088 604 γέγονεν,
1128 534 1220 586 καὶ
1252 531 1397 585 ἐστιν
1422 531 1918 593 ἀκατασκεύαστος,
1951 532 2176 601 μηδέπω

509 626 842 695 γεννωμένη.
890 621 1123 689 Λέγεται
1160 619 1453 688 ἀγέννητον
1487 618 1581 671 καὶ
1623 616 1683 671 τὸ
1719 618 1986 687 μηδέποτε
2039 620 2175 688 μήτε

513 712 813 780 γινόμενον,
842 711 979 779 μήτε
1007 700 1258 775 γενέσθαι
1279 705 1510 773 ὀφεῖλον,
1537 700 1648 757 οἷον
1674 703 1846 756 πολλά
1870 704 2139 773 ἀγέννητα
2157 720 2171 735 ·

511 798 631 851 ἐπεὶ
664 793 756 849 οὖν
779 797 828 848 οί
855 795 1149 865 προφῆται,
1175 794 1268 845 καὶ
1290 790 1486 861 Δανιὴλ
1518 791 1613 861 μὲν
1635 790 1812 858 λέγει·
1855 790 2176 859 Ἐθεώρουν

511 884 774 950 τέσσαρα
812 882 985 949 θηρία
1016 878 1379 947 ἐξερχόμενα
1422 879 1490 931 ἐκ
1536 876 1649 945 τῆς
1692 875 2041 942 θαλάσσης·
2077 878 2176 931 καὶ

510 970 587 1041 ἦν
620 971 684 1023 τὸ
721 968 957 1038 πρῶτον
983 970 1191 1035 θηρίον
1224 966 1367 1018 ὡσεὶ
1393 965 1626 1027 λέαινα,
1649 964 1749 1016 καί
1781 965 1964 1032 πτερὰ
1990 964 2176 1019 αὐτοῦ

507 1063 589 1126 ὡς
631 1056 830 1112 ἀετοῦ.
872 1057 983 1108 Kal
1010 1054 1135 1121 ποῦ,
1174 1054 1295 1106 εἰπέ
1341 1070 1451 1123 μοι,
1482 1051 1689 1105 ἐθεάσω
1736 1051 1919 1122 θηρίον
1959 1051 2177 1121 λεαίνης

507 1147 649 1202 οὕτω
693 1141 1154 1213 διεσκευασμένην
1188 1141 1308 1210 ἔχον
1341 1140 1439 1211 τὴν
1476 1138 1842 1199 κατάστασινς
1896 1136 1997 1190 ποῦ
2039 1132 2176 1201 εἶδες

511 1234 699 1306 θηρίον
729 1232 850 1302 ἔχον
872 1231 1069 1299 ὄνυχας
1089 1226 1340 1298 σιδηροῦς
1366 1226 1459 1279 καὶ
1475 1226 1689 1288 ὀδόντας
1704 1223 1936 1295 χαλκοῦς
1956 1236 1971 1288 ;
1990 1223 2177 1277 Ταῦτα

508 1320 565 1373 δέ
594 1322 673 1381 είς
703 1316 936 1387 θεωρίαν
958 1314 1290 1368 ἀνέπλαττεν
1322 1314 1351 1364 6
1374 1312 1660 1382 προφήτης
1678 1328 1693 1341 ·
1724 1310 1784 1363 οὐ
1812 1310 1916 1380 μὴν
1942 1310 2174 1376 ἐγένετο,

512 1406 634 1459 οὐδέ
668 1405 897 1472 γίνεται,
927 1402 1043 1455 ἀλλ’
1078 1401 1277 1454 ἔστιτὸ
1309 1399 1496 1469 θηρίον
1525 1400 1701 1450 ἐκεῖνο
1728 1397 2040 1467 ἀγέννητον,
2073 1414 2178 1469 μη-

510 1490 790 1545 δεπώποτε
832 1490 1140 1559 γενόμενον,
1177 1486 1289 1540 ἀλλ’
1327 1483 1621 1555 ὠνομάσθη
1658 1483 1836 1553 μόνον.
1883 1485 2037 1536 Ποῖαι
2071 1500 2170 1551 γυ-

512 1582 696 1640 ναῖκες
745 1576 989 1645 ἐγένοντο
1019 1574 1197 1645 πτερά
1242 1574 1484 1643 ἔχουσαι,
1527 1572 1644 1635 οἵας
1691 1567 1798 1624 οἶδε
1832 1582 1858 1611 ι
1904 1571 2177 1640 Ζαχαρίας

514 1667 689 1736 πτερά
722 1663 1029 1736 φερούσας;
1059 1662 1160 1715 ποῦ
1184 1660 1391 1714 ἐθεάσω
1420 1658 1684 1729 πάρδαλιν
1711 1658 1939 1727 ἔχουσαν
1967 1657 2173 1728 πτερά;

512 1754 695 1807 Ταῦτα
731 1752 788 1804 δὲ
817 1751 995 1804 πάντα
1023 1748 1292 1819 ἐξηγεῖται
1319 1749 1348 1800 ὀ
1379 1747 1644 1816 μακάριος
1673 1743 1887 1814 Δανιὴλ.
1926 1742 2073 1817 [421]
2104 1744 2177 1797 ’Π

514 1840 617 1893 ποῦ
643 1839 852 1893 ἐθεάσω
881 1836 1173 1907 ἀνδριάντα
1203 1835 1311 1889 ἀπὸ
1331 1832 1533 1904 χρυσοῦ
1557 1833 1651 1885 καὶ
1676 1829 1917 1902 ἀργύρου
1942 1832 2035 1883 καὶ
2056 1830 2175 1900 χαλε

514 1926 614 1983 κοῦ
646 1927 741 1981 καὶ
775 1925 993 1996 σιδήρου
1029 1924 1123 1978 καὶ⁸
1152 1924 1422 1994 ὀστράκου
1448 1921 1548 1991 τὴν
1585 1918 1934 1988 κατασκευὴν
1967 1918 2174 1988 ἔχοντα,

512 2011 625 2068 οἷον
647 2008 755 2066 εἶδε
785 2012 1018 2081 Δανιήλ;
1052 2012 1284 2064 ἕκαστον
1311 2010 1368 2062 δὲ
1396 2007 1603 2061 τούτων
1622 2006 1917 2076 ἀγέννητον
1942 2017 1956 2032 ·
1983 2004 2043 2056 οὐ
2070 2004 2178 2075 7&9

512 2103 728 2171 ἐγένετο
753 2117 766 2130 ·
784 2098 1068 2170 ἀνεγράφη
1095 2097 1152 2149 δὲ
1180 2096 1256 2159 ὼς
1278 2094 1501 2165 πλάσμα
1517 2093 1610 2146 καὶ
1636 2091 1856 2161 θεωρία.
1886 2090 1977 2159 Μὴ
2000 2089 2178 2143 τοίνυν

511 2187 742 2260 νομίσῃς
779 2186 919 2257 μέγα
948 2201 1000 2237 τι
1032 2182 1110 2253 τῷ
1138 2180 1314 2252 Πατρὶ
1354 2177 1673 2249 χαρίζεσθαι
1709 2176 1787 2247 τῷ
1812 2176 1990 2244 λέγειν
2019 2174 2178 2229 αὐτὸν

514 2276 834 2347 ἀγέννητον,
866 2274 955 2326 διὰ
991 2271 1052 2325 τὸ
1088 2270 1258 2324 πολλά
1284 2271 1376 2324 καὶ
1405 2270 1569 2339 ἔτερα
1601 2268 1675 2337 μὴ
1701 2262 2071 2334 γεγεννημένα
2092 2263 2179 2317 λέ-

513 2363 706 2431 γεσθαι
731 2360 1017 2430 ἀγέννητα.
1050 2353 1184 2412 Οἶδα
1206 2359 1287 2410 ὅτι
1306 2355 1471 2426 βαθὺς
1487 2355 1515 2407 ὀ
1534 2354 1690 2421 λόγος
1706 2367 1719 2380 ⁸
1741 2351 1957 2405 ἀλλ’ἵνα
1979 2350 2179 2418 ἐλέγξω

516 2450 614 2521 τὴν
647 2449 928 2519 αίρετικὴν
953 2447 1169 2510 κακίαν,
1212 2446 1291 2508 είς
1333 2442 1521 2496 τούσδε
1546 2444 1671 2501 τοὺς
1695 2439 1892 2501 τόπους
1924 2437 2175 2507 ἐλήλυθα.

525 2537 756 2604 Λέγεται
798 2537 891 2588 καὶ
925 2533 1208 2603 ἄνθρωπος
1244 2532 1536 2600 ἀγέννητος
1565 2530 1593 2581 6
1626 2528 1700 2598 μὴ
1740 2525 2039 2597 γεννηθείς.
2072 2526 2180 2577 Καὶ

520 2625 571 2677 εί
601 2624 676 2693 μὴ
704 2621 988 2691 ἐγεννήθη,
1014 2621 1167 2689 φησι,
1197 2618 1539 2685 πῶςλέγεται
1562 2634 1577 2681 ;
1601 2614 1859 2685 Δείκνυμί
1880 2630 1961 2666 σοι
1980 2613 2182 2685 ἄνθρω-

517 2728 618 2765 πον
649 2711 724 2781 μὴ
756 2708 1115 2778 γεννηθέντα·
1139 2707 1287 2774 λέγει
1315 2700 1406 2758 οὖν
1432 2707 1460 2758 ὀ
1487 2703 1678 2771 Σωτὴρ
1714 2702 1840 2770 περὶ
1880 2700 2046 2754 Ἰούδα
2085 2699 2179 2752 τοῦ

519 2799 779 2871 προδότου
801 2814 814 2828 ·
839 2796 984 2851 Οὐαὶ
1010 2795 1087 2861 τῷ
1113 2793 1401 2862 ἀνθρώπῳ
1412 2792 1639 2856 ἐκείνῳ,
1662 2787 1734 2841 δι’
1758 2784 1829 2843 οὗ
1858 2787 2180 2855 παραδίδο-

515 2902 609 2939 ται
640 2887 673 2939 ὁ
712 2885 843 2950 r16;-
879 2882 985 2937 τοῦ
1028 2882 1368 2949 ἀνθρώπου·
1408 2877 1743 2945 συνέφερεν
1778 2873 1956 2939 αὐτῷ,
2001 2876 2053 2928 εὶ
2091 2871 2178 2941 μὴ

514 2970 827 3041 ἐγεννήθη.
876 2968 979 3023 Kal
1024 2968 1137 3032 πῶς
1170 2966 1319 3037 αὐτῷ
1357 2966 1650 3035 συνέφερες
1696 2963 1775 3034 τῷ
1801 2962 1909 3031 γὰρ
1960 2961 2034 3032 μὴ
2067 2961 2179 3013 δντι

514 3059 668 3113 οὐδὲν
700 3056 825 3112 οὕτε
858 3057 1146 3127 συμφέρει,
1184 3054 1307 3109 οὔτε
1335 3053 1540 3125 ζημίαν
1581 3054 1755 3127 φέρει.
1787 3052 1895 3104 Kal
1928 3048 2178 3119 Σολομὼν

514 3148 569 3200 δέ
603 3145 892 3217 μακαρίζει
914 3144 1199 3214 ἄνθρωπον
1224 3142 1314 3194 τὸν
1346 3141 1420 3211 μὴ
1447 3139 1797 3209 γεννηθέντα,
1828 3136 1953 3190 τάδε
1970 3136 2143 3203 λέγων
2160 3153 2174 3167 ·

516 3232 814 3301 Μακάριος
846 3234 879 3285 ὀ
906 3230 1202 3296 τεθνηκὼς
1226 3226 1465 3297 μᾶλλον
1495 3229 1533 3294 ἢ
1556 3225 1686 3290 ζῶν,
1718 3225 1817 3279 καί
1843 3222 1996 3292 ὑπὲρ
2037 3223 2179 3289 τοὺς

514 3322 626 3375 δύο
653 3322 688 3373 ὁ
732 3318 819 3387 μὴ
846 3319 1175 3387 γεννηθείς.
1209 3316 1319 3369 Kal
1346 3315 1396 3367 εί
1426 3313 1499 3384 μὴ
1523 3312 1808 3381 ἐγεννήθη,
1852 3311 1967 3374 πῶς
2001 3309 2179 3379 μακά-

517 3424 633 3478 ριος
649 3424 666 3472 ;
683 3406 855 3459 Βλέπε
877 3404 1114 3473 ὀνόματα
1134 3403 1424 3472 ἀγεννήτου
1447 3400 1681 3469 φύσεως.
1709 3396 1871 3451 Εἶπεν
1899 3397 2181 3469 ἄνθρωπον

516 3496 608 3546 τὸν
641 3493 715 3563 μὴ
748 3491 1079 3562 γεννηθέντα
1113 3489 1248 3560 μηδέ
1282 3488 1590 3542 πλασθέντα
1630 3486 1919 3557 μακάριον.
1948 3484 2111 3538 ’Ὥστε
2146 3484 2181 3553 ἠ

515 3580 611 3633 τοῦ
642 3580 940 3650 ἀγεννήτου
986 3576 1329 3648 προσηγορία
1372 3576 1432 3629 οὐ
1481 3574 1642 3644 φύσιν
1687 3573 1835 3626 θείαν
1868 3569 2182 3643 ἑρμηνεῦσι,

578 3683 607 3713 ⁸
628 3680 911 3744 Legendum
934 3681 1130 3730 videtur
1154 3679 1265 3729 εἶδε.

2105 321 2334 380 DUBIA.

3821 330 3908 386 550

2274 446 2416 509 οὐδὲ,
2439 448 2513 512 ὡς
2544 450 2608 503 σὺ
2635 448 2832 516 λέγεις,
2856 446 3145 516 ἀγέννητον
3168 447 3356 500 οὐσίαν
3383 446 3659 518 σημαίνει,
3680 445 3739 498 οὐ
3764 444 3911 513 τιμὴν

2273 532 2352 604 τῷ
2386 533 2559 605 Πατρὶ
2602 534 2788 605 φέρει·
2816 534 2986 587 ὀντων
3023 535 3117 586 καὶ
3152 533 3351 603 ἐτέρων
3390 533 3543 604 παρά
3570 531 3648 602 τῷ
3681 532 3913 602 προφήτῃ

2274 620 2554 690 ὀνομάτων
2588 621 2899 691 ἀγεννήτων
2925 637 2983 673 τε
3013 622 3105 673 καὶ
3134 619 3427 689 γεννητῶν,
3461 619 3605 673 καθά
3629 618 3913 688 προαποδέο

2274 707 2482 761 δεικται
2502 722 2515 736 ⁸
2540 707 2676 762 ἀλλά
2701 709 2762 761 τὸ
2785 708 2860 780 μὴ
2894 708 3114 776 γεγονὸς
3138 707 3374 760 δείκνυσι
3395 707 3571 777 μόνον.
3608 705 3743 758 Ἀλλ’
3769 706 3916 756 εῖτ-’.ω-

2278 810 2379 863 μεν
2414 795 2549 866 πρὸς
2577 797 2773 858 αὐτοὺς
2804 795 2940 865 μετά
2969 794 3064 847 τοῦ
3096 793 3275 858 Δαυῒδ,
3303 792 3678 861 Διηγήσαντό
3695 808 3795 859 μοι
3820 806 3916 842 πα-

2267 880 2519 948 ράνομοι
2551 881 2939 950 ἀδολεσχίας,
2963 880 3097 934 ἀλλ’
3120 883 3230 948 οὐχ
3260 880 3340 944 ὠς
3367 882 3399 932 ό
3432 880 3613 948 νόμος
3649 894 3788 937 σου,
3820 876 3920 929 Κύ-

2268 985 2383 1034 ριε.
2421 967 2531 1037 Τὴν
2553 968 2762 1039 Πέτρου
2788 968 2936 1032 δέξαι
2958 968 3162 1037 φωνὴν,
3191 967 3288 1034 τὴν
3314 965 3527 1019 Παύλου
3555 963 3918 1017 διδασκαλίαν·

2276 1054 2528 1120 Χριστὸς
2559 1054 2709 1106 κατὰ
2747 1053 2963 1121 σάρκα,
3006 1057 3037 1107 ό
3065 1051 3148 1106 ὢν
3183 1053 3280 1105 ἐπὶ
3310 1051 3549 1104 πάντων
3582 1050 3725 1115 Θεὸς
3758 1051 3920 1102 εὐλο-

2276 1143 2456 1212 γητὸς
2497 1145 2585 1209 εὶς
2626 1143 2768 1209 τοὺς
2805 1141 3048 1208 αἰῶνας.
3075 1142 3148 1193 Τὸ
3169 1140 3393 1210 Πνεῦμα
3421 1140 3480 1193 τὸ
3514 1140 3666 1206 άγιον
3692 1154 3919 1208 προσκυ-

2275 1229 2489 1292 νείσθω,
2521 1231 2884 1300 ἀνυμνείσθω,
2906 1229 3228 1296 δοξαζέσθω.
3279 1229 3372 1280 Ἐκ
3396 1228 3503 1280 τῶν
3530 1227 3687 1280 θείων
3706 1224 3921 1295 Γραερῶν

2279 1316 2659 1388 θεολογοῦμεν,
2693 1319 2795 1371 κᾶν
2824 1318 3051 1370 θέλωσιν
3074 1319 3121 1369 οἱ
3144 1316 3347 1387 ἐχθροὶ,
3380 1316 3479 1367 κᾶν
3511 1317 3581 1383 μή
3603 1332 3615 1343 ·
3657 1316 3920 1382 μαρτυρή-

2278 1423 2361 1459 σει
2398 1406 2457 1459 δέ
2503 1423 2594 1475 μοι
2635 1405 2728 1457 καὶ
2758 1404 2968 1467 Παῦλος
3014 1403 3217 1471 λέγων·
3263 1404 3385 1455 οὐκ
3424 1401 3623 1454 οἴδατε
3652 1400 3742 1452 ὅτι
3790 1402 3921 1466 rw“;-

2278 1490 2427 1545 Θεοῦ
2450 1492 2612 1551 ἐστε,
2638 1492 2735 1544 καὶ
2759 1491 2849 1556 τίς
2876 1492 2908 1543 ό
2931 1488 3249 1551 κατοικῶν;
3268 1487 3381 1550 καὶ,
3417 1486 3656 1556 Πνεῦμα
3683 1486 3827 1540 Θεοῦ
3853 1490 3921 1539 cl-

2276 1576 2367 1630 κεῖ
2398 1576 2468 1630 ἐν
2493 1576 2652 1646 ὑμῖν.
2692 1575 2854 1629 Ἀλλο
2880 1571 2972 1628 οῦν
3002 1574 3150 1637 ναὸς,
3188 1574 3279 1626 καὶ
3317 1572 3471 1635 ἀλλος
3492 1575 3522 1625 6
3552 1571 3792 1625 ἐνοικῶν.
3821 1572 3923 1624 Οὐχ

2276 1662 2514 1735 ῆκουσας
2548 1663 2757 1735 Πέτρου
2797 1662 3048 1729 λέγοντος
3068 1678 3082 1691 ·
3128 1660 3390 1721 Ἀνανία,
3424 1660 3581 1711 ινατί
3616 1658 3923 1725 ἐπείρασεν

2276 1752 2310 1805 ό
2332 1748 2603 1816 Σατανᾶς
2622 1749 2737 1817 τὴν
2756 1748 3006 1818 καρδίαν
3020 1764 3135 1801 σου
3153 1747 3499 1816 ψεύσασθαί
3519 1762 3592 1799 σε
3615 1747 3678 1797 τὸ
3697 1744 3924 1813 Πνεῦμα

2275 1838 2342 1890 τὸ
2394 1837 2598 1906 ἅγιον;
2646 1838 2739 1891 καὶ
2788 1836 3087 1905 ἐπήγαγεν,
3145 1837 3265 1888 Οὐκ
3306 1835 3547 1902 ἐψεύσω
3582 1831 3921 1899 ἀνθρώποις,

2275 1923 2435 1977 ἀλλὰ
2456 1922 2535 1989 τῷ
2557 1923 2699 1988 Θεῷ.
2737 1922 2902 1976 Ἀλλά
2935 1938 3099 1991 φασιν
3129 1923 3178 1974 οἱ
3212 1921 3499 1992 αίρετικοὶ,
3524 1921 3598 1975 Οὐ
3632 1920 3693 1973 τδ
3718 1918 3924 1989 Πνεῦμα

2275 2009 2501 2063 ἐκάλεσε
2526 2008 2678 2069 Θεὸν,
2719 2007 2835 2061 ἀλλ⁹
2873 2008 3061 2078 ἐπειδὴ
3098 2007 3159 2060 τὸ
3186 2006 3407 2076 Πνεῦμα
3448 2009 3513 2059 ἐκ
3542 2005 3633 2060 τοῦ
3662 2005 3795 2060 Θεοῦ
3839 2007 3925 2057 ἀπο

2276 2091 2498 2161 εστάλη.
2539 2091 2599 2145 '0
2627 2090 2883 2163 ὑϐρίζων,
2912 2092 3065 2161 φησι,
3096 2090 3157 2142 τὸ
3184 2090 3428 2162 Πνεῦμα,
3459 2091 3549 2145 τὸν
3570 2090 3704 2143 Θεὸν
3728 2088 3923 2160 ὑϐρίζει

2277 2179 2368 2232 τὸν
2394 2178 2791 2233 ἀποστείλαντα
2810 2178 2870 2231 τὸ
2894 2176 3138 2247 Πνεῦμα.
3176 2176 3336 2240 Ἀλλ’,
3357 2178 3528 2246 ἄφρον
3554 2178 3647 2230 καὶ
3657 2178 3924 2245 ἀλόγιστε·

2275 2266 2497 2331 οὐδεμία
2519 2265 2627 2337 γάρ
2652 2264 2784 2336 άλλη
2810 2266 3096 2336 πρέπουσα
3115 2263 3192 2333 τῷ
3215 2264 3359 2333 ἀθέῳ
3388 2264 3749 2335 προσηγορία,
3782 2265 3831 2316 εί
3861 2265 3925 2333 μὴ

2270 2354 2304 2423 ἡ
2347 2352 2443 2407 τοῦ
2486 2353 2722 2423 ἄφρονος
2747 2366 2761 2382 ·
2795 2349 2941 2406 Εἷπε
2978 2352 3086 2423 7&9
3131 2352 3336 2420 ἄφρων
3377 2352 3447 2404 ἐν
3474 2350 3685 2418 καρδία
3728 2352 3924 2411 αὐτοῦ,

2281 2440 2404 2496 Οὐκ
2448 2440 2581 2493 ἔστι
2622 2438 2766 2503 Θεός
2790 2454 2804 2468 ·
2848 2439 2948 2492 οὐκ
2976 2433 3150 2497 εἷπεν,
3175 2438 3250 2501 ὼς
3283 2439 3347 2491 σὺ
3381 2439 3625 2506 ἐνόησας.
3668 2438 3731 2490 El
3769 2438 3925 2509 γὰρὴ

2277 2528 2371 2581 τοῦ
2405 2527 2720 2596 Πνεύματος
2756 2525 2915 2598 ῦὸρις
2961 2528 3040 2590 είς
3078 2525 3210 2578 Θεὸν
3254 2526 3540 2595 ἀνέτρεχεν
3568 2525 3644 2588 ὡς
3688 2525 3927 2577 ἀποστείο

2278 2614 2465 2679 λαντα,
2499 2613 2667 2683 ἐχρῆν
2697 2613 2871 2666 εἰπεῖν
2890 2612 3031 2666 Ὀὐκ
3065 2611 3275 2682 ἐψεύσω
3297 2611 3374 2681 τῷ
3399 2610 3685 2682 Πνεύματι,
3710 2611 3842 2664 ἀλλὰ

2279 2701 2418 2771 Θεῷ.
2460 2700 2621 2754 Ἀλλά
2647 2700 2819 2754 ταῦτα
2846 2701 2944 2771 μὲν
2969 2701 3050 2763 είς
3070 2699 3350 2752 τοσοῦτον·
3381 2698 3462 2752 δεῖ
3489 2698 3597 2769 γὰρ
3615 2701 3680 2769 τῇ
3706 2701 3927 2752 ἀποστο·

2279 2788 2402 2859 λικῇ
2438 2789 2627 2859 χορείᾳ
2659 2787 3060 2859 παραχωρῆσαι
3098 2787 3196 2857 τὴν
3232 2786 3392 2854 ἁγίαν
3416 2787 3644 2857 Τριάδα,
3676 2788 3744 2856 ἣν
3776 2788 3806 2840 ὀ
3830 2787 3928 2839 για.

2278 2874 2383 2945 τὴρ
2405 2875 2781 2943 καταγγέλλει.
2814 2873 2984 2946 Τριάς
3009 2874 3316 2927 ἀποστόλων
3340 2874 3547 2944 μάρτυς
3566 2873 3662 2944 τῆς
3690 2873 3929 2940 οὐρανίου

2281 2962 2529 3032 Τριάδος.
2564 2961 2928 3031 Χορεύσωμεν
2987 2958 3080 3015 οὖν
3126 2962 3467 3034 εἰλικρινῶς.
3521 2963 3617 3014 καὶ
3676 2962 3927 3031 εἴπωμεν,

2279 3051 2486 3106 Πολλὰ
2512 3051 2585 3104 τὰ
2606 3051 2788 3105 τέκνα
2817 3049 2927 3117 τῆς
2959 3050 3182 3119 ἐρήμου
3203 3048 3443 3119 μᾶλλον
3470 3049 3508 3116 ἢ
3538 3048 3645 3115 τῆς
3678 3050 3926 3117 ἐχούσης

2279 3141 2388 3194 τὸν
2406 3139 2619 3209 ἄνδρα·
2657 3140 2845 3210 ῆγουν,
2883 3138 2917 3209 ἢ
2943 3142 3091 3191 πᾶσα
3120 3140 3331 3211 αἵρεσις
3368 3140 3401 3209 ἡ
3432 3138 3715 3209 ἄνθρωπον
3747 3139 3929 3207 ἔχουσα

2280 3227 2620 3291 διδάσκαλον,
2639 3229 2734 3281 καὶ
2755 3228 2815 3280 οὐ
2836 3227 2989 3281 Θεόν.
3007 3228 3218 3279 Γένοιτο
3231 3228 3287 3280 δὲ
3308 3228 3494 3296 εὐχαῖς
3519 3228 3611 3279 καὶ
3627 3242 3729 3296 πρε
3738 3226 3927 3287 σόείαις

2280 3315 2375 3368 τοῦ
2424 3313 2604 3368 κοινοῦ
2656 3314 2863 3383 πατρὸς
2916 3314 3010 3366 καὶ
3057 3314 3397 3377 διδασκάλου,
3441 3311 3591 3385 [4‘23]
3628 3312 3928 3374 ἀποστόλοις

2282 3402 2491 3464 πάντας
2512 3401 2659 3471 ἡμᾶς
2690 3401 2781 3455 καὶ
2824 3401 3087 3471 μάρτυσιν
3112 3402 3170 3452 ἐν
3201 3400 3469 3473 ὀρθοδόξῳ
3494 3402 3674 3454 πίστει
3700 3399 3926 3453 συναυλί-

2284 3482 2490 3549 ζεσθαι,
2534 3484 2593 3537 ἐν
2628 3482 2849 3554 Χριστῷ
2896 3484 3069 3553 Ἰησοῦ
3110 3483 3187 3554 τῷ
3220 3484 3411 3555 Κυρίῳ
3446 3485 3631 3556 ἡμῶν,
3674 3478 3719 3552 ᾧ
3745 3487 3778 3552 ὴ
3811 3483 3921 3545 δόξα

2284 3574 2465 3627 καὶτὸ
2492 3574 2691 3645 κράτος
2724 3574 2825 3626 σὺν
2864 3573 2942 3643 τῷ
2971 3573 3164 3643 Πατρὶ,
3198 3573 3314 3643 ἅμα
3348 3572 3428 3644 τῷ
3464 3574 3605 3645 ἁγίῳ
3642 3572 3916 3643 Πνεύματι,

2284 3660 2379 3715 νῦν
2413 3663 2507 3714 καὶ
2529 3662 2637 3723 ἀεὶ,
2666 3664 2758 3713 καὶ
2786 3660 2864 3723 είς
2892 3660 3016 3722 τούς
3043 3659 3247 3725 αἰῶνας
3270 3660 3378 3714 τῶν
3402 3660 3635 3717 αἰώνων.
3676 3661 3855 3731 Ἀμήν.

1787 4754 1896 4810 Τοῦ
1928 4755 2112 4809 αὐτοῦ
2139 4755 2269 4823 περί
2299 4754 2649 4823 πραότητος.

589 4951 657 4999 α’.
698 4939 866 5014 Οἶμαι
894 4943 1104 5005 πάντας
1133 4940 1278 5012 ὑμᾶς
1304 4937 1629 4992 ἐπίστασθαι
1657 4935 1864 5007 σαφῶς,
1895 4938 1978 4992 ὅτι
2010 4953 2177 5009 προσ-

516 5030 641 5099 ήκει
664 5031 793 5092 τοὺς
811 5030 918 5083 τῶν
941 5028 1136 5096 λογίων
1164 5026 1259 5081 τοῦ
1284 5025 1417 5080 Θεοῦ
1448 5024 1682 5089 συνετῶς
1707 5024 2019 5088 ἀκούοντας,
2046 5018 2177 5095 ἦθος

515 5114 719 5182 ἀγαθὸν
746 5116 839 5167 καὶ
878 5114 1093 5185 τρόπων
1139 5112 1338 5187 ἀρετὴν
1372 5115 1575 5167 ἀσκεῖν.
1608 5111 1777 5167 Τοῦτο
1809 5112 1918 5184 γάρ
1957 5112 2105 5165 ἐστιν
2131 5104 2176 5180 ᾧ

521 5187 753 5266 μάλιστα
799 5198 1143 5268 διαφέρουσιν
1190 5199 1241 5251 οί
1279 5196 1452 5249 δοῦλοι
1494 5196 1588 5249 τοῦ
1638 5195 1872 5266 Χριστοῦ
1915 5196 2024 5249 τῶν
2077 5198 2177 5267 τὴν

518 5284 775 5355 ἀλήθειαν
822 5283 1177 5353 ἀγνοούντων,
1220 5283 1296 5353 τῷ
1338 5282 1664 5353 χρηστότητι
1714 5282 1879 5353 συζῇν
1925 5284 2021 5338 καὶ
2061 5282 2175 5354 βίον

518 5370 665 5435 ἀξιον
703 5369 802 5441 τῆς
860 5371 1139 5434 εὐσεϐείας
1187 5367 1538 5439 παρέχεσθαι.
1589 5367 1727 5432 Τοὺς
1772 5368 1872 5439 μὲν
1922 5370 2033 5442 γὰρ
2082 5369 2175 5424 τὸν

517 5459 751 5531 Χριστὸν
780 5457 1101 5528 ἀγνοοῦντας
1120 5457 1271 5513 οὐδὲν
1296 5456 1522 5520 ἀπεικὸς
1550 5457 1817 5527 πονηρούς
1828 5474 1898 5511 τε
1921 5454 2060 5512 εἷναι
2081 5456 2174 5511 καὶ

521 5548 827 5620 μοχθηροὺς
852 5549 943 5602 τὸν
967 5549 1194 5621 τρόπον·
1229 5548 1257 5601 6
1290 5545 1347 5598 δὲ
1373 5543 1468 5597 τοῦ
1496 5544 1733 5614 Χριστοῦ
1766 5546 1951 5609 δοῦλος
1977 5548 2042 5600 ἐκ
2073 5545 2171 5615 τῆς

516 5638 626 5691 τῶν
651 5636 796 5706 ἠθῶν
824 5634 1158 5706 ἡμερότητος
1180 5632 1447 5685 καλείσθω
1478 5630 1696 5700 μᾶλλον,
1727 5631 1758 5702 ἢ
1786 5632 1879 5685 τοῦ
1895 5634 2041 5704 παρά
2067 5634 2171 5687 τῶν

518 5724 717 5793 γονέων
748 5724 896 5794 αὐτῷ
925 5723 1169 5787 τεθέντος
1197 5723 1475 5791 ὀνόματος.
1506 5719 1580 5770 Οὐ
1617 5719 1723 5787 γὰρ
1752 5720 1924 5785 οὓτως
1959 5725 2171 5789 ἀγαπᾶ-

2281 4954 2372 4991 ται
2423 4937 2573 5009 παρά
2620 4934 2714 4991 τοῦ
2744 4934 2883 4991 Θεοῦ
2914 4934 2975 4990 τὸ
3002 4936 3110 4990 τῶν
3159 4936 3459 5008 ἀνθρώπων
3503 4936 3677 5003 γένος,
3702 4936 3795 4988 οὐκ
3820 4931 3911 4986 ἀπὸ

2284 5023 2600 5098 παρθενίας,
2633 5026 2734 5078 οὐκ
2768 5028 2874 5081 ἀπὸ
2894 5026 3166 5097 νηστείας,
3194 5027 3293 5079 οὐκ
3321 5026 3428 5079 ἀπὸ
3459 5024 3554 5078 τοῦ
3581 5025 3685 5078 τῶν
3719 5022 3910 5093 χρημά-

2278 5129 2387 5165 των
2410 5117 2792 5184 καταφρονεῖν,
2820 5115 2918 5167 οὐκ
2946 5115 3053 5169 ἀπὸ
3077 5114 3171 5167 τοῦ
3204 5113 3494 5184 προθύμως
3515 5116 3665 5183 χεῖρα
3691 5116 3795 5173 τοῖς
3812 5110 3908 5161 650-

2282 5199 2464 5268 μένοις
2498 5200 2733 5271 ὀρέγειν,
2777 5201 2851 5264 ὡς
2891 5200 2997 5254 ἀπὸ
3030 5200 3128 5268 τῆς
3171 5200 3503 5272 ἡμερότητος
3547 5202 3640 5253 καὶ
3685 5199 3777 5267 τῆς
3817 5195 3906 5247 τῶν

2280 5285 2425 5354 ἠθῶν
2452 5285 2735 5351 εὐταξίας·
2776 5289 2952 5342 καίτοι
2976 5290 3067 5341 καὶ
3100 5288 3159 5341 τὸ
3197 5286 3491 5359 προθύμως
3518 5289 3769 5356 ἐπαρκεῖν
3812 5286 3906 5341 τοῖς

2276 5371 2549 5443 δεομένοις
2582 5375 2684 5428 οὐκ
2711 5374 2929 5428 ἄλλοθεν
2959 5373 3276 5444 οὐδαμόθεν.
3305 5374 3419 5427 ἀλλ’
3448 5374 3557 5427 ἀπὸ
3581 5374 3676 5442 τῆς
3701 5368 3904 5442 χρηστό-

2275 5476 2436 5531 τητος
2461 5462 2806 5533 περιγίνεται
2834 5465 2966 5516 πᾶσι
3003 5464 3115 5524 τοῖς
3136 5462 3229 5517 τὸν
3257 5462 3493 5532 Χριστὸν
3516 5462 3777 5530 ἀγαπῶσι.
3811 5456 3903 5509 Καὶ

2276 5545 2463 5619 ὥσπερ
2496 5550 2560 5600 ἐκ
2591 5549 2700 5603 τῶν
2732 5550 2921 5620 πηγῶν
2951 5551 2999 5603 οί
3044 5548 3263 5617 ρύακες,
3298 5548 3468 5612 οὓτως
3495 5551 3529 5617 η
3573 5549 3781 5618 πρόνοια
3810 5541 3901 5592 τῶν

2278 5633 2511 5702 πτωχῶν
2534 5636 2599 5689 ἐκ
2624 5636 2723 5704 τῆς
2746 5638 2851 5689 τῶν
2878 5636 3025 5705 ἠθῶν
3048 5640 3150 5708 ἡμε
3161 5638 3402 5710 ρότητος.
3427 5640 3541 5700 Πᾶς
3563 5637 3664 5707 γὰρ
3679 5627 3896 5695 ἐπιεικήῖ

2277 5739 2331 5773 τε
2372 5724 2459 5774 καὶ
2503 5726 2672 5793 πρᾶος
2705 5726 2899 5796 ῥᾳδίως
2927 5728 3004 5789 εἰς
3031 5726 3441 5797 φιλανθρωπίαν
3476 5727 3793 5783 καθέλκεται.
3818 5716 3894 5769 καὶ
