  <div class='ocr_page' id='page_1' title='image "/cluster/home/n/w/nwhite01/storage/ocr_20150623/63/hvd.32044013655725/446.png"; bbox 0 0 3872 6396; ppageno 0'>
   <div class='ocr_carea' id='block_1_1' title="bbox 109 269 2073 344">
    <p class='ocr_par' dir='ltr' id='par_1_1' title="bbox 109 269 2073 344">
     <span class='ocr_line' id='line_1_1' title="bbox 109 269 2073 344; baseline 0.01 -21"><span class='ocrx_word' id='word_1_1' title='bbox 109 269 152 324; x_wconf 78' lang='lat' dir='ltr'><strong>i9</strong></span> <span class='ocrx_word' id='word_1_2' title='bbox 1121 281 1207 335; x_wconf 78' lang='lat' dir='ltr'><strong>DE</strong></span> <span class='ocrx_word' id='word_1_3' title='bbox 1248 280 1612 339; x_wconf 72' lang='lat' dir='ltr'><strong>MANSUETU</strong></span> <span class='ocrx_word' id='word_1_4' title='bbox 1625 281 1780 339; x_wconf 80' lang='lat' dir='ltr'><strong>DINE</strong></span> <span class='ocrx_word' id='word_1_5' title='bbox 1818 285 2073 344; x_wconf 79' lang='lat' dir='ltr'><strong>SERMO.</strong></span> 
     </span>
    </p>
   </div>
   <div class='ocr_carea' id='block_1_2' title="bbox 110 399 1553 472">
    <p class='ocr_par' dir='ltr' id='par_1_2' title="bbox 110 399 1553 472">
     <span class='ocr_line' id='line_1_2' title="bbox 110 399 1553 472; baseline 0.005 -24"><span class='ocrx_word' id='word_1_6' title='bbox 110 407 189 451; x_wconf 75' lang='lat' dir='ltr'><strong>lClO</strong></span> <span class='ocrx_word' id='word_1_7' title='bbox 212 399 343 455; x_wconf 81' lang='lat' dir='ltr'><strong>multa</strong></span> <span class='ocrx_word' id='word_1_8' title='bbox 367 409 485 459; x_wconf 81' lang='lat' dir='ltr'><strong>sunt</strong></span> <span class='ocrx_word' id='word_1_9' title='bbox 504 402 735 471; x_wconf 77' lang='lat' dir='ltr'><strong>ingenita</strong></span> <span class='ocrx_word' id='word_1_10' title='bbox 769 418 783 456; x_wconf 91' lang='lat'><strong>:</strong></span> <span class='ocrx_word' id='word_1_11' title='bbox 817 411 878 459; x_wconf 90' lang='lat' dir='ltr'><strong>ut</strong></span> <span class='ocrx_word' id='word_1_12' title='bbox 899 416 1021 458; x_wconf 90' lang='lat' dir='ltr'><strong>cum</strong></span> <span class='ocrx_word' id='word_1_13' title='bbox 1046 402 1318 472; x_wconf 72' lang='lat' dir='ltr'><strong>prophetis</strong></span> <span class='ocrx_word' id='word_1_14' title='bbox 1343 402 1553 465; x_wconf 84' lang='lat' dir='ltr'><strong>dicunt,</strong></span> 
     </span>
    </p>
   </div>
   <div class='ocr_carea' id='block_1_3' title="bbox 111 490 1549 562">
    <p class='ocr_par' dir='ltr' id='par_1_3' title="bbox 111 490 1549 562">
     <span class='ocr_line' id='line_1_3' title="bbox 111 490 1549 562; baseline 0.006 -21"><span class='ocrx_word' id='word_1_15' title='bbox 111 490 369 561; x_wconf 85' lang='lat' dir='ltr'><strong>eciatimque</strong></span> <span class='ocrx_word' id='word_1_16' title='bbox 392 491 573 551; x_wconf 73' lang='lat' dir='ltr'><strong>Daniel</strong></span> <span class='ocrx_word' id='word_1_17' title='bbox 597 511 611 547; x_wconf 88' lang='lat'><strong>:</strong></span> <span class='ocrx_word' id='word_1_18' title='bbox 639 494 956 562; x_wconf 74' lang='lat' dir='ltr'><strong>Aspieiebam</strong></span> <span class='ocrx_word' id='word_1_19' title='bbox 994 502 1213 561; x_wconf 83' lang='lat' dir='ltr'><strong>quatuor</strong></span> <span class='ocrx_word' id='word_1_20' title='bbox 1248 492 1432 551; x_wconf 73' lang='lat' dir='ltr'><strong>bestias</strong></span> <span class='ocrx_word' id='word_1_21' title='bbox 1457 508 1549 549; x_wconf 65' lang='lat' dir='ltr'><strong>ex-</strong></span> 
     </span>
    </p>
   </div>
   <div class='ocr_carea' id='block_1_4' title="bbox 110 582 1544 654">
    <p class='ocr_par' dir='ltr' id='par_1_4' title="bbox 110 582 1544 654">
     <span class='ocr_line' id='line_1_4' title="bbox 110 582 1544 654; baseline 0.008 -27"><span class='ocrx_word' id='word_1_22' title='bbox 110 588 194 632; x_wconf 81' lang='lat' dir='ltr'><strong>ules</strong></span> <span class='ocrx_word' id='word_1_23' title='bbox 217 584 268 634; x_wconf 84' lang='lat' dir='ltr'><strong>de</strong></span> <span class='ocrx_word' id='word_1_24' title='bbox 290 583 395 634; x_wconf 87' lang='lat' dir='ltr'><strong>mari</strong></span> <span class='ocrx_word' id='word_1_25' title='bbox 419 597 439 637; x_wconf 87' lang='lat'><strong>.&#39;</strong></span> <span class='ocrx_word' id='word_1_26' title='bbox 477 590 524 637; x_wconf 89' lang='lat' dir='ltr'><strong>et</strong></span> <span class='ocrx_word' id='word_1_27' title='bbox 560 592 669 638; x_wconf 85' lang='lat' dir='ltr'><strong>erat</strong></span> <span class='ocrx_word' id='word_1_28' title='bbox 710 583 875 654; x_wconf 83' lang='lat' dir='ltr'><strong>prima</strong></span> <span class='ocrx_word' id='word_1_29' title='bbox 915 582 1071 637; x_wconf 88' lang='lat' dir='ltr'><strong>bestia</strong></span> <span class='ocrx_word' id='word_1_30' title='bbox 1096 583 1241 652; x_wconf 86' lang='lat' dir='ltr'><strong>quasi</strong></span> <span class='ocrx_word' id='word_1_31' title='bbox 1287 584 1466 645; x_wconf 78' lang='lat' dir='ltr'><strong>leatrta.</strong></span> <span class='ocrx_word' id='word_1_32' title='bbox 1494 592 1544 639; x_wconf 75' lang='lat' dir='ltr'><strong>et</strong></span> 
     </span>
    </p>
   </div>
   <div class='ocr_carea' id='block_1_5' title="bbox 109 669 1547 745">
    <p class='ocr_par' dir='ltr' id='par_1_5' title="bbox 109 669 1547 745">
     <span class='ocr_line' id='line_1_5' title="bbox 109 669 1547 745; baseline 0.003 -25"><span class='ocrx_word' id='word_1_33' title='bbox 109 685 132 720; x_wconf 75' lang='grc' dir='ltr'><em>ε</em></span> <span class='ocrx_word' id='word_1_34' title='bbox 153 669 242 737; x_wconf 71' lang='lat' dir='ltr'><strong>eius</strong></span> <span class='ocrx_word' id='word_1_35' title='bbox 267 674 380 728; x_wconf 81' lang='lat' dir='ltr'><strong>sicut</strong></span> <span class='ocrx_word' id='word_1_36' title='bbox 410 673 597 743; x_wconf 70' lang='lat' dir='ltr'><strong>aquilte</strong></span> <span class='ocrx_word' id='word_1_37' title='bbox 624 672 787 744; x_wconf 83' lang='lat' dir='ltr'><strong>(Dan.</strong></span> <span class='ocrx_word' id='word_1_38' title='bbox 819 674 873 727; x_wconf 93' lang='lat'><strong>7.</strong></span> <span class='ocrx_word' id='word_1_39' title='bbox 900 674 955 728; x_wconf 80' lang='lat'><strong>3.</strong></span> <span class='ocrx_word' id='word_1_40' title='bbox 981 672 1059 745; x_wconf 64' lang='grc'><strong>4).</strong></span> <span class='ocrx_word' id='word_1_41' title='bbox 1093 675 1155 728; x_wconf 80' lang='lat' dir='ltr'><strong>Et</strong></span> <span class='ocrx_word' id='word_1_42' title='bbox 1186 672 1297 739; x_wconf 89' lang='lat' dir='ltr'><strong>ubi,</strong></span> <span class='ocrx_word' id='word_1_43' title='bbox 1342 687 1547 742; x_wconf 69' lang='lat' dir='ltr'><strong>qumsn,</strong></span> 
     </span>
    </p>
   </div>
   <div class='ocr_carea' id='block_1_6' title="bbox 109 760 1546 829">
    <p class='ocr_par' dir='ltr' id='par_1_6' title="bbox 109 760 1546 829">
     <span class='ocr_line' id='line_1_6' title="bbox 109 760 1546 829; baseline 0.006 -18"><span class='ocrx_word' id='word_1_44' title='bbox 109 760 199 817; x_wconf 78' lang='lat' dir='ltr'><strong>usu</strong></span> <span class='ocrx_word' id='word_1_45' title='bbox 228 762 411 818; x_wconf 65' lang='lat' dir='ltr'><strong>Iamnam</strong></span> <span class='ocrx_word' id='word_1_46' title='bbox 444 765 612 819; x_wconf 81' lang='lat' dir='ltr'><strong>feram</strong></span> <span class='ocrx_word' id='word_1_47' title='bbox 662 765 748 819; x_wconf 82' lang='lat' dir='ltr'><strong>illa</strong></span> <span class='ocrx_word' id='word_1_48' title='bbox 779 765 989 821; x_wconf 80' lang='lat' dir='ltr'><strong>forma?</strong></span> <span class='ocrx_word' id='word_1_49' title='bbox 1020 766 1107 820; x_wconf 90' lang='lat' dir='ltr'><strong>ubi</strong></span> <span class='ocrx_word' id='word_1_50' title='bbox 1133 766 1311 821; x_wconf 79' lang='lat' dir='ltr'><strong>vidisti</strong></span> <span class='ocrx_word' id='word_1_51' title='bbox 1357 764 1546 829; x_wconf 79' lang='lat' dir='ltr'><strong>feram,</strong></span> 
     </span>
    </p>
   </div>
   <div class='ocr_carea' id='block_1_7' title="bbox 109 852 1549 926">
    <p class='ocr_par' dir='ltr' id='par_1_7' title="bbox 109 852 1549 926">
     <span class='ocr_line' id='line_1_7' title="bbox 109 852 1549 926; baseline 0.006 -21"><span class='ocrx_word' id='word_1_52' title='bbox 109 867 145 905; x_wconf 69' lang='lat' dir='ltr'><strong>il}</strong></span> <span class='ocrx_word' id='word_1_53' title='bbox 185 852 347 910; x_wconf 84' lang='lat' dir='ltr'><strong>habeat</strong></span> <span class='ocrx_word' id='word_1_54' title='bbox 372 870 570 926; x_wconf 73' lang='lat' dir='ltr'><strong>ungues</strong></span> <span class='ocrx_word' id='word_1_55' title='bbox 612 856 816 913; x_wconf 72' lang='lat' dir='ltr'><strong>ferreos</strong></span> <span class='ocrx_word' id='word_1_56' title='bbox 844 866 901 912; x_wconf 87' lang='lat' dir='ltr'><strong>ct</strong></span> <span class='ocrx_word' id='word_1_57' title='bbox 943 857 1130 913; x_wconf 91' lang='lat' dir='ltr'><strong>dentes</strong></span> <span class='ocrx_word' id='word_1_58' title='bbox 1169 858 1380 913; x_wconf 58' lang='lat' dir='ltr'><strong>aereos?</strong></span> <span class='ocrx_word' id='word_1_59' title='bbox 1424 858 1549 913; x_wconf 81' lang='lat' dir='ltr'><strong>lIu-c</strong></span> 
     </span>
    </p>
   </div>
   <div class='ocr_carea' id='block_1_8' title="bbox 109 947 1547 1018">
    <p class='ocr_par' dir='ltr' id='par_1_8' title="bbox 109 947 1547 1018">
     <span class='ocr_line' id='line_1_8' title="bbox 109 947 1547 1018; baseline 0.006 -20"><span class='ocrx_word' id='word_1_60' title='bbox 109 953 164 999; x_wconf 68' lang='lat' dir='ltr'><strong>&#39;tc</strong></span> <span class='ocrx_word' id='word_1_61' title='bbox 198 947 451 1003; x_wconf 86' lang='lat' dir='ltr'><strong>secundum</strong></span> <span class='ocrx_word' id='word_1_62' title='bbox 496 949 760 1003; x_wconf 81' lang='lat' dir='ltr'><strong>visionem</strong></span> <span class='ocrx_word' id='word_1_63' title='bbox 810 948 1097 1018; x_wconf 75' lang='lat' dir='ltr'><strong>descripsit</strong></span> <span class='ocrx_word' id='word_1_64' title='bbox 1142 949 1420 1018; x_wconf 84' lang='lat' dir='ltr'><strong>propheta,</strong></span> <span class='ocrx_word' id='word_1_65' title='bbox 1452 949 1547 1007; x_wconf 84' lang='lat' dir='ltr'><strong>sed</strong></span> 
     </span>
    </p>
   </div>
   <div class='ocr_carea' id='block_1_9' title="bbox 110 1039 1547 1107">
    <p class='ocr_par' dir='ltr' id='par_1_9' title="bbox 110 1039 1547 1107">
     <span class='ocr_line' id='line_1_9' title="bbox 110 1039 1547 1107; baseline 0.006 -18"><span class='ocrx_word' id='word_1_66' title='bbox 110 1053 281 1107; x_wconf 83' lang='lat' dir='ltr'><strong>nquam</strong></span> <span class='ocrx_word' id='word_1_67' title='bbox 315 1039 470 1106; x_wconf 84' lang='lat' dir='ltr'><strong>luere,</strong></span> <span class='ocrx_word' id='word_1_68' title='bbox 506 1056 606 1097; x_wconf 91' lang='lat' dir='ltr'><strong>nec</strong></span> <span class='ocrx_word' id='word_1_69' title='bbox 634 1040 808 1096; x_wconf 78' lang='lat' dir='ltr'><strong>futura</strong></span> <span class='ocrx_word' id='word_1_70' title='bbox 836 1052 962 1096; x_wconf 88' lang='lat' dir='ltr'><strong>sunt</strong></span> <span class='ocrx_word' id='word_1_71' title='bbox 986 1058 1000 1105; x_wconf 88' lang='lat'><strong>;</strong></span> <span class='ocrx_word' id='word_1_72' title='bbox 1030 1041 1123 1096; x_wconf 88' lang='lat' dir='ltr'><strong>sed</strong></span> <span class='ocrx_word' id='word_1_73' title='bbox 1147 1051 1231 1097; x_wconf 84' lang='lat' dir='ltr'><strong>est</strong></span> <span class='ocrx_word' id='word_1_74' title='bbox 1258 1042 1426 1099; x_wconf 81' lang='lat' dir='ltr'><strong>bestia</strong></span> <span class='ocrx_word' id='word_1_75' title='bbox 1456 1041 1547 1097; x_wconf 81' lang='lat' dir='ltr'><strong>illa</strong></span> 
     </span>
    </p>
   </div>
   <div class='ocr_carea' id='block_1_10' title="bbox 113 1131 1545 1203">
    <p class='ocr_par' dir='ltr' id='par_1_10' title="bbox 113 1131 1545 1203">
     <span class='ocr_line' id='line_1_10' title="bbox 113 1131 1545 1203; baseline 0.004 -20"><span class='ocrx_word' id='word_1_76' title='bbox 113 1131 263 1196; x_wconf 87' lang='lat' dir='ltr'><strong>euita,</strong></span> <span class='ocrx_word' id='word_1_77' title='bbox 289 1148 444 1203; x_wconf 87' lang='lat' dir='ltr'><strong>neque</strong></span> <span class='ocrx_word' id='word_1_78' title='bbox 494 1148 743 1202; x_wconf 79' lang='lat' dir='ltr'><strong>umquam</strong></span> <span class='ocrx_word' id='word_1_79' title='bbox 775 1132 938 1195; x_wconf 82' lang='lat' dir='ltr'><strong>facta,</strong></span> <span class='ocrx_word' id='word_1_80' title='bbox 968 1134 1063 1191; x_wconf 87' lang='lat' dir='ltr'><strong>sed</strong></span> <span class='ocrx_word' id='word_1_81' title='bbox 1114 1142 1317 1189; x_wconf 86' lang='lat' dir='ltr'><strong>tantum</strong></span> <span class='ocrx_word' id='word_1_82' title='bbox 1371 1134 1545 1189; x_wconf 85' lang='lat' dir='ltr'><strong>nomi-</strong></span> 
     </span>
    </p>
   </div>
   <div class='ocr_carea' id='block_1_11' title="bbox 110 1220 1544 1291">
    <p class='ocr_par' dir='ltr' id='par_1_11' title="bbox 110 1220 1544 1291">
     <span class='ocr_line' id='line_1_11' title="bbox 110 1220 1544 1291; baseline 0.001 -16"><span class='ocrx_word' id='word_1_83' title='bbox 110 1238 153 1274; x_wconf 73' lang='grc' dir='ltr'><strong>τι.</strong></span> <span class='ocrx_word' id='word_1_84' title='bbox 182 1220 294 1288; x_wconf 77' lang='lat' dir='ltr'><strong>Qua:</strong></span> <span class='ocrx_word' id='word_1_85' title='bbox 317 1239 553 1291; x_wconf 91' lang='lat' dir='ltr'><strong>umquam</strong></span> <span class='ocrx_word' id='word_1_86' title='bbox 595 1224 850 1279; x_wconf 80' lang='lat' dir='ltr'><strong>mulieres</strong></span> <span class='ocrx_word' id='word_1_87' title='bbox 891 1224 1106 1279; x_wconf 87' lang='lat' dir='ltr'><strong>luerunt</strong></span> <span class='ocrx_word' id='word_1_88' title='bbox 1141 1224 1239 1278; x_wconf 86' lang='lat' dir='ltr'><strong>alis</strong></span> <span class='ocrx_word' id='word_1_89' title='bbox 1272 1226 1544 1283; x_wconf 70' lang='lat' dir='ltr'><strong>instructa:</strong></span> 
     </span>
    </p>
   </div>
   <div class='ocr_carea' id='block_1_12' title="bbox 110 1312 1546 1384">
    <p class='ocr_par' dir='ltr' id='par_1_12' title="bbox 110 1312 1546 1384">
     <span class='ocr_line' id='line_1_12' title="bbox 110 1312 1546 1384; baseline 0.005 -23"><span class='ocrx_word' id='word_1_90' title='bbox 110 1312 188 1366; x_wconf 81' lang='lat' dir='ltr'><strong>ics</strong></span> <span class='ocrx_word' id='word_1_91' title='bbox 214 1312 328 1368; x_wconf 87' lang='lat' dir='ltr'><strong>vidit</strong></span> <span class='ocrx_word' id='word_1_92' title='bbox 354 1313 634 1370; x_wconf 76' lang='lat' dir='ltr'><strong>Zacharias</strong></span> <span class='ocrx_word' id='word_1_93' title='bbox 671 1313 857 1384; x_wconf 84' lang='lat' dir='ltr'><strong>(Zach.</strong></span> <span class='ocrx_word' id='word_1_94' title='bbox 890 1315 944 1369; x_wconf 83' lang='lat'><strong>5.</strong></span> <span class='ocrx_word' id='word_1_95' title='bbox 976 1314 1069 1383; x_wconf 76' lang='lat'><strong>9)?</strong></span> <span class='ocrx_word' id='word_1_96' title='bbox 1108 1314 1196 1369; x_wconf 91' lang='lat' dir='ltr'><strong>ubi</strong></span> <span class='ocrx_word' id='word_1_97' title='bbox 1222 1314 1397 1370; x_wconf 75' lang='lat' dir='ltr'><strong>vidisti</strong></span> <span class='ocrx_word' id='word_1_98' title='bbox 1427 1330 1546 1383; x_wconf 83' lang='lat' dir='ltr'><strong>par-</strong></span> 
     </span>
    </p>
   </div>
   <div class='ocr_carea' id='block_1_13' title="bbox 110 1404 1546 1476">
    <p class='ocr_par' dir='ltr' id='par_1_13' title="bbox 110 1404 1546 1476">
     <span class='ocr_line' id='line_1_13' title="bbox 110 1404 1546 1476; baseline 0.006 -22"><span class='ocrx_word' id='word_1_99' title='bbox 110 1406 163 1457; x_wconf 72' lang='lat' dir='ltr'><strong>im</strong></span> <span class='ocrx_word' id='word_1_100' title='bbox 202 1404 299 1460; x_wconf 86' lang='lat' dir='ltr'><strong>alas</strong></span> <span class='ocrx_word' id='word_1_101' title='bbox 339 1405 653 1462; x_wconf 80' lang='lat' dir='ltr'><strong>habentem?</strong></span> <span class='ocrx_word' id='word_1_102' title='bbox 701 1407 825 1462; x_wconf 67' lang='grc' dir='ltr'>Ηωο</span> <span class='ocrx_word' id='word_1_103' title='bbox 857 1423 1015 1476; x_wconf 84' lang='lat' dir='ltr'><strong>porro</strong></span> <span class='ocrx_word' id='word_1_104' title='bbox 1056 1409 1234 1464; x_wconf 83' lang='lat' dir='ltr'><strong>omnia</strong></span> <span class='ocrx_word' id='word_1_105' title='bbox 1277 1409 1546 1465; x_wconf 76' lang='lat' dir='ltr'><strong>enarravit</strong></span> 
     </span>
    </p>
   </div>
   <div class='ocr_carea' id='block_1_14' title="bbox 112 1495 1542 1569">
    <p class='ocr_par' dir='ltr' id='par_1_14' title="bbox 112 1495 1542 1569">
     <span class='ocr_line' id='line_1_14' title="bbox 112 1495 1542 1569; baseline 0.003 -18"><span class='ocrx_word' id='word_1_106' title='bbox 112 1506 184 1551; x_wconf 88' lang='lat' dir='ltr'><strong>tus</strong></span> <span class='ocrx_word' id='word_1_107' title='bbox 212 1495 685 1569; x_wconf 83' lang='lat' dir='ltr'><strong>Dauiel(Dan.c.7).</strong></span> <span class='ocrx_word' id='word_1_108' title='bbox 719 1500 824 1555; x_wconf 83' lang='lat' dir='ltr'><strong>Aut</strong></span> <span class='ocrx_word' id='word_1_109' title='bbox 853 1500 943 1555; x_wconf 89' lang='lat' dir='ltr'><strong>ubi</strong></span> <span class='ocrx_word' id='word_1_110' title='bbox 983 1499 1162 1555; x_wconf 85' lang='lat' dir='ltr'><strong>vidisti</strong></span> <span class='ocrx_word' id='word_1_111' title='bbox 1203 1510 1434 1557; x_wconf 79' lang='lat' dir='ltr'><strong>statuam</strong></span> <span class='ocrx_word' id='word_1_112' title='bbox 1475 1517 1542 1555; x_wconf 78' lang='lat' dir='ltr'><strong>ex</strong></span> 
     </span>
    </p>
   </div>
   <div class='ocr_carea' id='block_1_15' title="bbox 109 1590 1543 1661">
    <p class='ocr_par' dir='ltr' id='par_1_15' title="bbox 109 1590 1543 1661">
     <span class='ocr_line' id='line_1_15' title="bbox 109 1590 1543 1661; baseline 0.003 -21"><span class='ocrx_word' id='word_1_113' title='bbox 109 1605 151 1651; x_wconf 84' lang='grc' dir='ltr'><strong>ο,</strong></span> <span class='ocrx_word' id='word_1_114' title='bbox 181 1604 401 1659; x_wconf 77' lang='lat' dir='ltr'><strong>argento,</strong></span> <span class='ocrx_word' id='word_1_115' title='bbox 424 1605 552 1657; x_wconf 73' lang='lat' dir='ltr'><strong>tere,</strong></span> <span class='ocrx_word' id='word_1_116' title='bbox 583 1591 747 1656; x_wconf 80' lang='lat' dir='ltr'><strong>ferro,</strong></span> <span class='ocrx_word' id='word_1_117' title='bbox 780 1600 916 1647; x_wconf 88' lang='lat' dir='ltr'><strong>testa</strong></span> <span class='ocrx_word' id='word_1_118' title='bbox 946 1590 1160 1659; x_wconf 82' lang='lat' dir='ltr'><strong>laetam,</strong></span> <span class='ocrx_word' id='word_1_119' title='bbox 1180 1592 1391 1661; x_wconf 83' lang='lat' dir='ltr'><strong>qualem</strong></span> <span class='ocrx_word' id='word_1_120' title='bbox 1415 1592 1543 1651; x_wconf 71' lang='lat' dir='ltr'><strong>vidit</strong></span> 
     </span>
    </p>
   </div>
   <div class='ocr_carea' id='block_1_16' title="bbox 110 1680 1543 1753">
    <p class='ocr_par' dir='ltr' id='par_1_16' title="bbox 110 1680 1543 1753">
     <span class='ocr_line' id='line_1_16' title="bbox 110 1680 1543 1753; baseline 0.005 -22"><span class='ocrx_word' id='word_1_121' title='bbox 110 1682 213 1735; x_wconf 59' lang='lat' dir='ltr'><strong>iicl?</strong></span> <span class='ocrx_word' id='word_1_122' title='bbox 238 1680 646 1753; x_wconf 82' lang='lat' dir='ltr'><strong>Unumquodque</strong></span> <span class='ocrx_word' id='word_1_123' title='bbox 672 1681 861 1737; x_wconf 89' lang='lat' dir='ltr'><strong>borum</strong></span> <span class='ocrx_word' id='word_1_124' title='bbox 890 1692 973 1738; x_wconf 88' lang='lat' dir='ltr'><strong>est</strong></span> <span class='ocrx_word' id='word_1_125' title='bbox 1000 1683 1290 1753; x_wconf 88' lang='lat' dir='ltr'><strong>ingenitum</strong></span> <span class='ocrx_word' id='word_1_126' title='bbox 1319 1700 1333 1748; x_wconf 91' lang='lat'><strong>;</strong></span> <span class='ocrx_word' id='word_1_127' title='bbox 1369 1697 1543 1753; x_wconf 90' lang='lat' dir='ltr'><strong>neque</strong></span> 
     </span>
    </p>
   </div>
   <div class='ocr_carea' id='block_1_17' title="bbox 110 1774 1543 1842">
    <p class='ocr_par' dir='ltr' id='par_1_17' title="bbox 110 1774 1543 1842">
     <span class='ocr_line' id='line_1_17' title="bbox 110 1774 1543 1842; baseline 0.002 -16"><span class='ocrx_word' id='word_1_128' title='bbox 110 1789 396 1842; x_wconf 87' lang='lat' dir='ltr'><strong>numquam</strong></span> <span class='ocrx_word' id='word_1_129' title='bbox 445 1774 641 1829; x_wconf 80' lang='lat' dir='ltr'><strong>factum</strong></span> <span class='ocrx_word' id='word_1_130' title='bbox 683 1784 811 1828; x_wconf 83' lang='lat' dir='ltr'><strong>est:</strong></span> <span class='ocrx_word' id='word_1_131' title='bbox 857 1775 953 1830; x_wconf 91' lang='lat' dir='ltr'><strong>sed</strong></span> <span class='ocrx_word' id='word_1_132' title='bbox 995 1776 1318 1842; x_wconf 86' lang='lat' dir='ltr'><strong>descriptum</strong></span> <span class='ocrx_word' id='word_1_133' title='bbox 1359 1783 1445 1833; x_wconf 77' lang='lat' dir='ltr'><strong>est</strong></span> <span class='ocrx_word' id='word_1_134' title='bbox 1487 1783 1543 1830; x_wconf 90' lang='lat' dir='ltr'><strong>ut</strong></span> 
     </span>
    </p>
   </div>
   <div class='ocr_carea' id='block_1_18' title="bbox 110 1865 1539 1937">
    <p class='ocr_par' dir='ltr' id='par_1_18' title="bbox 110 1865 1539 1937">
     <span class='ocr_line' id='line_1_18' title="bbox 110 1865 1539 1937; baseline 0.003 -20"><span class='ocrx_word' id='word_1_135' title='bbox 110 1881 137 1917; x_wconf 87' lang='grc' dir='ltr'><strong>ο</strong></span> <span class='ocrx_word' id='word_1_136' title='bbox 162 1875 210 1920; x_wconf 88' lang='lat' dir='ltr'><strong>et</strong></span> <span class='ocrx_word' id='word_1_137' title='bbox 239 1866 381 1920; x_wconf 85' lang='lat' dir='ltr'><strong>visio.</strong></span> <span class='ocrx_word' id='word_1_138' title='bbox 404 1865 480 1921; x_wconf 82' lang='lat' dir='ltr'><strong>Ne</strong></span> <span class='ocrx_word' id='word_1_139' title='bbox 509 1867 684 1936; x_wconf 79' lang='lat' dir='ltr'><strong>itaque</strong></span> <span class='ocrx_word' id='word_1_140' title='bbox 713 1875 869 1937; x_wconf 85' lang='lat' dir='ltr'><strong>putes</strong></span> <span class='ocrx_word' id='word_1_141' title='bbox 897 1876 951 1923; x_wconf 85' lang='lat' dir='ltr'><strong>te</strong></span> <span class='ocrx_word' id='word_1_142' title='bbox 991 1884 1241 1937; x_wconf 84' lang='lat' dir='ltr'><strong>magnum</strong></span> <span class='ocrx_word' id='word_1_143' title='bbox 1271 1867 1539 1937; x_wconf 83' lang='lat' dir='ltr'><strong>quidpiam</strong></span> 
     </span>
    </p>
   </div>
   <div class='ocr_carea' id='block_1_19' title="bbox 110 1957 1542 2030">
    <p class='ocr_par' dir='ltr' id='par_1_19' title="bbox 110 1957 1542 2030">
     <span class='ocr_line' id='line_1_19' title="bbox 110 1957 1542 2030; baseline 0.005 -21"><span class='ocrx_word' id='word_1_144' title='bbox 110 1958 131 2009; x_wconf 73' lang='lat' dir='ltr'><strong>&#39;i</strong></span> <span class='ocrx_word' id='word_1_145' title='bbox 160 1957 538 2023; x_wconf 88' lang='lat' dir='ltr'><strong>tribuere,cum</strong></span> <span class='ocrx_word' id='word_1_146' title='bbox 582 1958 717 2012; x_wconf 89' lang='lat' dir='ltr'><strong>dicis</strong></span> <span class='ocrx_word' id='word_1_147' title='bbox 751 1959 899 2013; x_wconf 88' lang='lat' dir='ltr'><strong>illntn</strong></span> <span class='ocrx_word' id='word_1_148' title='bbox 943 1958 1259 2029; x_wconf 86' lang='lat' dir='ltr'><strong>ingenitum,</strong></span> <span class='ocrx_word' id='word_1_149' title='bbox 1306 1962 1542 2030; x_wconf 84' lang='lat' dir='ltr'><strong>quamle-</strong></span> 
     </span>
    </p>
   </div>
   <div class='ocr_carea' id='block_1_20' title="bbox 110 2050 1539 2124">
    <p class='ocr_par' dir='ltr' id='par_1_20' title="bbox 110 2050 1539 2124">
     <span class='ocr_line' id='line_1_20' title="bbox 110 2050 1539 2124; baseline 0.005 -23"><span class='ocrx_word' id='word_1_150' title='bbox 110 2054 195 2105; x_wconf 76' lang='lat' dir='ltr'><strong>Lem</strong></span> <span class='ocrx_word' id='word_1_151' title='bbox 240 2050 393 2104; x_wconf 85' lang='lat' dir='ltr'><strong>multa</strong></span> <span class='ocrx_word' id='word_1_152' title='bbox 426 2050 551 2113; x_wconf 86' lang='lat' dir='ltr'><strong>alia,</strong></span> <span class='ocrx_word' id='word_1_153' title='bbox 581 2066 700 2121; x_wconf 66' lang='lat' dir='ltr'><strong>qua:</strong></span> <span class='ocrx_word' id='word_1_154' title='bbox 747 2068 1037 2123; x_wconf 82' lang='lat' dir='ltr'><strong>numquam</strong></span> <span class='ocrx_word' id='word_1_155' title='bbox 1091 2053 1262 2119; x_wconf 86' lang='lat' dir='ltr'><strong>luere,</strong></span> <span class='ocrx_word' id='word_1_156' title='bbox 1306 2054 1539 2124; x_wconf 77' lang='lat' dir='ltr'><strong>ingenita</strong></span> 
     </span>
    </p>
   </div>
   <div class='ocr_carea' id='block_1_21' title="bbox 115 2140 1542 2212">
    <p class='ocr_par' dir='ltr' id='par_1_21' title="bbox 115 2140 1542 2212">
     <span class='ocr_line' id='line_1_21' title="bbox 115 2140 1542 2212; baseline 0.004 -18"><span class='ocrx_word' id='word_1_157' title='bbox 115 2154 245 2195; x_wconf 84' lang='lat' dir='ltr'><strong>utur.</strong></span> <span class='ocrx_word' id='word_1_158' title='bbox 276 2140 400 2196; x_wconf 85' lang='lat' dir='ltr'><strong>Novi</strong></span> <span class='ocrx_word' id='word_1_159' title='bbox 451 2142 772 2212; x_wconf 81' lang='lat' dir='ltr'><strong>profundum</strong></span> <span class='ocrx_word' id='word_1_160' title='bbox 802 2160 922 2200; x_wconf 87' lang='lat' dir='ltr'><strong>esse</strong></span> <span class='ocrx_word' id='word_1_161' title='bbox 970 2159 1311 2210; x_wconf 83' lang='lat' dir='ltr'><strong>sermonem;</strong></span> <span class='ocrx_word' id='word_1_162' title='bbox 1358 2145 1452 2203; x_wconf 87' lang='lat' dir='ltr'><strong>sed</strong></span> <span class='ocrx_word' id='word_1_163' title='bbox 1483 2154 1542 2203; x_wconf 87' lang='lat' dir='ltr'><strong>ut</strong></span> 
     </span>
    </p>
   </div>
   <div class='ocr_carea' id='block_1_22' title="bbox 110 2234 1536 2305">
    <p class='ocr_par' dir='ltr' id='par_1_22' title="bbox 110 2234 1536 2305">
     <span class='ocr_line' id='line_1_22' title="bbox 110 2234 1536 2305; baseline 0.004 -16"><span class='ocrx_word' id='word_1_164' title='bbox 110 2234 282 2289; x_wconf 69' lang='lat' dir='ltr'><strong>cticam</strong></span> <span class='ocrx_word' id='word_1_165' title='bbox 310 2236 596 2303; x_wconf 83' lang='lat' dir='ltr'><strong>nequitiam</strong></span> <span class='ocrx_word' id='word_1_166' title='bbox 627 2236 980 2305; x_wconf 79' lang='lat' dir='ltr'><strong>coiil‘utarem,</strong></span> <span class='ocrx_word' id='word_1_167' title='bbox 1012 2253 1079 2295; x_wconf 90' lang='lat' dir='ltr'><strong>eo</strong></span> <span class='ocrx_word' id='word_1_168' title='bbox 1106 2238 1367 2295; x_wconf 88' lang='lat' dir='ltr'><strong>deductus</strong></span> <span class='ocrx_word' id='word_1_169' title='bbox 1395 2254 1536 2297; x_wconf 87' lang='lat' dir='ltr'><strong>sum.</strong></span> 
     </span>
    </p>
   </div>
   <div class='ocr_carea' id='block_1_23' title="bbox 109 2329 1536 2400">
    <p class='ocr_par' dir='ltr' id='par_1_23' title="bbox 109 2329 1536 2400">
     <span class='ocr_line' id='line_1_23' title="bbox 109 2329 1536 2400; baseline 0.006 -21"><span class='ocrx_word' id='word_1_170' title='bbox 109 2337 181 2381; x_wconf 66' lang='grc' dir='ltr'><strong>ειη·</strong></span> <span class='ocrx_word' id='word_1_171' title='bbox 204 2343 408 2397; x_wconf 84' lang='lat' dir='ltr'><strong>quoque</strong></span> <span class='ocrx_word' id='word_1_172' title='bbox 436 2329 597 2383; x_wconf 90' lang='lat' dir='ltr'><strong>homo</strong></span> <span class='ocrx_word' id='word_1_173' title='bbox 630 2344 734 2385; x_wconf 88' lang='lat' dir='ltr'><strong>non</strong></span> <span class='ocrx_word' id='word_1_174' title='bbox 764 2331 993 2399; x_wconf 84' lang='lat' dir='ltr'><strong>genitus,</strong></span> <span class='ocrx_word' id='word_1_175' title='bbox 1017 2332 1106 2400; x_wconf 89' lang='lat' dir='ltr'><strong>qui</strong></span> <span class='ocrx_word' id='word_1_176' title='bbox 1134 2339 1293 2387; x_wconf 88' lang='lat' dir='ltr'><strong>natus</strong></span> <span class='ocrx_word' id='word_1_177' title='bbox 1318 2346 1423 2387; x_wconf 89' lang='lat' dir='ltr'><strong>nou</strong></span> <span class='ocrx_word' id='word_1_178' title='bbox 1444 2331 1536 2387; x_wconf 89' lang='lat' dir='ltr'><strong>sit.</strong></span> 
     </span>
    </p>
   </div>
   <div class='ocr_carea' id='block_1_24' title="bbox 109 2420 1540 2492">
    <p class='ocr_par' dir='ltr' id='par_1_24' title="bbox 109 2420 1540 2492">
     <span class='ocr_line' id='line_1_24' title="bbox 109 2420 1540 2492; baseline 0.005 -21"><span class='ocrx_word' id='word_1_179' title='bbox 109 2420 133 2472; x_wconf 83' lang='lat' dir='ltr'><strong>ii</strong></span> <span class='ocrx_word' id='word_1_180' title='bbox 164 2420 205 2474; x_wconf 91' lang='lat' dir='ltr'><strong>si</strong></span> <span class='ocrx_word' id='word_1_181' title='bbox 230 2430 382 2476; x_wconf 89' lang='lat' dir='ltr'><strong>natus</strong></span> <span class='ocrx_word' id='word_1_182' title='bbox 411 2436 518 2475; x_wconf 90' lang='lat' dir='ltr'><strong>non</strong></span> <span class='ocrx_word' id='word_1_183' title='bbox 545 2429 650 2486; x_wconf 89' lang='lat' dir='ltr'><strong>est,</strong></span> <span class='ocrx_word' id='word_1_184' title='bbox 681 2421 910 2492; x_wconf 81' lang='lat' dir='ltr'><strong>inquies,</strong></span> <span class='ocrx_word' id='word_1_185' title='bbox 939 2422 1207 2492; x_wconf 86' lang='lat' dir='ltr'><strong>quomodo</strong></span> <span class='ocrx_word' id='word_1_186' title='bbox 1232 2423 1283 2477; x_wconf 87' lang='lat' dir='ltr'><strong>id</strong></span> <span class='ocrx_word' id='word_1_187' title='bbox 1307 2424 1540 2478; x_wconf 79' lang='lat' dir='ltr'><strong>dicitur?</strong></span> 
     </span>
    </p>
   </div>
   <div class='ocr_carea' id='block_1_25' title="bbox 119 2512 1540 2587">
    <p class='ocr_par' dir='ltr' id='par_1_25' title="bbox 119 2512 1540 2587">
     <span class='ocr_line' id='line_1_25' title="bbox 119 2512 1540 2587; baseline 0.004 -23"><span class='ocrx_word' id='word_1_188' title='bbox 119 2512 251 2565; x_wconf 88' lang='lat' dir='ltr'><strong>inem</strong></span> <span class='ocrx_word' id='word_1_189' title='bbox 304 2512 395 2567; x_wconf 88' lang='lat' dir='ltr'><strong>tibi</strong></span> <span class='ocrx_word' id='word_1_190' title='bbox 447 2513 758 2569; x_wconf 87' lang='lat' dir='ltr'><strong>monstrabo</strong></span> <span class='ocrx_word' id='word_1_191' title='bbox 801 2530 908 2571; x_wconf 90' lang='lat' dir='ltr'><strong>non</strong></span> <span class='ocrx_word' id='word_1_192' title='bbox 950 2519 1238 2587; x_wconf 89' lang='lat' dir='ltr'><strong>genitum:</strong></span> <span class='ocrx_word' id='word_1_193' title='bbox 1286 2516 1540 2572; x_wconf 87' lang='lat' dir='ltr'><strong>Servator</strong></span> 
     </span>
    </p>
   </div>
   <div class='ocr_carea' id='block_1_26' title="bbox 110 2603 1541 2679">
    <p class='ocr_par' dir='ltr' id='par_1_26' title="bbox 110 2603 1541 2679">
     <span class='ocr_line' id='line_1_26' title="bbox 110 2603 1541 2679; baseline 0.006 -26"><span class='ocrx_word' id='word_1_194' title='bbox 110 2626 112 2653; x_wconf 73' lang='grc' dir='ltr'><strong>ι</strong></span> <span class='ocrx_word' id='word_1_195' title='bbox 139 2605 213 2658; x_wconf 85' lang='lat' dir='ltr'><strong>ait</strong></span> <span class='ocrx_word' id='word_1_196' title='bbox 239 2603 306 2661; x_wconf 88' lang='lat' dir='ltr'><strong>de</strong></span> <span class='ocrx_word' id='word_1_197' title='bbox 330 2604 463 2660; x_wconf 85' lang='lat' dir='ltr'><strong>Juda</strong></span> <span class='ocrx_word' id='word_1_198' title='bbox 496 2606 805 2675; x_wconf 86' lang='lat' dir='ltr'><strong>proditore:</strong></span> <span class='ocrx_word' id='word_1_199' title='bbox 841 2605 926 2662; x_wconf 69' lang='lat' dir='ltr'><strong>Va:</strong></span> <span class='ocrx_word' id='word_1_200' title='bbox 954 2608 1145 2662; x_wconf 80' lang='lat' dir='ltr'><strong>homini</strong></span> <span class='ocrx_word' id='word_1_201' title='bbox 1172 2606 1252 2663; x_wconf 91' lang='lat' dir='ltr'><strong>illi</strong></span> <span class='ocrx_word' id='word_1_202' title='bbox 1282 2625 1372 2679; x_wconf 87' lang='lat' dir='ltr'><strong>per</strong></span> <span class='ocrx_word' id='word_1_203' title='bbox 1394 2625 1541 2679; x_wconf 82' lang='lat' dir='ltr'><strong>quem</strong></span> 
     </span>
    </p>
   </div>
   <div class='ocr_carea' id='block_1_27' title="bbox 112 2698 1538 2768">
    <p class='ocr_par' dir='ltr' id='par_1_27' title="bbox 112 2698 1538 2768">
     <span class='ocr_line' id='line_1_27' title="bbox 112 2698 1538 2768; baseline 0.004 -19"><span class='ocrx_word' id='word_1_204' title='bbox 112 2714 135 2749; x_wconf 88' lang='lat' dir='ltr'><strong>s</strong></span> <span class='ocrx_word' id='word_1_205' title='bbox 184 2698 396 2753; x_wconf 85' lang='lat' dir='ltr'><strong>hominis</strong></span> <span class='ocrx_word' id='word_1_206' title='bbox 443 2698 721 2755; x_wconf 78' lang='lat' dir='ltr'><strong>tradetur!</strong></span> <span class='ocrx_word' id='word_1_207' title='bbox 766 2699 950 2753; x_wconf 85' lang='lat' dir='ltr'><strong>bonum</strong></span> <span class='ocrx_word' id='word_1_208' title='bbox 973 2700 1020 2754; x_wconf 88' lang='lat' dir='ltr'><strong>ei</strong></span> <span class='ocrx_word' id='word_1_209' title='bbox 1049 2710 1178 2768; x_wconf 85' lang='lat' dir='ltr'><strong>erat,</strong></span> <span class='ocrx_word' id='word_1_210' title='bbox 1196 2701 1242 2754; x_wconf 90' lang='lat' dir='ltr'><strong>si</strong></span> <span class='ocrx_word' id='word_1_211' title='bbox 1267 2710 1413 2755; x_wconf 86' lang='lat' dir='ltr'><strong>natus</strong></span> <span class='ocrx_word' id='word_1_212' title='bbox 1437 2718 1538 2755; x_wconf 84' lang='lat' dir='ltr'><strong>non</strong></span> 
     </span>
    </p>
   </div>
   <div class='ocr_carea' id='block_1_28' title="bbox 110 2786 1540 2862">
    <p class='ocr_par' dir='ltr' id='par_1_28' title="bbox 110 2786 1540 2862">
     <span class='ocr_line' id='line_1_28' title="bbox 110 2786 1540 2862; baseline 0.006 -22"><span class='ocrx_word' id='word_1_213' title='bbox 110 2800 143 2841; x_wconf 72' lang='grc' dir='ltr'>τι</span> <span class='ocrx_word' id='word_1_214' title='bbox 180 2788 393 2859; x_wconf 76' lang='lat' dir='ltr'><strong>(Matth.</strong></span> <span class='ocrx_word' id='word_1_215' title='bbox 424 2790 516 2847; x_wconf 67' lang='lat'><strong>26.</strong></span> <span class='ocrx_word' id='word_1_216' title='bbox 559 2786 680 2859; x_wconf 62' lang='grc'><strong>26).</strong></span> <span class='ocrx_word' id='word_1_217' title='bbox 704 2791 769 2846; x_wconf 88' lang='grc' dir='ltr'>Ει</span> <span class='ocrx_word' id='word_1_218' title='bbox 788 2791 1058 2862; x_wconf 87' lang='lat' dir='ltr'><strong>quomodo</strong></span> <span class='ocrx_word' id='word_1_219' title='bbox 1086 2793 1285 2849; x_wconf 89' lang='lat' dir='ltr'><strong>bonum</strong></span> <span class='ocrx_word' id='word_1_220' title='bbox 1312 2794 1360 2848; x_wconf 88' lang='lat' dir='ltr'><strong>ei</strong></span> <span class='ocrx_word' id='word_1_221' title='bbox 1388 2795 1540 2850; x_wconf 73' lang='lat' dir='ltr'><strong>erat?</strong></span> 
     </span>
    </p>
   </div>
   <div class='ocr_carea' id='block_1_29' title="bbox 116 2883 1543 2952">
    <p class='ocr_par' dir='ltr' id='par_1_29' title="bbox 116 2883 1543 2952">
     <span class='ocr_line' id='line_1_29' title="bbox 116 2883 1543 2952; baseline 0.006 -19"><span class='ocrx_word' id='word_1_222' title='bbox 116 2896 272 2951; x_wconf 87' lang='lat' dir='ltr'><strong>mque</strong></span> <span class='ocrx_word' id='word_1_223' title='bbox 300 2883 390 2952; x_wconf 89' lang='lat' dir='ltr'><strong>qui</strong></span> <span class='ocrx_word' id='word_1_224' title='bbox 442 2899 546 2939; x_wconf 91' lang='lat' dir='ltr'><strong>non</strong></span> <span class='ocrx_word' id='word_1_225' title='bbox 576 2884 791 2939; x_wconf 81' lang='lat' dir='ltr'><strong>exsistit</strong></span> <span class='ocrx_word' id='word_1_226' title='bbox 818 2884 952 2939; x_wconf 85' lang='lat' dir='ltr'><strong>nihil</strong></span> <span class='ocrx_word' id='word_1_227' title='bbox 976 2885 1197 2952; x_wconf 88' lang='lat' dir='ltr'><strong>bonum,</strong></span> <span class='ocrx_word' id='word_1_228' title='bbox 1231 2885 1363 2940; x_wconf 89' lang='lat' dir='ltr'><strong>nihil</strong></span> <span class='ocrx_word' id='word_1_229' title='bbox 1390 2886 1543 2941; x_wconf 86' lang='lat' dir='ltr'><strong>dam-</strong></span> 
     </span>
    </p>
   </div>
   <div class='ocr_carea' id='block_1_30' title="bbox 109 2974 1537 3049">
    <p class='ocr_par' dir='ltr' id='par_1_30' title="bbox 109 2974 1537 3049">
     <span class='ocr_line' id='line_1_30' title="bbox 109 2974 1537 3049; baseline 0.004 -22"><span class='ocrx_word' id='word_1_230' title='bbox 109 2991 176 3030; x_wconf 92' lang='lat' dir='ltr'><strong>m.</strong></span> <span class='ocrx_word' id='word_1_231' title='bbox 203 2974 460 3033; x_wconf 89' lang='lat' dir='ltr'><strong>Salomon</strong></span> <span class='ocrx_word' id='word_1_232' title='bbox 486 2990 699 3047; x_wconf 87' lang='lat' dir='ltr'><strong>quoque</strong></span> <span class='ocrx_word' id='word_1_233' title='bbox 726 2977 938 3032; x_wconf 82' lang='lat' dir='ltr'><strong>beatum</strong></span> <span class='ocrx_word' id='word_1_234' title='bbox 962 2978 1217 3049; x_wconf 59' lang='lat' dir='ltr'><strong>praedicat</strong></span> <span class='ocrx_word' id='word_1_235' title='bbox 1243 2979 1537 3045; x_wconf 86' lang='lat' dir='ltr'><strong>hominem,</strong></span> 
     </span>
    </p>
   </div>
   <div class='ocr_carea' id='block_1_31' title="bbox 110 3068 1540 3141">
    <p class='ocr_par' dir='ltr' id='par_1_31' title="bbox 110 3068 1540 3141">
     <span class='ocr_line' id='line_1_31' title="bbox 110 3068 1540 3141; baseline 0.003 -20"><span class='ocrx_word' id='word_1_236' title='bbox 110 3077 245 3123; x_wconf 75' lang='lat' dir='ltr'><strong>IstlllS</strong></span> <span class='ocrx_word' id='word_1_237' title='bbox 272 3084 377 3124; x_wconf 91' lang='lat' dir='ltr'><strong>non</strong></span> <span class='ocrx_word' id='word_1_238' title='bbox 408 3068 589 3135; x_wconf 79' lang='lat' dir='ltr'><strong>fuerit,</strong></span> <span class='ocrx_word' id='word_1_239' title='bbox 619 3069 702 3124; x_wconf 86' lang='lat' dir='ltr'><strong>his</strong></span> <span class='ocrx_word' id='word_1_240' title='bbox 728 3069 905 3125; x_wconf 84' lang='lat' dir='ltr'><strong>verbis</strong></span> <span class='ocrx_word' id='word_1_241' title='bbox 938 3089 952 3125; x_wconf 91' lang='lat'><strong>:</strong></span> <span class='ocrx_word' id='word_1_242' title='bbox 985 3070 1173 3126; x_wconf 81' lang='lat' dir='ltr'><strong>Beatus</strong></span> <span class='ocrx_word' id='word_1_243' title='bbox 1196 3073 1281 3141; x_wconf 88' lang='lat' dir='ltr'><strong>qui</strong></span> <span class='ocrx_word' id='word_1_244' title='bbox 1311 3083 1540 3127; x_wconf 86' lang='lat' dir='ltr'><strong>mortuus</strong></span> 
     </span>
    </p>
   </div>
   <div class='ocr_carea' id='block_1_32' title="bbox 110 3162 1542 3236">
    <p class='ocr_par' dir='ltr' id='par_1_32' title="bbox 110 3162 1542 3236">
     <span class='ocr_line' id='line_1_32' title="bbox 110 3162 1542 3236; baseline 0.003 -23"><span class='ocrx_word' id='word_1_245' title='bbox 110 3170 131 3213; x_wconf 40' lang='lat' dir='ltr'><strong>tt</strong></span> <span class='ocrx_word' id='word_1_246' title='bbox 158 3163 323 3232; x_wconf 72' lang='lat' dir='ltr'><strong>magis</strong></span> <span class='ocrx_word' id='word_1_247' title='bbox 366 3177 522 3231; x_wconf 83' lang='lat' dir='ltr'><strong>quam</strong></span> <span class='ocrx_word' id='word_1_248' title='bbox 559 3163 646 3231; x_wconf 85' lang='lat' dir='ltr'><strong>qui</strong></span> <span class='ocrx_word' id='word_1_249' title='bbox 674 3162 814 3228; x_wconf 84' lang='lat' dir='ltr'><strong>vivit,</strong></span> <span class='ocrx_word' id='word_1_250' title='bbox 847 3172 894 3217; x_wconf 88' lang='lat' dir='ltr'><strong>et</strong></span> <span class='ocrx_word' id='word_1_251' title='bbox 941 3162 1057 3232; x_wconf 85' lang='lat' dir='ltr'><strong>plus</strong></span> <span class='ocrx_word' id='word_1_252' title='bbox 1096 3179 1246 3233; x_wconf 86' lang='lat' dir='ltr'><strong>quam</strong></span> <span class='ocrx_word' id='word_1_253' title='bbox 1274 3164 1421 3218; x_wconf 87' lang='lat' dir='ltr'><strong>ambo</strong></span> <span class='ocrx_word' id='word_1_254' title='bbox 1455 3165 1542 3236; x_wconf 89' lang='lat' dir='ltr'><strong>qui</strong></span> 
     </span>
    </p>
   </div>
   <div class='ocr_carea' id='block_1_33' title="bbox 131 3250 1535 3322">
    <p class='ocr_par' dir='ltr' id='par_1_33' title="bbox 131 3250 1535 3322">
     <span class='ocr_line' id='line_1_33' title="bbox 131 3250 1535 3322; baseline 0.004 -19"><span class='ocrx_word' id='word_1_255' title='bbox 131 3268 236 3304; x_wconf 82' lang='lat' dir='ltr'><strong>non</strong></span> <span class='ocrx_word' id='word_1_256' title='bbox 275 3260 352 3305; x_wconf 84' lang='lat' dir='ltr'><strong>est</strong></span> <span class='ocrx_word' id='word_1_257' title='bbox 386 3250 581 3322; x_wconf 80' lang='lat' dir='ltr'><strong>(Eccle.</strong></span> <span class='ocrx_word' id='word_1_258' title='bbox 608 3252 663 3307; x_wconf 74' lang='grc' dir='ltr'>ι.</span> <span class='ocrx_word' id='word_1_259' title='bbox 691 3251 747 3306; x_wconf 75' lang='lat'><strong>2.</strong></span> <span class='ocrx_word' id='word_1_260' title='bbox 779 3253 858 3322; x_wconf 78' lang='grc'><strong>3).</strong></span> <span class='ocrx_word' id='word_1_261' title='bbox 885 3252 992 3309; x_wconf 85' lang='lat' dir='ltr'><strong>Sed</strong></span> <span class='ocrx_word' id='word_1_262' title='bbox 1037 3253 1083 3310; x_wconf 91' lang='lat' dir='ltr'><strong>si</strong></span> <span class='ocrx_word' id='word_1_263' title='bbox 1114 3264 1270 3309; x_wconf 88' lang='lat' dir='ltr'><strong>natus</strong></span> <span class='ocrx_word' id='word_1_264' title='bbox 1299 3270 1407 3309; x_wconf 88' lang='lat' dir='ltr'><strong>non</strong></span> <span class='ocrx_word' id='word_1_265' title='bbox 1433 3264 1535 3321; x_wconf 89' lang='lat' dir='ltr'><strong>est,</strong></span> 
     </span>
    </p>
   </div>
   <div class='ocr_carea' id='block_1_34' title="bbox 118 3343 1537 3416">
    <p class='ocr_par' dir='ltr' id='par_1_34' title="bbox 118 3343 1537 3416">
     <span class='ocr_line' id='line_1_34' title="bbox 118 3343 1537 3416; baseline 0.001 -19"><span class='ocrx_word' id='word_1_266' title='bbox 118 3343 227 3397; x_wconf 92' lang='lat' dir='ltr'><strong>odo</strong></span> <span class='ocrx_word' id='word_1_267' title='bbox 279 3344 513 3400; x_wconf 82' lang='lat' dir='ltr'><strong>beatus?</strong></span> <span class='ocrx_word' id='word_1_268' title='bbox 564 3344 698 3401; x_wconf 83' lang='lat' dir='ltr'><strong>Vide</strong></span> <span class='ocrx_word' id='word_1_269' title='bbox 748 3345 968 3401; x_wconf 86' lang='lat' dir='ltr'><strong>nomina</strong></span> <span class='ocrx_word' id='word_1_270' title='bbox 1021 3346 1270 3416; x_wconf 72' lang='lat' dir='ltr'><strong>ingenita:</strong></span> <span class='ocrx_word' id='word_1_271' title='bbox 1312 3354 1537 3401; x_wconf 58' lang='lat' dir='ltr'><strong>natura.</strong></span> 
     </span>
    </p>
   </div>
   <div class='ocr_carea' id='block_1_35' title="bbox 159 3437 1539 3507">
    <p class='ocr_par' dir='ltr' id='par_1_35' title="bbox 159 3437 1539 3507">
     <span class='ocr_line' id='line_1_35' title="bbox 159 3437 1539 3507; baseline 0.001 -16"><span class='ocrx_word' id='word_1_272' title='bbox 159 3437 381 3491; x_wconf 83' lang='lat' dir='ltr'><strong>beatum</strong></span> <span class='ocrx_word' id='word_1_273' title='bbox 425 3437 730 3501; x_wconf 89' lang='lat' dir='ltr'><strong>hominem,</strong></span> <span class='ocrx_word' id='word_1_274' title='bbox 778 3438 867 3507; x_wconf 90' lang='lat' dir='ltr'><strong>qui</strong></span> <span class='ocrx_word' id='word_1_275' title='bbox 921 3453 1021 3493; x_wconf 89' lang='lat' dir='ltr'><strong>nec</strong></span> <span class='ocrx_word' id='word_1_276' title='bbox 1071 3447 1228 3493; x_wconf 89' lang='lat' dir='ltr'><strong>natus</strong></span> <span class='ocrx_word' id='word_1_277' title='bbox 1271 3454 1370 3494; x_wconf 88' lang='lat' dir='ltr'><strong>nec</strong></span> <span class='ocrx_word' id='word_1_278' title='bbox 1431 3439 1539 3493; x_wconf 86' lang='lat' dir='ltr'><strong>lor-</strong></span> 
     </span>
    </p>
   </div>
   <div class='ocr_carea' id='block_1_36' title="bbox 111 3528 1536 3602">
    <p class='ocr_par' dir='ltr' id='par_1_36' title="bbox 111 3528 1536 3602">
     <span class='ocr_line' id='line_1_36' title="bbox 111 3528 1536 3602; baseline 0.002 -19"><span class='ocrx_word' id='word_1_279' title='bbox 111 3544 125 3583; x_wconf 72' lang='lat' dir='ltr'><strong>t</strong></span> <span class='ocrx_word' id='word_1_280' title='bbox 165 3528 356 3585; x_wconf 78' lang='lat' dir='ltr'><strong>fuerit.</strong></span> <span class='ocrx_word' id='word_1_281' title='bbox 388 3530 567 3600; x_wconf 85' lang='lat' dir='ltr'><strong>Itaque</strong></span> <span class='ocrx_word' id='word_1_282' title='bbox 610 3531 833 3602; x_wconf 89' lang='lat' dir='ltr'><strong>ingeniti</strong></span> <span class='ocrx_word' id='word_1_283' title='bbox 874 3546 1072 3585; x_wconf 85' lang='lat' dir='ltr'><strong>nomen</strong></span> <span class='ocrx_word' id='word_1_284' title='bbox 1117 3540 1358 3587; x_wconf 88' lang='lat' dir='ltr'><strong>naturam</strong></span> <span class='ocrx_word' id='word_1_285' title='bbox 1398 3532 1536 3586; x_wconf 80' lang='lat' dir='ltr'><strong>divi-</strong></span> 
     </span>
    </p>
   </div>
   <div class='ocr_carea' id='block_1_37' title="bbox 125 3622 1538 3694">
    <p class='ocr_par' dir='ltr' id='par_1_37' title="bbox 125 3622 1538 3694">
     <span class='ocr_line' id='line_1_37' title="bbox 125 3622 1538 3694; baseline 0.001 -19"><span class='ocrx_word' id='word_1_286' title='bbox 125 3636 238 3676; x_wconf 90' lang='lat' dir='ltr'><strong>non</strong></span> <span class='ocrx_word' id='word_1_287' title='bbox 294 3622 560 3691; x_wconf 72' lang='lat' dir='ltr'><strong>explicat,</strong></span> <span class='ocrx_word' id='word_1_288' title='bbox 607 3637 804 3693; x_wconf 86' lang='lat' dir='ltr'><strong>neque,</strong></span> <span class='ocrx_word' id='word_1_289' title='bbox 854 3632 912 3679; x_wconf 87' lang='lat' dir='ltr'><strong>ut</strong></span> <span class='ocrx_word' id='word_1_290' title='bbox 962 3632 1019 3678; x_wconf 89' lang='lat' dir='ltr'><strong>tu</strong></span> <span class='ocrx_word' id='word_1_291' title='bbox 1058 3623 1220 3689; x_wconf 89' lang='lat' dir='ltr'><strong>dicis,</strong></span> <span class='ocrx_word' id='word_1_292' title='bbox 1250 3625 1538 3694; x_wconf 74' lang='lat' dir='ltr'><strong>ingenitam</strong></span> 
     </span>
    </p>
   </div>
   <div class='ocr_carea' id='block_1_38' title="bbox 111 3713 1536 3784">
    <p class='ocr_par' dir='ltr' id='par_1_38' title="bbox 111 3713 1536 3784">
     <span class='ocr_line' id='line_1_38' title="bbox 111 3713 1536 3784; baseline 0.004 -19"><span class='ocrx_word' id='word_1_293' title='bbox 111 3713 313 3768; x_wconf 70' lang='lat' dir='ltr'><strong>Iuliam</strong></span> <span class='ocrx_word' id='word_1_294' title='bbox 363 3714 653 3784; x_wconf 81' lang='lat' dir='ltr'><strong>signiﬁcat,</strong></span> <span class='ocrx_word' id='word_1_295' title='bbox 696 3728 869 3784; x_wconf 87' lang='lat' dir='ltr'><strong>neque</strong></span> <span class='ocrx_word' id='word_1_296' title='bbox 908 3714 1052 3770; x_wconf 83' lang='lat' dir='ltr'><strong>Patri</strong></span> <span class='ocrx_word' id='word_1_297' title='bbox 1097 3714 1202 3770; x_wconf 78' lang='lat' dir='ltr'><strong>fert</strong></span> <span class='ocrx_word' id='word_1_298' title='bbox 1247 3715 1536 3781; x_wconf 86' lang='lat' dir='ltr'><strong>honorem;</strong></span> 
     </span>
    </p>
   </div>
   <div class='ocr_carea' id='block_1_39' title="bbox 3138 308 3243 373">
    <p class='ocr_par' dir='ltr' id='par_1_39' title="bbox 3138 308 3243 373">
     <span class='ocr_line' id='line_1_39' title="bbox 3138 308 3243 373; baseline 0.076 -8"><span class='ocrx_word' id='word_1_299' title='bbox 3138 308 3243 373; x_wconf 69' lang='grc' dir='ltr'>ιω</span> 
     </span>
    </p>
   </div>
   <div class='ocr_carea' id='block_1_40' title="bbox 1669 407 3244 493">
    <p class='ocr_par' dir='ltr' id='par_1_40' title="bbox 1669 407 3244 493">
     <span class='ocr_line' id='line_1_40' title="bbox 1669 407 3244 493; baseline 0.016 -35"><span class='ocrx_word' id='word_1_300' title='bbox 1669 418 1790 460; x_wconf 88' lang='lat' dir='ltr'><strong>cum</strong></span> <span class='ocrx_word' id='word_1_301' title='bbox 1821 407 1961 476; x_wconf 83' lang='lat' dir='ltr'><strong>apud</strong></span> <span class='ocrx_word' id='word_1_302' title='bbox 1991 409 2309 480; x_wconf 82' lang='lat' dir='ltr'><strong>prophetam</strong></span> <span class='ocrx_word' id='word_1_303' title='bbox 2355 412 2458 471; x_wconf 84' lang='lat' dir='ltr'><strong>slis</strong></span> <span class='ocrx_word' id='word_1_304' title='bbox 2490 417 2711 474; x_wconf 84' lang='lat' dir='ltr'><strong>nomina</strong></span> <span class='ocrx_word' id='word_1_305' title='bbox 2735 416 2845 479; x_wconf 83' lang='lat' dir='ltr'><strong>sint</strong></span> <span class='ocrx_word' id='word_1_306' title='bbox 2883 419 3244 493; x_wconf 66' lang='lat' dir='ltr'><strong>ingenuorum</strong></span> 
     </span>
    </p>
   </div>
   <div class='ocr_carea' id='block_1_41' title="bbox 1660 497 3245 588">
    <p class='ocr_par' dir='ltr' id='par_1_41' title="bbox 1660 497 3245 588">
     <span class='ocr_line' id='line_1_41' title="bbox 1660 497 3245 588; baseline 0.017 -40"><span class='ocrx_word' id='word_1_307' title='bbox 1660 504 1715 550; x_wconf 89' lang='lat' dir='ltr'><strong>et</strong></span> <span class='ocrx_word' id='word_1_308' title='bbox 1738 497 2060 565; x_wconf 85' lang='lat' dir='ltr'><strong>genitorum,</strong></span> <span class='ocrx_word' id='word_1_309' title='bbox 2091 512 2152 559; x_wconf 92' lang='lat' dir='ltr'><strong>ut</strong></span> <span class='ocrx_word' id='word_1_310' title='bbox 2195 518 2358 576; x_wconf 81' lang='lat' dir='ltr'><strong>supra</strong></span> <span class='ocrx_word' id='word_1_311' title='bbox 2401 507 2892 569; x_wconf 79' lang='lat' dir='ltr'><strong>demonstravimus</strong></span> <span class='ocrx_word' id='word_1_312' title='bbox 2934 532 2950 570; x_wconf 83' lang='lat'><strong>:</strong></span> <span class='ocrx_word' id='word_1_313' title='bbox 3002 516 3096 575; x_wconf 83' lang='lat' dir='ltr'><strong>sed</strong></span> <span class='ocrx_word' id='word_1_314' title='bbox 3124 533 3245 588; x_wconf 75' lang='lat' dir='ltr'><strong>quas</strong></span> 
     </span>
    </p>
   </div>
   <div class='ocr_carea' id='block_1_42' title="bbox 1661 592 3246 665">
    <p class='ocr_par' dir='ltr' id='par_1_42' title="bbox 1661 592 3246 665">
     <span class='ocr_line' id='line_1_42' title="bbox 1661 592 3246 665; baseline 0.015 -24"><span class='ocrx_word' id='word_1_315' title='bbox 1661 602 1775 643; x_wconf 85' lang='lat' dir='ltr'><strong>rem</strong></span> <span class='ocrx_word' id='word_1_316' title='bbox 1806 606 1912 644; x_wconf 83' lang='lat' dir='ltr'><strong>non</strong></span> <span class='ocrx_word' id='word_1_317' title='bbox 1938 592 2132 647; x_wconf 78' lang='lat' dir='ltr'><strong>factam</strong></span> <span class='ocrx_word' id='word_1_318' title='bbox 2155 610 2277 652; x_wconf 87' lang='lat' dir='ltr'><strong>esse</strong></span> <span class='ocrx_word' id='word_1_319' title='bbox 2306 606 2516 655; x_wconf 84' lang='lat' dir='ltr'><strong>tantum</strong></span> <span class='ocrx_word' id='word_1_320' title='bbox 2547 601 2844 660; x_wconf 83' lang='lat' dir='ltr'><strong>declarent.</strong></span> <span class='ocrx_word' id='word_1_321' title='bbox 2875 605 3070 663; x_wconf 84' lang='lat' dir='ltr'><strong>Verum</strong></span> <span class='ocrx_word' id='word_1_322' title='bbox 3098 609 3246 665; x_wconf 66' lang='lat' dir='ltr'><strong>dicao</strong></span> 
     </span>
    </p>
   </div>
   <div class='ocr_carea' id='block_1_43' title="bbox 1660 680 3244 769">
    <p class='ocr_par' dir='ltr' id='par_1_43' title="bbox 1660 680 3244 769">
     <span class='ocr_line' id='line_1_43' title="bbox 1660 680 3244 769; baseline 0.016 -40"><span class='ocrx_word' id='word_1_323' title='bbox 1660 694 1777 769; x_wconf 85' lang='lat' dir='ltr'><strong>mus</strong></span> <span class='ocrx_word' id='word_1_324' title='bbox 1807 680 1914 735; x_wconf 87' lang='lat' dir='ltr'><strong>illis</strong></span> <span class='ocrx_word' id='word_1_325' title='bbox 1950 697 2072 736; x_wconf 90' lang='lat' dir='ltr'><strong>cum</strong></span> <span class='ocrx_word' id='word_1_326' title='bbox 2103 685 2301 741; x_wconf 85' lang='lat' dir='ltr'><strong>Davide</strong></span> <span class='ocrx_word' id='word_1_327' title='bbox 2329 706 2341 741; x_wconf 91' lang='lat'>:</span> <span class='ocrx_word' id='word_1_328' title='bbox 2377 688 2729 748; x_wconf 76' lang='lat' dir='ltr'><strong>Narraverunt</strong></span> <span class='ocrx_word' id='word_1_329' title='bbox 2756 697 2882 749; x_wconf 85' lang='lat' dir='ltr'><strong>mihi</strong></span> <span class='ocrx_word' id='word_1_330' title='bbox 2908 698 3070 769; x_wconf 73' lang='lat' dir='ltr'><strong>iniqui</strong></span> <span class='ocrx_word' id='word_1_331' title='bbox 3097 696 3244 764; x_wconf 74' lang='lat' dir='ltr'><strong>fabu-</strong></span> 
     </span>
    </p>
   </div>
   <div class='ocr_carea' id='block_1_44' title="bbox 1658 768 3236 861">
    <p class='ocr_par' dir='ltr' id='par_1_44' title="bbox 1658 768 3236 861">
     <span class='ocr_line' id='line_1_44' title="bbox 1658 768 3236 861; baseline 0.018 -41"><span class='ocrx_word' id='word_1_332' title='bbox 1658 768 1899 861; x_wconf 71' lang='lat' dir='ltr'><strong>lationes,</strong></span> <span class='ocrx_word' id='word_1_333' title='bbox 1928 774 2020 828; x_wconf 86' lang='lat' dir='ltr'><strong>sed</strong></span> <span class='ocrx_word' id='word_1_334' title='bbox 2045 792 2147 829; x_wconf 78' lang='lat' dir='ltr'><strong>non</strong></span> <span class='ocrx_word' id='word_1_335' title='bbox 2187 788 2242 830; x_wconf 90' lang='lat' dir='ltr'><strong>ut</strong></span> <span class='ocrx_word' id='word_1_336' title='bbox 2282 780 2365 833; x_wconf 76' lang='lat' dir='ltr'><strong>lea:</strong></span> <span class='ocrx_word' id='word_1_337' title='bbox 2389 790 2496 847; x_wconf 89' lang='lat' dir='ltr'><strong>tua,</strong></span> <span class='ocrx_word' id='word_1_338' title='bbox 2525 782 2742 839; x_wconf 84' lang='lat' dir='ltr'><strong>Domine</strong></span> <span class='ocrx_word' id='word_1_339' title='bbox 2772 786 2941 856; x_wconf 86' lang='lat' dir='ltr'><strong>(Psal.</strong></span> <span class='ocrx_word' id='word_1_340' title='bbox 2974 768 3096 846; x_wconf 77' lang='lat' dir='ltr'><strong>l8.</strong></span> <span class='ocrx_word' id='word_1_341' title='bbox 3120 791 3236 861; x_wconf 83' lang='lat'><strong>85).</strong></span> 
     </span>
    </p>
   </div>
   <div class='ocr_carea' id='block_1_45' title="bbox 1657 859 3239 947">
    <p class='ocr_par' dir='ltr' id='par_1_45' title="bbox 1657 859 3239 947">
     <span class='ocr_line' id='line_1_45' title="bbox 1657 859 3239 947; baseline 0.016 -32"><span class='ocrx_word' id='word_1_342' title='bbox 1657 859 1801 916; x_wconf 87' lang='lat' dir='ltr'><strong>Petri</strong></span> <span class='ocrx_word' id='word_1_343' title='bbox 1826 878 2032 932; x_wconf 88' lang='lat' dir='ltr'><strong>vocem,</strong></span> <span class='ocrx_word' id='word_1_344' title='bbox 2067 867 2215 923; x_wconf 87' lang='lat' dir='ltr'><strong>Pauli</strong></span> <span class='ocrx_word' id='word_1_345' title='bbox 2260 869 2561 927; x_wconf 83' lang='lat' dir='ltr'><strong>doctrinam</strong></span> <span class='ocrx_word' id='word_1_346' title='bbox 2606 877 2835 947; x_wconf 82' lang='lat' dir='ltr'><strong>accipe:</strong></span> <span class='ocrx_word' id='word_1_347' title='bbox 2878 878 3109 938; x_wconf 77' lang='lat' dir='ltr'><strong>Christus</strong></span> <span class='ocrx_word' id='word_1_348' title='bbox 3153 859 3239 939; x_wconf 77' lang='lat' dir='ltr'><strong>se-</strong></span> 
     </span>
    </p>
   </div>
   <div class='ocr_carea' id='block_1_46' title="bbox 1655 952 3239 1033">
    <p class='ocr_par' dir='ltr' id='par_1_46' title="bbox 1655 952 3239 1033">
     <span class='ocr_line' id='line_1_46' title="bbox 1655 952 3239 1033; baseline 0.017 -29"><span class='ocrx_word' id='word_1_349' title='bbox 1655 952 1882 1009; x_wconf 81' lang='lat' dir='ltr'><strong>cuudum</strong></span> <span class='ocrx_word' id='word_1_350' title='bbox 1911 971 2136 1023; x_wconf 75' lang='lat' dir='ltr'><strong>caruerit,</strong></span> <span class='ocrx_word' id='word_1_351' title='bbox 2166 962 2251 1029; x_wconf 90' lang='lat' dir='ltr'><strong>qui</strong></span> <span class='ocrx_word' id='word_1_352' title='bbox 2278 972 2353 1015; x_wconf 87' lang='lat' dir='ltr'><strong>est</strong></span> <span class='ocrx_word' id='word_1_353' title='bbox 2388 979 2543 1032; x_wconf 83' lang='lat' dir='ltr'><strong>super</strong></span> <span class='ocrx_word' id='word_1_354' title='bbox 2569 968 2743 1021; x_wconf 77' lang='lat' dir='ltr'><strong>omnia</strong></span> <span class='ocrx_word' id='word_1_355' title='bbox 2784 967 2925 1025; x_wconf 78' lang='lat' dir='ltr'><strong>Deus</strong></span> <span class='ocrx_word' id='word_1_356' title='bbox 2953 972 3239 1033; x_wconf 71' lang='lat' dir='ltr'><strong>benedictus</strong></span> 
     </span>
    </p>
   </div>
   <div class='ocr_carea' id='block_1_47' title="bbox 1654 1043 3233 1127">
    <p class='ocr_par' dir='ltr' id='par_1_47' title="bbox 1654 1043 3233 1127">
     <span class='ocr_line' id='line_1_47' title="bbox 1654 1043 3233 1127; baseline 0.015 -31"><span class='ocrx_word' id='word_1_357' title='bbox 1654 1043 1707 1097; x_wconf 84' lang='lat' dir='ltr'><strong>iu</strong></span> <span class='ocrx_word' id='word_1_358' title='bbox 1737 1044 1926 1099; x_wconf 66' lang='lat' dir='ltr'><strong>secula</strong></span> <span class='ocrx_word' id='word_1_359' title='bbox 1981 1047 2157 1117; x_wconf 78' lang='lat' dir='ltr'><strong>(Rom.</strong></span> <span class='ocrx_word' id='word_1_360' title='bbox 2208 1049 2370 1121; x_wconf 85' lang='lat'><strong>9.5).</strong></span> <span class='ocrx_word' id='word_1_361' title='bbox 2403 1051 2637 1123; x_wconf 79' lang='lat' dir='ltr'><strong>Spiritus</strong></span> <span class='ocrx_word' id='word_1_362' title='bbox 2690 1070 2910 1117; x_wconf 86' lang='lat' dir='ltr'><strong>sanctus</strong></span> <span class='ocrx_word' id='word_1_363' title='bbox 2960 1061 3233 1127; x_wconf 82' lang='lat' dir='ltr'><strong>adoretur.</strong></span> 
     </span>
    </p>
   </div>
   <div class='ocr_carea' id='block_1_48' title="bbox 1654 1136 3232 1219">
    <p class='ocr_par' dir='ltr' id='par_1_48' title="bbox 1654 1136 3232 1219">
     <span class='ocr_line' id='line_1_48' title="bbox 1654 1136 3232 1219; baseline 0.013 -29"><span class='ocrx_word' id='word_1_364' title='bbox 1654 1136 1977 1203; x_wconf 85' lang='lat' dir='ltr'><strong>celebretur,</strong></span> <span class='ocrx_word' id='word_1_365' title='bbox 1997 1140 2348 1208; x_wconf 80' lang='lat' dir='ltr'><strong>gloriﬁcetur.</strong></span> <span class='ocrx_word' id='word_1_366' title='bbox 2380 1144 2458 1200; x_wconf 74' lang='lat' dir='ltr'><strong>Es</strong></span> <span class='ocrx_word' id='word_1_367' title='bbox 2479 1147 2680 1203; x_wconf 87' lang='lat' dir='ltr'><strong>divinis</strong></span> <span class='ocrx_word' id='word_1_368' title='bbox 2711 1150 3000 1219; x_wconf 85' lang='lat' dir='ltr'><strong>Scripturis</strong></span> <span class='ocrx_word' id='word_1_369' title='bbox 3027 1154 3094 1212; x_wconf 87' lang='lat' dir='ltr'><strong>de</strong></span> <span class='ocrx_word' id='word_1_370' title='bbox 3122 1156 3232 1212; x_wconf 84' lang='lat' dir='ltr'><strong>Deo</strong></span> 
     </span>
    </p>
   </div>
   <div class='ocr_carea' id='block_1_49' title="bbox 1656 1230 3230 1311">
    <p class='ocr_par' dir='ltr' id='par_1_49' title="bbox 1656 1230 3230 1311">
     <span class='ocr_line' id='line_1_49' title="bbox 1656 1230 3230 1311; baseline 0.015 -30"><span class='ocrx_word' id='word_1_371' title='bbox 1656 1230 1943 1299; x_wconf 79' lang='lat' dir='ltr'><strong>loquimur,</strong></span> <span class='ocrx_word' id='word_1_372' title='bbox 1972 1234 2138 1289; x_wconf 88' lang='lat' dir='ltr'><strong>velint</strong></span> <span class='ocrx_word' id='word_1_373' title='bbox 2165 1238 2337 1291; x_wconf 90' lang='lat' dir='ltr'><strong>nolint</strong></span> <span class='ocrx_word' id='word_1_374' title='bbox 2367 1238 2588 1294; x_wconf 85' lang='lat' dir='ltr'><strong>inimici.</strong></span> <span class='ocrx_word' id='word_1_375' title='bbox 2615 1241 2789 1297; x_wconf 83' lang='lat' dir='ltr'><strong>Testis</strong></span> <span class='ocrx_word' id='word_1_376' title='bbox 2810 1244 2917 1311; x_wconf 86' lang='lat' dir='ltr'><strong>erit</strong></span> <span class='ocrx_word' id='word_1_377' title='bbox 2938 1245 3067 1301; x_wconf 84' lang='lat' dir='ltr'><strong>mihi</strong></span> <span class='ocrx_word' id='word_1_378' title='bbox 3096 1248 3230 1303; x_wconf 84' lang='lat' dir='ltr'><strong>Pan-</strong></span> 
     </span>
    </p>
   </div>
   <div class='ocr_carea' id='block_1_50' title="bbox 1658 1322 3226 1407">
    <p class='ocr_par' dir='ltr' id='par_1_50' title="bbox 1658 1322 3226 1407">
     <span class='ocr_line' id='line_1_50' title="bbox 1658 1322 3226 1407; baseline 0.013 -33"><span class='ocrx_word' id='word_1_379' title='bbox 1658 1322 1741 1375; x_wconf 80' lang='lat' dir='ltr'><strong>Itts</strong></span> <span class='ocrx_word' id='word_1_380' title='bbox 1770 1322 1951 1378; x_wconf 85' lang='lat' dir='ltr'><strong>dicens</strong></span> <span class='ocrx_word' id='word_1_381' title='bbox 1986 1344 1999 1378; x_wconf 93' lang='lat'>:</span> <span class='ocrx_word' id='word_1_382' title='bbox 2053 1325 2275 1382; x_wconf 81' lang='lat' dir='ltr'><strong>Nescitis</strong></span> <span class='ocrx_word' id='word_1_383' title='bbox 2319 1331 2440 1399; x_wconf 83' lang='lat' dir='ltr'><strong>quia</strong></span> <span class='ocrx_word' id='word_1_384' title='bbox 2469 1334 2714 1403; x_wconf 81' lang='lat' dir='ltr'><strong>templum</strong></span> <span class='ocrx_word' id='word_1_385' title='bbox 2744 1334 2837 1389; x_wconf 91' lang='lat' dir='ltr'><strong>Dei</strong></span> <span class='ocrx_word' id='word_1_386' title='bbox 2864 1338 3001 1403; x_wconf 78' lang='lat' dir='ltr'><strong>estis,</strong></span> <span class='ocrx_word' id='word_1_387' title='bbox 3033 1349 3080 1393; x_wconf 89' lang='lat' dir='ltr'><strong>et</strong></span> <span class='ocrx_word' id='word_1_388' title='bbox 3114 1342 3226 1407; x_wconf 76' lang='lat' dir='ltr'><strong>quis</strong></span> 
     </span>
    </p>
   </div>
   <div class='ocr_carea' id='block_1_51' title="bbox 1653 1412 3232 1489">
    <p class='ocr_par' dir='ltr' id='par_1_51' title="bbox 1653 1412 3232 1489">
     <span class='ocr_line' id='line_1_51' title="bbox 1653 1412 3232 1489; baseline 0.013 -26"><span class='ocrx_word' id='word_1_389' title='bbox 1653 1412 1718 1464; x_wconf 85' lang='lat' dir='ltr'><strong>sit</strong></span> <span class='ocrx_word' id='word_1_390' title='bbox 1756 1414 1843 1480; x_wconf 86' lang='lat' dir='ltr'><strong>qui</strong></span> <span class='ocrx_word' id='word_1_391' title='bbox 1892 1415 2177 1470; x_wconf 74' lang='lat' dir='ltr'><strong>inhabitet?</strong></span> <span class='ocrx_word' id='word_1_392' title='bbox 2222 1429 2294 1483; x_wconf 85' lang='lat' dir='ltr'><strong>et,</strong></span> <span class='ocrx_word' id='word_1_393' title='bbox 2345 1420 2572 1489; x_wconf 80' lang='lat' dir='ltr'><strong>Spiritus</strong></span> <span class='ocrx_word' id='word_1_394' title='bbox 2622 1423 2718 1477; x_wconf 86' lang='lat' dir='ltr'><strong>Dei</strong></span> <span class='ocrx_word' id='word_1_395' title='bbox 2768 1425 2961 1481; x_wconf 79' lang='lat' dir='ltr'><strong>habitat</strong></span> <span class='ocrx_word' id='word_1_396' title='bbox 3003 1429 3055 1483; x_wconf 82' lang='lat' dir='ltr'><strong>in</strong></span> <span class='ocrx_word' id='word_1_397' title='bbox 3095 1429 3232 1484; x_wconf 71' lang='lat' dir='ltr'><strong>vobis</strong></span> 
     </span>
    </p>
   </div>
   <div class='ocr_carea' id='block_1_52' title="bbox 1652 1502 3223 1588">
    <p class='ocr_par' dir='ltr' id='par_1_52' title="bbox 1652 1502 3223 1588">
     <span class='ocr_line' id='line_1_52' title="bbox 1652 1502 3223 1588; baseline 0.012 -32"><span class='ocrx_word' id='word_1_398' title='bbox 1652 1502 1728 1570; x_wconf 86' lang='lat' dir='ltr'><strong>(l.</strong></span> <span class='ocrx_word' id='word_1_399' title='bbox 1761 1502 1877 1558; x_wconf 85' lang='lat' dir='ltr'><strong>Cor.</strong></span> <span class='ocrx_word' id='word_1_400' title='bbox 1910 1507 1963 1562; x_wconf 78' lang='lat'><strong>5.</strong></span> <span class='ocrx_word' id='word_1_401' title='bbox 1994 1508 2107 1575; x_wconf 83' lang='grc'><strong>16).</strong></span> <span class='ocrx_word' id='word_1_402' title='bbox 2132 1509 2290 1565; x_wconf 80' lang='lat' dir='ltr'><strong>Aliud</strong></span> <span class='ocrx_word' id='word_1_403' title='bbox 2319 1521 2402 1565; x_wconf 92' lang='lat' dir='ltr'><strong>est</strong></span> <span class='ocrx_word' id='word_1_404' title='bbox 2424 1527 2552 1582; x_wconf 90' lang='lat' dir='ltr'><strong>ergo</strong></span> <span class='ocrx_word' id='word_1_405' title='bbox 2588 1515 2864 1585; x_wconf 88' lang='lat' dir='ltr'><strong>templum,</strong></span> <span class='ocrx_word' id='word_1_406' title='bbox 2891 1526 2946 1575; x_wconf 86' lang='lat' dir='ltr'><strong>et</strong></span> <span class='ocrx_word' id='word_1_407' title='bbox 2969 1518 3103 1573; x_wconf 89' lang='lat' dir='ltr'><strong>alius</strong></span> <span class='ocrx_word' id='word_1_408' title='bbox 3132 1520 3223 1588; x_wconf 82' lang='lat' dir='ltr'><strong>qui</strong></span> 
     </span>
    </p>
   </div>
   <div class='ocr_carea' id='block_1_53' title="bbox 1653 1594 3227 1673">
    <p class='ocr_par' dir='ltr' id='par_1_53' title="bbox 1653 1594 3227 1673">
     <span class='ocr_line' id='line_1_53' title="bbox 1653 1594 3227 1673; baseline 0.013 -26"><span class='ocrx_word' id='word_1_409' title='bbox 1653 1594 1931 1651; x_wconf 84' lang='lat' dir='ltr'><strong>inhabitat.</strong></span> <span class='ocrx_word' id='word_1_410' title='bbox 1964 1597 2079 1653; x_wconf 81' lang='lat' dir='ltr'><strong>Non</strong></span> <span class='ocrx_word' id='word_1_411' title='bbox 2131 1599 2326 1656; x_wconf 87' lang='lat' dir='ltr'><strong>audisti</strong></span> <span class='ocrx_word' id='word_1_412' title='bbox 2376 1602 2587 1660; x_wconf 82' lang='lat' dir='ltr'><strong>Petrum</strong></span> <span class='ocrx_word' id='word_1_413' title='bbox 2635 1605 2950 1662; x_wconf 87' lang='lat' dir='ltr'><strong>dicentem:</strong></span> <span class='ocrx_word' id='word_1_414' title='bbox 3002 1610 3227 1673; x_wconf 77' lang='lat' dir='ltr'><strong>Anania.</strong></span> 
     </span>
    </p>
   </div>
   <div class='ocr_carea' id='block_1_54' title="bbox 1650 1691 3222 1770">
    <p class='ocr_par' dir='ltr' id='par_1_54' title="bbox 1650 1691 3222 1770">
     <span class='ocr_line' id='line_1_54' title="bbox 1650 1691 3222 1770; baseline 0.012 -32"><span class='ocrx_word' id='word_1_415' title='bbox 1650 1704 1742 1740; x_wconf 86' lang='lat' dir='ltr'><strong>cur</strong></span> <span class='ocrx_word' id='word_1_416' title='bbox 1790 1691 1998 1743; x_wconf 83' lang='lat' dir='ltr'><strong>tentavit</strong></span> <span class='ocrx_word' id='word_1_417' title='bbox 2045 1699 2251 1746; x_wconf 74' lang='lat' dir='ltr'><strong>satanas</strong></span> <span class='ocrx_word' id='word_1_418' title='bbox 2295 1710 2383 1747; x_wconf 85' lang='lat' dir='ltr'><strong>eor</strong></span> <span class='ocrx_word' id='word_1_419' title='bbox 2433 1704 2609 1760; x_wconf 88' lang='lat' dir='ltr'><strong>tuum,</strong></span> <span class='ocrx_word' id='word_1_420' title='bbox 2658 1699 2855 1753; x_wconf 87' lang='lat' dir='ltr'><strong>mentiri</strong></span> <span class='ocrx_word' id='word_1_421' title='bbox 2900 1710 2948 1754; x_wconf 81' lang='lat' dir='ltr'><strong>te</strong></span> <span class='ocrx_word' id='word_1_422' title='bbox 2995 1700 3222 1770; x_wconf 80' lang='lat' dir='ltr'><strong>Spiritui</strong></span> 
     </span>
    </p>
   </div>
   <div class='ocr_carea' id='block_1_55' title="bbox 1651 1781 3223 1856">
    <p class='ocr_par' dir='ltr' id='par_1_55' title="bbox 1651 1781 3223 1856">
     <span class='ocr_line' id='line_1_55' title="bbox 1651 1781 3223 1856; baseline 0.011 -25"><span class='ocrx_word' id='word_1_423' title='bbox 1651 1781 1866 1834; x_wconf 78' lang='lat' dir='ltr'><strong>sancto?</strong></span> <span class='ocrx_word' id='word_1_424' title='bbox 1908 1790 1961 1836; x_wconf 91' lang='lat' dir='ltr'><strong>et</strong></span> <span class='ocrx_word' id='word_1_425' title='bbox 2011 1781 2208 1848; x_wconf 87' lang='lat' dir='ltr'><strong>intulit,</strong></span> <span class='ocrx_word' id='word_1_426' title='bbox 2238 1782 2360 1838; x_wconf 84' lang='lat' dir='ltr'><strong>Non</strong></span> <span class='ocrx_word' id='word_1_427' title='bbox 2405 1788 2638 1842; x_wconf 86' lang='lat' dir='ltr'><strong>mentitus</strong></span> <span class='ocrx_word' id='word_1_428' title='bbox 2686 1806 2737 1843; x_wconf 90' lang='lat' dir='ltr'><strong>es</strong></span> <span class='ocrx_word' id='word_1_429' title='bbox 2781 1790 3087 1856; x_wconf 76' lang='lat' dir='ltr'><strong>hominibus,</strong></span> <span class='ocrx_word' id='word_1_430' title='bbox 3131 1795 3223 1848; x_wconf 77' lang='lat' dir='ltr'><strong>sed</strong></span> 
     </span>
    </p>
   </div>
   <div class='ocr_carea' id='block_1_56' title="bbox 1651 1868 3226 1953">
    <p class='ocr_par' dir='ltr' id='par_1_56' title="bbox 1651 1868 3226 1953">
     <span class='ocr_line' id='line_1_56' title="bbox 1651 1868 3226 1953; baseline 0.013 -32"><span class='ocrx_word' id='word_1_431' title='bbox 1651 1868 1761 1925; x_wconf 85' lang='lat' dir='ltr'><strong>Deo</strong></span> <span class='ocrx_word' id='word_1_432' title='bbox 1796 1872 1930 1938; x_wconf 77' lang='lat' dir='ltr'><strong>(Act.</strong></span> <span class='ocrx_word' id='word_1_433' title='bbox 1959 1873 2013 1928; x_wconf 81' lang='grc'><strong>5.</strong></span> <span class='ocrx_word' id='word_1_434' title='bbox 2041 1874 2096 1927; x_wconf 82' lang='lat'><strong>5.</strong></span> <span class='ocrx_word' id='word_1_435' title='bbox 2124 1875 2205 1944; x_wconf 73' lang='grc' dir='ltr'><strong>ι).</strong></span> <span class='ocrx_word' id='word_1_436' title='bbox 2238 1874 2343 1931; x_wconf 87' lang='lat' dir='ltr'><strong>Sed</strong></span> <span class='ocrx_word' id='word_1_437' title='bbox 2369 1876 2555 1933; x_wconf 91' lang='lat' dir='ltr'><strong>dicunt</strong></span> <span class='ocrx_word' id='word_1_438' title='bbox 2581 1879 2819 1937; x_wconf 68' lang='lat' dir='ltr'><strong>hzeretici</strong></span> <span class='ocrx_word' id='word_1_439' title='bbox 2848 1898 2862 1937; x_wconf 88' lang='lat'><strong>:</strong></span> <span class='ocrx_word' id='word_1_440' title='bbox 2893 1881 3009 1938; x_wconf 82' lang='lat' dir='ltr'><strong>Non</strong></span> <span class='ocrx_word' id='word_1_441' title='bbox 3051 1884 3226 1953; x_wconf 84' lang='lat' dir='ltr'><strong>Spiri-</strong></span> 
     </span>
    </p>
   </div>
   <div class='ocr_carea' id='block_1_57' title="bbox 1655 1965 3225 2041">
    <p class='ocr_par' dir='ltr' id='par_1_57' title="bbox 1655 1965 3225 2041">
     <span class='ocr_line' id='line_1_57' title="bbox 1655 1965 3225 2041; baseline 0.008 -26"><span class='ocrx_word' id='word_1_442' title='bbox 1655 1970 1763 2017; x_wconf 89' lang='lat' dir='ltr'><strong>tutu</strong></span> <span class='ocrx_word' id='word_1_443' title='bbox 1795 1966 2005 2018; x_wconf 85' lang='lat' dir='ltr'><strong>vocavit</strong></span> <span class='ocrx_word' id='word_1_444' title='bbox 2032 1965 2221 2031; x_wconf 87' lang='lat' dir='ltr'><strong>Deum,</strong></span> <span class='ocrx_word' id='word_1_445' title='bbox 2253 1968 2346 2023; x_wconf 88' lang='lat' dir='ltr'><strong>sed</strong></span> <span class='ocrx_word' id='word_1_446' title='bbox 2391 1966 2441 2023; x_wconf 90' lang='lat' dir='ltr'><strong>id</strong></span> <span class='ocrx_word' id='word_1_447' title='bbox 2472 1968 2620 2033; x_wconf 88' lang='lat' dir='ltr'><strong>dicit,</strong></span> <span class='ocrx_word' id='word_1_448' title='bbox 2650 1971 2771 2041; x_wconf 88' lang='lat' dir='ltr'><strong>quia</strong></span> <span class='ocrx_word' id='word_1_449' title='bbox 2799 1970 3031 2041; x_wconf 86' lang='lat' dir='ltr'><strong>Spiritus</strong></span> <span class='ocrx_word' id='word_1_450' title='bbox 3054 1988 3086 2028; x_wconf 86' lang='lat' dir='ltr'><strong>a</strong></span> <span class='ocrx_word' id='word_1_451' title='bbox 3117 1974 3225 2030; x_wconf 88' lang='lat' dir='ltr'><strong>Deo</strong></span> 
     </span>
    </p>
   </div>
   <div class='ocr_carea' id='block_1_58' title="bbox 1652 2054 3224 2133">
    <p class='ocr_par' dir='ltr' id='par_1_58' title="bbox 1652 2054 3224 2133">
     <span class='ocr_line' id='line_1_58' title="bbox 1652 2054 3224 2133; baseline 0.01 -28"><span class='ocrx_word' id='word_1_452' title='bbox 1652 2054 1847 2108; x_wconf 90' lang='lat' dir='ltr'><strong>missus</strong></span> <span class='ocrx_word' id='word_1_453' title='bbox 1877 2063 1979 2109; x_wconf 85' lang='lat' dir='ltr'><strong>est.</strong></span> <span class='ocrx_word' id='word_1_454' title='bbox 2008 2056 2108 2124; x_wconf 85' lang='lat' dir='ltr'><strong>Qui</strong></span> <span class='ocrx_word' id='word_1_455' title='bbox 2148 2059 2473 2115; x_wconf 81' lang='lat' dir='ltr'><strong>contumelia</strong></span> <span class='ocrx_word' id='word_1_456' title='bbox 2500 2060 2685 2124; x_wconf 80' lang='lat' dir='ltr'><strong>allicit,</strong></span> <span class='ocrx_word' id='word_1_457' title='bbox 2721 2061 2911 2133; x_wconf 86' lang='lat' dir='ltr'><strong>inquit,</strong></span> <span class='ocrx_word' id='word_1_458' title='bbox 2943 2062 3224 2133; x_wconf 83' lang='lat' dir='ltr'><strong>Spiritum.</strong></span> 
     </span>
    </p>
   </div>
   <div class='ocr_carea' id='block_1_59' title="bbox 1654 2145 3226 2220">
    <p class='ocr_par' dir='ltr' id='par_1_59' title="bbox 1654 2145 3226 2220">
     <span class='ocr_line' id='line_1_59' title="bbox 1654 2145 3226 2220; baseline 0.008 -21"><span class='ocrx_word' id='word_1_459' title='bbox 1654 2145 1818 2201; x_wconf 84' lang='lat' dir='ltr'><strong>Deum</strong></span> <span class='ocrx_word' id='word_1_460' title='bbox 1847 2148 2145 2206; x_wconf 83' lang='lat' dir='ltr'><strong>mittentem</strong></span> <span class='ocrx_word' id='word_1_461' title='bbox 2175 2152 2498 2207; x_wconf 81' lang='lat' dir='ltr'><strong>contumelia</strong></span> <span class='ocrx_word' id='word_1_462' title='bbox 2520 2152 2705 2208; x_wconf 78' lang='lat' dir='ltr'><strong>allicit.</strong></span> <span class='ocrx_word' id='word_1_463' title='bbox 2738 2155 2842 2220; x_wconf 87' lang='lat' dir='ltr'><strong>At,</strong></span> <span class='ocrx_word' id='word_1_464' title='bbox 2873 2157 3033 2211; x_wconf 83' lang='lat' dir='ltr'><strong>stulte</strong></span> <span class='ocrx_word' id='word_1_465' title='bbox 3059 2164 3114 2211; x_wconf 87' lang='lat' dir='ltr'><strong>et</strong></span> <span class='ocrx_word' id='word_1_466' title='bbox 3141 2158 3226 2212; x_wconf 86' lang='lat' dir='ltr'><strong>in-</strong></span> 
     </span>
    </p>
   </div>
   <div class='ocr_carea' id='block_1_60' title="bbox 1650 2239 3231 2316">
    <p class='ocr_par' dir='ltr' id='par_1_60' title="bbox 1650 2239 3231 2316">
     <span class='ocr_line' id='line_1_60' title="bbox 1650 2239 3231 2316; baseline 0.006 -25"><span class='ocrx_word' id='word_1_467' title='bbox 1650 2239 2028 2304; x_wconf 80' lang='lat' dir='ltr'><strong>considerate;</strong></span> <span class='ocrx_word' id='word_1_468' title='bbox 2072 2243 2238 2296; x_wconf 84' lang='lat' dir='ltr'><strong>atlieo</strong></span> <span class='ocrx_word' id='word_1_469' title='bbox 2281 2244 2427 2298; x_wconf 87' lang='lat' dir='ltr'><strong>enim</strong></span> <span class='ocrx_word' id='word_1_470' title='bbox 2470 2259 2574 2300; x_wconf 86' lang='lat' dir='ltr'><strong>non</strong></span> <span class='ocrx_word' id='word_1_471' title='bbox 2623 2244 2728 2301; x_wconf 87' lang='lat' dir='ltr'><strong>alia</strong></span> <span class='ocrx_word' id='word_1_472' title='bbox 2769 2247 3058 2316; x_wconf 79' lang='lat' dir='ltr'><strong>appellatio</strong></span> <span class='ocrx_word' id='word_1_473' title='bbox 3081 2262 3231 2302; x_wconf 84' lang='lat' dir='ltr'><strong>com-</strong></span> 
     </span>
    </p>
   </div>
   <div class='ocr_carea' id='block_1_61' title="bbox 1651 2332 3226 2406">
    <p class='ocr_par' dir='ltr' id='par_1_61' title="bbox 1651 2332 3226 2406">
     <span class='ocr_line' id='line_1_61' title="bbox 1651 2332 3226 2406; baseline 0.008 -25"><span class='ocrx_word' id='word_1_474' title='bbox 1651 2337 1813 2399; x_wconf 83' lang='lat' dir='ltr'><strong>petat,</strong></span> <span class='ocrx_word' id='word_1_475' title='bbox 1842 2346 2001 2400; x_wconf 80' lang='lat' dir='ltr'><strong>quant</strong></span> <span class='ocrx_word' id='word_1_476' title='bbox 2024 2332 2171 2387; x_wconf 89' lang='lat' dir='ltr'><strong>stulti</strong></span> <span class='ocrx_word' id='word_1_477' title='bbox 2202 2350 2215 2386; x_wconf 88' lang='lat'><strong>:</strong></span> <span class='ocrx_word' id='word_1_478' title='bbox 2246 2348 2393 2396; x_wconf 88' lang='lat' dir='ltr'><strong>nam.</strong></span> <span class='ocrx_word' id='word_1_479' title='bbox 2425 2333 2568 2389; x_wconf 70' lang='lat' dir='ltr'><strong>Dixit</strong></span> <span class='ocrx_word' id='word_1_480' title='bbox 2594 2337 2838 2406; x_wconf 82' lang='lat' dir='ltr'><strong>insipiens</strong></span> <span class='ocrx_word' id='word_1_481' title='bbox 2866 2339 2918 2391; x_wconf 85' lang='lat' dir='ltr'><strong>in</strong></span> <span class='ocrx_word' id='word_1_482' title='bbox 2940 2339 3091 2392; x_wconf 83' lang='lat' dir='ltr'><strong>corde</strong></span> <span class='ocrx_word' id='word_1_483' title='bbox 3113 2355 3226 2405; x_wconf 82' lang='lat' dir='ltr'><strong>suo,</strong></span> 
     </span>
    </p>
   </div>
   <div class='ocr_carea' id='block_1_62' title="bbox 1652 2420 3228 2500">
    <p class='ocr_par' dir='ltr' id='par_1_62' title="bbox 1652 2420 3228 2500">
     <span class='ocr_line' id='line_1_62' title="bbox 1652 2420 3228 2500; baseline 0.006 -25"><span class='ocrx_word' id='word_1_484' title='bbox 1652 2420 1775 2475; x_wconf 86' lang='lat' dir='ltr'><strong>Non</strong></span> <span class='ocrx_word' id='word_1_485' title='bbox 1802 2434 1875 2477; x_wconf 86' lang='lat' dir='ltr'><strong>est</strong></span> <span class='ocrx_word' id='word_1_486' title='bbox 1924 2421 2062 2477; x_wconf 85' lang='lat' dir='ltr'><strong>Deus</strong></span> <span class='ocrx_word' id='word_1_487' title='bbox 2093 2422 2267 2494; x_wconf 86' lang='lat' dir='ltr'><strong>(Psal.</strong></span> <span class='ocrx_word' id='word_1_488' title='bbox 2301 2426 2390 2481; x_wconf 76' lang='grc'><strong>15.</strong></span> <span class='ocrx_word' id='word_1_489' title='bbox 2423 2427 2477 2493; x_wconf 84' lang='lat' dir='ltr'><strong>I)</strong></span> <span class='ocrx_word' id='word_1_490' title='bbox 2504 2444 2517 2481; x_wconf 89' lang='lat'><strong>:</strong></span> <span class='ocrx_word' id='word_1_491' title='bbox 2550 2440 2657 2481; x_wconf 90' lang='lat' dir='ltr'><strong>non</strong></span> <span class='ocrx_word' id='word_1_492' title='bbox 2682 2427 2839 2495; x_wconf 79' lang='lat' dir='ltr'><strong>dixit,</strong></span> <span class='ocrx_word' id='word_1_493' title='bbox 2888 2438 2944 2482; x_wconf 89' lang='lat' dir='ltr'><strong>ut</strong></span> <span class='ocrx_word' id='word_1_494' title='bbox 2982 2438 3035 2484; x_wconf 90' lang='lat' dir='ltr'><strong>tu</strong></span> <span class='ocrx_word' id='word_1_495' title='bbox 3078 2430 3228 2500; x_wconf 89' lang='lat' dir='ltr'><strong>cogi-</strong></span> 
     </span>
    </p>
   </div>
   <div class='ocr_carea' id='block_1_63' title="bbox 1652 2514 3225 2588">
    <p class='ocr_par' dir='ltr' id='par_1_63' title="bbox 1652 2514 3225 2588">
     <span class='ocr_line' id='line_1_63' title="bbox 1652 2514 3225 2588; baseline 0.004 -20"><span class='ocrx_word' id='word_1_496' title='bbox 1652 2515 1799 2569; x_wconf 86' lang='lat' dir='ltr'><strong>tasti.</strong></span> <span class='ocrx_word' id='word_1_497' title='bbox 1825 2514 1979 2583; x_wconf 86' lang='lat' dir='ltr'><strong>Nam,</strong></span> <span class='ocrx_word' id='word_1_498' title='bbox 2010 2516 2058 2571; x_wconf 91' lang='lat' dir='ltr'><strong>si</strong></span> <span class='ocrx_word' id='word_1_499' title='bbox 2094 2517 2421 2572; x_wconf 83' lang='lat' dir='ltr'><strong>contumelia</strong></span> <span class='ocrx_word' id='word_1_500' title='bbox 2453 2518 2506 2572; x_wconf 85' lang='lat' dir='ltr'><strong>in</strong></span> <span class='ocrx_word' id='word_1_501' title='bbox 2536 2518 2793 2588; x_wconf 88' lang='lat' dir='ltr'><strong>Spiritum</strong></span> <span class='ocrx_word' id='word_1_502' title='bbox 2836 2517 3129 2579; x_wconf 77' lang='lat' dir='ltr'><strong>referretur</strong></span> <span class='ocrx_word' id='word_1_503' title='bbox 3173 2522 3225 2575; x_wconf 90' lang='lat' dir='ltr'><strong>in</strong></span> 
     </span>
    </p>
   </div>
   <div class='ocr_carea' id='block_1_64' title="bbox 1651 2605 3229 2678">
    <p class='ocr_par' dir='ltr' id='par_1_64' title="bbox 1651 2605 3229 2678">
     <span class='ocr_line' id='line_1_64' title="bbox 1651 2605 3229 2678; baseline 0.004 -19"><span class='ocrx_word' id='word_1_504' title='bbox 1651 2605 1819 2661; x_wconf 89' lang='lat' dir='ltr'><strong>Deum</strong></span> <span class='ocrx_word' id='word_1_505' title='bbox 1850 2616 1907 2661; x_wconf 89' lang='lat' dir='ltr'><strong>ut</strong></span> <span class='ocrx_word' id='word_1_506' title='bbox 1950 2608 2277 2673; x_wconf 87' lang='lat' dir='ltr'><strong>mittentem,</strong></span> <span class='ocrx_word' id='word_1_507' title='bbox 2319 2608 2500 2663; x_wconf 87' lang='lat' dir='ltr'><strong>dicere</strong></span> <span class='ocrx_word' id='word_1_508' title='bbox 2527 2611 2856 2678; x_wconf 86' lang='lat' dir='ltr'><strong>oportuisset</strong></span> <span class='ocrx_word' id='word_1_509' title='bbox 2883 2626 2898 2664; x_wconf 74' lang='grc' dir='ltr'>ε</span> <span class='ocrx_word' id='word_1_510' title='bbox 2929 2610 3048 2665; x_wconf 86' lang='lat' dir='ltr'><strong>Non</strong></span> <span class='ocrx_word' id='word_1_511' title='bbox 3078 2626 3229 2666; x_wconf 89' lang='lat' dir='ltr'><strong>meu-</strong></span> 
     </span>
    </p>
   </div>
   <div class='ocr_carea' id='block_1_65' title="bbox 1648 2698 3226 2770">
    <p class='ocr_par' dir='ltr' id='par_1_65' title="bbox 1648 2698 3226 2770">
     <span class='ocr_line' id='line_1_65' title="bbox 1648 2698 3226 2770; baseline 0.003 -17"><span class='ocrx_word' id='word_1_512' title='bbox 1648 2698 1778 2755; x_wconf 91' lang='lat' dir='ltr'><strong>titus</strong></span> <span class='ocrx_word' id='word_1_513' title='bbox 1823 2714 1883 2755; x_wconf 90' lang='lat' dir='ltr'><strong>es</strong></span> <span class='ocrx_word' id='word_1_514' title='bbox 1925 2699 2170 2770; x_wconf 90' lang='lat' dir='ltr'><strong>Spiritui,</strong></span> <span class='ocrx_word' id='word_1_515' title='bbox 2199 2698 2296 2756; x_wconf 88' lang='lat' dir='ltr'><strong>sed</strong></span> <span class='ocrx_word' id='word_1_516' title='bbox 2344 2700 2474 2756; x_wconf 88' lang='lat' dir='ltr'><strong>Deo.</strong></span> <span class='ocrx_word' id='word_1_517' title='bbox 2521 2700 2719 2759; x_wconf 80' lang='lat' dir='ltr'><strong>Verum</strong></span> <span class='ocrx_word' id='word_1_518' title='bbox 2772 2701 2888 2758; x_wconf 73' lang='lat' dir='ltr'><strong>hzec</strong></span> <span class='ocrx_word' id='word_1_519' title='bbox 2933 2703 3226 2758; x_wconf 84' lang='lat' dir='ltr'><strong>hactenus:</strong></span> 
     </span>
    </p>
   </div>
   <div class='ocr_carea' id='block_1_66' title="bbox 1649 2791 3229 2863">
    <p class='ocr_par' dir='ltr' id='par_1_66' title="bbox 1649 2791 3229 2863">
     <span class='ocr_line' id='line_1_66' title="bbox 1649 2791 3229 2863; baseline 0.001 -18"><span class='ocrx_word' id='word_1_520' title='bbox 1649 2800 1857 2861; x_wconf 88' lang='lat' dir='ltr'><strong>oportet</strong></span> <span class='ocrx_word' id='word_1_521' title='bbox 1873 2793 2016 2847; x_wconf 90' lang='lat' dir='ltr'><strong>enim</strong></span> <span class='ocrx_word' id='word_1_522' title='bbox 2034 2800 2273 2846; x_wconf 86' lang='lat' dir='ltr'><strong>sanctam</strong></span> <span class='ocrx_word' id='word_1_523' title='bbox 2287 2791 2601 2848; x_wconf 83' lang='lat' dir='ltr'><strong>Trinitatem</strong></span> <span class='ocrx_word' id='word_1_524' title='bbox 2620 2793 2915 2863; x_wconf 89' lang='lat' dir='ltr'><strong>apostolico</strong></span> <span class='ocrx_word' id='word_1_525' title='bbox 2931 2794 3097 2848; x_wconf 87' lang='lat' dir='ltr'><strong>choro</strong></span> <span class='ocrx_word' id='word_1_526' title='bbox 3108 2808 3229 2849; x_wconf 88' lang='lat' dir='ltr'><strong>con-</strong></span> 
     </span>
    </p>
   </div>
   <div class='ocr_carea' id='block_1_67' title="bbox 1649 2884 3228 2955">
    <p class='ocr_par' dir='ltr' id='par_1_67' title="bbox 1649 2884 3228 2955">
     <span class='ocr_line' id='line_1_67' title="bbox 1649 2884 3228 2955; baseline 0.002 -18"><span class='ocrx_word' id='word_1_527' title='bbox 1649 2884 1865 2950; x_wconf 89' lang='lat' dir='ltr'><strong>cedere,</strong></span> <span class='ocrx_word' id='word_1_528' title='bbox 1895 2899 2055 2954; x_wconf 90' lang='lat' dir='ltr'><strong>quam</strong></span> <span class='ocrx_word' id='word_1_529' title='bbox 2085 2884 2245 2938; x_wconf 84' lang='lat' dir='ltr'><strong>Pater</strong></span> <span class='ocrx_word' id='word_1_530' title='bbox 2272 2886 2575 2940; x_wconf 83' lang='lat' dir='ltr'><strong>annuntiat.</strong></span> <span class='ocrx_word' id='word_1_531' title='bbox 2603 2884 2837 2939; x_wconf 85' lang='lat' dir='ltr'><strong>Trinitas</strong></span> <span class='ocrx_word' id='word_1_532' title='bbox 2865 2886 3228 2955; x_wconf 86' lang='lat' dir='ltr'><strong>apostolorum</strong></span> 
     </span>
    </p>
   </div>
   <div class='ocr_carea' id='block_1_68' title="bbox 1652 2976 3231 3047">
    <p class='ocr_par' dir='ltr' id='par_1_68' title="bbox 1652 2976 3231 3047">
     <span class='ocr_line' id='line_1_68' title="bbox 1652 2976 3231 3047; baseline 0.001 -16"><span class='ocrx_word' id='word_1_533' title='bbox 1652 2977 1802 3031; x_wconf 87' lang='lat' dir='ltr'><strong>testis</strong></span> <span class='ocrx_word' id='word_1_534' title='bbox 1832 2986 1917 3035; x_wconf 90' lang='lat' dir='ltr'><strong>est</strong></span> <span class='ocrx_word' id='word_1_535' title='bbox 1942 2977 2177 3033; x_wconf 70' lang='lat' dir='ltr'><strong>crelestis</strong></span> <span class='ocrx_word' id='word_1_536' title='bbox 2216 2976 2512 3033; x_wconf 88' lang='lat' dir='ltr'><strong>Trinitatis.</strong></span> <span class='ocrx_word' id='word_1_537' title='bbox 2561 2976 2800 3033; x_wconf 88' lang='lat' dir='ltr'><strong>Choreas</strong></span> <span class='ocrx_word' id='word_1_538' title='bbox 2844 2993 2973 3047; x_wconf 88' lang='lat' dir='ltr'><strong>ergo</strong></span> <span class='ocrx_word' id='word_1_539' title='bbox 3021 2978 3231 3034; x_wconf 84' lang='lat' dir='ltr'><strong>sincere</strong></span> 
     </span>
    </p>
   </div>
   <div class='ocr_carea' id='block_1_69' title="bbox 1650 3066 3230 3139">
    <p class='ocr_par' dir='ltr' id='par_1_69' title="bbox 1650 3066 3230 3139">
     <span class='ocr_line' id='line_1_69' title="bbox 1650 3066 3230 3139; baseline -0.002 -16"><span class='ocrx_word' id='word_1_540' title='bbox 1650 3083 1892 3139; x_wconf 85' lang='lat' dir='ltr'><strong>agamus,</strong></span> <span class='ocrx_word' id='word_1_541' title='bbox 1924 3076 1978 3122; x_wconf 92' lang='lat' dir='ltr'><strong>et</strong></span> <span class='ocrx_word' id='word_1_542' title='bbox 2004 3068 2245 3123; x_wconf 88' lang='lat' dir='ltr'><strong>dicamus</strong></span> <span class='ocrx_word' id='word_1_543' title='bbox 2275 3083 2290 3120; x_wconf 88' lang='lat'><strong>:</strong></span> <span class='ocrx_word' id='word_1_544' title='bbox 2324 3066 2479 3122; x_wconf 82' lang='lat' dir='ltr'><strong>Multi</strong></span> <span class='ocrx_word' id='word_1_545' title='bbox 2507 3067 2604 3135; x_wconf 73' lang='lat' dir='ltr'><strong>ﬁlii</strong></span> <span class='ocrx_word' id='word_1_546' title='bbox 2632 3067 2862 3134; x_wconf 68' lang='lat' dir='ltr'><strong>deserta,</strong></span> <span class='ocrx_word' id='word_1_547' title='bbox 2892 3068 3053 3139; x_wconf 80' lang='lat' dir='ltr'><strong>magis</strong></span> <span class='ocrx_word' id='word_1_548' title='bbox 3078 3084 3230 3138; x_wconf 81' lang='lat' dir='ltr'><strong>quam</strong></span> 
     </span>
    </p>
   </div>
   <div class='ocr_carea' id='block_1_70' title="bbox 1652 3158 3235 3233">
    <p class='ocr_par' dir='ltr' id='par_1_70' title="bbox 1652 3158 3235 3233">
     <span class='ocr_line' id='line_1_70' title="bbox 1652 3158 3235 3233; baseline 0 -18"><span class='ocrx_word' id='word_1_549' title='bbox 1652 3164 1761 3233; x_wconf 82' lang='lat' dir='ltr'><strong>ejus</strong></span> <span class='ocrx_word' id='word_1_550' title='bbox 1780 3178 1894 3231; x_wconf 75' lang='lat' dir='ltr'><strong>qua:</strong></span> <span class='ocrx_word' id='word_1_551' title='bbox 1927 3160 2075 3215; x_wconf 74' lang='lat' dir='ltr'><strong>habet</strong></span> <span class='ocrx_word' id='word_1_552' title='bbox 2095 3161 2261 3214; x_wconf 79' lang='lat' dir='ltr'><strong>uirum</strong></span> <span class='ocrx_word' id='word_1_553' title='bbox 2288 3158 2444 3229; x_wconf 90' lang='lat' dir='ltr'><strong>(Isai.</strong></span> <span class='ocrx_word' id='word_1_554' title='bbox 2464 3160 2555 3216; x_wconf 69' lang='grc'><strong>54.</strong></span> <span class='ocrx_word' id='word_1_555' title='bbox 2586 3160 2680 3231; x_wconf 79' lang='grc'><strong>1);</strong></span> <span class='ocrx_word' id='word_1_556' title='bbox 2711 3160 2847 3227; x_wconf 85' lang='lat' dir='ltr'><strong>sive,</strong></span> <span class='ocrx_word' id='word_1_557' title='bbox 2873 3175 3031 3230; x_wconf 86' lang='lat' dir='ltr'><strong>quam</strong></span> <span class='ocrx_word' id='word_1_558' title='bbox 3053 3160 3235 3215; x_wconf 84' lang='lat' dir='ltr'><strong>omnis</strong></span> 
     </span>
    </p>
   </div>
   <div class='ocr_carea' id='block_1_71' title="bbox 1653 3252 3224 3324">
    <p class='ocr_par' dir='ltr' id='par_1_71' title="bbox 1653 3252 3224 3324">
     <span class='ocr_line' id='line_1_71' title="bbox 1653 3252 3224 3324; baseline -0.003 -14"><span class='ocrx_word' id='word_1_559' title='bbox 1653 3256 1895 3320; x_wconf 63' lang='grc' dir='ltr'><strong>Μαι-θεῖε,</strong></span> <span class='ocrx_word' id='word_1_560' title='bbox 1922 3269 2043 3324; x_wconf 70' lang='lat' dir='ltr'><strong>qua:</strong></span> <span class='ocrx_word' id='word_1_561' title='bbox 2071 3252 2344 3308; x_wconf 86' lang='lat' dir='ltr'><strong>hominem</strong></span> <span class='ocrx_word' id='word_1_562' title='bbox 2373 3252 2651 3307; x_wconf 88' lang='lat' dir='ltr'><strong>doctorem</strong></span> <span class='ocrx_word' id='word_1_563' title='bbox 2683 3252 2862 3318; x_wconf 86' lang='lat' dir='ltr'><strong>habet,</strong></span> <span class='ocrx_word' id='word_1_564' title='bbox 2892 3267 3000 3308; x_wconf 90' lang='lat' dir='ltr'><strong>non</strong></span> <span class='ocrx_word' id='word_1_565' title='bbox 3038 3252 3224 3309; x_wconf 90' lang='lat' dir='ltr'><strong>Deum.</strong></span> 
     </span>
    </p>
   </div>
   <div class='ocr_carea' id='block_1_72' title="bbox 1653 3342 3231 3414">
    <p class='ocr_par' dir='ltr' id='par_1_72' title="bbox 1653 3342 3231 3414">
     <span class='ocr_line' id='line_1_72' title="bbox 1653 3342 3231 3414; baseline -0.004 -13"><span class='ocrx_word' id='word_1_566' title='bbox 1653 3346 1867 3401; x_wconf 87' lang='lat' dir='ltr'><strong>Utinam</strong></span> <span class='ocrx_word' id='word_1_567' title='bbox 1897 3360 2026 3400; x_wconf 89' lang='lat' dir='ltr'><strong>vero</strong></span> <span class='ocrx_word' id='word_1_568' title='bbox 2072 3343 2322 3414; x_wconf 88' lang='lat' dir='ltr'><strong>precibus</strong></span> <span class='ocrx_word' id='word_1_569' title='bbox 2348 3352 2403 3399; x_wconf 88' lang='lat' dir='ltr'><strong>et</strong></span> <span class='ocrx_word' id='word_1_570' title='bbox 2431 3343 2771 3398; x_wconf 80' lang='lat' dir='ltr'><strong>orationibus</strong></span> <span class='ocrx_word' id='word_1_571' title='bbox 2798 3342 3099 3399; x_wconf 88' lang='lat' dir='ltr'><strong>communis</strong></span> <span class='ocrx_word' id='word_1_572' title='bbox 3139 3357 3231 3410; x_wconf 82' lang='lat' dir='ltr'><strong>pa-</strong></span> 
     </span>
    </p>
   </div>
   <div class='ocr_carea' id='block_1_73' title="bbox 1652 3434 3228 3506">
    <p class='ocr_par' dir='ltr' id='par_1_73' title="bbox 1652 3434 3228 3506">
     <span class='ocr_line' id='line_1_73' title="bbox 1652 3434 3228 3506; baseline -0.004 -12"><span class='ocrx_word' id='word_1_573' title='bbox 1652 3440 1748 3494; x_wconf 88' lang='lat' dir='ltr'><strong>tris</strong></span> <span class='ocrx_word' id='word_1_574' title='bbox 1771 3446 1827 3492; x_wconf 89' lang='lat' dir='ltr'><strong>et</strong></span> <span class='ocrx_word' id='word_1_575' title='bbox 1848 3436 2107 3501; x_wconf 91' lang='lat' dir='ltr'><strong>doctoris,</strong></span> <span class='ocrx_word' id='word_1_576' title='bbox 2133 3450 2257 3490; x_wconf 90' lang='lat' dir='ltr'><strong>cum</strong></span> <span class='ocrx_word' id='word_1_577' title='bbox 2281 3435 2538 3505; x_wconf 88' lang='lat' dir='ltr'><strong>apostolis</strong></span> <span class='ocrx_word' id='word_1_578' title='bbox 2561 3444 2616 3490; x_wconf 90' lang='lat' dir='ltr'><strong>et</strong></span> <span class='ocrx_word' id='word_1_579' title='bbox 2643 3434 2965 3506; x_wconf 85' lang='lat' dir='ltr'><strong>martyribus</strong></span> <span class='ocrx_word' id='word_1_580' title='bbox 2995 3449 3092 3489; x_wconf 90' lang='lat' dir='ltr'><strong>nos</strong></span> <span class='ocrx_word' id='word_1_581' title='bbox 3113 3448 3228 3491; x_wconf 83' lang='lat' dir='ltr'><strong>om-</strong></span> 
     </span>
    </p>
   </div>
   <div class='ocr_carea' id='block_1_74' title="bbox 1652 3525 3227 3591">
    <p class='ocr_par' dir='ltr' id='par_1_74' title="bbox 1652 3525 3227 3591">
     <span class='ocr_line' id='line_1_74' title="bbox 1652 3525 3227 3591; baseline -0.006 -6"><span class='ocrx_word' id='word_1_582' title='bbox 1652 3545 1747 3585; x_wconf 87' lang='lat' dir='ltr'><strong>nes</strong></span> <span class='ocrx_word' id='word_1_583' title='bbox 1778 3530 1829 3583; x_wconf 91' lang='lat' dir='ltr'><strong>in</strong></span> <span class='ocrx_word' id='word_1_584' title='bbox 1861 3539 2008 3585; x_wconf 82' lang='lat' dir='ltr'><strong>recta</strong></span> <span class='ocrx_word' id='word_1_585' title='bbox 2036 3528 2141 3582; x_wconf 88' lang='lat' dir='ltr'><strong>lide</strong></span> <span class='ocrx_word' id='word_1_586' title='bbox 2169 3541 2467 3591; x_wconf 87' lang='lat' dir='ltr'><strong>versemur,</strong></span> <span class='ocrx_word' id='word_1_587' title='bbox 2502 3527 2555 3581; x_wconf 90' lang='lat' dir='ltr'><strong>in</strong></span> <span class='ocrx_word' id='word_1_588' title='bbox 2581 3525 2799 3582; x_wconf 85' lang='lat' dir='ltr'><strong>Christo</strong></span> <span class='ocrx_word' id='word_1_589' title='bbox 2832 3525 2958 3580; x_wconf 83' lang='lat' dir='ltr'><strong>Jesu</strong></span> <span class='ocrx_word' id='word_1_590' title='bbox 3000 3525 3227 3580; x_wconf 85' lang='lat' dir='ltr'><strong>Domino</strong></span> 
     </span>
    </p>
   </div>
   <div class='ocr_carea' id='block_1_75' title="bbox 1652 3617 3232 3690">
    <p class='ocr_par' dir='ltr' id='par_1_75' title="bbox 1652 3617 3232 3690">
     <span class='ocr_line' id='line_1_75' title="bbox 1652 3617 3232 3690; baseline -0.002 -15"><span class='ocrx_word' id='word_1_591' title='bbox 1652 3630 1855 3685; x_wconf 81' lang='lat' dir='ltr'><strong>nostro,</strong></span> <span class='ocrx_word' id='word_1_592' title='bbox 1878 3620 1964 3674; x_wconf 88' lang='lat' dir='ltr'><strong>cui</strong></span> <span class='ocrx_word' id='word_1_593' title='bbox 1992 3619 2159 3690; x_wconf 84' lang='lat' dir='ltr'><strong>gloria</strong></span> <span class='ocrx_word' id='word_1_594' title='bbox 2182 3627 2238 3673; x_wconf 89' lang='lat' dir='ltr'><strong>et</strong></span> <span class='ocrx_word' id='word_1_595' title='bbox 2263 3618 2545 3689; x_wconf 89' lang='lat' dir='ltr'><strong>imperium</strong></span> <span class='ocrx_word' id='word_1_596' title='bbox 2567 3632 2690 3673; x_wconf 90' lang='lat' dir='ltr'><strong>cum</strong></span> <span class='ocrx_word' id='word_1_597' title='bbox 2732 3617 2891 3681; x_wconf 83' lang='lat' dir='ltr'><strong>Patre</strong></span> <span class='ocrx_word' id='word_1_598' title='bbox 2937 3627 2993 3673; x_wconf 86' lang='lat' dir='ltr'><strong>et</strong></span> <span class='ocrx_word' id='word_1_599' title='bbox 3025 3617 3232 3687; x_wconf 85' lang='lat' dir='ltr'><strong>Spiritu</strong></span> 
     </span>
    </p>
   </div>
   <div class='ocr_carea' id='block_1_76' title="bbox 1650 3708 3227 3780">
    <p class='ocr_par' dir='ltr' id='par_1_76' title="bbox 1650 3708 3227 3780">
     <span class='ocr_line' id='line_1_76' title="bbox 1650 3708 3227 3780; baseline -0.004 -12"><span class='ocrx_word' id='word_1_600' title='bbox 1650 3720 1851 3777; x_wconf 81' lang='lat' dir='ltr'><strong>sancto,</strong></span> <span class='ocrx_word' id='word_1_601' title='bbox 1868 3726 2011 3767; x_wconf 89' lang='lat' dir='ltr'><strong>nunc</strong></span> <span class='ocrx_word' id='word_1_602' title='bbox 2022 3720 2076 3766; x_wconf 90' lang='lat' dir='ltr'><strong>et</strong></span> <span class='ocrx_word' id='word_1_603' title='bbox 2088 3724 2317 3780; x_wconf 85' lang='lat' dir='ltr'><strong>semper,</strong></span> <span class='ocrx_word' id='word_1_604' title='bbox 2333 3716 2390 3764; x_wconf 90' lang='lat' dir='ltr'><strong>et</strong></span> <span class='ocrx_word' id='word_1_605' title='bbox 2406 3709 2459 3763; x_wconf 93' lang='lat' dir='ltr'><strong>in</strong></span> <span class='ocrx_word' id='word_1_606' title='bbox 2477 3708 2671 3764; x_wconf 72' lang='lat' dir='ltr'><strong>saecula</strong></span> <span class='ocrx_word' id='word_1_607' title='bbox 2687 3708 3227 3763; x_wconf 73' lang='lat' dir='ltr'><strong>saeculorum.Amen.</strong></span> 
     </span>
    </p>
   </div>
   <div class='ocr_carea' id='block_1_77' title="bbox 111 3828 3232 3889">
    <p class='ocr_par' dir='ltr' id='par_1_77' title="bbox 111 3828 3232 3889">
     <span class='ocr_line' id='line_1_77' title="bbox 111 3828 3232 3889; baseline -0.001 -5"><span class='ocrx_word' id='word_1_608' title='bbox 111 3828 3232 3889; x_wconf 48' lang='grc' dir='ltr'><strong><em>ψ</em></strong></span> 
     </span>
    </p>
   </div>
   <div class='ocr_carea' id='block_1_78' title="bbox 1147 3952 2025 4068">
    <p class='ocr_par' dir='ltr' id='par_1_78' title="bbox 1147 3952 2025 4068">
     <span class='ocr_line' id='line_1_78' title="bbox 1147 3952 2025 4068; baseline -0.003 -2"><span class='ocrx_word' id='word_1_609' title='bbox 1147 3952 2025 4068; x_wconf 77' lang='grc' dir='ltr'><strong>ΜΟΝῙΤΠΜ</strong></span> 
     </span>
    </p>
   </div>
   <div class='ocr_carea' id='block_1_79' title="bbox 878 4122 2285 4188">
    <p class='ocr_par' dir='ltr' id='par_1_79' title="bbox 878 4122 2285 4188">
     <span class='ocr_line' id='line_1_79' title="bbox 878 4122 2285 4188; baseline -0.001 -4"><span class='ocrx_word' id='word_1_610' title='bbox 878 4125 957 4186; x_wconf 82' lang='lat' dir='ltr'><strong>IN</strong></span> <span class='ocrx_word' id='word_1_611' title='bbox 1002 4124 1441 4187; x_wconf 79' lang='lat' dir='ltr'><strong>SERMONEM</strong></span> <span class='ocrx_word' id='word_1_612' title='bbox 1484 4125 1589 4187; x_wconf 86' lang='lat' dir='ltr'><strong>DE</strong></span> <span class='ocrx_word' id='word_1_613' title='bbox 1636 4122 2285 4188; x_wconf 83' lang='lat' dir='ltr'><strong>MANSUETUDINE.</strong></span> 
     </span>
    </p>
   </div>
   <div class='ocr_carea' id='block_1_80' title="bbox 1029 3876 1213 3887">
    <p class='ocr_par' dir='ltr' id='par_1_80' title="bbox 1029 3876 1213 3887">
     <span class='ocr_line' id='line_1_80' title="bbox 1029 3876 1213 3887; baseline 0.005 -1"><span class='ocrx_word' id='word_1_614' title='bbox 1029 3876 1213 3887; x_wconf 77' lang='lat'><strong>———-</strong></span> 
     </span>
    </p>
   </div>
   <div class='ocr_carea' id='block_1_81' title="bbox 114 4244 1542 4315">
    <p class='ocr_par' dir='ltr' id='par_1_81' title="bbox 114 4244 1542 4315">
     <span class='ocr_line' id='line_1_81' title="bbox 114 4244 1542 4315; baseline 0.002 -16"><span class='ocrx_word' id='word_1_615' title='bbox 114 4244 290 4313; x_wconf 86' lang='lat' dir='ltr'><strong>hujus</strong></span> <span class='ocrx_word' id='word_1_616' title='bbox 324 4244 597 4307; x_wconf 76' lang='lat' dir='ltr'><strong>sermonis</strong></span> <span class='ocrx_word' id='word_1_617' title='bbox 634 4252 853 4303; x_wconf 84' lang='lat' dir='ltr'><strong>auctore</strong></span> <span class='ocrx_word' id='word_1_618' title='bbox 892 4245 1075 4313; x_wconf 87' lang='lat' dir='ltr'><strong>multi,</strong></span> <span class='ocrx_word' id='word_1_619' title='bbox 1115 4260 1215 4301; x_wconf 92' lang='lat' dir='ltr'><strong>nec</strong></span> <span class='ocrx_word' id='word_1_620' title='bbox 1248 4246 1457 4315; x_wconf 85' lang='lat' dir='ltr'><strong>injuria,</strong></span> <span class='ocrx_word' id='word_1_621' title='bbox 1490 4247 1542 4302; x_wconf 91' lang='lat' dir='ltr'><strong>ni</strong></span> 
     </span>
    </p>
   </div>
   <div class='ocr_carea' id='block_1_82' title="bbox 113 4338 1543 4410">
    <p class='ocr_par' dir='ltr' id='par_1_82' title="bbox 113 4338 1543 4410">
     <span class='ocr_line' id='line_1_82' title="bbox 113 4338 1543 4410; baseline 0 -16"><span class='ocrx_word' id='word_1_622' title='bbox 113 4382 120 4401; x_wconf 88' lang='lat'><em>.</em></span> <span class='ocrx_word' id='word_1_623' title='bbox 155 4340 525 4395; x_wconf 87' lang='lat' dir='ltr'><strong>dubitarunt:</strong></span> <span class='ocrx_word' id='word_1_624' title='bbox 551 4339 747 4396; x_wconf 87' lang='lat' dir='ltr'><strong>absunt</strong></span> <span class='ocrx_word' id='word_1_625' title='bbox 777 4338 921 4395; x_wconf 89' lang='lat' dir='ltr'><strong>enim</strong></span> <span class='ocrx_word' id='word_1_626' title='bbox 956 4353 1142 4394; x_wconf 89' lang='lat' dir='ltr'><strong>omnes</strong></span> <span class='ocrx_word' id='word_1_627' title='bbox 1175 4338 1543 4410; x_wconf 84' lang='lat' dir='ltr'><strong>Chrysostomi</strong></span> 
     </span>
    </p>
   </div>
   <div class='ocr_carea' id='block_1_83' title="bbox 113 4430 1543 4503">
    <p class='ocr_par' dir='ltr' id='par_1_83' title="bbox 113 4430 1543 4503">
     <span class='ocr_line' id='line_1_83' title="bbox 113 4430 1543 4503; baseline 0.004 -21"><span class='ocrx_word' id='word_1_628' title='bbox 113 4442 225 4486; x_wconf 60' lang='lat' dir='ltr'><strong>ttae.</strong></span> <span class='ocrx_word' id='word_1_629' title='bbox 260 4430 368 4487; x_wconf 86' lang='lat' dir='ltr'><strong>llic</strong></span> <span class='ocrx_word' id='word_1_630' title='bbox 392 4430 587 4487; x_wconf 80' lang='lat' dir='ltr'><strong>frustra</strong></span> <span class='ocrx_word' id='word_1_631' title='bbox 605 4446 813 4502; x_wconf 62' lang='lat' dir='ltr'><strong>qureras</strong></span> <span class='ocrx_word' id='word_1_632' title='bbox 825 4431 987 4494; x_wconf 82' lang='lat' dir='ltr'><strong>sales,</strong></span> <span class='ocrx_word' id='word_1_633' title='bbox 1002 4432 1314 4500; x_wconf 87' lang='lat' dir='ltr'><strong>tropos,vim</strong></span> <span class='ocrx_word' id='word_1_634' title='bbox 1327 4432 1543 4503; x_wconf 85' lang='lat' dir='ltr'><strong>elegan-</strong></span> 
     </span>
    </p>
   </div>
   <div class='ocr_carea' id='block_1_84' title="bbox 114 4522 1540 4594">
    <p class='ocr_par' dir='ltr' id='par_1_84' title="bbox 114 4522 1540 4594">
     <span class='ocr_line' id='line_1_84' title="bbox 114 4522 1540 4594; baseline 0.004 -18"><span class='ocrx_word' id='word_1_635' title='bbox 114 4538 169 4578; x_wconf 82' lang='lat' dir='ltr'><strong>te</strong></span> <span class='ocrx_word' id='word_1_636' title='bbox 189 4522 420 4578; x_wconf 88' lang='lat' dir='ltr'><strong>dicendi</strong></span> <span class='ocrx_word' id='word_1_637' title='bbox 438 4563 455 4590; x_wconf 93' lang='lat'><strong>,</strong></span> <span class='ocrx_word' id='word_1_638' title='bbox 474 4538 594 4594; x_wconf 59' lang='lat' dir='ltr'><strong>quae</strong></span> <span class='ocrx_word' id='word_1_639' title='bbox 610 4523 663 4578; x_wconf 90' lang='lat' dir='ltr'><strong>in</strong></span> <span class='ocrx_word' id='word_1_640' title='bbox 679 4522 847 4578; x_wconf 89' lang='lat' dir='ltr'><strong>sancti</strong></span> <span class='ocrx_word' id='word_1_641' title='bbox 864 4522 1098 4578; x_wconf 87' lang='lat' dir='ltr'><strong>doctoris</strong></span> <span class='ocrx_word' id='word_1_642' title='bbox 1114 4522 1325 4592; x_wconf 89' lang='lat' dir='ltr'><strong>scriptis</strong></span> <span class='ocrx_word' id='word_1_643' title='bbox 1342 4524 1540 4593; x_wconf 84' lang='lat' dir='ltr'><strong>passim</strong></span> 
     </span>
    </p>
   </div>
   <div class='ocr_carea' id='block_1_85' title="bbox 114 4613 1539 4686">
    <p class='ocr_par' dir='ltr' id='par_1_85' title="bbox 114 4613 1539 4686">
     <span class='ocr_line' id='line_1_85' title="bbox 114 4613 1539 4686; baseline 0.004 -18"><span class='ocrx_word' id='word_1_644' title='bbox 114 4624 247 4670; x_wconf 88' lang='lat' dir='ltr'><strong>unt.</strong></span> <span class='ocrx_word' id='word_1_645' title='bbox 299 4614 669 4682; x_wconf 85' lang='lat' dir='ltr'><strong>Quamobrem</strong></span> <span class='ocrx_word' id='word_1_646' title='bbox 718 4628 840 4673; x_wconf 83' lang='lat' dir='ltr'><strong>eum</strong></span> <span class='ocrx_word' id='word_1_647' title='bbox 889 4614 1026 4671; x_wconf 87' lang='lat' dir='ltr'><strong>inter</strong></span> <span class='ocrx_word' id='word_1_648' title='bbox 1066 4613 1244 4684; x_wconf 86' lang='lat' dir='ltr'><strong>spuria</strong></span> <span class='ocrx_word' id='word_1_649' title='bbox 1290 4614 1539 4686; x_wconf 83' lang='lat' dir='ltr'><strong>ablegare</strong></span> 
     </span>
    </p>
   </div>
   <div class='ocr_carea' id='block_1_86' title="bbox 1647 4241 3231 4313">
    <p class='ocr_par' dir='ltr' id='par_1_86' title="bbox 1647 4241 3231 4313">
     <span class='ocr_line' id='line_1_86' title="bbox 1647 4241 3231 4313; baseline -0.001 -13"><span class='ocrx_word' id='word_1_650' title='bbox 1647 4245 2121 4300; x_wconf 82' lang='lat' dir='ltr'><strong>destinaveramus.</strong></span> <span class='ocrx_word' id='word_1_651' title='bbox 2159 4242 2264 4303; x_wconf 88' lang='lat' dir='ltr'><strong>Sed</strong></span> <span class='ocrx_word' id='word_1_652' title='bbox 2302 4242 2426 4313; x_wconf 88' lang='lat' dir='ltr'><strong>quia</strong></span> <span class='ocrx_word' id='word_1_653' title='bbox 2463 4256 2496 4297; x_wconf 72' lang='grc' dir='ltr'><strong>ι</strong></span> <span class='ocrx_word' id='word_1_654' title='bbox 2533 4241 2851 4310; x_wconf 83' lang='lat' dir='ltr'><strong>quibusdam</strong></span> <span class='ocrx_word' id='word_1_655' title='bbox 2888 4241 3020 4301; x_wconf 83' lang='lat' dir='ltr'><strong>viris</strong></span> <span class='ocrx_word' id='word_1_656' title='bbox 3058 4242 3231 4299; x_wconf 85' lang='lat' dir='ltr'><strong>doctis</strong></span> 
     </span>
    </p>
   </div>
   <div class='ocr_carea' id='block_1_87' title="bbox 1648 4334 3230 4405">
    <p class='ocr_par' dir='ltr' id='par_1_87' title="bbox 1648 4334 3230 4405">
     <span class='ocr_line' id='line_1_87' title="bbox 1648 4334 3230 4405; baseline 0.001 -16"><span class='ocrx_word' id='word_1_657' title='bbox 1648 4343 1917 4405; x_wconf 84' lang='lat' dir='ltr'><strong>tamquam</strong></span> <span class='ocrx_word' id='word_1_658' title='bbox 1960 4347 2247 4404; x_wconf 86' lang='lat' dir='ltr'><strong>germanus</strong></span> <span class='ocrx_word' id='word_1_659' title='bbox 2286 4342 2533 4402; x_wconf 86' lang='lat' dir='ltr'><strong>receptus</strong></span> <span class='ocrx_word' id='word_1_660' title='bbox 2557 4341 2641 4391; x_wconf 85' lang='lat' dir='ltr'><strong>est</strong></span> <span class='ocrx_word' id='word_1_661' title='bbox 2661 4374 2679 4401; x_wconf 81' lang='lat'><strong>,</strong></span> <span class='ocrx_word' id='word_1_662' title='bbox 2709 4334 2828 4391; x_wconf 84' lang='lat' dir='ltr'><strong>aliis</strong></span> <span class='ocrx_word' id='word_1_663' title='bbox 2855 4343 3029 4391; x_wconf 81' lang='lat' dir='ltr'><strong>tamen</strong></span> <span class='ocrx_word' id='word_1_664' title='bbox 3055 4334 3230 4391; x_wconf 78' lang='lat' dir='ltr'><strong>recla-</strong></span> 
     </span>
    </p>
   </div>
   <div class='ocr_carea' id='block_1_88' title="bbox 1649 4422 2753 4492">
    <p class='ocr_par' dir='ltr' id='par_1_88' title="bbox 1649 4422 2753 4492">
     <span class='ocr_line' id='line_1_88' title="bbox 1649 4422 2753 4492; baseline 0 -13"><span class='ocrx_word' id='word_1_665' title='bbox 1649 4426 1952 4492; x_wconf 84' lang='lat' dir='ltr'><strong>mantibus,</strong></span> <span class='ocrx_word' id='word_1_666' title='bbox 1982 4426 2121 4481; x_wconf 89' lang='lat' dir='ltr'><strong>inter</strong></span> <span class='ocrx_word' id='word_1_667' title='bbox 2148 4423 2306 4479; x_wconf 87' lang='lat' dir='ltr'><strong>dubia</strong></span> <span class='ocrx_word' id='word_1_668' title='bbox 2334 4424 2511 4483; x_wconf 70' lang='lat' dir='ltr'><strong>locum</strong></span> <span class='ocrx_word' id='word_1_669' title='bbox 2540 4422 2753 4481; x_wconf 77' lang='lat' dir='ltr'><strong>habeat.</strong></span> 
     </span>
    </p>
   </div>
   <div class='ocr_carea' id='block_1_89' title="bbox 1718 4514 2959 4588">
    <p class='ocr_par' dir='ltr' id='par_1_89' title="bbox 1718 4514 2959 4588">
     <span class='ocr_line' id='line_1_89' title="bbox 1718 4514 2959 4588; baseline -0.002 -15"><span class='ocrx_word' id='word_1_670' title='bbox 1718 4517 2093 4588; x_wconf 77' lang='lat' dir='ltr'><strong>Interpretatio</strong></span> <span class='ocrx_word' id='word_1_671' title='bbox 2119 4516 2309 4572; x_wconf 78' lang='lat' dir='ltr'><strong>Latina</strong></span> <span class='ocrx_word' id='word_1_672' title='bbox 2332 4526 2416 4572; x_wconf 88' lang='lat' dir='ltr'><strong>est</strong></span> <span class='ocrx_word' id='word_1_673' title='bbox 2445 4514 2637 4573; x_wconf 83' lang='lat' dir='ltr'><strong>incerti</strong></span> <span class='ocrx_word' id='word_1_674' title='bbox 2661 4514 2959 4585; x_wconf 77' lang='lat' dir='ltr'><strong>cujusdam.</strong></span> 
     </span>
    </p>
   </div>
   <div class='ocr_carea' id='block_1_90' title="bbox 1147 4782 2032 4837">
    <p class='ocr_par' dir='ltr' id='par_1_90' title="bbox 1147 4782 2032 4837">
     <span class='ocr_line' id='line_1_90' title="bbox 1147 4782 2032 4837; baseline 0.012 -10"><span class='ocrx_word' id='word_1_675' title='bbox 1147 4784 1229 4827; x_wconf 82' lang='lat' dir='ltr'><strong>DE</strong></span> <span class='ocrx_word' id='word_1_676' title='bbox 1269 4782 1758 4831; x_wconf 68' lang='lat' dir='ltr'><strong>MANSUETUDINE</strong></span> <span class='ocrx_word' id='word_1_677' title='bbox 1799 4788 2008 4837; x_wconf 70' lang='lat' dir='ltr'><strong>SERMO</strong></span> <span class='ocrx_word' id='word_1_678' title='bbox 2018 4821 2032 4837; x_wconf 79' lang='grc' dir='ltr'><strong><em>ο</em></strong></span> 
     </span>
    </p>
   </div>
   <div class='ocr_carea' id='block_1_91' title="bbox 1416 4862 1783 4905">
    <p class='ocr_par' dir='ltr' id='par_1_91' title="bbox 1416 4862 1783 4905">
     <span class='ocr_line' id='line_1_91' title="bbox 1416 4862 1783 4905; baseline 0.011 -15"><span class='ocrx_word' id='word_1_679' title='bbox 1416 4862 1783 4905; x_wconf 54' lang='grc' dir='ltr'>ψ</span> 
     </span>
    </p>
   </div>
   <div class='ocr_carea' id='block_1_92' title="bbox 113 4960 1539 5036">
    <p class='ocr_par' dir='ltr' id='par_1_92' title="bbox 113 4960 1539 5036">
     <span class='ocr_line' id='line_1_92' title="bbox 113 4960 1539 5036; baseline 0 -20"><span class='ocrx_word' id='word_1_680' title='bbox 113 4980 211 5036; x_wconf 67' lang='grc' dir='ltr'><strong>ναο</strong></span> <span class='ocrx_word' id='word_1_681' title='bbox 244 4961 502 5030; x_wconf 76' lang='lat' dir='ltr'><strong>diﬂ&#39;erant</strong></span> <span class='ocrx_word' id='word_1_682' title='bbox 526 4961 701 5031; x_wconf 79' lang='lat' dir='ltr'><strong>ﬁdeles</strong></span> <span class='ocrx_word' id='word_1_683' title='bbox 729 4960 790 5013; x_wconf 87' lang='lat' dir='ltr'><strong>ab</strong></span> <span class='ocrx_word' id='word_1_684' title='bbox 819 4960 1122 5029; x_wconf 78' lang='lat' dir='ltr'><strong>inﬁdelibus.</strong></span> <span class='ocrx_word' id='word_1_685' title='bbox 1163 4989 1237 5006; x_wconf 82' lang='lat'><strong>---</strong></span> <span class='ocrx_word' id='word_1_686' title='bbox 1275 4960 1539 5016; x_wconf 87' lang='lat' dir='ltr'><strong>Omnibus</strong></span> 
     </span>
    </p>
   </div>
   <div class='ocr_carea' id='block_1_93' title="bbox 113 5051 1541 5124">
    <p class='ocr_par' dir='ltr' id='par_1_93' title="bbox 113 5051 1541 5124">
     <span class='ocr_line' id='line_1_93' title="bbox 113 5051 1541 5124; baseline -0.002 -15"><span class='ocrx_word' id='word_1_687' title='bbox 113 5055 482 5124; x_wconf 86' lang='lat' dir='ltr'><strong>perspicuum</strong></span> <span class='ocrx_word' id='word_1_688' title='bbox 522 5067 641 5108; x_wconf 91' lang='lat' dir='ltr'><strong>esse</strong></span> <span class='ocrx_word' id='word_1_689' title='bbox 678 5051 910 5106; x_wconf 90' lang='lat' dir='ltr'><strong>arbitror</strong></span> <span class='ocrx_word' id='word_1_690' title='bbox 933 5092 948 5117; x_wconf 95' lang='lat'><strong>,</strong></span> <span class='ocrx_word' id='word_1_691' title='bbox 978 5066 1137 5120; x_wconf 86' lang='lat' dir='ltr'><strong>quam</strong></span> <span class='ocrx_word' id='word_1_692' title='bbox 1165 5053 1448 5106; x_wconf 89' lang='lat' dir='ltr'><strong>conveniat</strong></span> <span class='ocrx_word' id='word_1_693' title='bbox 1478 5051 1541 5106; x_wconf 90' lang='lat' dir='ltr'><strong>iis</strong></span> 
     </span>
    </p>
   </div>
   <div class='ocr_carea' id='block_1_94' title="bbox 116 5143 1542 5215">
    <p class='ocr_par' dir='ltr' id='par_1_94' title="bbox 116 5143 1542 5215">
     <span class='ocr_line' id='line_1_94' title="bbox 116 5143 1542 5215; baseline -0.001 -15"><span class='ocrx_word' id='word_1_694' title='bbox 116 5148 226 5200; x_wconf 83' lang='lat' dir='ltr'><strong>ina</strong></span> <span class='ocrx_word' id='word_1_695' title='bbox 258 5145 566 5215; x_wconf 86' lang='lat' dir='ltr'><strong>prudenter</strong></span> <span class='ocrx_word' id='word_1_696' title='bbox 589 5144 811 5197; x_wconf 91' lang='lat' dir='ltr'><strong>audiunt</strong></span> <span class='ocrx_word' id='word_1_697' title='bbox 836 5143 1064 5212; x_wconf 86' lang='lat' dir='ltr'><strong>eloquia,</strong></span> <span class='ocrx_word' id='word_1_698' title='bbox 1090 5154 1145 5197; x_wconf 92' lang='lat' dir='ltr'><strong>ut</strong></span> <span class='ocrx_word' id='word_1_699' title='bbox 1171 5160 1348 5198; x_wconf 88' lang='lat' dir='ltr'><strong>mores</strong></span> <span class='ocrx_word' id='word_1_700' title='bbox 1374 5144 1542 5199; x_wconf 88' lang='lat' dir='ltr'><strong>bonos</strong></span> 
     </span>
    </p>
   </div>
   <div class='ocr_carea' id='block_1_95' title="bbox 126 5235 1540 5304">
    <p class='ocr_par' dir='ltr' id='par_1_95' title="bbox 126 5235 1540 5304">
     <span class='ocr_line' id='line_1_95' title="bbox 126 5235 1540 5304; baseline 0.004 -17"><span class='ocrx_word' id='word_1_701' title='bbox 126 5238 522 5293; x_wconf 66' lang='lat' dir='ltr'><strong>versationem</strong></span> <span class='ocrx_word' id='word_1_702' title='bbox 566 5237 759 5290; x_wconf 89' lang='lat' dir='ltr'><strong>virtute</strong></span> <span class='ocrx_word' id='word_1_703' title='bbox 807 5235 1080 5304; x_wconf 69' lang='lat' dir='ltr'><strong>praedii-mn</strong></span> <span class='ocrx_word' id='word_1_704' title='bbox 1129 5244 1436 5291; x_wconf 81' lang='lat' dir='ltr'><strong>exerceant.</strong></span> <span class='ocrx_word' id='word_1_705' title='bbox 1485 5236 1540 5292; x_wconf 86' lang='lat' dir='ltr'><strong>In</strong></span> 
     </span>
    </p>
   </div>
   <div class='ocr_carea' id='block_1_96' title="bbox 123 5327 1540 5399">
    <p class='ocr_par' dir='ltr' id='par_1_96' title="bbox 123 5327 1540 5399">
     <span class='ocr_line' id='line_1_96' title="bbox 123 5327 1540 5399; baseline -0.001 -14"><span class='ocrx_word' id='word_1_706' title='bbox 123 5332 206 5385; x_wconf 92' lang='lat' dir='ltr'><strong>im</strong></span> <span class='ocrx_word' id='word_1_707' title='bbox 244 5329 404 5385; x_wconf 81' lang='lat' dir='ltr'><strong>servi</strong></span> <span class='ocrx_word' id='word_1_708' title='bbox 439 5328 640 5383; x_wconf 80' lang='lat' dir='ltr'><strong>Christi</strong></span> <span class='ocrx_word' id='word_1_709' title='bbox 667 5343 762 5383; x_wconf 90' lang='lat' dir='ltr'><strong>eos</strong></span> <span class='ocrx_word' id='word_1_710' title='bbox 782 5369 798 5394; x_wconf 96' lang='lat'><strong>,</strong></span> <span class='ocrx_word' id='word_1_711' title='bbox 830 5328 919 5399; x_wconf 89' lang='lat' dir='ltr'><strong>qui</strong></span> <span class='ocrx_word' id='word_1_712' title='bbox 952 5327 1227 5382; x_wconf 83' lang='lat' dir='ltr'><strong>veritatem</strong></span> <span class='ocrx_word' id='word_1_713' title='bbox 1258 5330 1540 5398; x_wconf 81' lang='lat' dir='ltr'><strong>ignorant,</strong></span> 
     </span>
    </p>
   </div>
   <div class='ocr_carea' id='block_1_97' title="bbox 115 5418 1541 5485">
    <p class='ocr_par' dir='ltr' id='par_1_97' title="bbox 115 5418 1541 5485">
     <span class='ocr_line' id='line_1_97' title="bbox 115 5418 1541 5485; baseline -0.001 -10"><span class='ocrx_word' id='word_1_714' title='bbox 115 5438 282 5477; x_wconf 87' lang='lat' dir='ltr'><strong>mum</strong></span> <span class='ocrx_word' id='word_1_715' title='bbox 315 5419 652 5476; x_wconf 82' lang='lat' dir='ltr'><strong>antecellunt</strong></span> <span class='ocrx_word' id='word_1_716' title='bbox 678 5459 693 5485; x_wconf 92' lang='lat'><strong>,</strong></span> <span class='ocrx_word' id='word_1_717' title='bbox 722 5420 765 5473; x_wconf 93' lang='lat' dir='ltr'><strong>si</strong></span> <span class='ocrx_word' id='word_1_718' title='bbox 797 5418 852 5474; x_wconf 90' lang='lat' dir='ltr'><strong>in</strong></span> <span class='ocrx_word' id='word_1_719' title='bbox 882 5419 1287 5473; x_wconf 85' lang='lat' dir='ltr'><strong>mansuetudine</strong></span> <span class='ocrx_word' id='word_1_720' title='bbox 1313 5435 1541 5474; x_wconf 77' lang='lat' dir='ltr'><strong>conver-</strong></span> 
     </span>
    </p>
   </div>
   <div class='ocr_carea' id='block_1_98' title="bbox 156 5510 1539 5581">
    <p class='ocr_par' dir='ltr' id='par_1_98' title="bbox 156 5510 1539 5581">
     <span class='ocr_line' id='line_1_98' title="bbox 156 5510 1539 5581; baseline -0.001 -12"><span class='ocrx_word' id='word_1_721' title='bbox 156 5522 220 5569; x_wconf 86' lang='lat' dir='ltr'><strong>et</strong></span> <span class='ocrx_word' id='word_1_722' title='bbox 272 5514 454 5568; x_wconf 88' lang='lat' dir='ltr'><strong>vitam</strong></span> <span class='ocrx_word' id='word_1_723' title='bbox 506 5519 667 5581; x_wconf 87' lang='lat' dir='ltr'><strong>agant</strong></span> <span class='ocrx_word' id='word_1_724' title='bbox 714 5526 811 5566; x_wconf 89' lang='lat' dir='ltr'><strong>sua</strong></span> <span class='ocrx_word' id='word_1_725' title='bbox 857 5511 1113 5581; x_wconf 66' lang='lat' dir='ltr'><strong>rel‘gione</strong></span> <span class='ocrx_word' id='word_1_726' title='bbox 1155 5510 1390 5580; x_wconf 77' lang='lat' dir='ltr'><strong>dignam.</strong></span> <span class='ocrx_word' id='word_1_727' title='bbox 1439 5511 1539 5580; x_wconf 78' lang='lat' dir='ltr'><strong>Qui</strong></span> 
     </span>
    </p>
   </div>
   <div class='ocr_carea' id='block_1_99' title="bbox 115 5602 1539 5676">
    <p class='ocr_par' dir='ltr' id='par_1_99' title="bbox 115 5602 1539 5676">
     <span class='ocr_line' id='line_1_99' title="bbox 115 5602 1539 5676; baseline -0.002 -14"><span class='ocrx_word' id='word_1_728' title='bbox 115 5623 200 5662; x_wconf 81' lang='lat' dir='ltr'><strong>tm</strong></span> <span class='ocrx_word' id='word_1_729' title='bbox 238 5606 546 5676; x_wconf 82' lang='lat' dir='ltr'><strong>ignorant,</strong></span> <span class='ocrx_word' id='word_1_730' title='bbox 585 5602 725 5658; x_wconf 90' lang='lat' dir='ltr'><strong>haud</strong></span> <span class='ocrx_word' id='word_1_731' title='bbox 759 5604 948 5658; x_wconf 89' lang='lat' dir='ltr'><strong>mirum</strong></span> <span class='ocrx_word' id='word_1_732' title='bbox 976 5645 990 5667; x_wconf 94' lang='lat'><strong>,</strong></span> <span class='ocrx_word' id='word_1_733' title='bbox 1019 5603 1063 5657; x_wconf 91' lang='lat' dir='ltr'><strong>si</strong></span> <span class='ocrx_word' id='word_1_734' title='bbox 1095 5604 1216 5659; x_wconf 88' lang='lat' dir='ltr'><strong>mali</strong></span> <span class='ocrx_word' id='word_1_735' title='bbox 1245 5604 1352 5658; x_wconf 89' lang='lat' dir='ltr'><strong>sint</strong></span> <span class='ocrx_word' id='word_1_736' title='bbox 1379 5605 1539 5659; x_wconf 55' lang='lat' dir='ltr'><strong>mori.</strong></span> 
     </span>
    </p>
   </div>
   <div class='ocr_carea' id='block_1_100' title="bbox 178 5696 1536 5770">
    <p class='ocr_par' dir='ltr' id='par_1_100' title="bbox 178 5696 1536 5770">
     <span class='ocr_line' id='line_1_100' title="bbox 178 5696 1536 5770; baseline 0.002 -17"><span class='ocrx_word' id='word_1_737' title='bbox 178 5697 480 5754; x_wconf 88' lang='lat' dir='ltr'><strong>damnatis</strong></span> <span class='ocrx_word' id='word_1_738' title='bbox 528 5713 542 5751; x_wconf 90' lang='lat'><strong>:</strong></span> <span class='ocrx_word' id='word_1_739' title='bbox 586 5710 774 5751; x_wconf 87' lang='lat' dir='ltr'><strong>servus</strong></span> <span class='ocrx_word' id='word_1_740' title='bbox 819 5705 997 5751; x_wconf 77' lang='lat' dir='ltr'><strong>autem</strong></span> <span class='ocrx_word' id='word_1_741' title='bbox 1046 5696 1242 5751; x_wconf 82' lang='lat' dir='ltr'><strong>Christi</strong></span> <span class='ocrx_word' id='word_1_742' title='bbox 1296 5699 1462 5770; x_wconf 80' lang='lat' dir='ltr'><strong>magis</strong></span> <span class='ocrx_word' id='word_1_743' title='bbox 1506 5717 1536 5756; x_wconf 86' lang='lat' dir='ltr'><strong>a</strong></span> 
     </span>
    </p>
   </div>
   <div class='ocr_carea' id='block_1_101' title="bbox 284 5804 1013 5868">
    <p class='ocr_par' dir='ltr' id='par_1_101' title="bbox 284 5804 1013 5868">
     <span class='ocr_line' id='line_1_101' title="bbox 284 5804 1013 5868; baseline -0.001 -3"><span class='ocrx_word' id='word_1_744' title='bbox 284 5804 581 5867; x_wconf 64' lang='lat' dir='ltr'><strong>Panos.</strong></span> <span class='ocrx_word' id='word_1_745' title='bbox 623 5804 741 5867; x_wconf 75' lang='lat' dir='ltr'><strong>Gn.</strong></span> <span class='ocrx_word' id='word_1_746' title='bbox 789 5805 1013 5868; x_wconf 84' lang='lat' dir='ltr'><strong>LXIII.</strong></span> 
     </span>
    </p>
   </div>
   <div class='ocr_carea' id='block_1_102' title="bbox 1645 4964 3227 5039">
    <p class='ocr_par' dir='ltr' id='par_1_102' title="bbox 1645 4964 3227 5039">
     <span class='ocr_line' id='line_1_102' title="bbox 1645 4964 3227 5039; baseline 0.005 -21"><span class='ocrx_word' id='word_1_747' title='bbox 1645 4979 1851 5020; x_wconf 90' lang='lat' dir='ltr'><strong>morum</strong></span> <span class='ocrx_word' id='word_1_748' title='bbox 1877 4964 2318 5031; x_wconf 86' lang='lat' dir='ltr'><strong>mansuetudine,</strong></span> <span class='ocrx_word' id='word_1_749' title='bbox 2348 4981 2506 5035; x_wconf 85' lang='lat' dir='ltr'><strong>quam</strong></span> <span class='ocrx_word' id='word_1_750' title='bbox 2538 4968 2754 5023; x_wconf 88' lang='lat' dir='ltr'><strong>nomine</strong></span> <span class='ocrx_word' id='word_1_751' title='bbox 2782 4966 2923 5037; x_wconf 89' lang='lat' dir='ltr'><strong>quod</strong></span> <span class='ocrx_word' id='word_1_752' title='bbox 2949 4969 2998 5029; x_wconf 86' lang='lat' dir='ltr'><strong>ei</strong></span> <span class='ocrx_word' id='word_1_753' title='bbox 3033 4985 3227 5039; x_wconf 82' lang='lat' dir='ltr'><strong>paren-</strong></span> 
     </span>
    </p>
   </div>
   <div class='ocr_carea' id='block_1_103' title="bbox 1651 5055 3229 5127">
    <p class='ocr_par' dir='ltr' id='par_1_103' title="bbox 1651 5055 3229 5127">
     <span class='ocr_line' id='line_1_103' title="bbox 1651 5055 3229 5127; baseline 0.007 -19"><span class='ocrx_word' id='word_1_754' title='bbox 1651 5064 1730 5109; x_wconf 90' lang='lat' dir='ltr'><strong>tes</strong></span> <span class='ocrx_word' id='word_1_755' title='bbox 1755 5055 2156 5126; x_wconf 86' lang='lat' dir='ltr'><strong>imposuerunt,</strong></span> <span class='ocrx_word' id='word_1_756' title='bbox 2184 5056 2455 5112; x_wconf 87' lang='lat' dir='ltr'><strong>vocandus</strong></span> <span class='ocrx_word' id='word_1_757' title='bbox 2477 5067 2582 5113; x_wconf 82' lang='lat' dir='ltr'><strong>est.</strong></span> <span class='ocrx_word' id='word_1_758' title='bbox 2612 5056 2793 5127; x_wconf 78' lang='lat' dir='ltr'><strong>Neque</strong></span> <span class='ocrx_word' id='word_1_759' title='bbox 2820 5059 2958 5115; x_wconf 87' lang='lat' dir='ltr'><strong>Deus</strong></span> <span class='ocrx_word' id='word_1_760' title='bbox 2985 5059 3229 5118; x_wconf 82' lang='lat' dir='ltr'><strong>homines</strong></span> 
     </span>
    </p>
   </div>
   <div class='ocr_carea' id='block_1_104' title="bbox 1647 5144 3225 5224">
    <p class='ocr_par' dir='ltr' id='par_1_104' title="bbox 1647 5144 3225 5224">
     <span class='ocr_line' id='line_1_104' title="bbox 1647 5144 3225 5224; baseline 0.004 -25"><span class='ocrx_word' id='word_1_761' title='bbox 1647 5144 1718 5199; x_wconf 87' lang='lat' dir='ltr'><strong>ita</strong></span> <span class='ocrx_word' id='word_1_762' title='bbox 1738 5144 1906 5216; x_wconf 81' lang='lat' dir='ltr'><strong>diligit</strong></span> <span class='ocrx_word' id='word_1_763' title='bbox 1930 5154 2146 5216; x_wconf 87' lang='lat' dir='ltr'><strong>propter</strong></span> <span class='ocrx_word' id='word_1_764' title='bbox 2162 5145 2545 5215; x_wconf 87' lang='lat' dir='ltr'><strong>virginitatem,</strong></span> <span class='ocrx_word' id='word_1_765' title='bbox 2562 5146 2846 5217; x_wconf 85' lang='lat' dir='ltr'><strong>jejunium,</strong></span> <span class='ocrx_word' id='word_1_766' title='bbox 2862 5158 3225 5224; x_wconf 86' lang='lat' dir='ltr'><strong>contemptum</strong></span> 
     </span>
    </p>
   </div>
   <div class='ocr_carea' id='block_1_105' title="bbox 1647 5234 3229 5311">
    <p class='ocr_par' dir='ltr' id='par_1_105' title="bbox 1647 5234 3229 5311">
     <span class='ocr_line' id='line_1_105' title="bbox 1647 5234 3229 5311; baseline 0.005 -20"><span class='ocrx_word' id='word_1_767' title='bbox 1647 5234 1989 5306; x_wconf 76' lang='lat' dir='ltr'><strong>divitiarum,</strong></span> <span class='ocrx_word' id='word_1_768' title='bbox 2033 5238 2259 5295; x_wconf 88' lang='lat' dir='ltr'><strong>hilarem</strong></span> <span class='ocrx_word' id='word_1_769' title='bbox 2305 5239 2765 5311; x_wconf 86' lang='lat' dir='ltr'><strong>eleemosynarutn</strong></span> <span class='ocrx_word' id='word_1_770' title='bbox 2810 5242 3078 5299; x_wconf 88' lang='lat' dir='ltr'><strong>dationem</strong></span> <span class='ocrx_word' id='word_1_771' title='bbox 3105 5285 3119 5309; x_wconf 92' lang='lat'><strong>,</strong></span> <span class='ocrx_word' id='word_1_772' title='bbox 3172 5259 3229 5300; x_wconf 90' lang='lat' dir='ltr'><strong>ut</strong></span> 
     </span>
    </p>
   </div>
   <div class='ocr_carea' id='block_1_106' title="bbox 1651 5331 3227 5401">
    <p class='ocr_par' dir='ltr' id='par_1_106' title="bbox 1651 5331 3227 5401">
     <span class='ocr_line' id='line_1_106' title="bbox 1651 5331 3227 5401; baseline 0.005 -16"><span class='ocrx_word' id='word_1_773' title='bbox 1651 5339 1866 5399; x_wconf 76' lang='lat' dir='ltr'><strong>propter</strong></span> <span class='ocrx_word' id='word_1_774' title='bbox 1904 5332 2062 5386; x_wconf 90' lang='lat' dir='ltr'><strong>mites</strong></span> <span class='ocrx_word' id='word_1_775' title='bbox 2104 5331 2345 5401; x_wconf 88' lang='lat' dir='ltr'><strong>beneque</strong></span> <span class='ocrx_word' id='word_1_776' title='bbox 2382 5334 2709 5401; x_wconf 87' lang='lat' dir='ltr'><strong>compositos</strong></span> <span class='ocrx_word' id='word_1_777' title='bbox 2745 5348 2925 5389; x_wconf 88' lang='lat' dir='ltr'><strong>mores</strong></span> <span class='ocrx_word' id='word_1_778' title='bbox 2964 5352 2978 5389; x_wconf 90' lang='lat'><strong>:</strong></span> <span class='ocrx_word' id='word_1_779' title='bbox 3014 5336 3227 5392; x_wconf 62' lang='lat' dir='ltr'><strong>tametsi</strong></span> 
     </span>
    </p>
   </div>
   <div class='ocr_carea' id='block_1_107' title="bbox 1646 5421 3228 5495">
    <p class='ocr_par' dir='ltr' id='par_1_107' title="bbox 1646 5421 3228 5495">
     <span class='ocr_line' id='line_1_107' title="bbox 1646 5421 3228 5495; baseline 0.007 -20"><span class='ocrx_word' id='word_1_780' title='bbox 1646 5430 1702 5475; x_wconf 92' lang='lat' dir='ltr'><strong>et</strong></span> <span class='ocrx_word' id='word_1_781' title='bbox 1723 5421 1853 5475; x_wconf 88' lang='lat' dir='ltr'><strong>illud</strong></span> <span class='ocrx_word' id='word_1_782' title='bbox 1876 5423 2126 5478; x_wconf 87' lang='lat' dir='ltr'><strong>alacriter</strong></span> <span class='ocrx_word' id='word_1_783' title='bbox 2148 5423 2490 5494; x_wconf 86' lang='lat' dir='ltr'><strong>suppeditare</strong></span> <span class='ocrx_word' id='word_1_784' title='bbox 2511 5423 2866 5495; x_wconf 84' lang='lat' dir='ltr'><strong>indigentibus</strong></span> <span class='ocrx_word' id='word_1_785' title='bbox 2887 5444 2990 5482; x_wconf 89' lang='lat' dir='ltr'><strong>non</strong></span> <span class='ocrx_word' id='word_1_786' title='bbox 3012 5427 3228 5486; x_wconf 73' lang='lat' dir='ltr'><strong>aliunde</strong></span> 
     </span>
    </p>
   </div>
   <div class='ocr_carea' id='block_1_108' title="bbox 1648 5513 3223 5593">
    <p class='ocr_par' dir='ltr' id='par_1_108' title="bbox 1648 5513 3223 5593">
     <span class='ocr_line' id='line_1_108' title="bbox 1648 5513 3223 5593; baseline 0.006 -26"><span class='ocrx_word' id='word_1_787' title='bbox 1648 5513 2002 5583; x_wconf 81' lang='lat' dir='ltr'><strong>proﬁciscitur</strong></span> <span class='ocrx_word' id='word_1_788' title='bbox 2028 5524 2084 5571; x_wconf 90' lang='lat' dir='ltr'><strong>et</strong></span> <span class='ocrx_word' id='word_1_789' title='bbox 2112 5516 2425 5574; x_wconf 81' lang='lat' dir='ltr'><strong>cciiceditur</strong></span> <span class='ocrx_word' id='word_1_790' title='bbox 2452 5518 2518 5577; x_wconf 89' lang='lat' dir='ltr'><strong>iis</strong></span> <span class='ocrx_word' id='word_1_791' title='bbox 2545 5519 2634 5589; x_wconf 86' lang='lat' dir='ltr'><strong>qui</strong></span> <span class='ocrx_word' id='word_1_792' title='bbox 2663 5520 2929 5577; x_wconf 77' lang='lat' dir='ltr'><strong>Christum</strong></span> <span class='ocrx_word' id='word_1_793' title='bbox 2957 5521 3223 5593; x_wconf 77' lang='lat' dir='ltr'><strong>diligunt,</strong></span> 
     </span>
    </p>
   </div>
   <div class='ocr_carea' id='block_1_109' title="bbox 1647 5606 3222 5679">
    <p class='ocr_par' dir='ltr' id='par_1_109' title="bbox 1647 5606 3222 5679">
     <span class='ocr_line' id='line_1_109' title="bbox 1647 5606 3222 5679; baseline 0.006 -21"><span class='ocrx_word' id='word_1_794' title='bbox 1647 5620 1803 5675; x_wconf 88' lang='lat' dir='ltr'><strong>quam</strong></span> <span class='ocrx_word' id='word_1_795' title='bbox 1832 5620 1863 5660; x_wconf 88' lang='lat' dir='ltr'><strong>a</strong></span> <span class='ocrx_word' id='word_1_796' title='bbox 1892 5607 2321 5664; x_wconf 87' lang='lat' dir='ltr'><strong>mansuetudine.</strong></span> <span class='ocrx_word' id='word_1_797' title='bbox 2362 5606 2432 5665; x_wconf 86' lang='lat' dir='ltr'><strong>Ut</strong></span> <span class='ocrx_word' id='word_1_798' title='bbox 2460 5610 2600 5667; x_wconf 84' lang='lat' dir='ltr'><strong>enim</strong></span> <span class='ocrx_word' id='word_1_799' title='bbox 2630 5625 2659 5664; x_wconf 86' lang='lat' dir='ltr'><strong>a</strong></span> <span class='ocrx_word' id='word_1_800' title='bbox 2692 5609 2833 5667; x_wconf 79' lang='lat' dir='ltr'><strong>fonte</strong></span> <span class='ocrx_word' id='word_1_801' title='bbox 2872 5613 3017 5669; x_wconf 85' lang='lat' dir='ltr'><strong>rivus</strong></span> <span class='ocrx_word' id='word_1_802' title='bbox 3043 5652 3058 5679; x_wconf 85' lang='lat'><strong><em>.</em></strong></span> <span class='ocrx_word' id='word_1_803' title='bbox 3088 5614 3164 5668; x_wconf 79' lang='lat' dir='ltr'><strong>sic</strong></span> <span class='ocrx_word' id='word_1_804' title='bbox 3194 5631 3222 5667; x_wconf 72' lang='grc' dir='ltr'>τι</span> 
     </span>
    </p>
   </div>
   <div class='ocr_carea' id='block_1_110' title="bbox 1654 5700 3239 5775">
    <p class='ocr_par' dir='ltr' id='par_1_110' title="bbox 1654 5700 3239 5775">
     <span class='ocr_line' id='line_1_110' title="bbox 1654 5700 3239 5775; baseline 0.004 -21"><span class='ocrx_word' id='word_1_805' title='bbox 1654 5714 1859 5755; x_wconf 89' lang='lat' dir='ltr'><strong>morum</strong></span> <span class='ocrx_word' id='word_1_806' title='bbox 1883 5700 2143 5756; x_wconf 81' lang='lat' dir='ltr'><strong>suavitate</strong></span> <span class='ocrx_word' id='word_1_807' title='bbox 2163 5715 2288 5756; x_wconf 84' lang='lat' dir='ltr'><strong>cura</strong></span> <span class='ocrx_word' id='word_1_808' title='bbox 2312 5717 2599 5774; x_wconf 85' lang='lat' dir='ltr'><strong>pauperum</strong></span> <span class='ocrx_word' id='word_1_809' title='bbox 2626 5706 2855 5775; x_wconf 75' lang='lat' dir='ltr'><strong>proﬂuit.</strong></span> <span class='ocrx_word' id='word_1_810' title='bbox 2884 5705 3059 5762; x_wconf 76' lang='lat' dir='ltr'><strong>Facile</strong></span> <span class='ocrx_word' id='word_1_811' title='bbox 3078 5709 3239 5762; x_wconf 33' lang='lat' dir='ltr'><strong>enim.</strong></span> 
     </span>
    </p>
   </div>
   <div class='ocr_carea' id='block_1_111' title="bbox 2834 5810 2915 5873">
    <p class='ocr_par' dir='ltr' id='par_1_111' title="bbox 2834 5810 2915 5873">
     <span class='ocr_line' id='line_1_111' title="bbox 2834 5810 2915 5873; baseline 0 -5"><span class='ocrx_word' id='word_1_812' title='bbox 2834 5810 2915 5873; x_wconf 74' lang='lat'><strong>28</strong></span> 
     </span>
    </p>
   </div>
  </div>
