3872 6396
544 293 640 353 551

548 412 618 468 ad
661 406 1080 465 misericordiam
1120 400 1379 455 mansueti
1415 409 1469 455 et
1514 400 1800 471 aequabiles
1838 395 2117 451 trahuntur

548 515 738 559 omnes
755 541 771 567 ,
801 513 973 569 neque
1002 499 1135 552 terre
1156 504 1379 566 possunt
1404 491 1668 548 contemni
1696 499 1954 559 pauperes
1976 524 1992 549 ,
2021 480 2115 536 sed

547 595 773 647 aliorum
794 590 1025 657 Inopiam
1052 601 1202 639 suam
1231 585 1559 640 arbitrantur
1579 578 1952 635 calamitatem.
1979 573 2115 628 Pro-

550 693 732 752 pterea
747 680 942 735 invidia
969 676 1197 747 pessima
1218 675 1453 728 omnium
1470 670 1805 725 alfectionum
1823 675 1926 730 est;
1946 675 2114 752 neque

544 751 794 845 umquam
822 785 1036 841 gravem
1067 768 1213 823 illum
1236 765 1481 819 morbum
1511 763 1561 815 in
1591 761 1823 814 animam
1848 769 1997 810 suam
2023 751 2114 806 ad-

542 867 708 922 mittit
740 863 824 918 vir
860 861 1121 930 benignus
1163 867 1218 913 et
1261 856 1444 919 mitis;
1487 852 1579 907 sed
1616 850 1662 905 si
1695 848 1888 904 viderit
1924 845 2115 899 fratres

541 959 851 1020 honoratos,
880 951 1180 1023 congaudet
1206 964 1269 1004 ac
1291 947 1609 1019 gratulatur,
1637 944 1861 997 aliorum
1890 938 2111 1009 gloriam

540 1066 691 1106 suam
734 1058 926 1118 putans
956 1062 970 1100 :
998 1042 1233 1113 alioquin
1276 1044 1563 1095 amicorum
1603 1036 1781 1090 omnia
1812 1030 2112 1089 communia

538 1156 788 1205 censens,
812 1140 862 1193 in
887 1138 1041 1193 bonis
1060 1134 1272 1205 quidem
1300 1129 1615 1201 congaudet,
1643 1128 1694 1181 in
1720 1124 1958 1180 tristibus
1984 1134 2112 1176 vero

538 1233 807 1290 condolet.
850 1228 977 1283 Haec
1016 1227 1157 1283 enim
1207 1219 1625 1279 mansuetudinis
1670 1216 1810 1271 dona
1856 1223 2019 1279 sunt,
2057 1219 2114 1266 et

541 1325 661 1381 talis
699 1322 903 1377 mitium
940 1327 1021 1374 est
1058 1318 1162 1371 vita
1195 1334 1207 1369 :
1238 1314 1381 1370 mitis
1420 1309 1778 1380 orphanorum
1812 1314 1959 1373 pater
1987 1311 2108 1367 est,

538 1415 817 1470 viduarum
850 1420 1124 1481 patronus,
1151 1405 1476 1477 paupertatis
1501 1409 1734 1461 curator,
1765 1397 1957 1466 injuria
1982 1394 2111 1448 affe-

537 1517 746 1562 ctorum
768 1504 977 1575 adjutor
993 1543 1008 1567 ,
1033 1515 1243 1570 semper
1266 1509 1481 1553 strenue
1501 1496 1607 1566 agit
1626 1492 1768 1564 quod
1788 1492 1987 1562 justum
2006 1498 2105 1543 est.

542 1597 612 1654 Et
653 1597 761 1651 ﬁlio
790 1591 1114 1651 reverendus
1140 1599 1223 1645 est
1265 1597 1413 1658 pater
1457 1587 1598 1640 initis
1625 1593 1679 1639 et
1704 1584 1840 1637 ﬁlius
1872 1580 2025 1650 patri,
2057 1585 2111 1632 et

535 1685 901 1743 observandus
920 1683 1145 1746 ,domino
1178 1688 1259 1734 est
1280 1692 1493 1743 servns,
1521 1686 1574 1730 et
1602 1674 1734 1730 nihil
1767 1675 1837 1728 ita
1865 1670 2110 1726 conciliat

536 1779 755 1835 domino
785 1776 1071 1830 familiares
1091 1815 1106 1839 ,
1135 1783 1191 1827 ut
1219 1771 1357 1841 quod
1386 1770 1533 1823 illum
1562 1767 1746 1822 vident
1773 1782 1895 1835 erga
1922 1781 2109 1821 omnes

539 1872 778 1928 modeste
815 1883 876 1924 se
900 1882 1087 1939 gerere
1113 1907 1128 1930 ,
1169 1873 1223 1920 et
1254 1862 1657 1918 mansuetudine
1680 1861 1884 1916 cunctis
1918 1859 2109 1929 jucun-

538 1964 663 2017 dum
695 1978 708 2014 :
738 1974 858 2015 nam
891 1967 945 2014 et
974 1958 1133 2012 talem
1180 1954 1395 2025 majoris
1434 1952 1632 2008 faciunt
1667 1961 1723 2006 et
1758 1950 2100 2013 admirantur,

536 2054 842 2123 habentque
871 2066 966 2121 pro
995 2058 1144 2120 patre
1163 2089 1179 2115 ,
1214 2063 1317 2101 non
1347 2060 1443 2117 pro
1466 2046 1703 2100 domino.

607 2143 734 2209 Qua:
762 2144 891 2196 bona
920 2141 1086 2211 pariat
1114 2136 1466 2192 mansuetudo.
1492 2166 1565 2178 —
1588 2138 1697 2206 Age
1723 2150 1819 2205 pro
1846 2134 1983 2189 virili
2010 2148 2107 2188 no-

532 2247 640 2291 stra
680 2235 959 2305 diligenter
984 2232 1312 2302 inquiramus
1336 2271 1351 2297 ,
1383 2244 1625 2300 quaenam
1654 2244 1719 2283 ex
1749 2242 1953 2282 morum
1980 2241 2106 2280 sua-

530 2328 691 2382 vitate
718 2326 853 2381 bona
883 2324 1173 2380 mansuetis
1206 2324 1534 2392 proveniant.
1567 2321 1760 2377 Gratus
1784 2330 1838 2376 et
1864 2319 2106 2374 amabilis

530 2429 614 2474 est
639 2417 968 2481 videntibus,
998 2424 1176 2485 gratus
1206 2414 1329 2468 item
1356 2414 1420 2468 iis
1444 2412 1633 2483 quibus
1663 2421 1865 2467 tantum
1894 2411 2107 2467 nomine

533 2518 693 2564 notus
730 2517 811 2562 est
844 2529 858 2563 :
890 2521 1061 2577 neque
1091 2504 1241 2560 facile
1272 2505 1435 2559 ullum
1466 2503 1701 2558 invenies
1724 2544 1738 2567 ,
1770 2502 1857 2571 qui
1885 2502 2105 2559 audiens

532 2597 735 2654 laudari
761 2598 1026 2652 hominem
1052 2604 1408 2659 mansuetum,
1432 2595 1577 2650 illum
1600 2594 1781 2650 videre
1801 2604 1855 2650 et
1877 2610 2104 2650 exoscu-

530 2690 628 2745 lari
660 2706 764 2745 non
802 2689 1109 2755 desideret,
1138 2698 1191 2744 et
1219 2703 1323 2743 non
1360 2687 1550 2743 habeat
1591 2688 1642 2743 in
1677 2687 1941 2758 aliquanta
1970 2688 2103 2743 lucri

533 2792 682 2850 parte
707 2782 822 2851 ejus
847 2781 1076 2837 amicitia
1111 2794 1266 2852 posse
1291 2780 1411 2835 frui.
1456 2779 1608 2847 Quod
1637 2778 1682 2833 si
1706 2780 1975 2849 contingat
2000 2779 2103 2833 ali-

531 2888 665 2944 quos
696 2883 911 2942 propter
936 2887 1064 2941 opes
1088 2872 1225 2926 inter
1248 2885 1367 2927 sese
1390 2869 1680 2936 dissidere,
1710 2886 1832 2924 mox
1861 2870 1926 2924 ad
1953 2870 2100 2924 beni-

530 2981 694 3035 gnum
719 2975 771 3021 et
796 2976 1129 3020 mansuetum
1156 2965 1301 3019 illum
1327 2972 1631 3034 properant,
1660 2963 1793 3016 bona
1822 2978 1936 3031 Spe,
1963 2961 2101 3033 quod

530 3056 646 3126 ejus
690 3055 924 3111 bonitate
961 3051 1208 3125 quicquid
1245 3052 1414 3108 litium
1443 3060 1498 3107 et
1536 3052 1932 3108 contentionum
1963 3060 2105 3109 este

532 3148 711 3202 medio
748 3147 977 3201 tollatur.
1016 3147 1250 3211 Rursus,
1280 3144 1325 3200 si
1363 3144 1618 3216 capitales
1650 3143 1790 3199 inter
1818 3159 1878 3199 se
1906 3144 2102 3200 inimici

529 3240 637 3292 sint
658 3279 672 3304 ,
701 3238 964 3292 mansueti
993 3236 1091 3291 viri
1116 3236 1448 3306 correptione
1474 3236 1752 3305 placantur
1775 3243 1830 3290 et
1857 3250 2099 3290 mansne.

531 3340 719 3393 scunt,
750 3329 956 3384 etiamsi
998 3336 1183 3383 natura
1226 3328 1279 3382 in
1322 3328 1453 3381 iram
1491 3337 1544 3382 ct
1580 3326 1811 3380 furorem
1855 3326 2100 3397 propensi

530 3422 657 3476 sint.
689 3421 787 3486 Qui
816 3435 944 3474 vero
972 3418 1126 3472 aliter
1151 3416 1321 3472 affecti
1348 3425 1500 3480 sunt,
1527 3417 1571 3471 si
1595 3400 1940 3471 reconciliare
1967 3417 2104 3471 inter

531 3528 590 3566 se
616 3511 779 3565 velint
806 3525 899 3564 eos
922 3510 1010 3579 qui
1035 3507 1390 3578 digladiantur
1412 3514 1467 3560 et
1494 3517 1745 3576 pugnant,
1774 3505 1917 3560 nullo
1944 3506 2104 3560 modo

531 3602 861 3657 venerabiles
886 3609 1108 3673 possunt
1130 3597 1330 3653 videri:
1353 3596 1445 3652 sed
1470 3597 1520 3651 in
1542 3598 1731 3668 quavis
1752 3611 1909 3651 causa
1931 3598 2105 3668 aptior

529 3705 585 3749 et
627 3692 794 3763 magis
837 3690 1061 3746 idoneus
1093 3688 1157 3743 ad
1187 3687 1611 3758 persuadendum
1637 3696 1693 3743 et
1717 3688 2099 3745 consulendum

530 3794 613 3840 est
638 3784 684 3838 is
702 3825 716 3848 ,
744 3783 833 3853 qui
859 3796 951 3837 eas
975 3782 1211 3836 actiones
1236 3794 1456 3848 quarum
1486 3778 1762 3833 consilium
1787 3780 1876 3833 dat
1902 3783 2102 3850 primus

524 3876 852 3947 aggreditur.
899 3873 1118 3941 Insuper
1157 3872 1407 3940 quoniam
1444 3870 1691 3940 exemplo
1720 3885 1816 3924 suo
1855 3874 2097 3943 magister

530 3977 612 4023 est
639 3963 1075 4028 mansuetudinis,
1097 3973 1151 4017 et
1176 3963 1287 4033 ipse
1310 3961 1555 4030 exemplo
1574 3976 1670 4016 suo
1690 3962 1963 4018 stabilitea
1984 3980 2102 4034 qua:

533 4058 730 4123 tradit,
758 4055 915 4111 simul
943 4070 1005 4110 ac
1032 4062 1251 4124 apparet
1271 4094 1287 4118 ,
1318 4052 1521 4121 mitigat
1547 4053 1705 4107 etiam
1747 4052 2058 4108 furibundos
2082 4096 2096 4121 ,

532 4164 704 4218 neque
746 4144 924 4201 multis
952 4145 999 4199 ei
1030 4142 1207 4197 verbis
1236 4143 1317 4197 vel
1345 4141 1791 4197 admonitionibus
1821 4159 1954 4212 opus
1980 4154 2095 4211 est,

529 4238 623 4293 sed
650 4248 703 4293 et
730 4251 935 4306 pacem,
958 4233 1260 4303 priusquam
1289 4233 1551 4303 loquatur,
1580 4233 1881 4302 persuadet.
1907 4235 2101 4303 Quem-

529 4328 815 4384 admodum
852 4336 906 4385 et
938 4327 1067 4383 solis
1101 4325 1293 4397 jubar,
1327 4334 1382 4379 ut
1419 4325 1646 4394 primum
1676 4336 1929 4395 apparet,
1960 4326 2097 4396 fugat

533 4422 776 4477 tenebras
805 4436 821 4477 :
848 4420 919 4474 ita
956 4427 1261 4473 mansuetus
1297 4425 1352 4471 et
1389 4416 1645 4485 benignus
1682 4431 1776 4472 sua
1819 4424 2097 4487 praesentia

530 4529 617 4568 res
660 4511 989 4567 turbulentas
1029 4510 1301 4580 componit
1340 4510 1651 4581 quietasqtte
1692 4525 1753 4565 ac
1793 4512 2100 4581 tranquillas

527 4604 719 4660 reddit.
770 4604 864 4657 Est
902 4614 1079 4657 autem
1123 4610 1178 4656 et
1222 4599 1325 4655 hoc
1365 4600 1578 4670 dignum
1626 4603 1891 4656 recenseri
1916 4646 1931 4667 ,
1960 4603 2098 4672 quod

522 4697 768 4751 Christus
790 4696 961 4751 solum
983 4695 1236 4765 paciﬁcos
1265 4694 1399 4748 ﬁlios
1425 4694 1512 4748 Dei
1537 4705 1688 4749 vocat
1708 4693 1917 4765 (Matth.
1943 4696 1994 4749 5.
2018 4698 2095 4763 9).

525 4788 592 4842 Et
617 4801 782 4858 quare
810 4801 966 4842 suum
994 4784 1308 4840 vocabulum
1341 4783 1556 4837 mitibus
1585 4786 1981 4841 communicat?
2005 4787 2105 4842 So-

523 4878 608 4931 lus
644 4877 735 4931 ille
763 4874 954 4931 Filium
984 4874 1079 4930 Dei
1108 4888 1204 4944 pro
1233 4873 1432 4929 viribus
1458 4875 1692 4929 imitatur
1715 4917 1731 4941 ,
1762 4878 1848 4947 qui
1878 4878 2023 4947 pacis
2049 4888 2102 4933 ct

528 4965 777 5022 amicitia:
808 4975 994 5022 auctor
1020 4968 1139 5022 aliis
1170 4967 1246 5021 ﬁt.
1298 4965 1430 5021 Nam
1456 4967 1591 5021 sicut
1613 4967 1856 5024 Christus
1889 4970 2023 5024 Deus
2051 4981 2110 5025 et'

526 5059 763 5113 omnium
807 5058 1063 5113 Dominus
1085 5099 1102 5125 ,
1132 5058 1185 5113 in
1225 5074 1387 5115 carne
1414 5058 1590 5114 divina
1620 5061 1773 5116 nobis
1798 5077 2060 5131 apparens
2083 5106 2100 5129 ,

528 5158 741 5205 sanctos
768 5150 984 5220 angelos
1007 5164 1126 5204 cum
1154 5149 1454 5206 hominibus
1477 5151 1771 5208 concordes
1794 5152 1986 5217 effecit,
2014 5152 2105 5224 qui

525 5240 677 5309 quasi
709 5239 851 5295 bello
877 5242 1101 5311 quodam
1129 5257 1158 5296 a
1190 5241 1342 5298 nobis
1377 5243 1705 5299 dissidebant
1734 5263 1748 5299 :
1779 5247 1847 5300 ita
1876 5258 1927 5302 et
1957 5265 2105 5301 man-

525 5342 712 5387 suetus
754 5333 912 5386 homo
934 5330 1136 5388 fratres
1161 5343 1214 5388 et
1240 5344 1493 5403 cognatos
1521 5345 1575 5389 et
1603 5336 1923 5393 domesticos
1949 5356 2103 5395 reve-

528 5420 637 5478 reri
662 5422 806 5492 leges
828 5431 883 5476 et
907 5432 1226 5493 prtcceptum
1254 5424 1368 5489 Dei,
1395 5425 1717 5497 abjectisque
1743 5429 2030 5485 inimicitiis
2052 5433 2100 5485 in

527 5512 751 5582 gratiam
784 5520 1017 5567 mutuam
1048 5511 1222 5568 redire
1250 5513 1391 5568 facit.
1424 5514 1589 5571 Porro
1614 5517 1754 5587 quod
1785 5518 1835 5574 in
1862 5522 2103 5590 corpori-

524 5603 631 5661 bus
670 5604 866 5660 nostris
894 5606 1079 5674 nervi,
1105 5604 1206 5661 hoc
1230 5617 1307 5662 est
1349 5620 1653 5667 mansuetus
1680 5611 1839 5668 homo
1871 5615 1920 5670 in
1946 5617 2105 5671 domo

529 5706 586 5754 α
609 5698 832 5756 ecclesia
866 5710 918 5758 et
951 5702 1179 5759 civitate.
1215 5703 1407 5759 Paulus
1439 5707 1577 5761 enim
1611 5724 1755 5766 more
1785 5727 1880 5767 suo
1911 5712 2104 5772 fratres

2059 274 2281 332 DUBlA.
3644 304 3726 362 με

2221 402 2374 448 vocat
2403 408 2598 465 corpus
2630 405 2683 453 et
2712 401 2946 455 membra
2976 403 3199 459 invicem
3226 405 3431 479 (Ephes.
3458 411 3503 464 ι.
3530 412 3608 484 25)
3626 434 3637 468 :
3657 423 3722 488 qui

2219 494 2395 578 autem
2426 488 2659 544 divulsus
2686 502 2738 545 et
2768 504 3061 563 pugnantes
3088 501 3231 553 coire
3257 500 3376 555 facit
3400 502 3448 555 in
3471 506 3724 578 amicitiam,

2214 574 2323 643 jam
2352 577 2496 633 Pauli
2525 596 2822 637 sermonem
2852 588 3153 654 conﬁrmat,
3183 591 3267 659 qui
3292 592 3475 647 suadet
3498 574 3726 669 omnibus,

2220 682 2287 722 ne
2332 669 2574 738 ignorent
2614 675 2851 730 membra
2887 693 2979 732 sua
3015 696 3188 750 neque
3222 693 3400 739 mutuo
3427 700 3482 741 se
3507 688 3726 750 ἀενοταιι.

2222 758 2370 814 Unde
2412 777 2567 816 verus
2612 776 2690 819 est
2750 782 2927 823 sermo
2978 771 3104 836 ille,
3156 774 3293 841 quod
3340 778 3622 845 paciﬁcator
3652 784 3729 838 fra-

2219 858 2357 905 trum
2393 855 2631 910 eamdem
2670 859 2914 914 virtutem
2948 862 3107 917 habet
3141 864 3191 919 in
3227 868 3444 923 ecclesia
3474 880 3524 924 et
3546 873 3673 931 domo
3694 892 3732 933 et

2217 942 2431 999 civitate
2452 985 2468 1011 ,
2498 962 2652 1016 quam
2680 948 2876 1005 habent
2906 952 2955 1005 in
2987 958 3297 1024 corporibus
3326 961 3492 1025 nervi,
3520 962 3623 1017 dum
3647 968 3730 1021 dis-

2218 1048 2371 1102 persa
2432 1045 2485 1090 et
2550 1038 2773 1094 invicem
2824 1047 3104 1113 pugnantia
3151 1050 3422 1120 conjungit
3462 1064 3511 1106 et
3548 1060 3728 1125 copulat.

2219 1126 2412 1181 Verum
2441 1126 2555 1184 haec
2576 1130 2743 1186 virtus
2765 1142 2890 1189 tunc
2908 1136 3065 1189 alicui
3090 1140 3211 1192 data
3235 1152 3336 1205 est,
3360 1144 3558 1208 quando
3576 1151 3730 1214 primus

2217 1216 2330 1287 ipse
2372 1231 2647 1277 mansuete
2686 1224 2867 1280 vivere
2911 1228 3095 1298 incipit
3122 1249 3135 1283 :
3161 1242 3216 1284 at
3254 1235 3340 1301 qui
3381 1234 3524 1290 facile
3559 1238 3604 1290 in
3634 1240 3731 1295 iram

2216 1314 2481 1381 erumpit,
2515 1315 2671 1385 vulgo
2715 1316 2969 1373 ridiculus
3008 1324 3321 1389 apparebit,
3374 1327 3415 1379 si
3459 1330 3644 1397 quando
3664 1349 3728 1385 cr-

2216 1414 2490 1472 asperatos
2514 1407 2646 1461 alios
2671 1409 2880 1477 placare
2909 1421 3153 1469 attentat.

2200 1510 2205 1513 ‘
2284 1496 2389 1551 Ira:
2411 1510 2597 1568 quanta
2622 1500 2840 1571 foeditas.
2864 1504 3066 1559 ——Jam
3114 1506 3238 1575 quid
3287 1508 3522 1565 deterius
3556 1510 3731 1567 homini.

2214 1587 2312 1643 btts
2341 1589 2429 1657 qui
2475 1592 2568 1645 irze
2613 1593 2886 1648 serviunt?
2931 1596 3049 1664 quis
3079 1612 3174 1652 eos
3211 1598 3402 1654 videns
3446 1617 3545 1655 non
3588 1610 3732 1659 avertit

2212 1680 2432 1734 oculos?
2464 1681 2554 1736 Vir
2574 1681 2859 1738 iracundus
2887 1686 3118 1741 insuavis
3149 1697 3227 1742 est
3251 1688 3449 1756 obviis,
3483 1692 3680 1749 insuavis
3697 1709 3734 1751 rt

2211 1771 2401 1826 vicinis
2433 1792 2445 1826 :
2479 1784 2533 1827 et
2554 1774 2597 1828 si
2629 1776 2871 1843 pecuniis
2893 1792 3014 1832 eum
3038 1793 3224 1833 carere
3252 1784 3541 1853 contingat,
3568 1801 3654 1839 non
3677 1788 3731 1840 ia-

2212 1863 2313 1918 cile
2339 1866 2537 1935 reperit
2561 1868 2650 1936 qui
2677 1868 2794 1937 ejus
2824 1870 3017 1940 inopiae
3045 1883 3344 1927 succurrat.
3373 1875 3656 1933 Communis
3676 1892 3734 1935 est

2212 1954 2382 2009 hostis
2412 1964 2465 2011 et
2489 1957 2683 2013 civium
2711 1970 2763 2015 et
2791 1963 3192 2033 peregrinorum
3226 1982 3239 2018 :
3272 1966 3492 2032 clamat,
3525 1971 3734 2025 vocifera-

2214 2054 2316 2110 tur.
2350 2049 2530 2119 plagas
2556 2052 2960 2107 occurrentibus
2990 2055 3235 2121 intentat,
3284 2057 3510 2113 dicenda
3552 2062 3736 2131 loquitur

2211 2149 2261 2193 et
2287 2140 2525 2205 tacenda,
2554 2153 2770 2210 aspectu
2802 2152 2977 2208 torvo,
3007 2145 3183 2200 inﬂata
3207 2146 3365 2208 facie.
3389 2149 3555 2217 lingua
3576 2154 3731 2213 rabida.

2210 2230 2457 2286 manibus
2499 2231 2566 2286 ad
2607 2234 2783 2287 omnia
2814 2238 3301 2307 prorumpentibus,
3341 2248 3413 2301 et,
3447 2250 3503 2295 ut
3541 2257 3731 2311 apparet.

2209 2322 2454 2377 daemone
2483 2325 2710 2393 plenus:
2742 2335 2799 2380 et
2823 2328 2867 2380 si
2908 2328 3029 2397 quis
3058 2328 3234 2383 videat
3273 2331 3453 2384 virum
3494 2334 3555 2385 ita
3582 2336 3730 2392 inurere.

2209 2411 2533 2467 dubitaverit
2552 2429 2617 2467 an
2645 2414 2909 2471 darmonio
2929 2418 3156 2487 agitetur
3183 2419 3371 2484 miser,
3405 2438 3471 2474 an
3497 2424 3732 2479 voluntarie

2209 2502 2260 2557 in
2293 2513 2492 2559 tantam
2530 2505 2788 2562 insaniam
2817 2508 3145 2578 prosilierit?
3183 2511 3264 2566 Ira
3303 2514 3619 2569 voluntarius
3647 2517 3725 2569 da:-

2208 2611 2356 2661 mon,
2401 2598 2603 2652 insania
2642 2609 2955 2668 Spontanea,
3004 2603 3196 2657 mentis
3240 2613 3326 2658 est
3370 2604 3587 2660 defectio
3623 2627 3633 2661 :
3668 2612 3729 2678 qui

2208 2687 2474 2752 irascitur,
2503 2689 2699 2745 diaboli
2739 2690 3024 2746 ludibrittm
3054 2703 3155 2759 est,
3202 2695 3509 2751 dmmonum
3549 2698 3729 2762 ofﬁcim,

2206 2786 2260 2833 et
2310 2779 2561 2848 nequitia:
2599 2781 2809 2836 illorum
2859 2782 3049 2853 dignus
3093 2785 3361 2841 minister.
3404 2788 3497 2842 Dic
3536 2790 3729 2849 obsecro.

2206 2870 2331 2939 quid
2364 2872 2696 2940 potissimum
2725 2873 2915 2929 volunt
2949 2874 3241 2943 dzemones,
3272 2889 3333 2933 ut
3380 2879 3565 2934 faciant
3604 2882 3732 2934 humi-

2208 2963 2346 3017 nes?
2385 2980 2563 3019 nonne
2611 2974 2667 3019 ttt
2705 2966 3032 3036 exprobrent
3078 2970 3457 3038 genitoribus?
3510 2988 3660 3026 nonne
3691 2985 3730 3024 nt

2207 3054 2437 3123 pollutas
2467 3072 2653 3112 manus
2683 3058 2990 3127 parentibus
3016 3058 3282 3115 inferant?
3310 3078 3494 3119 nonne
3517 3075 3566 3117 ut
3605 3065 3730 3119 Deum

2207 3146 2616 3218 blasphement?
2662 3150 2785 3205 llrrc
2825 3162 3004 3207 autem
3048 3154 3223 3207 omnia
3273 3154 3606 3211 irascentium
3642 3168 3732 3210 sunt

2207 3254 2388 3309 opera.
2432 3244 2604 3311 Atque
2648 3241 2783 3297 adeo
2813 3243 2889 3297 ira
2936 3245 3107 3298 servis
3145 3246 3255 3299 suis
3296 3247 3457 3303 facile
3502 3248 3733 3317 impietatis

2205 3341 2393 3388 auctor
2419 3341 2502 3389 est
2533 3354 2545 3389 :
2580 3350 2750 3404 neque
2775 3335 2915 3391 enim
2942 3337 3041 3391 sibi
3069 3338 3198 3407 ipsis
3222 3338 3380 3393 facile
3407 3342 3646 3409 imperare
3668 3357 3732 3391 ra.

2206 3421 2316 3478 lent
2340 3424 2427 3493 qui
2455 3440 2484 3478 a
2516 3423 2696 3481 furore
2739 3435 2794 3481 et
2832 3427 2908 3481 ira
2935 3429 3259 3493 vincuntur;
3288 3431 3387 3485 sed
3427 3434 3613 3487 similis
3642 3444 3730 3485 sunt

2205 3514 2348 3576 navi,
2380 3531 2498 3584 quze
2530 3517 2582 3570 in
2615 3517 2786 3573 media
2830 3527 3146 3588 tempestate
3174 3536 3203 3575 a
3233 3522 3584 3592 gubernatore
3605 3525 3730 3575 desti-

2208 3613 2318 3659 tuta
2348 3606 2723 3677 snbmergitnr,
2757 3609 3108 3681 undequaque
3147 3614 3199 3667 in
3242 3629 3363 3667 eam
3411 3616 3638 3685 procellis
3673 3618 3731 3667 in-

2204 3698 2421 3767 gressis.
2451 3697 2532 3752 lra
2562 3702 2702 3754 enim
2728 3702 2879 3770 quasi
2910 3702 3107 3758 fulmen
3135 3716 3187 3759 et
3222 3714 3512 3774 tempestas
3534 3709 3729 3778 quaedam

2206 3789 2258 3843 in
2284 3790 2514 3845 animam
2537 3792 2707 3857 irruit,
2738 3794 3163 3866 servientcmque
3182 3798 3282 3853 sibi
3305 3800 3574 3868 stupidum
3596 3800 3729 3855 reddit

2205 3892 2260 3939 et
2287 3892 2575 3937 amentem.
2617 3884 2752 3951 Quid
2797 3886 2955 3954 igitur
2985 3886 3327 3944 faciendum?
3370 3892 3632 3947 Prudentis
3656 3892 3727 3943 lto-

2192 3976 2366 4032 .minis
2393 3975 2567 4039 fuerit.
2602 3987 2659 4032 ut
2695 3980 2793 4033 sibi
2830 3980 2897 4035 ab
2924 3980 3024 4036 hoc
3064 3982 3254 4038 morbo
3290 3994 3499 4050 caveat,
3542 3994 3727 4040 mentem

2204 4068 2473 4123 contineat
2497 4080 2549 4124 et
2581 4069 2809 4126 furorem
2841 4073 3015 4142 sopiat
3037 4075 3434 4144 Scripturarum
3465 4076 3727 4130 admonitu»

2206 4156 2713 4229 nibus,.priusquam
2744 4161 2794 4215 in
2822 4160 2951 4216 iram
2988 4164 3283 4219 inducatur.
3313 4165 3449 4220 Nam
3484 4168 3524 4221 si
3564 4165 3726 4235 prasti-

2203 4248 2466 4319 giatorum
2507 4250 2915 4308 incantamentis
2963 4254 3146 4309 bestias
3187 4256 3559 4327 obtemperant
3592 4272 3603 4308 :
3632 4254 3727 4324 quid

2205 4339 2396 4393 mirum
2418 4341 2460 4393 si
2488 4341 2693 4411 eloquia
2725 4342 2922 4398 Christi
2957 4343 3153 4400 ferocis
3179 4348 3377 4403 animm
3398 4358 3581 4401 statum
3610 4346 3725 4397 facile

2207 4431 2544 4500 tranquillum
2572 4442 2625 4486 et
2650 4435 2960 4503 aequabilem
2993 4436 3257 4492 reddant?
3285 4438 3466 4493 Omnis
3490 4440 3633 4498 enim,
3666 4438 3723 4488 in-

2204 4522 2335 4590 quit,
2364 4525 2653 4577 amaritudo
2694 4536 2743 4579 et
2784 4526 2861 4579 ira
2907 4536 2953 4580 et
2980 4532 3126 4597 furor
3153 4539 3199 4583 et
3239 4508 3437 4585 clamor
3462 4529 3722 4597 auferam”

2205 4614 2340 4667 vobis
2364 4631 2478 4668 cum
2516 4618 2655 4670 omni
2680 4617 2896 4671 malitia.
2926 4618 3102 4675 Estote
3127 4621 3338 4677 intuetn
3368 4622 3579 4693 benigni,
3614 4622 3721 4670 arist-

2202 4706 2446 4772 ricordes,
2481 4708 2824 4765 contionantes
2850 4712 2984 4765 vobis
3020 4710 3164 4783 ipsis,
3197 4714 3241 4767 si
3270 4715 3383 4782 quis
3408 4714 3629 4767 adversus
3651 4708 3721 4759 ιιὶ·

2205 4809 2349 4861 quem
2392 4798 2536 4853 habet
2580 4802 3019 4871 reprehensionem
3048 4820 3067 4858 :
3092 4806 3510 4874 quemadmodum
3546 4814 3587 4857 et
3620 4801 3721 4854 Dens

2202 4889 2255 4943 in
2282 4889 2481 4945 Christo
2505 4891 2803 4947 condonavit
2831 4894 2985 4949 vobis.
3022 4895 3148 4950 Sitis
3191 4897 3345 4968 igitur
3383 4898 3633 4950 imitatores
3655 4892 3721 4944 Da'

2207 4978 2421 5051 (Ep/tes.
2454 4982 2508 5036 4.
2554 4982 2641 5037 5i.
2675 4982 2761 5038 5‘2.
2795 4995 2841 5037 et
2869 4985 2922 5039 5.
2964 4984 3042 5055 1).
3089 4986 3288 5040 Videtis
3322 4988 3488 5057 qualis
3524 4986 3584 5040 sit
3609 4998 3718 5037 man-

2204 5081 2389 5127 suetus
2420 5089 2435 5127 :
2462 5073 2614 5143 cujus
2640 5085 2857 5129 vocetur
2886 5076 3161 5131 imitator?
3188 5094 3292 5132 non
3316 5077 3626 5147 angelorum,
3645 5087 3715 5125 non

2206 5163 2666 5230 arcltangelorum,
2710 5166 2803 5221 sed
2850 5167 3063 5222 Domini
3095 5169 3460 5225 universorum
3501 5187 3514 5223 :
3556 5164 3714 5220 tametsi

2206 5255 2362 5309 etiam
2393 5256 2465 5309 illi
2494 5256 2757 5310 mitissimi
2781 5257 2907 5323 sint,
2939 5259 3236 5329 virtuteqne
3263 5261 3403 5315 omni
3434 5258 3599 5330 pleni;
3621 5256 3715 5308 Pau-

2205 5344 2290 5399 lus
2320 5354 2497 5399 tamen
2525 5346 2680 5399 mites
2722 5348 2931 5402 vocavit
2971 5348 3063 5402 Dei
3096 5351 3403 5413 imitatores,
3444 5364 3545 5419 quo
3572 5358 3716 5414 propo-

2206 5436 2304 5489 sita
2345 5436 2474 5489 tanti
2521 5436 2742 5491 honoris
2771 5439 3133 5509 magnitudine
3164 5441 3470 5508 persuadeat
3502 5434 3712 5492 audienti-

2206 5524 2325 5590 bus,
2372 5534 2429 5580 nt
2466 5527 2574 5582 sint
2616 5528 2923 5592 mitissimi,
2973 5538 3028 5583 ut
3089 5545 3274 5585 omnes
3317 5531 3402 5600 qui
3448 5522 3709 5583 rontnmelia

2206 5615 2529 5683 afﬁciuntur,
2555 5617 2637 5673 vel
2666 5617 2809 5673 aliud
2840 5620 3088 5688 quiddam
3127 5637 3289 5692 grave
3318 5621 3584 5693 patiuntur.
3616 5626 3708 5668 ενοι

2210 5711 2341 5766 vicia
2369 5720 2527 5782 atque
2558 5711 2661 5769 alia
2689 5714 2961 5772 moderate
2988 5714 3180 5777 ferant.
3210 5717 3605 5789 imperantequ
3623 5710 3704 5767 in.
