4064 6536
248 370 332 427 551
1457 372 1544 426 DE
1583 368 2123 426 MANSUETUDINE
2162 370 2411 426 SERMO.

246 487 330 541 οὐκ
360 486 648 555 ἀνάσχοιτο
689 486 954 558 περιιδεῖν
985 486 1112 549 τοὺς
1158 485 1218 539 ἐν
1244 486 1419 558 ἐνδείᾳ
1467 487 1893 557 καθεστηκότας,

245 568 422 623 ἑαυτοῦ
452 569 690 640 νομίζων
714 569 1003 640 συμφοράν
1036 569 1134 640 τὴν
1163 569 1355 624 πενίαν
1382 570 1491 622 τῶν
1517 570 1711 624 ἀλλων.
1742 571 1898 623 Ἔστι

242 658 405 711 τοίνυν
436 657 633 724 φθόνος
667 657 766 728 μὲν
791 657 1044 709 ἀπάντων
1072 656 1360 720 κάκιστος
1392 657 1532 727 ἀνὴρ
1573 658 1629 711 δὲ
1663 656 1900 729 χρηστὸς

241 741 323 793 ναὶ
361 742 538 810 πρᾶος
571 741 633 793 ού
686 739 1047 809 παραδέχεται
1085 742 1151 809 τῇ
1178 737 1324 809 ψυχῇ
1370 740 1432 793 τὸ
1464 739 1697 810 πονηρὸν
1743 739 1899 792 τοῦτο

240 826 463 891 νὸσημα,
498 821 633 874 ἀλλά
671 822 798 884 τοὺς
828 819 1250 891 εὐδοκιμοῦντας
1278 820 1538 889 ἀδελφοὺς
1568 820 1730 892 ὀρῶν,
1768 835 1899 887 συγ-

238 906 407 975 χαίρει
441 906 537 957 καὶ
567 904 873 975 συνήδεται,
904 902 1098 957 ἐαυτοῦ
1125 902 1360 974 νομίζων
1397 902 1638 969 εὐδοξίαν
1665 902 1762 975 τὴν
1792 902 1899 955 τῶν

240 994 401 1048 ἀλλων
430 992 694 1057 εὐδοξίαν,
726 992 880 1045 κοινά
905 992 976 1046 τὰ
1013 991 1121 1044 τῶν
1157 991 1326 1061 φίλων
1360 990 1680 1063 ἡγούμενος,
1715 993 1773 1046 ἐν
1801 990 1898 1061 μὲν

240 1083 337 1144 τοῖς
372 1080 605 1148 ἀγαθοῖς
636 1080 967 1150 συγχαίρων,
1002 1080 1059 1133 ἐν
1080 1080 1137 1133 δέ
1162 1083 1275 1143 τοῖς
1302 1080 1565 1151 λυπηροῖς
1596 1078 1895 1146 συναλγῶν.

242 1170 468 1222 Τοιαῦτα
491 1169 559 1221 τά
590 1169 690 1237 τῆς
717 1168 1022 1239 πραότητος
1049 1166 1218 1241 δῶρα,
1240 1167 1477 1231 τοιοῦτος
1502 1169 1530 1219 6
1563 1166 1674 1237 βίος
1707 1166 1814 1219 τῶν
1840 1167 1898 1218 ἐν

244 1258 511 1327 ἐπιεικείᾳ
545 1255 860 1319 συζώντων·
900 1256 929 1307 6
975 1257 1148 1325 πρᾶος
1193 1255 1445 1327 ὀρφανῶν
1482 1254 1684 1325 πατὴρ,
1714 1252 1897 1325 χηρῶν

242 1346 565 1418 προστάτης,
596 1343 787 1406 πενίας
821 1342 972 1415 [423]
994 1342 1263 1414 κηδεμὼν,
1291 1342 1657 1413 ἀδικουμένων
1684 1341 1896 1412 βοηθὸς,

243 1433 504 1503 πανταχοῦ
552 1432 721 1485 ποιῶν
755 1431 851 1485 τοῦ
898 1430 1106 1485 δικαίου
1139 1432 1201 1484 τὸ
1240 1431 1461 1502 κράτος.
1497 1431 1607 1484 Καὶ
1654 1430 1849 1499 παιδίῳ
1878 1438 1897 1460 ⁸

244 1524 413 1593 πατὴρ
446 1521 730 1591 αἰδέσιμος
750 1522 779 1573 ό
805 1519 1074 1591 πραότητι
1098 1517 1294 1582 συζῶν,
1326 1520 1418 1571 καὶ
1438 1520 1566 1581 παῖς
1594 1518 1779 1589 πατρὶ,
1804 1518 1898 1570 καὶ

243 1611 413 1673 δοῦλος
437 1610 694 1681 δεσπότῃ,
724 1607 818 1661 καί⁵
840 1607 929 1660 τὸν
950 1606 1215 1677 δεσπότην
1238 1605 1392 1659 ούδέν
1416 1606 1602 1676 ἓτερον
1620 1605 1717 1675 τῆς
1745 1606 1899 1677 παρά

244 1700 340 1754 τῶν
368 1697 597 1753 οἰκετῶν
625 1696 836 1759 εὐνοίας
869 1694 1162 1749 ἀπολαύειν
1191 1698 1352 1749 ποιεῖ.
1390 1697 1555 1749 Ὅταν
1579 1695 1687 1766 γὰρ
1719 1696 1898 1749 ῖδωσιν

244 1788 391 1842 αὐτὸν
426 1785 703 1857 ἐπιεικείᾳ
735 1784 1015 1856 χαίροντα,
1052 1784 1145 1837 καὶ
1173 1784 1364 1855 πράως
1393 1784 1562 1838 ἀπασι
1592 1784 1896 1855 προσφερό-

247 1892 415 1949 μενον,
449 1877 579 1946 περὶ
617 1874 812 1929 πολλοῦ
854 1872 1128 1926 ποιοῦνται
1162 1871 1255 1924 καὶ
1296 1871 1652 1942 θαυμάζουσι,
1685 1872 1899 1942 πατέρα

248 1966 434 2038 μᾶλλον
464 1965 498 2035 ἢ
526 1963 795 2031 δεσπότην
826 1961 917 2014 τὸν
950 1959 1286 2029 κεκτημένον
1314 1958 1644 2030 νομίζοντες.

306 2056 369 2107 Φέ
379 2071 437 2125 ρε
458 2053 547 2122 δὴ,
568 2051 710 2105 κατὰ
732 2049 959 2120 δύναμιν
976 2048 1253 2119 ἡμετέραν
1269 2047 1511 2118 ἀκριϐῶς
1532 2047 1896 2117 ἐξετάσωμεν,

243 2145 333 2197 ὅσα
352 2145 462 2205 τοῖς
494 2139 797 2193 ἐπιεικέσιν
830 2140 893 2191 ἐκ
919 2137 1016 2206 τῆς
1038 2136 1147 2189 τῶν
1181 2134 1329 2205 ήθῶν
1357 2134 1692 2206 ἡμερότητος
1719 2135 1901 2204 ἀγαθά

242 2231 597 2301 περιγίνεται.
623 2225 834 2281 Οὐκοῦν
855 2228 882 2279 6
904 2226 1076 2295 πρᾶος
1105 2224 1256 2292 φίλος
1282 2224 1379 2293 μέν
1398 2224 1508 2285 τοῖς
1528 2223 1714 2294 ὁρῶσι,
1749 2224 1900 2290 φίλος

240 2319 294 2371 δέ
322 2318 413 2370 καὶ
442 2318 557 2378 τοῖς
590 2315 727 2383 ἀκοῇ
758 2311 1085 2382 γνωρίμοις·
1118 2310 1213 2363 καὶ
1237 2309 1410 2372 ούδείς
1433 2311 1578 2362 ἐστιν
1612 2310 1670 2373 ὃς
1694 2311 1900 2381 ἥμερον

240 2405 519 2475 ἄνθρωπον
558 2400 946 2469 ἐπαινούμενον
993 2396 1225 2462 ἀκούων,
1271 2398 1370 2451 οὐκ
1407 2396 1474 2450 ἂν
1514 2396 1900 2468 ἐπιθυμήσειεν

243 2494 366 2546 ίδεῐν
391 2493 484 2545 καὶ
509 2488 861 2543 ἀσπάσασθαι
892 2486 986 2539 καὶ
1008 2484 1245 2555 συνεχῶς
1278 2486 1429 2559 όρᾷν,
1460 2484 1518 2537 ἐν
1547 2483 1772 2554 κέρδους
1804 2484 1901 2553 μέ-

241 2598 325 2651 ρει
350 2580 444 2650 τήν
470 2577 566 2632 τοῦ
601 2575 843 2631 τοιούτου
869 2573 1049 2644 φιλίαν
1079 2571 1421 2642 ποιούμενος.
1449 2571 1568 2625 Κᾶν
1597 2573 1736 2641 ὺπέρ
1767 2590 1902 2643 χρη-

242 2668 424 2737 μάτων
446 2667 590 2730 τινὲς
614 2665 749 2737 πρὸς
774 2662 1036 2733 ἀλλήλους
1061 2658 1421 2730 διενεχθῶσιν,
1443 2661 1535 2712 ἐπὶ
1552 2659 1641 2712 τὸν
1668 2661 1899 2731 χρηστὸν

239 2758 335 2825 κρῖ
371 2757 544 2827 πρᾶον
585 2752 915 2820 ἐπείγονται,
944 2748 1257 2819 νομίζοντες
1281 2749 1455 2801 πᾶσαν
1486 2747 1599 2818 ἔριν
1629 2751 1721 2801 καί⁸
1754 2749 1901 2816 φιλο-

240 2845 443 2899 νεικίαν
462 2840 791 2913 λυθήσεσθαι
812 2838 1020 2909 ταχέως
1048 2836 1152 2890 ὑπὸ
1171 2837 1265 2905 τῆς
1282 2836 1488 2891 ἐκείνου
1510 2837 1895 2908 χρηστότητος.

241 2933 351 2986 Καὶ
397 2930 505 3001 γάρ
545 2929 613 2983 ἂν
650 2926 829 2997 συμϐῇ
878 2925 999 2988 τοὺς
1054 2921 1372 2993 ἀνθρώπους
1415 2924 1713 2995 φιλέχθρως
1760 2925 1901 2995 ἔχειν

242 3016 377 3086 πρὸς
402 3014 684 3083 ἀλλήλους,
718 3014 751 3081 ἡ
787 3011 880 3064 τοῦ
912 3008 1225 3072 δικάζοντος
1254 3008 1524 3079 ἡμερότης
1558 3009 1792 3062 δυσωπεῖ
1812 3026 1901 3077 γε·

243 3102 425 3155 νέσθαι
455 3102 662 3171 πράους
702 3099 828 3161 τοὺς
872 3096 1069 3169 ῥᾳδίως
1102 3098 1181 3158 είς
1205 3096 1372 3167 ὀργήν
1404 3098 1497 3149 καὶ
1529 3096 1698 3167 θυμὸν
1738 3098 1900 3165 ἐκφε-

247 3190 521 3260 ρομένους.
568 3189 666 3240 “Av
712 3185 769 3238 δέ
803 3185 951 3239 ἄλλοι
991 3182 1199 3252 φανῶσί
1250 3200 1393 3245 τινες
1420 3184 1499 3245 είς
1534 3182 1715 3250 φιλίαν
1751 3183 1902 3250 άγειν

245 3277 369 3338 τοὺς
396 3273 734 3346 μαχομένους
760 3272 1055 3335 ἐθέλοντες,
1096 3271 1193 3323 οὐκ
1228 3270 1293 3323 ἂν
1330 3270 1603 3340 δυνηθεῖεν
1637 3270 1901 3339 αίδέσιμοι

248 3363 545 3432 φαίνεσθαι.
611 3362 726 3429 Ἐφ’
785 3360 1014 3413 ἑκάστου
1063 3360 1172 3429 γὰρ
1220 3354 1373 3428 οἶμαι
1407 3357 1515 3410 τῶν
1564 3358 1903 3429 πραγμάτων

250 3452 541 3522 σύμϐουλος
574 3448 797 3512 πιθανὸς
828 3450 857 3501 6
886 3446 1098 3519 πρῶτος
1128 3444 1235 3498 τῶν
1266 3443 1537 3515 πράξεων,
1579 3438 1652 3499 ὧν
1688 3446 1903 3517 ἔχεσθαι

253 3540 679 3601 συνεϐούλευσεν,
717 3537 1044 3608 ἁπτόμενος.
1096 3536 1261 3588 Ὀταν
1299 3531 1390 3587 οῦν
1420 3537 1447 3588 6
1476 3535 1574 3605 τῆς
1606 3536 1904 3598 ἐπιεικείας

250 3627 557 3691 διδάσκαλος
602 3624 818 3695 πρῶτος
874 3625 1015 3693 φανῇ
1050 3621 1120 3675 τὰ
1163 3622 1594 3691 παραγγέλματα
1649 3621 1900 3690 βεϐαιῶν,

252 3716 363 3786 ἅμα
387 3734 443 3769 τε
470 3714 629 3786 ὤφθη
672 3714 913 3776 καὶτοὺς
964 3712 1270 3783 μεμηνότας
1300 3710 1575 3782 ἡμέρωσε,
1626 3713 1717 3765 καὶ
1754 3713 1903 3766 ούόὲν

255 3804 394 3874 αύτῷ
411 3804 489 3858 δεῖ
516 3801 799 3864 νουθεσίας
820 3801 914 3855 καὶ
934 3800 1131 3869 λόγων,
1163 3798 1298 3853 ἀλλά
1325 3799 1453 3870 πρίν
1471 3816 1523 3851 τι
1546 3797 1900 3868 φθέγξασθαι,

252 3889 346 3960 τὴν
370 3892 586 3961 εἰρήνην
616 3888 929 3958 εισήγαγεν.
962 3888 1071 3940 Καὶ
1094 3886 1241 3941 ὥσπε
1251 3904 1280 3957 ρ
1300 3888 1455 3951 ἀκτὶς
1481 3886 1632 3957 ἡλίου
1651 3890 1900 3956 φανεῖσα,

253 3976 314 4028 τὸ
340 3979 518 4041 σκότος
538 3974 833 4031 ἀπελαύνει
853 3974 1063 4046 ταχέως
1084 3989 1097 4005 ⁸
1127 3974 1297 4037 οὕτως
1317 3976 1344 4027 6
1366 3976 1599 4045 χρηστὸς
1616 3977 1709 4029 καὶ
1731 3978 1904 4047 πρᾶος

254 4062 348 4129 τήν
373 4066 612 4137 ταραχήν
641 4062 737 4116 καὶ
765 4061 861 4132 τὴν
883 4063 1062 4132 μάχην
1089 4063 1167 4125 είς
1192 4062 1413 4133 είρήνην
1439 4063 1531 4115 καὶ
1548 4064 1773 4134 ἡσυχίαν
1806 4082 1901 4134 με-

254 4146 602 4225 ταρῥυθμίζει
627 4150 859 4219 ταχέως.
885 4148 1071 4213 ’Ἄξιον
1107 4148 1282 4201 τοίνυν
1311 4151 1531 4202 κάκεῖνο
1560 4152 1903 4222 ἐπισημήνα-

258 4241 399 4299 σθαι,
427 4241 505 4293 ὅτι
537 4241 731 4309 μόνους
766 4238 891 4300 τοὺς
913 4238 1227 4309 εἰρηνικοὺς
1248 4238 1340 4291 τὸν
1369 4239 1567 4309 τρόπον
1592 4240 1738 4303 υἱοὺς
1764 4237 1901 4294 εἶναι

253 4327 343 4379 τοῦ
364 4327 491 4380 Θεοῦ
512 4344 678 4398 φησιν
701 4329 729 4379 6
749 4325 1002 4396 Χριστός.
1035 4324 1191 4388 Τίνος
1212 4319 1302 4379 οῦν
1330 4324 1491 4378 ἕνεκα
1514 4326 1610 4396 τῆς
1634 4343 1903 4397 προσηγοο

258 4414 370 4485 ρίας
399 4414 490 4485 τῆς
510 4415 715 4476 οίκείας
746 4413 927 4483 μόνοις
953 4412 1250 4465 ἐπιεικέσιν
1282 4411 1613 4480 μετέδωκεν;
1646 4415 1764 4481 ’ΪΟτι
1794 4417 1905 4485 μό-

256 4518 337 4565 νος
360 4505 387 4555 ό
420 4503 596 4572 φιλίας
629 4502 723 4556 καὶ
751 4501 973 4571 είρήνης
1009 4498 1179 4563 αἴτιος
1222 4502 1334 4563 τοῖς
1364 4499 1541 4563 ἄλλοις
1576 4500 1903 4573 καθιστάμε-

253 4607 361 4655 νος,
384 4593 473 4645 τὸν
506 4590 631 4643 Υἱον
652 4589 745 4642 τοῦ
776 4587 911 4641 Θεοῦ
944 4590 1190 4657 μιμεῖται
1221 4587 1359 4640 κατά
1384 4588 1631 4655 δύναμιν.
1670 4590 1904 4657 Ἐκεῖνος

252 4681 343 4750 μὲν
371 4681 476 4751 γὰρ
497 4678 571 4742 ώς
604 4676 735 4740 Θεὸς
766 4677 860 4729 καὶ
897 4675 1005 4728 τῶν
1028 4673 1162 4727 ὅλων
1199 4674 1383 4746 κύριος
1420 4676 1543 4739 τοὺς
1570 4676 1755 4746 ἁγίους
1800 4683 1902 4748 ἀγ-

248 4768 429 4834 γέλους
480 4763 1036 4833 ἐκπεπολεμωμένους
1084 4764 1196 4825 τοῖς
1240 4762 1547 4834 ἀνθρώποις
1590 4768 1669 4829 είς
1721 4767 1901 4836 φιλίαν

248 4854 622 4925 συνεκέρασεν,
659 4851 941 4918 ἐπιφανεὶς
971 4851 1102 4919 ἡμῖν
1139 4848 1226 4902 διά
1257 4851 1355 4922 τῆς
1390 4850 1536 4915 θείας
1576 4854 1739 4908 αὑτοῦ
1772 4873 1902 4927 σαρ-

245 4942 357 5005 κόςο
390 4939 625 5012 χρηστὸς
655 4939 709 4991 δὲ
744 4938 1031 5007 ἄνθρωπος
1067 4936 1325 5005 ἀδελφοὺς
1357 4937 1446 4992 καὶ
1494 4946 1772 5009 συγγενεῖς
1810 4947 1903 4997 καὶ

242 5030 475 5092 οίκείους
523 5024 894 5096 πολεμοῦντας
937 5024 1207 5095 ἀλλήλοις,
1254 5026 1514 5080 αἰδεῖσθαι
1566 5029 1735 5082 πείθει
1778 5032 1903 5095 τοὺς

244 5116 434 5187 νόμους
463 5114 560 5167 τοῦ
594 5112 750 5175 Θεοῦ,
799 5114 892 5165 καὶ
920 5112 1016 5183 τὴν
1052 5112 1247 5183 ἔχθραν
1293 5113 1699 5188 ἀπορρίψαντας
1730 5118 1901 5186 φιλεῖν

247 5205 498 5276 ἀλλήλους
534 5202 678 5257 κατά
712 5203 769 5255 τὸ
811 5202 952 5254 θεῖον
984 5202 1281 5273 ἐπίταγμα.
1327 5204 1436 5258 Καὶ
1490 5206 1615 5278 μὴν,
1662 5207 1799 5277 ὅπερ
1841 5212 1897 5262 ἐν

248 5297 343 5357 τοῖς
382 5292 602 5361 σώμασι
642 5293 754 5351 τοῖς
804 5289 1091 5359 ἡμετέροις
1122 5290 1188 5343 τά
1230 5289 1418 5361 νεῦρα,
1476 5292 1631 5345 τοῦτο
1666 5296 1897 5365 χρηστὸς

247 5382 519 5449 ἄνθρωπος
550 5380 609 5431 ἐν
641 5378 785 5447 οίκίᾳ
814 5379 905 5429 καὶ
939 5377 1198 5448 ἐκκλησίᾳ
1247 5378 1339 5430 καὶ
1379 5377 1548 5433 πόλει.
1604 5381 1767 5451 Σῶμα
1802 5383 1899 5453 μὲν

245 5472 343 5542 γὰρ
367 5471 461 5524 καὶ
496 5469 623 5540 μέλτ
668 5467 910 5537 ἀλλήλων
956 5466 1075 5531 ἔθος
1109 5466 1390 5537 ὀνομάζειν
1433 5468 1511 5539 τῷ
1552 5469 1745 5541 Παύλῳ
1774 5474 1901 5537 τοὺς

245 5559 498 5627 ἀδελφούς
517 5576 530 5589 ·
575 5560 603 5611 6
629 5557 684 5610 δέ
718 5558 843 5618 τοὺς
873 5556 1294 5626 διεσπασμένους
1325 5558 1419 5610 καὶ
1455 5559 1791 5629 μαχομένους
1822 5564 1901 5625 είς

244 5649 416 5718 φιλίαν
452 5647 619 5713 ἀγων,
654 5643 947 5696 ἐϐεϐαίωσε
991 5642 1084 5696 τοῦ
1128 5643 1341 5696 Παύλου
1372 5644 1461 5697 τὸν
1493 5646 1667 5714 λόγον,
1700 5648 1901 5703 πείθων

244 5738 483 5798 ἅπαντας
518 5736 591 5805 μὴ
638 5735 851 5802 ἀγνοεῖν
900 5732 967 5786 τά
1023 5732 1178 5801 μέλη,
1221 5733 1351 5803 μηδέ
1393 5736 1695 5789 κατεσθίειν
1732 5737 1900 5810 ἀλλή-

299 5823 327 5856 ⁸
348 5822 432 5876 Βία
453 5834 483 5869 e
507 5821 688 5873 Savilio
706 5826 993 5870 correctum.
1022 5818 1301 5882 Legebalur
1313 5822 1526 5873 παιδίων.
1556 5823 1686 5876 Ean.

3561 368 3667 429 εὖτ

2003 484 2146 548 λους.
2177 486 2385 540 Οὐκοῦν
2417 485 2620 558 ἀληθής
2658 489 2687 541 6
2713 486 2868 557 λόγος
2900 486 3105 551 ἐκεῖνος
3134 503 3149 517 ·
3192 484 3333 540 ὥστε
3359 485 3458 557 τήν
3496 485 3666 558 αὐτὴν

2000 571 2112 642 εχει
2140 572 2369 643 δύναμιν
2396 574 2453 626 ἐν
2491 573 2757 645 ἐκκλησίᾳ
2785 573 2876 628 καὶ
2902 573 3049 644 οίκίᾳ
3089 571 3184 626 καὶ
3207 571 3360 628 πόλει
3390 574 3419 627 6
3452 573 3553 644 τῆς
3585 576 3667 628 εί·

2003 663 2170 733 ρήνης
2197 661 2367 724 αῖτιος
2390 662 2503 723 τοῖς
2527 661 2775 730 ἀδελφοῖς
2812 661 3225 732 καθιστάμενος,
3267 660 3335 731 ἡν
3366 660 3478 731 εχει
3508 661 3669 716 δύνα-

2004 765 2097 819 μιν
2135 748 2192 801 ἐν
2218 749 2331 811 τοῖς
2358 746 2569 817 σώμασι
2596 746 2665 800 τὰ
2688 746 2876 819 νεῦρα,
2916 747 3223 815 συγκολλῶν
3256 747 3350 800 καὶ
3385 748 3669 801 συνάπτων

1999 836 2125 898 τοὺς
2153 834 2579 904 διεσπασμένους
2613 834 2706 888 καὶ
2742 833 3108 905 πολεμοῦντας
3149 833 3414 904 ἀλλήλοις.
3448 835 3668 907 Ταύτην

2004 922 2184 992 μέντοι
2198 921 2462 991 λαμϐάνει
2476 921 2573 992 τήν
2589 920 2814 991 δύναμιν
2830 922 2923 975 ἐπὶ
2939 920 3047 974 τῶν
3062 920 3214 994 [424]
3230 922 3404 977 ἀλλων
3415 922 3666 988 ἕκαστος,

2000 1010 2129 1064 ὅταν
2162 1010 2325 1073 αὐτὸς
2356 1012 2496 1081 φανῇ
2527 1008 2742 1081 πρῶτος
2768 1009 3038 1080 ἐπιεικείᾳ
3065 1010 3240 1075 συζῶν
3265 1027 3280 1041 ⁸
3324 1012 3354 1065 6
3383 1010 3440 1063 δὲ
3472 1010 3669 1083 ῥᾳδίως

2000 1098 2081 1161 είς
2105 1095 2271 1168 ὀργὴν
2312 1096 2698 1167 ἐκφερόμενος,
2739 1095 3137 1163 καταγέλαστος
3185 1091 3323 1151 εἶναι
3371 1096 3569 1163 δόξειεν
3601 1097 3669 1151 ἀν

1999 1185 2114 1247 τοῖς
2144 1182 2376 1245 πολλοῖς,
2403 1183 2530 1236 ὅταν
2562 1184 2810 1252 ἐπιχειρῇ
2838 1182 2961 1244 τοὺς
2985 1181 3356 1253 θυμουμένους
3382 1183 3667 1254 πραΰνειν.

2001 1271 2067 1323 Τί
2090 1270 2197 1341 γάρ
2227 1270 2291 1324 ἂν
2315 1270 2522 1339 γένοιτο
2548 1272 2727 1340 χεῖρον
2757 1270 2893 1342 ὀργῇ
2923 1268 3279 1323 δουλευόντων
3320 1269 3621 1341 ἀνθρώπων
3648 1287 3665 1336 ;

1999 1358 2083 1421 τίς
2111 1357 2167 1411 δὲ
2197 1357 2288 1412 τὸν
2331 1357 2568 1412 τοιοῦτον
2607 1357 2767 1427 όρῶν,
2814 1356 2913 1411 οὐκ
2948 1357 3277 1426 ἀποστρέφει
3314 1358 3439 1421 τοὺς
3470 1357 3671 1425 όφθαλο

2004 1444 2177 1515 μούςς
2226 1443 2385 1516 Ἀνὴρ
2411 1444 2626 1516 ὀργίλος
2659 1444 2829 1515 ἀηδής
2863 1444 2961 1514 μὲν
2986 1446 3097 1507 τοῖς
3130 1444 3460 1508 ἀπαντῶσιν,
3498 1444 3669 1515 ἀηδής

1999 1532 2056 1587 δὲ
2086 1534 2197 1596 τοῖς
2229 1532 2454 1601 γείτοσι,
2494 1532 2597 1585 κᾶν
2628 1532 2710 1594 είς
2736 1531 2925 1602 χρείαν
2970 1535 3212 1603 καταστῇ
3258 1532 3573 1602 χρημάτων,
3604 1535 3666 1587 ού

2002 1621 2197 1692 ῥᾳδίως
2245 1621 2467 1690 εὐπορεῖ
2507 1617 2616 1671 τῶν
2667 1617 3031 1686 κουφιζόντων
3069 1618 3168 1690 τήν
3210 1620 3401 1674 πενίαν
3430 1638 3445 1654 ⁸
3491 1621 3669 1684 κοινός

2000 1710 2117 1761 ἐστι
2144 1706 2397 1778 πολέμιος
2425 1705 2516 1759 καὶ
2549 1705 2784 1759 πολιτῶν
2822 1706 2919 1759 καὶ
2962 1705 3146 1773 ξένων,
3182 1706 3319 1777 βοῶν
3345 1708 3440 1761 καὶ
3467 1725 3669 1780 κεκρα-

2001 1796 2133 1864 γὼς,
2165 1794 2377 1865 πληγὰς
2398 1798 2507 1858 τοῖς
2534 1794 2855 1849 ἀπαντῶσιν.
2874 1794 3142 1856 δντείνων,
3169 1795 3308 1867 ῥητὰ
3336 1796 3430 1849 καὶ
3456 1795 3669 1868 άρῥητα

2000 1884 2200 1951 λέγων’
2237 1882 2313 1953 τῷ
2334 1882 2561 1953 τοιούτῳ
2578 1882 2639 1935 τὸ
2671 1881 2886 1953 βλέμμα
2914 1880 3257 1952 ταράττεται,
3287 1882 3347 1935 τὸ
3380 1883 3667 1954 πρόσωπον

2000 1971 2242 2038 οίδαίνει,
2271 1972 2305 2041 ἡ
2335 1970 2554 2039 γλῶσσα
2595 1969 2788 2040 λυσσᾷ,
2828 1969 3025 2041 ῥᾳδίως
3059 1970 3114 2023 αῖ
3146 1972 3326 2043 χεῖρες
3364 1972 3455 2024 ἐπὶ
3489 1972 3667 2024 πάντα

2001 2060 2273 2130 φέρονται,
2319 2057 2386 2112 τά
2428 2057 2537 2112 τῶν
2568 2054 2943 2128 δαιμονῶντων
2981 2059 3008 2111 6
3054 2058 3293 2121 τοιοῦτος
3334 2057 3622 2129 ἐργάζεται
3649 2077 3663 2092 ο

2001 2149 2093 2201 καί
2120 2165 2202 2212 τις
2230 2146 2371 2218 όρῶν
2400 2145 2737 2216 θυμούμενον
2763 2145 3066 2215 ἄνθρωπον,
3098 2146 3423 2216 ἀπορήσειεν
3458 2147 3523 2200 ἂν
3557 2146 3668 2202 εἴτε

1998 2237 2027 2289 6
2054 2234 2259 2305 δαίμων
2307 2232 2517 2287 ἐλαύνει
2563 2233 2654 2286 τὸν
2697 2232 2912 2294 ἄθλιον,
2966 2234 3073 2285 είτε
3108 2232 3249 2286 ἐκὼν
3279 2235 3359 2297 είς
3403 2235 3669 2305 τοσαύτην

2002 2303 2260 2393 ἐξηνέχθη
2309 2323 2521 2391 μανίαν.
2580 2320 2747 2391 Ὀργὴ
2794 2319 3001 2389 δαίμων
3034 2319 3298 2385 ἐκούσιος,
3350 2303 3669 2393 αὐθαίρετος

2004 2408 2186 2479 μανία,
2211 2408 2413 2479 ἐρημία
2445 2406 2655 2477 φρενῶν
2675 2423 2688 2437 ’
2723 2408 2751 2459 6
2776 2406 3116 2477 θυμούμενος
3148 2407 3242 2461 τοῦ
3271 2407 3514 2463 διαϐόλου
3542 2410 3671 2462 παί-

1999 2513 2185 2565 γνιον,
2232 2496 2591 2567 ἐργαστήριον
2633 2494 2901 2565 δαιμόνων
2925 2534 2940 2559 ,
2990 2494 3090 2565 τῆς
3141 2495 3363 2550 ἐκείνων
3405 2497 3673 2569 πονηρίας

2001 2584 2279 2655 ὑπηρέτης
2325 2582 2493 2649 ἄξιος.
2546 2580 2679 2635 Είπέ
2712 2598 2835 2652 μοι,
2868 2581 2921 2634 τί
2956 2582 3190 2652 μάλιστα
3226 2582 3500 2652 βούλονται
3543 2586 3671 2648 τοὺς

2001 2669 2319 2743 ἀνθρώπους
2349 2670 2399 2722 οί
2434 2668 2684 2739 δαίμονες
2712 2668 3037 2739 ἐργάζεσθαι
3067 2686 3082 2729 ;
3130 2670 3250 2739 οὐχὶ
3287 2670 3478 2739 γονέας
3512 2671 3668 2742 ὑϐρί-

2002 2760 2145 2825 ζειν;
2173 2758 2292 2829 οὐχὶ
2311 2757 2409 2821 τάς
2434 2756 2635 2828 μιαράς
2662 2759 2846 2828 χεῖρας
2869 2758 2980 2821 τοῖς
3000 2759 3382 2828 γεγεννηκόσιν
3409 2759 3669 2827 ἐπάγεινς

2000 2846 2119 2917 οὐχὶ
2168 2844 2505 2916 βλασφημεῖν
2538 2844 2630 2898 τὸν
2675 2844 2839 2909 Θεόν;
2890 2845 3073 2897 Ταῦτα
3106 2846 3283 2898 τοίνυν
3310 2846 3520 2900 ἅπαντα
3560 2846 3671 2899 τῶν

2002 2933 2354 3005 θυμουμένων
2398 2932 2555 3003 ἔργα.
2608 2932 2769 2985 Ὥστε
2801 2932 2896 2985 καὶ
2926 2932 3179 2997 ἀσεϐείας
3213 2935 3241 2986 6
3271 2932 3439 3003 θυμὸς
3471 2934 3669 3005 ῥᾳδίως

2001 3021 2173 3085 αῖτιος
2200 3021 2407 3089 γίνεται
2437 3022 2547 3083 τοῖς
2576 3018 2713 3090 ὀργῇ
2743 3018 3084 3072 δουλεύουσιν
3104 3036 3117 3050 ·
3167 3020 3287 3072 ούδέ
3313 3020 3421 3090 γάρ
3449 3025 3669 3092 κρατεῖν

2001 3110 2227 3171 ἑαυτοὺς
2245 3108 2495 3161 δύνανται
2514 3108 2722 3177 ταχέως
2745 3108 2793 3160 οἱ
2820 3107 3111 3169 δεδωκότες
3135 3108 3356 3171 ἑαυτοὺς
3376 3108 3452 3179 τῷ
3474 3108 3630 3178 θυμῷ
3650 3124 3665 3139 ⁸

2002 3194 2116 3248 ἀλλ’
2144 3192 2332 3263 ὥσπερ
2361 3195 2419 3246 ἐν
2447 3193 2672 3263 χειμῶνι
2711 3192 2805 3245 καὶ
2842 3191 2976 3262 ζάλῃ
3015 3191 3301 3263 θαλάττης,
3337 3194 3666 3265 κυϐερνήτου

2006 3282 2080 3352 μὴ
2130 3280 2392 3352 παρόντος
2416 3320 2431 3346 ,
2484 3279 2972 3351 παραλαμϐάνοντα
3019 3277 3087 3332 τὰ
3134 3278 3351 3349 κύματα
3393 3279 3492 3351 τήν
3537 3281 3668 3334 ναῦν

2002 3368 2206 3440 ἔρημον
2244 3366 2571 3438 ὑποϐρύχιον
2600 3370 2744 3420 ποιεῖ
2764 3366 2973 3436 ταχέως
2994 3379 3007 3393 ⁸
3040 3366 3211 3430 οὕτως
3232 3368 3260 3420 6
3286 3366 3452 3437 θυμὸς
3480 3367 3670 3440 ῶσπερ

2000 3473 2085 3520 τις
2115 3455 2350 3525 σκηπτὸς
2380 3455 2473 3507 καὶ
2500 3452 2702 3525 χειμὼν
2728 3451 2981 3524 ἐμπεσὼν
3013 3455 3079 3523 τῇ
3109 3454 3275 3525 ψυχῇ,
3315 3453 3549 3525 ἔκφρονα
3575 3461 3671 3513 καὶ

2003 3542 2337 3614 παραπλῆγα
2362 3544 2504 3594 ποιεῖ
2533 3540 2739 3611 ταχέως
2767 3540 2857 3593 τὸν
2888 3540 3035 3611 αύτῷ
3062 3541 3395 3596 δουλεύοντα.
3445 3543 3509 3594 Τί
3533 3538 3627 3596 οῦν
3650 3583 3667 3607 ,

2003 3628 2063 3685 εὖ
2094 3630 2431 3702 φρονούντων
2472 3628 2773 3699 ἀνθρώπων
2807 3629 2921 3681 ἐστὶ
2948 3628 3394 3700 προαναστέλλειν
3416 3630 3477 3682 τὸ
3508 3630 3667 3698 νόση-

2007 3736 2102 3788 μα,
2138 3718 2233 3771 καὶ
2272 3718 2402 3789 πρὶν
2446 3719 2525 3781 είς
2557 3716 2726 3787 όργὴν
2759 3716 3124 3786 ἐξενεχθῆναι,
3164 3715 3415 3786 κατέχειν
3441 3716 3538 3787 τὴν
3564 3717 3667 3787 ψυ-

2004 3807 2125 3878 χήν,
2158 3806 2248 3859 καὶ
2278 3808 2396 3869 ταῖς
2424 3804 2531 3859 ἀπὸ
2573 3804 2673 3873 τῆς
2706 3804 2927 3875 Γραφῆς
2955 3803 3255 3867 νουθεσίαις
3286 3803 3549 3873 κοιμίζειν
3574 3804 3668 3857 τὸν

2005 3894 2192 3965 θυμόν.
2238 3894 2298 3945 El
2328 3892 2433 3963 γὰρ
2464 3892 2572 3944 τῶν
2596 3892 2806 3961 γοήτων
2840 3890 3073 3960 ἐπῳδαῖς
3104 3890 3239 3943 εῖκει
3274 3894 3343 3943 τά
3382 3891 3544 3961 θηρία
3573 3894 3669 3962 pq.-

2000 3982 2146 4045 δίως,
2163 3979 2524 4050 τίθαυμάζεις
2540 3981 2586 4032 εἰ
2612 3979 2679 4031 τὰ
2709 3977 2863 4045 λόγια
2878 3977 2971 4030 τοῦ
2991 3977 3224 4048 Χριστοῦ
3251 3977 3429 4047 ψυχὴν
3451 3978 3671 4049 ἀγριαίς

2001 4085 2197 4122 νουσαν
2229 4070 2308 4131 είς
2358 4067 2597 4138 γαλήνην
2653 4066 2744 4119 καὶ
2786 4064 3063 4135 ίσοψυχίαν
3112 4065 3541 4137 μεταρῥυθμίζει
3572 4084 3668 4119 τα-

2004 4157 2178 4227 χέως;
2225 4155 2421 4220 Πᾶσα,
2467 4156 2620 4225 φησὶ,
2659 4154 2861 4221 πικρία
2905 4154 3001 4206 καί
3045 4152 3188 4222 ὀργὴ
3219 4154 3318 4206 καί
3352 4155 3538 4224 θυμὸς
3568 4155 3667 4207 καί

2003 4238 2230 4309 κραυγὴ
2254 4239 2487 4308 ἁρθήτῳ
2508 4238 2607 4307 ἀφ’
2628 4236 2813 4306 ὑμῶν,
2843 4236 2965 4291 σὺν
2992 4236 3157 4305 πάσῃ
3182 4239 3361 4305 κακίᾳ
3379 4255 3393 4269 ·
3428 4240 3668 4308 γίνεσθε

2002 4329 2071 4382 δὲ
2089 4331 2175 4394 είς
2195 4328 2503 4394 ἀλλήλους
2536 4327 2807 4397 χρηστοί,
2839 4327 3271 4396 εὔσπλαγχνοι,
3301 4326 3667 4399 χαριζόμενοι

2003 4416 2237 4482 ἑαυτοῖς
2257 4432 2271 4445 υ
2300 4414 2410 4468 ἐάν
2431 4432 2520 4479 τις
2550 4416 2699 4482 πρός
2722 4430 2853 4467 τινα
2870 4415 2980 4483 ἔχῃ
2998 4414 3266 4483 μομφὴν,
3293 4415 3486 4482 καθὼς
3514 4416 3610 4470 καί
3634 4420 3669 4471 ό

2006 4504 2149 4569 Θεὸς
2182 4505 2251 4556 ὲν
2274 4499 2505 4570 Χριστῷ
2536 4501 2856 4569 ἐχαρίσατο
2880 4500 3036 4569 ὑμῖν.
3074 4502 3329 4556 Γίνεσθε
3359 4498 3473 4558 οὖν
3490 4522 3669 4572 μιμη-

2005 4590 2099 4645 ταί
2118 4589 2222 4644 τοῦ
2246 4588 2415 4643 Θεοῦ.
2460 4589 2652 4660 Ὀρᾶτε
2680 4581 2791 4650 οἷός
2814 4588 2960 4643 ἐστιν
2986 4590 3014 4641 6
3049 4591 3254 4660 πρᾶοςς
3303 4590 3442 4653 τίνος
3470 4590 3668 4658 ὀνομά-

2005 4678 2154 4743 ζεται
2199 4676 2475 4747 μιμητής;
2515 4677 2617 4730 οὐκ
2645 4674 2924 4743 ἀγγέλων,
2977 4675 3077 4728 ούκ
3122 4676 3496 4746 ἀρχαγγέλων,
3532 4677 3666 4730 ἀλλά

2002 4766 2096 4819 τοῦ
2125 4763 2392 4818 Δεσπότου
2426 4762 2533 4815 τῶν
2557 4762 2712 4816 ὅλων.
2748 4761 2938 4815 Καίτοι
2975 4762 3212 4815 κάκεῖνοι
3242 4762 3533 4833 πραότατοι
3573 4765 3666 4816 καὶ

2004 4855 2183 4922 πάσης
2215 4852 2415 4924 ἀρετῆς
2442 4849 2701 4921 γέμοντες
2731 4865 2745 4879 ⁸
2795 4848 2909 4902 ἀλλ’
2934 4849 3082 4919 ὅμως
3106 4852 3136 4903 6
3178 4849 3386 4914 Παῦλος
3420 4848 3667 4920 ζηλωτάς

2003 4941 2135 4994 Θεοῦ
2162 4942 2287 5003 τοὺς
2317 4937 2557 5009 ἡμέρους
2585 4935 2886 5006 ὠνόμασεν,
2916 4937 3001 4989 ἵνα
3030 4936 3119 4991 διά
3146 4937 3240 4990 τοῦ
3279 4936 3539 5007 μεγέθους
3567 4939 3667 5009 τῆς

2002 5027 2168 5096 τιμῆς
2208 5025 2546 5095 πραοτάτους
2588 5017 2726 5076 εἶναι
2770 5023 3034 5095 παιδεύσῃ
3074 5025 3197 5087 τοὺς
3226 5024 3539 5088 ἀκούοντας,
3580 5025 3667 5078 ῖνα

2004 5116 2111 5176 πᾶς
2141 5115 2168 5165 6
2217 5110 2567 5181 ὑϐριζόμενος
2614 5110 2646 5178 ἢ
2692 5109 2819 5165 ἄλλο
2873 5128 2926 5164 τι
2969 5112 3192 5181 πάσχων
3238 5112 3427 5175 δεινὸν,
3475 5114 3665 5183 πράως

2004 5202 2199 5271 ἐνέγκῃ
2228 5200 2325 5263 τὰς
2364 5198 2647 5268 λοιδορίας,
2685 5199 2777 5251 καὶ
2805 5201 3054 5271 κρατήσῃ
3099 5200 3198 5269 τῆς
3240 5200 3427 5270 ὀργῆς,
3472 5200 3547 5264 ώς
3588 5201 3668 5271 τῷ

2003 5288 2121 5359 Θεῷ
2153 5287 2357 5357 μέλλων
2387 5285 2699 5339 ἀκολουθεῖν
2728 5287 2785 5340 ἐν
2808 5286 2885 5358 τῷ
2917 5290 3138 5358 κρατεῖν
3165 5289 3262 5359 τῆς
3298 5289 3489 5360 ὀργῆς.
3534 5290 3667 5344 Τίνα

2003 5375 2111 5445 γὰρ
2154 5374 2217 5444 δή
2261 5373 2330 5425 τά
2374 5371 2545 5439 Θεοῦ;
2591 5373 2829 5426 Ἀνωθεν
2882 5375 2980 5443 μὲν
3024 5375 3241 5432 ᾶπαντα
3287 5376 3381 5430 καὶ
3427 5378 3528 5448 ὁρᾷ
3573 5381 3667 5431 καὶ

2002 5462 2208 5524 ἀκούει,
2238 5463 2294 5514 ἐν
2322 5461 2377 5514 δὲ
2403 5462 2515 5523 τοῖς
2544 5461 2634 5515 ἐπὶ
2664 5460 2769 5530 γῆς
2810 5461 2904 5515 καὶ
2951 5462 3263 5533 λεγομένοις
3306 5464 3400 5517 καὶ
3434 5480 3667 5534 πραττο-

2006 5552 2186 5622 μένοις
2232 5550 2543 5620 ἀδικήματα
2594 5549 2780 5604 πολλά.
2834 5552 2952 5605 Είσὶ
3002 5552 3058 5605 δέ
3104 5570 3247 5615 τινες
3296 5555 3375 5611 εἰς
3415 5552 3666 5606 τοσοῦτον

2003 5641 2225 5709 ἥκοντες
2258 5638 2529 5701 ἀσεϐείας,
2556 5638 2630 5702 ὼς
2656 5638 2748 5692 καὶ
2776 5638 3111 5711 βλασφημεῖν
3134 5642 3225 5695 τὸν
3258 5639 3389 5695 Θεὸν
3410 5682 3425 5706 ,
3456 5641 3583 5693 ὅταν
3614 5659 3665 5703 τι

2002 5745 2078 5781 πα
2085 5728 2153 5798 ρά
2172 5727 2278 5779 τῶν
2296 5727 2636 5799 πραγμάτων
2656 5726 2949 5793 λυπῶνται,
2973 5730 3065 5782 καὶ
3083 5728 3370 5799 βλέποντες
3388 5731 3469 5794 εἰς
3483 5730 3666 5784 τδνού-

2010 5816 2186 5888 ρανὸν,
2205 5815 2414 5881 οὐδενὸς
2430 5817 2721 5892 ἀπέχονται
2740 5819 3000 5892 ῥήματος·
3034 5814 3188 5894 [435]
3207 5821 3233 5873 6
3258 5818 3311 5875 δὲ
3329 5817 3458 5883 Θςδς
3479 5818 3663 5895 ἀνέχον
