3872 6396
184 339 269 393 5⁸ἑ3

178 548 231 603 iis
254 550 365 604 enim
388 565 489 619 qua:
512 549 561 603 in
580 549 828 618 supernis
846 559 992 615 sunt,
1014 548 1192 604 omnia
1210 549 1421 604 ctvidet
1437 557 1493 602 et
1508 548 1686 601 audit:

172 642 213 693 in
242 641 293 694 iis
318 655 419 695 vero
440 656 555 710 qua:
576 656 735 710 super
757 651 952 695 terram
976 647 1031 696 et
1060 640 1213 699 fiunt,
1238 649 1291 695 et
1310 638 1583 703 dicuntur,
1608 639 1689 691 in-

162 733 345 801 justitim
387 736 569 788 multae.
593 735 799 803 Quippe
826 742 952 788 sunt
993 733 1233 787 nonnulli
1273 732 1360 801 qui
1400 732 1451 785 in
1487 739 1684 785 tantam

166 837 467 893 pervenerunt
494 827 847 895 impietatem,
870 837 922 879 ut
951 837 1002 879 et
1032 826 1196 881 Deum
1225 824 1614 893 hlasphement,
1639 823 1683 876 si

160 920 343 987 quando
364 921 406 973 in
430 937 485 973 re
514 923 688 989 aliqua
718 921 1120 984 contristentur,
1144 926 1198 971 et
1232 919 1282 971 in
1305 918 1494 971 caelum
1514 915 1683 985 respi-

156 1010 345 1073 cientes,
370 1027 394 1064 a
422 1011 575 1064 nullis
593 1011 897 1065 abstineant
925 1010 1102 1065 verbis
1131 1027 1144 1062 :
1180 1009 1318 1063 Deus
1345 1016 1521 1061 tamen
1550 1005 1675 1070 fert,

150 1103 355 1170 quamvis
373 1112 556 1156 tantam
583 1102 770 1156 habeat
789 1110 1101 1171 potestatem
1124 1101 1379 1170 deiuique
1396 1098 1679 1167 agentibus

148 1210 328 1262 pmuam
342 1196 751 1261 sumendi.Quod
770 1196 809 1248 si
827 1209 1012 1249 omnes
1032 1203 1339 1263 peceatores
1362 1192 1549 1261 punire
1566 1191 1676 1245 vel-

146 1285 205 1339 let
235 1286 373 1348 Deus,
396 1301 637 1355 perquam
666 1286 819 1357 pauci
851 1287 1210 1347 salvarentur,
1240 1299 1339 1338 nec
1360 1282 1677 1337 sufficerent

145 1378 193 1429 ad
210 1379 478 1445 sepulturas
499 1379 742 1432 homines
763 1396 776 1431 :
795 1376 934 1431 unde
952 1385 1005 1431 et
1022 1375 1186 1430 David
1201 1376 1346 1439 dicit,
1362 1374 1422 1430 Si
1439 1376 1677 1443 iniquitaa

143 1479 199 1520 tes
225 1470 551 1532 observaveris,
588 1468 825 1530 Domine,
865 1468 1097 1531 Domine,
1118 1468 1231 1537 quis
1248 1465 1535 1520 sustinebit?
1548 1481 1673 1535 quo,

144 1562 251 1612 tium
263 1562 384 1629 apud
398 1571 439 1613 te
450 1561 736 1630 propitiatio
748 1570 819 1615 est
832 1560 851 1633 (
862 1558 1003 1614 Psaf.
1025 1559 1147 1614 129.
1159 1560 1234 1629 ὃ).
1249 1559 1310 1613 Et
1324 1558 1374 1612 in
1395 1558 1483 1612 illo
1497 1569 1677 1613 osten-

141 1653 192 1706 iit
210 1653 597 1708 misericordiam
615 1668 859 1715 suam,eo
872 1650 1013 1723 quod
1031 1667 1098 1705 ne
1109 1652 1249 1721 iuste
1263 1652 1475 1722 quidem
1497 1652 1666 1719 punit.

142 1748 269 1815 gitur
282 1746 501 1816 quisquis
522 1746 803 1800 assimiiari
825 1751 937 1800 vult
956 1744 1343 1814 Deo,provirili
1362 1752 1668 1798 mansuetus

142 1840 176 1891 it
209 1854 265 1893 ac
291 1838 421 1891 mitis
448 1836 682 1907 feratque
711 1836 919 1891 fortiter
942 1877 956 1900 ,
994 1839 1039 1889 si
1069 1835 1194 1906 quid
1222 1836 1439 1905 gravius
1456 1834 1531 1889 ab
1551 1834 1668 1887 aliis

144 1935 338 1985 aliaittr.
363 1929 583 2001 Diligitc,
612 1931 800 2000 inquit,
828 1930 1058 1982 inimicos
1081 1938 1285 1991 vestros,
1310 1926 1583 1996 benefacite
1600 1927 1667 1980 iis

140 2028 183 2078 ui
210 2044 286 2079 ros
307 2029 526 2084 oderunt,
560 2033 699 2078 orate
719 2040 807 2094 pro
830 2025 890 2077 iis
918 2024 1005 2093 qui
1022 2034 1107 2076 tros
1120 2022 1314 2076 findunt
1337 2031 1387 2074 et
1406 2022 1662 2075 insectari-

138 2137 193 2181 tr,
226 2128 273 2170 ut
287 2119 387 2171 sitis
403 2118 587 2171 similes
608 2116 751 2170 Patri
777 2124 939 2171 vestro
967 2116 1051 2184 qui
1072 2116 1212 2168 estin
1230 2114 1380 2178 ratiis,
1402 2112 1664 2183 quitatem

138 2228 238 2261 mm
268 2210 381 2263 oriri
411 2209 529 2279 facit
548 2225 697 2279 super
721 2208 882 2261 malos
911 2218 955 2262 et
978 2206 1151 2271 bonos,
1188 2216 1233 2259 et
1262 2207 1387 2275 pluit
1411 2222 1562 2275 super
1580 2206 1665 2273 jus

138 2320 189 2353 as
222 2314 264 2356 et
302 2303 511 2371 injustas
547 2299 696 2373 (Luc.
718 2300 773 2356 6.
801 2299 890 2355 27.
918 2299 1010 2354 28.
1039 2308 1085 2353 et
1112 2295 1298 2352 Matth.
1327 2298 1382 2352 5.
1419 2299 1512 2353 44.
1541 2298 1658 2365 45).

163 2392 410 2447 Μαιιεηειὶ
448 2391 545 2447 Dei
586 2391 884 2447 imitatores.
932 2390 1273 2446 Mansuetudo
1318 2388 1506 2445 Christi
1538 2390 1658 2443 imi-

136 2488 256 2539 nda.
288 2485 579 2557 Pugnorum
610 2494 798 2557 quanta
823 2485 1130 2540 miseria.—
1146 2484 1208 2539 Et
1234 2485 1412 2539 multa:
1436 2482 1654 2553 quidem

144 2590 195 2632 ut
248 2580 461 2633 virtutes
506 2594 624 2648 qua)
667 2577 1023 2631 Christianum
1061 2576 1232 2630 virum
1273 2573 1485 2640 decent,
1537 2590 1654 2627 ma-

134 2687 216 2725 ma
244 2682 414 2723 nuit-tn
447 2672 684 2723 omnium
723 2668 1076 2724 mansuetudo
1122 2683 1135 2721 :
1182 2680 1307 2721 nam
1342 2680 1437 2721 eos
1482 2667 1650 2733 solos,

134 2765 156 2813 ti
194 2763 292 2816 hac
335 2764 604 2829 conspicui
638 2771 782 2826 sunt,
825 2760 917 2815 Dei
948 2761 1241 2814 imitatores
1276 2758 1523 2814 Christus
1550 2773 1651 2811 nos

132 2868 261 2908 ,nat.
307 2853 536 2908 Proinde
571 2866 863 2924 Congruum
895 2860 996 2918 est,
1029 2860 1087 2906 ut
1129 2850 1345 2923 quando
1369 2852 1489 2921 quis
1516 2864 1650 2906 con-

132 2949 284 3001 tneiia
318 2963 413 3000 uos
438 2948 620 3011 a‘licit,
651 2948 730 3000 vel
764 2946 1009 3001 verberat
1038 2944 1119 2998 rei
1146 2945 1248 2999 alia
1278 2944 1488 2998 ratione
1508 2943 1651 2997 afﬂi-

152 3084 168 3103 ,
240 3040 597 3095 sustineamus
659 3038 837 3092 omnia
904 3046 1182 3091 mansuete
1230 3044 1286 3089 et
1340 3034 1646 3105 patienter,

129 3134 467 3188 usiderantcs
505 3131 644 3202 quod
674 3131 765 3186 Dei
796 3131 1090 3185 imitatores
1118 3129 1471 3184 mansuetudo
1500 3128 1644 3184 facit.

129 3225 274 3278 enim
309 3224 424 3293 ipse
456 3223 713 3276 Dominus
742 3229 798 3275 et
830 3220 1075 3275 Salvator
1101 3230 1283 3275 noster
1308 3220 1647 3274 contumeliis

130 3326 303 3380 cetus,
334 3316 670 3377 verberatus,
698 3315 842 3369 cruci
866 3314 1035 3367 clavis
1062 3312 1275 3377 affixus,
1310 3311 1503 3366 leniter
1526 3311 1647 3364 tulit

130 3410 366 3463 imorum
399 3408 673 3472 furorem;
721 3417 774 3461 et
822 3406 947 3461 licet
986 3414 1164 3475 posset
1206 3404 1273 3459 de
1317 3404 1493 3474 impiis
1534 3404 1647 3456 vin-

133 3513 246 3553 tuin
282 3514 521 3562 sumere,
573 3514 677 3551 non
728 3498 954 3566 sumpsit
1004 3506 1199 3560 tamen,
1249 3496 1343 3550 sed
1392 3496 1642 3549 virtutem

130 3611 198 3645 in
234 3590 476 3645 ostendit
503 3606 569 3645 eo
597 3589 737 3660 quod
770 3589 1041 3643 concussit
1071 3596 1287 3653 terram,
1319 3596 1372 3641 et
1403 3596 1642 3641 mortuos

130 3685 354 3749 citavit,
408 3695 462 3737 et
502 3683 809 3737 ohscuravit
857 3682 1050 3747 solem,
1097 3690 1151 3735 et
1190 3690 1402 3734 nectent
1445 3695 1508 3734 ex
1556 3680 1641 3732 die

142 3790 161 3833 t
199 3799 212 3832 :
245 3775 719 3832 mansuetudinem
762 3783 939 3829 autem
970 3786 1021 3828 et
1070 3773 1494 3829 misericordiam
1541 3772 1639 3827 de-

129 3873 285 3936 'avit,
320 3872 445 3940 quia
477 3868 680 3922 nullum
712 3883 777 3922 ει
818 3867 882 3921 iis
910 3866 999 3936 qui
1030 3866 1191 3934 impie
1230 3874 1449 3934 egerant
1482 3863 1637 3933 punio

129 3984 140 4017 :
179 3973 241 4017 u-t
265 3963 548 4017 discerent
572 3973 781 4021 omnes,
808 3957 897 4027 qui
924 3957 1111 4025 impias
1138 3971 1325 4011 manus
1348 3955 1639 4008 intulerant

129 4058 293 4118 uino,
342 4070 507 4123 quam
544 4066 646 4104 nou
691 4051 875 4103 fuisset
916 4049 965 4102 ei
1007 4047 1223 4102 difficile
1253 4047 1396 4115 ipsos
1425 4047 1635 4117 punire,

160 4158 280 4201 tam
315 4144 483 4199 facile
532 4152 727 4198 terram
778 4141 1069 4195 commovit
1116 4149 1170 4194 et
1206 4140 1373 4194 solem
1417 4152 1637 4209 repente

130 4238 315 4292 :urari
352 4235 630 4302 praecepit.
662 4233 728 4287 Et
758 4233 879 4302 quia
912 4241 1017 4284 tam
1042 4239 1353 4285 mansuetus
1378 4232 1474 4284 fuit
1497 4233 1632 4299 ipse,

130 4344 217 4381 ,οη
255 4328 446 4382 solum
495 4334 771 4380 mansuete
798 4322 981 4405 tulerit
1009 4336 1103 4377 eos
1128 4322 1218 4393 qui
1253 4323 1638 4393 crucifigebant

130 4417 609 4487 ilaSphemabant,
653 4415 746 4470 sed
795 4422 852 4469 et
895 4415 1107 4469 Patrem
1143 4414 1527 4476 obsecraverit.
1569 4429 1636 4469 ne

130 4511 345 4564 :stibns
402 4509 660 4562 adversus
703 4506 893 4575 impios
933 4506 1053 4561 telis
1101 4504 1626 4570 uteretur:idcirco,

163 4612 227 4656 et
260 4601 365 4655 tibi
400 4616 564 4671 grave
592 4599 804 4669 aliquod
828 4607 883 4653 et
906 4598 1099 4652 durum
1121 4597 1309 4653 ferenti
1340 4599 1637 4668 subrepunt

130 4711 159 4747 r
196 4703 260 4747 et
298 4693 411 4757 ira,
444 4692 729 4746 recordare
758 4689 1182 4745 mansuetudinis
1205 4690 1421 4756 Christi,
1451 4700 1507 4746 et
1530 4702 1635 4745 sta-

148 4796 500 4839 mansuetus
545 4785 654 4838 eris
683 4798 745 4837 ac
776 4784 1012 4838 clemens
1042 4800 1055 4837 :
1086 4791 1141 4837 et
1179 4799 1284 4836 non
1325 4783 1498 4837 solum
1541 4784 1633 4837 tibi

149 4878 519 4947 benignitate
560 4886 644 4929 tua
698 4876 981 4945 plurimum
1026 4875 1157 4929 lucri
1206 4874 1390 4939 facies,
1440 4876 1533 4929 sed
1580 4886 1633 4931 et

130 4972 257 5023 vicis
316 4968 577 5037 proderis
616 4967 926 5037 plurimum,
976 4966 1231 5021 erudiens
1272 4966 1394 5019 illos
1438 4976 1497 5019 ut
1536 4967 1632 5033 ipsi

129 5064 231 5132 gni
269 5061 437 5114 fiant.
475 5059 727 5113 Videntes
752 5059 893 5113 enim
928 5067 978 5113 te
1004 5068 1242 5113 extrema
1283 5057 1547 5111 sustinere
1580 5067 1634 5113 ct

174 5162 497 5208 mansuete
528 5152 689 5213 ferre,
727 5151 904 5204 statim
941 5152 1112 5219 posito
1150 5150 1327 5205 furore
1366 5150 1633 5205 mansueti

131 5261 249 5299 nes
290 5246 407 5313 ipsi
457 5245 608 5309 fient,
639 5242 1172 5309 rnansuetudinisque
1203 5252 1305 5295 ture
1337 5241 1634 5296 imitatores

178 5337 453 5406 cupient.
503 5332 734 5389 Proinde
785 5333 1025 5402 quisquis
1074 5332 1362 5387 iracundos
1416 5332 1633 5387 vincere

130 5428 275 5490 erit,
315 5428 539 5480 fortiter
570 5424 707 5478 ferat
749 5424 972 5493 injurias
1001 5432 1054 5478 et
1084 5424 1329 5488 verbera,
1358 5439 1635 5493 magnam-

129 5519 270 5588 ejtts
307 5518 413 5588 qui
446 5515 757 5571 verberibus
784 5515 836 5569 in
858 5530 917 5569 se
946 5514 1198 5570 smviebat
1222 5515 1631 5569 conversionem

129 5613 239 5667 bit.
284 5612 369 5666 At
399 5612 445 5667 si
473 5612 635 5666 etiam
667 5611 781 5680 ipse
810 5610 877 5664 ab
902 5608 978 5663 ira
1004 5608 1257 5675 vinceris,
1285 5609 1508 5663 studens
1536 5610 1639 5664 ini-

129 5722 210 5761 tm
245 5706 387 5775 pari
421 5705 625 5759 insania
670 5702 875 5770 ulcisci,
921 5702 1099 5757 nullus
1143 5717 1391 5773 umquam
1435 5703 1631 5759 irarum

129 5814 443 5871 ugnarum
469 5795 574 5855 erit
599 5798 758 5861 linis;
787 5795 881 5851 sed
912 5810 1124 5865 semper
1156 5795 1243 5867 qui
1284 5796 1553 5853 insaniunt
1579 5808 1631 5853 et

1285 342 1371 397 DE
1408 336 1942 397 MANSUETUDINE
1981 340 2228 405 SERMO.

184 457 319 513 Deum
343 459 605 512 imitentur.
636 458 753 513 Jam
781 471 1024 529 qurcnam
1050 465 1172 513 sunt
1202 457 1291 511 illa
1328 472 1446 526 qua:
1471 456 1609 510 Dei?
1635 455 1689 508 in

3276 367 3381 422 55$

1799 455 1968 513 rabidi
2001 471 2147 529 sunt,
2187 471 2242 520 et
2271 466 2487 525 vincere
2508 468 2647 527 alios
2679 472 2936 531 conviciis
2970 484 3028 532 et
3067 477 3380 537 verberihm

1796 549 2050 617 cogitant,
2084 554 2135 606 in
2164 554 2483 614 immensum
2515 561 2712 619 bellum
2734 574 2789 621 ut
2819 580 3046 639 pugnam
3067 584 3375 643 erumpunt,

1793 652 1980 731 mutuo
2010 644 2352 713 insidiantur,
2395 653 2695 711 calumnias
2722 665 2957 726 struunt,
3002 663 3244 731 peierare
3281 681 3371 721 au-

1791 728 1940 825 dent,
1968 743 2027 788 ct
2053 740 2423 796 accusationes
2453 744 2780 801 meditantur
2818 728 3017 806 eorum
3042 728 3164 822 quae
3190 770 3368 825 neque

1788 823 2035 880 viderunt
2060 844 2232 898 neque
2256 834 2545 891 audierunt
2570 856 2585 894 :
2616 839 2669 894 in
2690 841 2776 897 die
2798 844 3015 913 quidem
3038 847 3181 904 sicut

1788 918 1954 972 rabidi
1994 930 2048 975 et
2092 932 2395 992 quaerentes
2438 930 2734 999 inimicum,
2763 945 2976 992 noctem
3014 950 3193 996 autem
3220 945 3368 1012 coiti-

1787 1011 1947 1063 taudo
1976 1012 2324 1083 insumentes,
2366 1023 2642 1089 quomodo
2678 1025 2874 1081 malum
2915 1029 3129 1099 aliquod
3154 1034 3364 1089 machi-

1784 1113 1978 1157 nentur
2021 1115 2077 1161 et
2117 1106 2338 1165 insidias
2391 1121 2597 1180 parent.
2645 1115 2865 1171 Talibus
2915 1134 3092 1189 neque
3138 1134 3366 1181 somnus

1782 1194 1986 1251 vitiosis
2008 1199 2288 1256 affectibus
2320 1214 2493 1269 vacat,
2518 1206 2615 1262 sed
2647 1216 2833 1277 putant
2858 1211 2999 1280 quod
3028 1212 3204 1271 adhuc
3223 1214 3363 1271 adsit

1781 1285 2027 1343 inimicus
2055 1299 2110 1345 et
2135 1292 2489 1351 criminentur
2526 1305 2579 1351 et
2610 1300 2945 1366 percutiant;
2983 1312 3039 1359 et
3084 1319 3117 1358 e
3156 1307 3364 1361 aestiuis

1778 1389 1998 1447 repente
2041 1384 2377 1454 evigiiautes,
2415 1390 2585 1459 magis
2626 1391 2828 1448 eadem
2871 1400 3147 1462 mutuam,
3193 1413 3354 1467 quam

1775 1473 1959 1540 epulas
2006 1474 2251 1546 diligunt.
2297 1479 2400 1534 Alii
2447 1495 2573 1537 vero
2620 1483 2698 1540 ira
2758 1485 2890 1543 ebrii
2935 1487 3350 1547 calumniatores

1774 1563 2021 1621 mercede
2045 1568 2369 1635 conducunt,
2398 1571 2713 1644 infandaque
2731 1575 2944 1636 intutae
2965 1589 3129 1649 agunt
3147 1594 3311 1651 opere
3335 1600 3350 1638 :

1772 1663 1827 1712 et
1854 1668 2055 1727 quanto
2083 1660 2325 1729 pluribus
2365 1665 2520 1725 matis
2562 1680 2685 1725 sese
2726 1668 3025 1736 irritarunt,
3058 1681 3205 1732 tanto
3233 1692 3353 1733 ma-

1765 1745 1885 1816 jore
1914 1749 2117 1808 insania
2162 1753 2362 1813 iurent.
2407 1755 2539 1815 Nam
2581 1759 2721 1828 quod
2748 1761 2927 1819 ebrios
2953 1762 3232 1825 dicuntob
3266 1766 3352 1823 in-

1769 1840 2068 1897 satiabilem
2088 1844 2403 1905 ebrietatem
2431 1849 2708 1907 ardentius
2722 1853 2899 1919 sitire.
2928 1854 3031 1915 hoc
3056 1865 3111 1914 et
3140 1859 3354 1919 iracun-

1769 1931 1851 1991 dis
1878 1949 1980 1989 usu
2006 1941 2204 2003 evenit,
2232 1938 2327 2007 qui
2352 1939 2404 1994 in
2430 1942 2871 2009 perniciosiorem
2896 1956 3059 2005 tuum
3085 1949 3346 2009 insaniam

1770 2035 1988 2095 propter
2035 2027 2411 2098 inexplebilem
2474 2034 2839 2092 contendendi
2887 2037 3190 2097 libidinem.
3248 2042 3348 2101 llic

1767 2119 1972 2173 vocavit
1998 2133 2238 2189 servum,
2265 2123 2403 2179 alius
2430 2126 2594 2182 scorti
2621 2126 2789 2184 illium
2816 2145 2830 2193 ;
2856 2130 2948 2189 ille
2972 2131 3339 2202 insipientem.

1765 2208 1865 2266 iste
1891 2212 2135 2269 insanum
2168 2232 2182 2268 :
2212 2225 2296 2271 est
2324 2218 2414 2287 qui
2446 2217 2619 2276 furem
2649 2230 2705 2277 et
2732 2222 3014 2293 iniustum,
3052 2226 3195 2283 alius
3224 2227 3343 2298 pie-

1765 2318 1890 2359 num
1918 2306 2063 2361 omni
2106 2309 2265 2363 malo.
2310 2310 2439 2366 Dein
2478 2313 2557 2367 ira
2585 2315 2719 2371 ebrii
2752 2316 3050 2388 conﬂigunt
3089 2320 3228 2378 inter
3258 2338 3341 2388 se.

1761 2403 1814 2449 et
1840 2411 2029 2465 parum
2061 2399 2213 2455 abest
2238 2404 2365 2472 quin
2388 2403 2678 2461 bestiarum
2696 2422 2878 2464 mores
2896 2410 3191 2477 imitentur,
3216 2429 3343 2483 per-

1759 2488 1986 2553 cutiunt,
2040 2491 2340 2557 calcitrant,
2386 2496 2667 2564 mordent,
2712 2500 3067 2558 conscindunt
3112 2504 3339 2561 invicem

1758 2593 2005 2649 corpora,
2036 2582 2167 2638 nulli
2200 2585 2330 2653 parti
2354 2598 2600 2655 parcunt,
2622 2602 2732 2645 non
2752 2592 2946 2657 oculis,
2968 2606 3075 2648 non
3098 2596 3333 2660 auribus,

1759 2684 1864 2725 non
1896 2672 2136 2740 naribus,
2181 2688 2287 2729 non
2326 2676 2503 2742 faciei,
2540 2694 2647 2736 non
2684 2682 2777 2736 aiii
2805 2682 3038 2754 cuipiam
3071 2687 3335 2754 membro,

1756 2761 1849 2817 sed
1885 2764 2254 2822 conflictuum
2292 2769 2431 2825 inter
2468 2786 2533 2827 se
2560 2772 2852 2830 (succidunt
2878 2784 2938 2832 et
2984 2780 3337 2849 pessumdant

1755 2853 1981 2910 invicem
2003 2865 2086 2912 :et
2110 2859 2253 2929 quod
2283 2861 2480 2918 malum
2500 2876 2607 2918 non
2626 2864 2857 2922 faciunt?
2880 2868 3144 2924 secedunt
3172 2878 3200 2923 a‘
3230 2884 3334 2941 pa-

1750 2960 1854 3017 gos
1874 2988 1891 3014 ,
1909 2949 1999 3005 ille
2013 2951 2213 3007 amisso
2226 2954 2407 3018 oculo,
2432 2955 2521 3013 ille
2543 2958 2784 3025 auribus,
2807 2960 2902 3017 iiie
2931 2962 3106 3029 labiis,
3122 2964 3211 3019 ilic
3230 2966 3333 3020 alia

1751 3042 1995 3109 corporis
2034 3052 2202 3111 parte,
2252 3047 2424 3116 magis
2466 3056 2646 3104 tamen
2686 3049 2868 3105 anima
2903 3068 3067 3122 quam
3107 3068 3333 3125 (torpore

1751 3133 2007 3201 corrupti,
2036 3132 2325 3201 furibundi,
2362 3137 2555 3202 insani,
2581 3140 2775 3207 rabidi,
2819 3141 3124 3211 ignorantes
3158 3146 3327 3217 legem

1752 3221 1961 3277 Domini
1986 3232 2039 3278 et
2066 3224 2377 3291 Salvatoris,
2406 3229 2495 3298 qui
2524 3231 2778 3300 prmcepit
2798 3240 2856 3286 ut
2876 3233 3025 3304 alapa
3048 3249 3329 3303 percussus

1750 3324 1804 3369 et
1832 3316 2141 3371 verberatus
2168 3327 2328 3387 atque
2355 3319 2459 3374 alia
2486 3336 2693 3390 passus,
2720 3323 2926 3392 placido
2963 3328 3145 3382 animo
3179 3327 3331 3383 forti-

1750 3414 1830 3459 ter
1868 3407 2048 3461 omnia
2093 3408 2246 3469 ferat,
2296 3408 2580 3482 vincatque
2629 3416 3042 3473 mansuetudine
3090 3415 3322 3475 furorem

1748 3495 1927 3567 inique
1952 3498 2242 3567 agentium.
2273 3498 2414 3556 Sane
2442 3502 2533 3571 qui
2566 3502 2666 3558 hoc
2696 3502 2823 3559 facit
2854 3505 3100 3562 laudatur
3130 3510 3195 3564 ab
3224 3510 3329 3563 hn-

1748 3589 2000 3653 minibus,
2034 3599 2088 3645 et
2118 3600 2406 3646 coronatur
2432 3608 2461 3646 a
2491 3593 2603 3649 Deo
2651 3605 2706 3649 et
2745 3594 3051 3653 Servatore.
3096 3599 3162 3654 Et
3201 3616 3329 3671 pro-

1748 3688 1931 3751 pterea
1960 3683 2411 3751 perseverandum
2442 3693 2545 3751 est,
2576 3684 2802 3741 ferendo
2831 3686 3021 3742 leniter
3049 3690 3233 3758 iratos,
3272 3704 3328 3746 et

1747 3771 2140 3839 respiciendum
2186 3772 2251 3826 ad
2304 3788 2560 3828 coronam
2609 3792 2768 3845 quam
2819 3781 3141 3847 prwparaVit
3184 3783 3327 3837 Deus

1746 3864 2037 3917 mansuetis
2066 3872 2117 3917 et
2150 3863 2388 3918 mitibus.
2422 3867 2731 3921 Absurdum
2761 3869 2903 3923 enim
2932 3880 3034 3936 est,
3065 3881 3119 3925 ut
3145 3873 3320 3929 athle-

1746 3965 1812 4009 tae
1842 3957 1894 4010 in
1940 3956 2204 4027 gymnicis
2233 3956 2495 4026 agonibus
2537 3959 2833 4029 pulverem,
2865 3962 3085 4017 verbera
3127 3973 3183 4019 et
3211 3966 3327 4016 vui-

1744 4064 1870 4103 ncra
1902 4048 2071 4103 ferant
2103 4057 2321 4118 propter
2346 4064 2537 4104 vanam
2567 4051 2818 4121 gloriam,
2842 4067 3095 4107 coronam
3127 4057 3326 4112 nullius

1743 4140 1997 4195 momenti
2020 4148 2325 4208 spectantes
2348 4157 2361 4193 :
2396 4155 2495 4196 nos
2520 4151 2698 4197 autem
2720 4144 3014 4200 coronandi
3034 4159 3066 4202 a
3086 4146 3322 4211 Christo,

1742 4248 1845 4286 non
1889 4233 2211 4300 imperemus
2256 4232 2371 4298 iraa,
2412 4248 2518 4287 non
2550 4235 2729 4289 omnia
2764 4234 2974 4291 fortiter
3000 4236 3317 4300 toleremus.

1742 4324 1841 4389 sed,
1867 4325 2081 4379 brevem
2106 4324 2433 4393 voluptatem
2470 4336 2524 4380 et
2553 4328 2809 4397 iujustum
2842 4328 3075 4385 furorem
3119 4333 3321 4389 cmlesti

1743 4416 1932 4469 honori
1961 4424 2015 4469 et
2042 4415 2225 4484 gloriae
2244 4416 2606 4484 praeferamus.
2632 4417 2922 4476 Enimvero
2950 4422 3125 4477 ethoc
3150 4425 3325 4478 mani‘

1740 4506 1957 4572 festum,
1987 4506 2127 4577 quod
2152 4522 2275 4561 cum
2317 4508 2483 4562 multa
2510 4524 2806 4580 magnaque
2843 4512 2971 4574 sint,
3012 4528 3130 4582 qua:
3154 4514 3328 4583 justo-

1741 4614 1858 4653 rum
1887 4600 2046 4652 vitam
2078 4608 2361 4665 exornant,
2392 4598 2495 4654 hoc
2539 4610 2715 4655 tamen
2756 4614 2867 4671 prae
2904 4604 3115 4659 caeteris
3159 4604 3327 4660 efficit

1741 4702 1799 4745 ut
1827 4691 2109 4746 clarissimi
2152 4692 2398 4757 evadant,
2450 4692 2494 4746 si
2543 4694 2805 4748 mansueti
2850 4696 3049 4761 vivant,
3100 4706 3156 4752 et
3197 4713 3324 4768 erga

1742 4782 1859 4836 illos
1907 4781 2099 4851 placidi
2144 4783 2253 4836 sint
2294 4798 2322 4835 a
2365 4783 2557 4851 quibus
2604 4782 2813 4852 injuriis
2848 4786 3173 4841 afficiuntur.
3212 4788 3324 4843 llac

1739 4873 1881 4926 enim
1921 4873 2118 4927 virtute
2154 4871 2330 4927 Moses
2377 4871 2683 4928 Judaaorum
2740 4875 3002 4931 insaniam
3048 4879 3322 4936 moderate

1742 4964 1940 5028 ferens,
1986 4971 2041 5017 et
2083 4962 2331 5031 precibus
2380 4964 2594 5017 salvans
2640 4964 2904 5028 inimicos,
2959 4971 3217 5024 honorem
3269 4982 3324 5025 et

1740 5056 1961 5124 gloriam
2005 5054 2276 5109 caelestem
2316 5068 2426 5123 pra:
2450 5053 2571 5108 aliis
2609 5056 2856 5121 obtinuit,
2891 5057 3091 5129 Deique
3118 5062 3323 5116 amicus

1740 5156 1960 5201 vocatus
1990 5153 2093 5200 est.
2130 5144 2239 5199 Bac
2272 5159 2483 5214 quoque
2533 5146 2729 5201 virtute
2764 5157 2817 5201 et
2865 5148 3051 5211 David,
3096 5165 3322 5220 parcens

1742 5238 1971 5292 inimicis
2000 5246 2054 5292 et
2080 5233 2343 5301 hostibus,
2378 5236 2544 5290 Deum
2587 5237 2687 5290 sibi
2733 5239 2964 5292 amicum
3005 5251 3058 5294 et
3088 5241 3318 5296 benevo-

1740 5330 1850 5384 lum
1896 5328 2092 5384 efl‘ecit.
2126 5327 2253 5382 Haec
2287 5328 2430 5383 enim
2468 5342 2588 5381 cum
2622 5344 2809 5383 omnes
2849 5328 3096 5386 homines
3126 5348 3321 5388 ornare

1740 5424 1935 5489 valeat,
1960 5422 2011 5476 in
2040 5420 2227 5492 primis
2248 5430 2428 5475 tamen
2450 5435 2544 5475 eos
2564 5420 2655 5491 qui
2682 5421 2732 5476 in
2762 5424 3115 5492 potestatibus
3135 5435 3322 5491 agunt.

1740 5517 1871 5573 Nam
1898 5532 2020 5572 cum
2050 5516 2376 5587 principibus
2402 5517 2579 5572 omnia
2609 5519 3004 5587 permittuntur,
3042 5520 3084 5574 si
3117 5522 3322 5589 seipsos

1739 5610 2034 5673 continent,
2075 5616 2129 5661 et
2154 5620 2372 5661 suorum
2419 5622 2640 5677 operum
2685 5610 2873 5664 ducem
2923 5610 3117 5663 habent
3147 5612 3319 5682 legem

1743 5703 1859 5769 Dei,
1909 5716 2013 5756 non
2065 5714 2255 5769 parum
2301 5699 2424 5753 inde
2465 5715 2650 5753 eorum
2700 5700 3002 5754 celebritati
3045 5710 3101 5755 et
3133 5697 3322 5770 gloriae

1741 5794 2020 5853 accrescit.
2066 5790 2353 5846 Enimvero
2387 5789 2578 5843 Paulus
2603 5801 2657 5846 et
2691 5791 2895 5854 Petrus,
2934 5790 3022 5859 qui
3053 5792 3325 5849 cwlestern
