3872 6396
463 340 570 397 555

459 453 756 524 tangebam
776 450 1022 522 apsidem
1059 459 1292 521 propter
1313 450 1576 505 virtutem
1607 465 1717 520 qua
1747 447 2035 518 conspicui

452 554 634 610 erant,
671 542 1020 598 humanitate
1069 551 1252 596 tamen
1282 550 1340 595 et
1371 540 1800 595 mansuetudine
1832 540 2033 610 magis,

447 653 614 708 quam
650 637 778 692 aliis
803 637 984 701 bonis,
1011 636 1370 691 claruerunt:
1399 635 1530 705 quia
1579 635 1848 689 honorem
1880 634 2036 688 exhi-

450 731 692 784 buerunt
729 729 798 783 iis
840 729 937 799 qui
985 745 1045 784 se
1090 729 1360 784 conviciis
1390 728 1762 792 incessebant,
1794 726 2037 781 inimicis

442 823 865 888 bettel‘ecerunt,
886 833 942 885 et
957 839 1101 894 saepe
1118 823 1428 894 lapidantes
1452 822 1712 894 precibus
1728 821 2032 876 salvarunt:

445 917 697 974 sciebant
724 919 871 972 enim
899 917 1016 973 haec
1045 919 1280 972 maxime
1308 928 1462 989 grata
1495 918 1628 982 Deo,
1670 926 1726 971 et
1757 933 1869 987 prae
1912 916 2037 970 aliis

443 1009 607 1064 bonis
629 1008 686 1063 in
709 1009 841 1064 caelo
861 1009 1212 1064 admirabilia
1229 1026 1350 1065 esse
1378 1028 1391 1064 :
1417 1018 1473 1064 et
1498 1010 1705 1066 idcirco
1731 1011 1832 1080 ipsi
1867 1010 2034 1063 vitam

356 1094 362 1099 ’
442 1117 598 1158 suam
641 1103 698 1157 in
735 1103 1164 1158 mansuetudine
1206 1105 1652 1168 transmiserunt,
1682 1104 1930 1172 aliosque
1966 1103 2033 1157 ad

440 1196 588 1250 illam
611 1195 872 1252 allexere.
900 1195 1046 1262 Quin
1065 1204 1122 1251 et
1143 1196 1482 1267 Stephanum
1509 1198 1914 1268 periclitantem
1934 1213 2035 1267 pro

441 1283 648 1356 pietate
671 1286 802 1341 dum
826 1287 1080 1342 videmus
1099 1304 1201 1358 pro
1222 1287 1465 1343 inimicis
1485 1304 1645 1345 orare
1675 1290 1810 1358 (Act.
1839 1292 1890 1344 7.
1920 1290 2032 1358 59),

443 1387 500 1433 et
523 1379 1004 1435 mansuetudinem
1029 1382 1150 1451 ejus
1169 1389 1225 1435 et
1247 1382 1552 1436 certamina
1573 1383 1780 1453 pariter
1800 1383 2038 1439 admira-

442 1487 584 1526 mur.
611 1472 906 1544 Reliquum
935 1483 1040 1540 est,
1068 1473 1198 1544 quia
1227 1482 1410 1529 tantos
1440 1491 1503 1530 ac
1533 1476 1670 1531 tales
1689 1477 1862 1532 duces
1883 1494 2037 1532 man-

440 1565 755 1621 suetudinis
774 1567 956 1621 sortiti
985 1583 1198 1632 sumus,
1223 1569 1586 1624 adhortemur
1608 1586 1710 1624 nos
1732 1581 1947 1636 mutuo,
1975 1579 2036 1626 ut

441 1657 665 1712 illorum
696 1659 928 1730 vestigia
959 1675 1276 1730 sequamur,
1303 1671 1361 1717 et
1389 1663 1444 1716 in
1467 1664 1892 1718 mansuetudine
1921 1665 2033 1720 Deo

441 1750 854 1806 tninistremus:
877 1753 1329 1824 quandoquidem
1354 1755 1724 1810 ministerium
1745 1757 1887 1811 istud
1912 1759 2035 1813 aliis

439 1841 743 1898 virtutibus
797 1851 882 1898 est
943 1845 996 1899 ei
1040 1845 1202 1915 longe
1259 1847 1490 1918 gratius.
1537 1849 1606 1902 Et
1654 1849 2032 1906 divinissimus

438 1931 645 1988 Paulus
675 1934 941 1990 virtutem
967 1939 1204 2007 apostoli
1239 1950 1797 2009 commonstraturus,
1825 1942 2030 2000 Christi

439 2026 759 2082 ministrum
829 2033 1260 2089 mansuetudine
1316 2036 1670 2105 potissimum
1726 2039 2032 2094 clarescere

437 2115 618 2170 voluit
646 2117 722 2187 (l.
764 2117 896 2172 Tim.
929 2119 982 2173 5.
1014 2120 1068 2175 5.
1104 2121 1204 2177 Tit.
1238 2125 1292 2178 '5.
1336 2124 1391 2193 2)
1431 2143 1443 2179 :
1476 2135 1532 2180 et
1577 2128 1831 2196 quamvis
1863 2131 2032 2185 multa

437 2203 715 2272 potuisset
745 2205 952 2273 dicere,
986 2209 1034 2264 si
1066 2211 1291 2279 quidem
1331 2213 1621 2279 voluisset,
1656 2231 1778 2285 qum
1810 2228 2034 2287 aposto-

439 2294 552 2347 lum
577 2306 863 2361 ornarent,
894 2314 1092 2369 nempe
1118 2301 1430 2358 dzemonum
1454 2304 1660 2374 fugam,
1686 2316 2032 2363 mortuorum

440 2385 942 2452 resurrectionem,
981 2398 1149 2458 atque
1195 2393 1338 2458 alia;
1391 2394 1652 2449 omnibus
1694 2404 1877 2451 tamen
1920 2398 2030 2454 illis

442 2471 760 2538 praeteritis,
785 2476 1214 2544 aequabilitatem
1249 2496 1466 2535 morum
1495 2483 1580 2536 vel
1609 2499 1739 2554 erga
1774 2485 2032 2542 inimicos

439 2573 663 2612 sursum
691 2575 756 2614 ac
782 2560 1042 2619 deorsum
1071 2576 1254 2622 versat
1283 2584 1349 2623 ac
1381 2577 1580 2625 tractat
1610 2591 1622 2626 :
1657 2588 1769 2642 quo
1799 2589 2031 2643 persua-

438 2643 595 2734 deret
618 2649 803 2715 nobis,
835 2662 897 2706 ut
927 2668 1025 2708 sua
1069 2655 1298 2726 vestigia
1343 2672 1662 2728 sequamur,
1697 2661 2032 2734 benignique

437 2733 614 2792 simus
646 2753 711 2794 ac
740 2740 923 2798 mites.
949 2741 1170 2799 Iustum
1204 2757 1289 2802 est
1320 2747 1490 2818 igitur
1510 2759 1730 2806 sanctos
1756 2733 1881 2807 illos
1910 2733 2034 2809 imi-

1161 338 1218 396 s.
1259 337 1545 395 JOANNlS
1582 336 2071 394 CHRYSOSTOMI
2111 335 2430 394 ARCHIEP.
2471 335 3023 394 CONSTANTINOP.
3591 347 3671 401 πε

2140 465 2262 518 τητι
2293 448 2627 519 κοσμοῦντες
2657 449 2935 521 ἐφάνησαν
2957 491 2973 515 ,
3009 451 3104 504 καὶ
3131 453 3254 514 τοὺς
3287 453 3468 517 ἀλλους
3505 456 3673 527 ἀνθρὼ-

2143 557 2277 603 πους
2309 541 2402 593 ἐπὶ
2437 541 2642 612 ταύτην
2673 542 3144 613 παρακαλοῦντες.
3178 545 3335 598 Ἐπεὶ
3370 547 3459 598 καὶ
3482 548 3560 601 τὸν
3582 551 3675 604 Στέ-

2083 682 2096 692 ,
2140 653 2308 704 φανον
2357 635 2415 689 ὲν
2452 639 2563 699 τοῖς
2615 637 2756 709 ὑπὲρ
2804 638 2904 708 τῆς
2952 639 3232 704 εύσεΰείας
3281 641 3532 705 κινδύνοις
3567 645 3676 717 ὑπὲρ

2138 727 2248 779 τῶν
2285 726 2500 797 ἐχθρῶν
2545 728 2780 798 ὁρῶντες
2828 731 3156 802 εὐχόμενον,
3197 733 3399 802 ὁμοίως
3432 735 3513 786 ἐπί
3543 754 3591 788 τε
3628 743 3677 808 τῇ

2139 819 2408 890 πραότητι
2435 820 2530 873 καὶ
2559 823 2672 884 τοῖς
2695 821 2874 889 ἀγῶσι
2897 823 2998 875 θαυ
3011 824 3276 895 μάζομεν.
3311 825 3517 895 Ἐπειδὴ
3537 829 3678 880 τοίνυν

2139 912 2426 976 τοσούτους
2452 914 2546 966 καὶ
2578 915 2852 979 τοιούτους
2881 917 3156 986 ἡγεμόνας
3180 919 3480 981 ἐπιεικείας
3505 921 3678 990 ἔχομεν,

2143 1007 2616 1078 παρακαλέσωμεν
2645 1009 2872 1072 ἑαυτοὺς
2912 1010 3008 1062 καὶ
3051 1009 3317 1079 ἀλλήλους
3364 1014 3471 1074 τοῖς
3501 1014 3681 1066 ἐκείνων

2144 1101 2348 1169 ἴχνεσιν
2377 1099 2625 1164 ἕπεσθαι,
2663 1102 2757 1154 καὶ
2785 1101 2872 1154 διὰ
2902 1103 3206 1172 πραότητος
3241 1103 3320 1172 τῷ
3341 1102 3456 1172 Θεῴ
3485 1105 3682 1177 λειτουρο

2141 1193 2298 1258 γεῖν,
2339 1192 2414 1254 ὼς
2467 1191 2674 1262 ταύτην
2726 1193 2927 1262 μᾶλλον
2980 1194 3238 1262 ἀσμένως
3300 1195 3564 1266 δεχομένῳ
3609 1201 3683 1268 τὴν

2138 1280 2505 1354 λειτουργίαν,
2554 1283 2587 1354 ἢ
2627 1284 2726 1347 τὰς
2762 1285 2928 1348 ἄλλας
2960 1285 3179 1348 ἁπάσας
3215 1287 3440 1356 ἀρετάς.
3485 1289 3682 1361 Κεὶγᾶρ

2140 1375 2167 1427 ὁ
2199 1374 2473 1438 θειότατος
2505 1375 2717 1438 Παῦλος
2752 1377 2956 1448 ἀρετὴν
2994 1378 3300 1431 ἀποστόλου
3333 1379 3496 1444 δεῖξαι
3536 1380 3681 1448 βουλό-

2141 1487 2322 1540 μενος,
2363 1472 2426 1523 ἐκ
2457 1471 2555 1540 τῆς
2589 1471 2930 1543 ἡμερότητος
2965 1471 3200 1542 μάλιστα
3235 1472 3480 1541 βούλεται
3515 1474 3591 1525 τὸν
3613 1475 3680 1526 τοῦ

2138 1560 2376 1629 Χριστοῦ
2437 1560 2680 1614 διάκονον
2730 1562 3018 1629 φαίνεσθαι
3054 1578 3067 1591 ·
3123 1563 3306 1616 καίτοι
3359 1563 3522 1614 πολλὰ
3573 1559 3683 1632 εἶχεν

2139 1654 2333 1718 εἰπεῖν,
2371 1653 2506 1721 εἴγε
2539 1654 2721 1722 λέγειν
2753 1655 3005 1712 ἐϐούλετο
3026 1657 3095 1710 τὰ
3124 1657 3438 1728 κοσμοῦντα
3467 1656 3549 1710 τὸν
3580 1658 3684 1711 ἀπό-

2145 1745 2351 1811 στολον,
2389 1745 2659 1816 δαιμόνων
2713 1747 2917 1813 ἔλασιν,
2971 1749 3185 1821 νεκρῶν
3242 1749 3685 1803 ἁνάστατιν·ἀλλ’

2142 1838 2292 1908 ὅμως
2341 1839 2519 1894 πάντα
2564 1841 2810 1912 ὑπερϐὰς
2859 1844 3084 1908 ἐκεῖνα,
3135 1843 3237 1912 τὴν
3288 1843 3347 1894 ἐν
3393 1843 3500 1904 τοῖς
3537 1842 3685 1912 ﬁliuni

2143 1930 2443 1984 ἐπιείκειαν
2474 1932 2586 1986 ἄνω
2615 1934 2710 1987 καὶ
2733 1936 2882 1990 κάτω
2926 1934 3291 2005 διεξέρχεται,
3335 1935 3478 1996 ὅπως
3507 1934 3686 2003 ἡμέρως

2138 2025 2568 2093 προσενήνεκται
2612 2028 2725 2089 τοῖς
2766 2026 2980 2098 ἐχθροῖς
3026 2026 3241 2090 διεξιὼν
3291 2043 3355 2078 τε
3394 2027 3486 2077 καὶ
3528 2025 3683 2092 λέγων,

2140 2115 2227 2168 ἵνα
2259 2117 2423 2188 πείσῃ
2471 2119 2567 2172 καὶ
2606 2120 2752 2190 ἡμᾶς
2798 2124 2912 2185 τοῖς
2958 2121 3180 2184 οἰκείοις
3220 2121 3430 2190 ἴχνεσιν
3479 2120 3683 2181 ἕπεσθαι,

2139 2210 2234 2262 καὶ
2273 2213 2543 2280 χρηστοὺς
2593 2207 2733 2265 εἶναι
2783 2215 2877 2266 καὶ
2924 2214 3155 2284 πράους.
3207 2215 3433 2266 Δίκαιον
3478 2209 3560 2265 οῦν
3600 2215 3685 2275 τοῖς

2139 2301 2318 2368 ἁγίοις
2363 2302 2590 2366 ἐκείνοις
2625 2304 2960 2369 ἀκολουθεῖν,
3001 2305 3299 2368 κάκείνους
3331 2304 3584 2357 ποιεῖσθαι
3615 2304 3685 2355 τοῦ

2143 2394 2260 2464 βίου
2295 2396 2670 2467 παράδειγμα,
2690 2397 2776 2450 ἵνα
2808 2399 2943 2450 πᾶσι
2973 2400 3088 2461 τοῖς
3118 2397 3311 2460 καλοῖς
3338 2397 3682 2465 ἐκλάμποεας.

2138 2486 2248 2538 τῶν
2278 2487 2704 2558 ἐπηγγελμένων
2726 2490 2980 2560 τύχωμεν
3002 2489 3228 2558 ἀγαθῶν
3259 2490 3412 2560 παρά
3442 2489 3526 2541 τοῦ
3554 2489 3682 2558 μεγὰ-

2137 2576 2232 2630 λου
2262 2577 2397 2632 Θεοῦ
2425 2581 2517 2633 καὶ
2548 2581 2804 2652 Σωτῆρος
2843 2585 2876 2653 ή
2887 2582 3024 2652 μῶν,
3051 2583 3119 2636 δι’
3161 2577 3225 2637 οὗ
3278 2584 3377 2636 καὶ⁵
3416 2581 3526 2651 μεθ’
3551 2577 3600 2634 οῦ
3627 2579 3683 2647 τῷ

2140 2668 2318 2740 Πατρὶ
2363 2670 2460 2724 σὺν
2490 2669 2569 2741 τῷ
2599 2671 2876 2742 Πνεύματι
2909 2673 3050 2744 ἁγίῳ
3083 2675 3237 2726 πᾶσα
3267 2672 3420 2739 δόξα,
3452 2674 3589 2742 τιμὴ,
3614 2672 3684 2722 ni

2141 2758 2344 2830 κράτος
2377 2762 2458 2823 είς
2483 2763 2611 2826 τοὺς
2643 2763 2845 2828 αἰῶνας
2873 2765 2982 2818 τῶν
3014 2764 3253 2820 αἰώνων.
3287 2765 3482 2835 Ἀμήν.

442 2827 568 2894 tari,
591 2838 648 2885 et
670 2831 728 2889 in
761 2836 1046 2906 exemplar
1078 2837 1204 2894 vitae
1243 2856 1554 2911 proponere
1590 2861 1603 2898 :
1632 2855 1694 2899 ut
1715 2845 1878 2902 bonis
1910 2849 2170 2906 omnibus
2198 2852 2558 2924 refulgentes,
2608 2858 2878 2926 promissa
2904 2859 3050 2915 bona
3082 2875 3454 2932 assequamur
3477 2876 3504 2913 a
3528 2871 3684 2926 magno

441 2923 558 2981 Deo
607 2935 680 2984 et'
704 2927 986 2988 Salvatore
1026 2941 1238 3001 nostro,
1269 2950 1370 3005 per
1409 2953 1572 3008 quem
1619 2948 1677 2996 et
1715 2957 1841 2997 cum
1868 2958 1980 3013 quo
2019 2943 2171 3001 Patri
2201 2960 2327 3003 cum
2354 2923 2567 3007 sancto
2603 2923 2812 3019 Spiritu
2846 2955 2918 3010 sit
2955 2956 3138 3012 omnis
3182 2923 3389 3027 gloria,
3430 2923 3682 3014 honor.‘et

445 3020 740 3092 imperium
770 3026 826 3083 in
866 3029 1066 3085 saecula
1096 3031 1447 3088 saeculorum.
1481 3033 1676 3090 Amen.
