3872 6396
1205 795 2170 931 PIUEFATIO

555 1183 661 1262 IN
745 1185 1196 1267 ECLOGAS
1279 1189 1408 1268 ΕΤ
1487 1194 2111 1278 FLOBILEGIA
2188 1194 2802 1291 SEQUENTIA.

131 1905 273 1980 [428]
301 1910 442 1980 Szpe
480 1909 721 1965 vidimus
765 1922 1016 1966 orantem
1059 1913 1538 1986 Chrysostomum,
1577 1925 1728 1988 grata
1757 1916 2041 1973 concionis
2074 1916 2580 1976 admurmuratione
2615 1933 2902 1994 exceptum
2939 1935 2993 1981 et
3025 1927 3299 1997 frequenti

114 2023 264 2069 ausu,
294 2021 408 2060 cum
440 2007 674 2062 maxime
701 2008 909 2078 aliquid
946 2011 1306 2080 improvisum
1336 2023 1393 2067 et
1426 2013 1770 2082 inopinatum
1801 2013 1866 2068 ad
1897 2029 2075 2068 mores
2106 2014 2478 2070 instituendos
2509 2016 2808 2086 proferret.
2843 2019 2952 2075 Nec
2987 2021 3168 2076 minus
3189 2023 3305 2092 pla-

112 2102 163 2152 ιὶι
198 2109 312 2168 post
341 2101 511 2154 sancti
565 2101 669 2155 viri
717 2101 929 2156 obitum
981 2103 1255 2172 ejusmodi
1302 2103 1594 2174 disciplina
1644 2104 1976 2175 legentibus,
2018 2107 2368 2176 maximeque
2424 2107 2492 2161 iis
2534 2108 2628 2177 qui
2663 2109 3028 2165 conc-iuuandi
3070 2128 3301 2168 munero

113 2195 423 2264 ngebantur.
467 2196 710 2266 Indeque
746 2197 976 2262 factum,
1011 2209 1071 2254 ut
1109 2200 1332 2270 quidam
1365 2217 1550 2271 sparsa
1581 2202 1635 2256 in
1665 2202 1901 2258 diversis
1923 2202 2168 2258 homiliis
2195 2203 2336 2269 loca,
2376 2204 2518 2259 idem
2560 2215 2944 2276 argumentum
2974 2209 3298 2278 spectantia,

136 2307 300 2345 unum
334 2292 675 2362 colligerent,
712 2305 767 2349 et
802 2311 900 2364 pro
933 2296 1146 2351 ratione
1183 2298 1428 2353 materiae
1469 2299 1725 2354 homilias
1771 2299 1991 2364 multas,
2027 2314 2166 2369 quas
2201 2299 2430 2361 ἐκλογὰς
2469 2301 2762 2366 vocabant,
2807 2303 3205 2357 concinnarent
3236 2319 3300 2358 ac

110 2384 430 2439 scriberent.
455 2386 510 2440 id
539 2395 691 2441 certe
720 2386 890 2456 probe
910 2389 1136 2451 scimus,
1168 2405 1280 2443 rem
1306 2405 1504 2458 nempe
1528 2390 1600 2444 ita
1622 2388 1826 2446 Graecis
1849 2389 2136 2460 probatam
2157 2389 2349 2454 fuisse,
2375 2400 2434 2444 ut
2455 2391 2744 2445 innumera
2770 2393 3084 2463 eclogarum
3109 2409 3297 2448 exem-

104 2478 205 2531 iria
237 2477 659 2545 adornarentur,
693 2490 750 2536 et
779 2481 834 2536 in
867 2483 991 2537 aula
1024 2499 1245 2553 quoque
1280 2484 1678 2553 imperatorum
1715 2485 1768 2539 in
1802 2485 1983 2555 pretio
2018 2485 2381 2541 haberentur.
2424 2485 2634 2540 Visitur
2662 2488 2810 2540 enim
2861 2487 2917 2542 in
2963 2487 3296 2544 bibliotheca

110 2576 361 2630 isliniana
406 2578 579 2632 codex
620 2578 1087 2649 elegantissimus,
1134 2597 1290 2635 num.
1325 2580 1562 2644 LXXIX,
1599 2583 1758 2652 cujus
1787 2590 1842 2636 et
1880 2581 2273 2652 inscriptiones
2316 2590 2372 2638 et
2411 2582 2652 2637 initiales
2677 2582 2875 2638 littera:
2911 2599 3092 2639 aurea:
3123 2595 3292 2639 sunt:

100 2685 284 2728 autem
323 2675 617 2731 undecimo
647 2676 848 2732 saeculo
891 2686 1167 2742 exaratus,
1200 2678 1253 2732 in
1283 2693 1385 2733 usu
1415 2678 1522 2733 fuit
1546 2677 1862 2748 Nicephoro
1884 2677 2186 2733 Botaniata:
2206 2677 2550 2749 imperatori,
2589 2679 2682 2749 qui
2713 2678 2767 2732 in
2798 2687 3036 2749 quatuor
3065 2680 3297 2749 depictis

98 2769 226 2825 lUllS
264 2781 688 2842 repraesentatur
731 2775 910 2829 initio.

96 2892 144 2943 [η
182 2892 356 2961 prima
393 2894 577 2948 tabula
619 2894 922 2963 imperator
950 2904 1251 2951 coronatus
1277 2904 1333 2950 et
1363 2895 1418 2950 in
1459 2896 1598 2951 solio
1645 2895 1866 2960 sedens,
1897 2894 2100 2951 Sabam
2135 2896 2467 2950 monachum
2510 2895 2778 2950 lectorem
2806 2895 2983 2959 audit,
3020 2897 3114 2965 qui
3146 2896 3289 2949 haud

94 2990 182 3044 bie
219 2991 320 3045 has
353 3005 422 3044 ex
453 2989 850 3062 Chrysostomo
875 3002 1166 3062 excerptas
1200 2993 1418 3062 eclogas
1441 2991 1594 3062 legit.
1638 2991 1698 3046 ln
1735 2992 1978 3048 secunda
2005 2991 2190 3047 tabula
2216 2991 2518 3061 imperator
2547 3000 2846 3046 coronatus
2877 2999 2985 3045 stat
3009 2999 3289 3059 sceptrum

92 3098 230 3147 iens,
269 3093 326 3139 et
363 3101 394 3139 a
443 3083 687 3140 sinistris
719 3086 837 3156 ejus
871 3085 1036 3140 Maria
1064 3085 1387 3155 imperatrix
1405 3093 1532 3150 stat,
1571 3093 1628 3140 et
1655 3085 1770 3155 ipsa
1801 3095 2080 3148 coronata,
2119 3093 2510 3154 sceptrumque
2547 3093 2721 3151 tenet;
2747 3082 3005 3139 Christus
3041 3098 3169 3136 vero
3199 3097 3293 3135 su-

90 3191 178 3230 'ne
225 3176 512 3232 dexteram
546 3179 780 3249 imponit
824 3180 990 3250 capiti
1037 3180 1411 3251 imperatoris,
1455 3190 1512 3236 et
1546 3181 1830 3235 sinistram
1873 3181 2039 3250 capiti
2080 3180 2476 3250 imperatricis,
2526 3178 2720 3234 ambos
2749 3193 2807 3233 se
2845 3177 3154 3250 patrocinio
3189 3191 3289 3229 suo

90 3287 188 3326 ere
221 3273 567 3343 significans.
617 3275 677 3330 In
723 3276 885 3332 tertia
931 3277 1236 3347 imperator
1265 3279 1320 3333 in
1363 3278 1502 3333 solio
1545 3278 1764 3343 sedens,
1795 3277 2092 3332 Veritatem
2128 3291 2158 3330 a
2187 3276 2417 3341 dextris,
2448 3273 2726 3329 Justitiam
2758 3287 2787 3326 a
2818 3271 3081 3334 sinistris,
3123 3283 3287 3337 supra

90 3368 200 3420 Tum
245 3381 633 3440 exsurgentes,
672 3370 838 3426 habet
865 3391 878 3425 :
907 3372 1141 3427 inferius
1177 3389 1310 3429 vero
1339 3375 1550 3444 positos
1585 3385 1822 3444 quatuor
1845 3390 1912 3428 ex
1947 3373 2242 3444 praecipuis
2266 3372 2405 3427 aulae
2437 3368 2807 3440 imperatoriae
2835 3367 3136 3432 ministris;
3166 3380 3287 3436 qua:

90 3467 180 3518 nia
211 3466 474 3536 pluribus
499 3467 849 3536 explicantur
875 3470 930 3524 in
967 3468 1287 3523 Bibliotheca
1315 3469 1643 3524 Coisliniana
1673 3472 1812 3542 typis
1839 3469 1986 3524 data.
2013 3469 2072 3523 In
2099 3479 2296 3538 quarta
2324 3467 2509 3522 tabula
2526 3468 2828 3535 imperator
2853 3470 3286 3534 reprwsentatur

90 3573 139 3611 rc
171 3557 391 3613 librum
436 3568 651 3627 tenens,
681 3560 1136 3633 Chrysostomum
1165 3561 1374 3617 habens
1397 3577 1426 3617 a
1453 3562 1682 3628 dextris,
1707 3561 1962 3618 eumdem
1989 3561 2190 3616 librum
2227 3568 2559 3630 tangentem,
2587 3568 2642 3614 et
2665 3565 2918 3613 sanctum
2960 3557 3282 3613 Michaelem

90 3654 331 3707 )niatem
372 3669 404 3707 a
449 3653 715 3709 sinistris.

98 3773 250 3828 odex
300 3781 391 3828 est
424 3773 703 3828 undecimi
736 3774 942 3838 saeculi,
981 3784 1040 3829 ut
1068 3790 1136 3828 ex
1183 3774 1507 3830 charactere
1541 3775 1814 3843 arguitur.
1859 3773 2051 3843 Neque
2087 3782 2272 3828 tamen
2313 3772 2628 3842 Nicephoro
2673 3771 2976 3828 Botaniataa
3021 3780 3280 3827 exaratus

90 3911 102 3931 ,
151 3868 254 3922 sed
291 3868 481 3932 alteri,
504 3867 613 3937 'qui
651 3867 830 3937 ipsum
859 3876 1237 3938 praecesserat,
1273 3869 1609 3939 imperatori.
1647 3869 1780 3922 Nam
1815 3867 2045 3937 picturae
2076 3867 2310 3938 priores,
2343 3882 2465 3937 quae
2495 3867 2548 3920 in
2575 3865 2794 3922 duobus
2833 3867 2984 3922 foliis
3021 3882 3087 3922 ex
3122 3876 3274 3921 utra-

123 3961 276 4016 facie
309 3964 553 4031 depictis
593 3971 770 4027 erant,
799 3963 997 4018 excisae
1027 3962 1183 4018 fuere
1223 3981 1236 4017 :
1275 3963 1348 4017 ita
1383 3972 1442 4017 ut
1484 3963 1689 4017 limbus
1727 3970 1878 4017 totus
1904 3961 2106 4032 prioris
2141 3961 2371 4030 picturae
2404 3961 2752 4025 remanserit,
2790 3969 2846 4016 et
2875 3961 2996 4015 loco
3023 3962 3272 4031 priorum

90 4055 351 4120 illarum,
393 4071 517 4126 quae
555 4057 726 4111 alium
769 4056 1158 4126 imperatorem
1207 4057 1564 4121 exhibebant,
1619 4056 1703 4110 ha:
1746 4071 1902 4112 novae
1940 4055 2236 4125 Nicephori
2272 4054 2570 4109 Botaniatze
2620 4055 3122 4126 agglutinarentur.
3166 4053 3270 4122 Qui

90 4148 344 4216 ~phorus
380 4165 493 4204 non
533 4151 626 4203 diu
671 4149 964 4219 imperium
1003 4151 1216 4217 tenuit;
1268 4167 1394 4205 nam
1433 4166 1580 4206 anno
1608 4151 1746 4206 1078
1773 4159 2093 4214 coronatus,
2136 4164 2281 4203 anno
2330 4148 2457 4202 lO8l
2498 4147 2782 4218 depositus
2809 4159 2863 4204 et
2895 4149 2950 4202 in
2977 4149 3273 4204 monacho.

127 4245 410 4300 ordinem
448 4246 706 4300 redactus
751 4257 856 4301 est.

90 4368 183 4422 inc
234 4365 442 4422 videas
491 4377 701 4437 quanto
741 4368 798 4422 in
848 4366 1027 4437 pretio
1056 4367 1258 4438 eclogae
1302 4367 1419 4423 istae
1453 4367 1598 4438 apud
1639 4366 1859 4422 Graecos
1894 4365 2097 4420 habitae
2131 4365 2356 4421 fuerint.
2405 4357 2699 4428 Caeterum;
2737 4369 3028 4432 postquam
3059 4359 3270 4431 priores

90 4481 182 4520 L533
218 4465 478 4528 fuerant,
520 4465 641 4518 aliae
677 4480 707 4518 a
753 4463 988 4520 diversis
1027 4463 1273 4534 adjectae,
1317 4471 1371 4518 et
1419 4463 1615 4533 priscae
1650 4465 1758 4519 illae
1786 4462 2086 4517 immutatae
2121 4477 2263 4531 saepe
2291 4460 2466 4524 fuere,
2504 4468 2677 4514 aucta:
2716 4457 2990 4529 pluribus,
3025 4456 3267 4528 hincque

90 4577 159 4614 na
202 4560 265 4614 in
307 4559 602 4615 codicibus
636 4560 878 4614 varietas
911 4559 1171 4614 occurrit.
1218 4560 1336 4615 Non
1367 4576 1434 4615 ex
1481 4560 1759 4631 germanis
1795 4558 1973 4614 solum
2004 4558 2232 4613 Joannis
2262 4556 2642 4628 Chrysostomi
2666 4555 2930 4626 operibus
2964 4555 3082 4610 haec
3131 4569 3269 4610 con-

90 4653 249 4707 inata
301 4661 459 4716 sunt,
498 4651 592 4706 sed
631 4652 801 4706 etiam
834 4667 899 4706 ex
934 4653 1056 4706 aliis
1086 4668 1208 4722 qua:
1251 4654 1335 4706 vel
1371 4653 1509 4706 falso
1542 4667 1743 4708 nomen
1784 4651 2163 4723 Chrysostomi
2206 4650 2630 4714 circumferunt,
2660 4649 2748 4704 vel
2788 4649 2936 4704 inter
2967 4645 3264 4702 admodum

91 4762 126 4799 a
177 4747 404 4802 merito
439 4746 784 4816 rejiciuntur.
832 4746 889 4800 In
923 4746 1074 4800 hisce
1105 4763 1271 4816 porro
1311 4748 1517 4817 eclogis
1549 4749 1788 4817 plurima
1824 4758 1950 4804 ante
1984 4748 2131 4803 dicta
2161 4756 2509 4817 repetuntur.
2541 4747 2598 4800 in
2630 4746 2848 4815 illisque
2875 4743 3111 4799 maxime
3141 4757 3264 4813 qua:

90 4843 410 4900 mandavit
440 4843 700 4908 Savilius,
730 4847 825 4915 qui
852 4845 1042 4907 etiam,
1071 4852 1132 4898 ut
1173 4846 1289 4916 ipse
1338 4845 1564 4910 fatetur,
1595 4846 1660 4900 ad
1687 4863 1951 4902 nauseam
1984 4861 2161 4916 usque
2192 4847 2308 4900 haec
2339 4845 2584 4913 undique
2617 4843 2874 4899 corrasit.
2913 4841 3263 4912 Quapropter

90 4941 169 4994 liu
231 4940 476 4996 haesisse
521 4941 718 5008 fateor,
751 4958 819 4998 an
856 4944 1073 5014 eclogas
1119 4944 1241 4998 illas
1283 4944 1472 4998 darem
1517 4954 1578 4998 ut
1615 4945 1669 4999 in
1711 4945 2026 4999 Morelliana
2065 4943 2310 4998 editione
2352 4940 2630 4996 habentur
2667 4941 2729 4995 31
2772 4953 3026 4995 numero.
3076 4937 3262 4992 missis

100 5035 297 5102 ianis,
335 5053 464 5106 quae
504 5038 572 5092 48
608 5052 901 5092 numerum
947 5039 1249 5108 complent.
1286 5037 1512 5096 Verum.
1545 5053 1604 5094 re
1647 5038 1921 5093 maturius
1951 5053 2246 5108 perpensa,
2287 5035 2592 5091 Savilianas
2623 5035 2744 5090 illas
2791 5033 3008 5105 eclogas
3046 5050 3168 5103 qua:
3203 5033 3258 5090 in

95 5129 296 5184 lliana
350 5146 465 5185 non
515 5140 854 5201 comparent,
893 5131 1133 5202 adjicere
1174 5132 1353 5187 visum
1393 5132 1516 5197 fuit,
1565 5147 1634 5188 ne
1679 5131 1814 5203 quid
1865 5132 1921 5188 in
1959 5132 2067 5196 his,
2120 5131 2507 5201 qualecunque
2540 5129 2758 5184 tandem
2803 5128 2897 5192 sit,
2949 5126 3256 5182 desiderari

90 5241 274 5287 'etar.
723 5210 739 5226 ’

90 5351 173 5425 ΞΟ]
224 5353 376 5420 Quae
414 5354 469 5409 in
499 5355 817 5410 Morelliana
849 5354 1115 5418 editione,
1148 5367 1378 5410 curante
1416 5357 1693 5410 Frontone
1719 5355 1937 5419 Ducaeo,
1964 5354 2181 5410 emissa:
2223 5362 2351 5409 sunt
2381 5355 2602 5423 eclogae,
2628 5367 2657 5406 a
2691 5351 3010 5407 Balthasare
3044 5351 3254 5406 Etzelio

90 5451 246 5502 uensi
305 5465 339 5504 e
385 5451 648 5524 societate
690 5451 817 5505 Jesu
874 5451 1019 5522 typis
1062 5450 1202 5506 datae
1265 5452 1482 5507 fuerant
1531 5452 1846 5524 Moguntiai,
1906 5469 2030 5506 cum
2082 5450 2541 5520 interpretatione
2584 5449 2778 5505 Latina
2835 5464 2956 5514 sua,
3004 5446 3252 5517 exceptis

90 5540 304 5595 tsdam
357 5559 483 5613 qua:
518 5559 547 5598 a
592 5511 848 5600 Matthaeo
885 5512 1151 5599 flromero
1188 5554 1243 5600 et
1286 5562 1314 5600 a
1375 5546 1542 5601 Laelio
1591 5511 1866 5601 Tifernatc
1919 5561 2062 5600 cusa:
2095 5558 2151 5599 et
2187 5543 2382 5598 Latine
2431 5557 2709 5598 conversa:
2751 5541 2991 5605 fuerant,
3039 5549 3100 5594 ut
3147 5554 3250 5595 suo

95 5635 513 5692 manebimus.
569 5638 772 5692 llarum
809 5638 1122 5708 eclogarum
1161 5639 1667 5695 consarcinatorem
1708 5641 1878 5695 fuisse
1923 5640 2117 5694 dicunt
2151 5639 2502 5696 Theodorum
2540 5641 2884 5712 magistrum,
2940 5649 2999 5696 ut
3053 5639 3106 5693 in
3149 5653 3246 5694 co-

107 5730 414 5787 Vaticano
462 5735 655 5789 fertur.
704 5734 792 5804 qui
833 5735 1000 5791 etiam
1039 5735 1366 5790 Theodorus
1400 5737 1786 5812 Daplmopates
1822 5737 2142 5795 vocabatur.
2177 5746 2237 5791 ut
2273 5736 2462 5791 videas
2508 5736 2652 5808 apud
2703 5735 3056 5790 Lambeciqu
3101 5742 3157 5788 et
3185 5733 3242 5789 in
