3872 6396
569 372 672 432 559
1339 364 1713 422 PREFATIO
1751 364 1815 420 IN
1857 362 2103 418 ECLOG.
2168 361 2254 415 ET
2297 356 2566 413 FLORIL.
2608 347 3028 416 SEQUENTIA.
3639 342 3713 396 £8)

559 487 967 558 Palmographia
1012 493 1205 542 nostra
1247 486 1455 550 Graeca,
1500 502 1624 557 pag.
1660 486 1749 540 92.
1788 484 1935 539 Dicit
1984 490 2170 536 autem
2221 477 2464 533 Etzelius
2493 489 2551 526 se
2583 472 2682 524 has
2722 468 2945 536 eclogas
2985 460 3267 559 excepisse
3290 452 3546 559 exucodice
3569 464 3725 559 penei

557 589 713 637 tusto
742 548 1112 635 bibliothecae
1154 580 1212 636 S.
1248 548 1448 637 Jacobi
1487 548 1796 651 hioguntiaz.
1826 578 2039 649 Eclogre
2067 592 2199 630 vero
2229 575 2311 628 ha:
2337 571 2405 626 ab
2435 567 2647 624 Etzelio
2674 564 2838 618 editae
2863 562 2927 614 51
2966 566 3180 651 tantum
3219 550 3462 606 homilias
3487 548 3715 650 complent,

553 682 616 727 ut
660 672 920 729 diximus.
974 673 1036 728 In
1083 674 1275 728 codice
1307 648 1603 744 Nicephori
1650 672 1951 727 Botaniata:
1998 684 2164 739 supra
2200 673 2507 720 memorato
2537 661 2606 714 55
2651 657 2944 711 habentur.
2991 648 3454 747 Savi_lius-autcm,
3481 648 3561 710 qui
3584 656 3718 747 omnia

549 772 795 842 undique
866 770 1133 835 corrasit,
1190 739 1556 841 quadraginta
1608 777 1664 825 et
1706 778 1836 824 octo
1890 765 2145 822 homilias
2208 760 2424 823 edidit,
2468 765 2526 811 et
2582 756 2688 809 hoc
2732 752 2787 805 in
2842 747 2992 803 notis
3045 743 3163 799 suis
3202 739 3452 794 Munitum
3502 739 3719 806 premint,

548 874 683 919 tom.
730 864 868 930 Vill,
915 879 1038 935 pag.
1088 863 1213 919 920.

625 1022 645 1054 ι
687 1004 1173 1074 Apanthismatum
1212 1019 1479 1058 numerus
1514 1002 1567 1057 in
1606 999 2001 1071 manuscriptis
2048 999 2161 1053 fere
2197 997 2287 1055 59..
2321 996 2411 1060 3'5,
2446 992 2531 1045 vel
2580 991 2669 1054 54,
2700 982 3007 1055 etquidem
3052 994 3119 1033 ex
3165 974 3371 1030 nostris
3402 972 3467 1027 38
3507 971 3723 1075 prioribus

548 1098 695 1165 (nam
728 1106 945 1161 caetera,
980 1113 1104 1167 qua:
1149 1106 1483 1167 sequuntur,
1532 1095 1763 1149 alterius
1802 1092 2019 1162 generis
2051 1091 2232 1156 sunt);
2285 1088 2328 1144 si
2377 1087 2566 1141 demas
2606 1084 2661 1147 9,
2713 1081 2774 1134 11
2807 1089 2864 1133 et
2898 1079 2990 1143 ‘28,
3034 1078 3333 1144 supersunt
3381 1076 3570 1167 tantum
3594 1076 3721 1167 captu

542 1162 613 1245 $5
658 1192 971 1262 eclogarum
997 1162 1245 1248 momine
1279 1193 1405 1263 jure
1466 1191 1761 1246 censenda.
1798 1186 2071 1245 Caeterum
2105 1196 2159 1241 et
2186 1187 2277 1240 hic
2307 1183 2550 1252 eclogam
2578 1180 2647 1234 de
2680 1174 3021 1247 virginitate,
3056 1184 3178 1263 quae
3209 1167 3264 1221 in
3290 1162 3625 1261 manuscripto
3645 1162 3722 1214 Au-

541 1260 1094 1353 gustam-reperitur
1133 1282 1202 1353 (si
1229 1260 1395 1336 verus
1422 1290 1506 1335 est
1533 1281 1727 1335 titulus
1754 1280 1809 1335 in
1836 1279 1981 1333 libro
2022 1277 2261 1345 XXXIV)
2298 1269 2606 1329 desiderari
2638 1268 2777 1323 sciat
2810 1265 3029 1320 Lector.
3060 1260 3289 1321 Auctor,
3321 1269 3415 1309 seu
3442 1260 3721 1353 vertusrcon-

541 1352 887 1434 sarcinator.
927 1352 1485 1447 harumeclogarum
1534 1374 1589 1429 in
1639 1375 1830 1431 codice
1884 1374 2151 1428 Vaticano
2202 1380 2260 1426 et
2311 1369 2563 1425 Palatino
2612 1366 2790 1419 fertur
2829 1360 3157 1415 Theodorus
3215 1353 3497 1447 Magister;
3539 1352 3721 1447 alii“?

535 1468 677 1522 nihil
711 1468 762 1523 ei
814 1468 1067 1524 tribuunt
1096 1443 1317 1538 praeter-
1338 1468 1661 1523 vicesimam
1706 1467 1995 1538 septimam
2027 1482 2148 1536 qua:
2180 1465 2244 1519 D.
2276 1462 2428 1518 Pauli
2459 1459 2707 1515 continet
2735 1454 3071 1512 encomium.
3107 1451 3281 1504 Porro
3331 1448 3382 1499 in
3426 1445 3519 1497 hac
3542 1443 3721 1495 editione

537 1558 915 1630 Moguntinam
939 1560 1239 1616 editionem
1268 1562 1681 1632 castigavimus,
1737 1572 1794 1617 et
1838 1561 2030 1616 multis
2081 1560 2136 1614 in
2168 1550 2307 1613 locis
2347 1553 2816 1626 locupletavimus
2864 1565 2934 1604 ex
2982 1546 3166 1601 tribus
3215 1539 3583 1607 manuscriptis
3622 1540 3720 1605 (nm

535 1656 593 1709 in
648 1656 906 1711 omnibus
952 1656 1070 1713 fere
1110 1657 1470 1714 bibliothecis
1513 1667 1734 1715 exstant
1781 1658 2089 1729 descriptae)
2124 1676 2137 1711 :
2168 1661 2216 1712 Ι.
2274 1654 2596 1715 Oxoniensi,
2647 1650 2701 1705 2.
2752 1643 3119 1707 Londinensi,
3168 1650 3226 1697 et
3275 1639 3329 1694 5.
3364 1639 3417 1692 in
3464 1636 3722 1690 bibliotheca

532 1767 678 1806 mea.
722 1753 938 1809 Titulos
983 1755 1385 1825 particularum
1416 1756 1530 1810 sive
1577 1755 1912 1822 sectionum,
1957 1753 2052 1825 qui
2106 1763 2168 1810 ut
2211 1753 2513 1825 plurimum
2555 1750 2611 1804 in
2659 1744 2980 1817 Moguntina
3011 1737 3263 1808 corrupti
3300 1743 3476 1799 erant,
3505 1749 3561 1787 ex
3587 1749 3725 1786 manu-

531 1847 758 1917 scriptis
797 1849 962 1915 aliis,
1027 1852 1337 1920 praesertim
1382 1851 1705 1918 Oxonicnsi,
1764 1854 1922 1921 cujus
1968 1852 2132 1907 nobis
2180 1851 2318 1907 ﬁdes
2367 1847 2726 1918 exploratior,
2777 1851 2835 1898 et
2886 1838 3188 1911 saepissime
3240 1833 3504 1889 consultis
3542 1831 3723 1887 fontibus

530 1943 974 1999 cntendavimus.
1022 1945 1099 2001 De
1134 1944 1435 2002 Oxoniensi
1485 1946 1676 2003 codice
1724 1945 2158 2011 observandum,
2201 1943 2352 1999 illum
2391 1954 2420 1997 a
2463 1938 2696 2010 reliquis
2739 1952 2879 2009 quos
2919 1934 3163 1988 vidimus
3204 1929 3464 1985 omnibus
3492 1925 3724 1995 plurimum

528 2036 895 2109 discrepasse.
944 2041 1003 2097 In
1035 2041 1129 2098 illo
1159 2044 1308 2098 enim
1353 2044 1531 2113 capita
1566 2044 1783 2109 eadem,
1820 2041 2136 2113 eaedemque
2175 2042 2465 2112 particula:
2493 2034 2758 2100 collecue,
2792 2041 2849 2089 at
2888 2031 3044 2087 nullo
3074 2027 3297 2085 ordine.
3329 2024 3476 2078 nulla
3508 2018 3721 2073 methodo.

529 2128 690 2188 Unde
739 2149 937 2194 omnes
980 2141 1268 2210 particulae
1315 2143 1561 2209 illalivae,
1604 2143 1804 2208 τοίνυν,
1853 2142 1969 2207 καί,
2018 2140 2058 2213 β

2194 2161 2201 2193 ι
2251 2139 2468 2210 μαθεῖν,
2508 2138 2760 2207 aliaeque,
2810 2147 2935 2205 quae
2977 2130 3136 2202 quasi
3178 2125 3437 2183 caementi
3472 2122 3723 2213 Vicesunl.

524 2222 807 2283 aberant:
862 2239 924 2286 ut
970 2231 1027 2286 in
1074 2232 1179 2289 hoc
1219 2234 1415 2291 codice
1463 2244 1728 2307 congesta
1775 2211 2030 2298 materia,
2090 2235 2146 2288 in
2202 2232 2435 2301 reliquis
2488 2230 2703 2301 digesta
2751 2228 3031 2282 videatur.
3082 2221 3215 2289 Quae
3266 2224 3563 2287 sequuntur
3595 2211 3665 2273 38,
3700 2223 3722 2262 e

522 2318 866 2382 bibliotheca
913 2329 1061 2399 regis
1110 2329 1395 2386 Gallorum
1432 2340 1583 2397 sunt,
1638 2332 1886 2402 exceptis
1946 2330 2166 2386 duabus
2218 2329 2452 2393 ultimis,
2501 2343 2658 2398 quae,
2699 2334 2763 2380 ut
2805 2334 2862 2380 et
2911 2322 3013 2386 28,
3059 2334 3124 2375 ex
3179 2315 3357 2373 Sladii
3415 2311 3515 2366 mei
3567 2306 3723 2362 chartis

523 2412 925 2473 Orientalibus.
978 2420 1099 2476 Non
1150 2437 1272 2478 sum
1324 2423 1546 2479 nescius
1592 2424 1834 2494 plurima
1885 2424 1941 2477 in
1991 2423 2079 2478 his
2121 2421 2327 2493 eclogis
2380 2418 2663 2476 emendari
2706 2430 2869 2489 posse
2933 2428 2964 2470 e
3014 2410 3289 2473 fontibus,
3351 2407 3397 2462 si
3450 2405 3564 2474 quis
3601 2418 3723 2456 venas

523 2525 719 2568 omnes
758 2524 1171 2586 perscrutetur;
1232 2520 1369 2590 quin
1424 2529 1481 2575 et
1524 2520 1708 2577 fontes
1775 2522 1926 2592 ipsos
1980 2530 2045 2575 ex
2092 2514 2181 2574 his
2248 2517 2446 2574 rivulis
2501 2524 2901 2584 nonnunquam
2966 2508 3187 2583 purgari
3242 2504 3510 2578 potuisse,
3556 2501 3594 2555 si
3634 2501 3722 2569 tl“is

522 2603 702 2660 otium
747 2614 805 2661 et
850 2608 1121 2680 integram
1171 2620 1389 2669 aetatem
1424 2614 1649 2670 aﬂerret
1681 2632 1695 2668 :
1732 2620 1899 2685 Quam
1944 2613 2181 2686 palmam
2217 2613 2473 2674 aliorum.
2526 2610 2621 2682 ‘qui
2676 2618 2800 2681 p05t
2845 2620 2945 2663 nos
2999 2612 3185 2668 crttnt,
3231 2598 3511 2657 industriae
3548 2596 3721 2664 diligen-

530 2698 725 2767 tiaeque
750 2693 1147 2770 relinquimus;
1184 2703 1239 2759 in
1277 2705 1475 2761 harum
1505 2707 1917 2775 emendatione,
1952 2716 2230 2779 quatenus
2260 2723 2291 2762 a
2318 2707 2481 2766 nobis
2502 2703 2790 2762 commode
2815 2702 2937 2758 ﬁeri
2970 2700 3170 2770 potuit,
3200 2708 3431 2767 operam
3458 2691 3719 2746 mediocrem

520 2789 779 2856 posuisse
827 2797 1102 2851 contenti.
1146 2797 1518 2856 Gramnatica
1563 2803 1871 2873 sphalmata
1936 2802 2145 2873 ubique
2194 2802 2488 2858 sustulisse
2534 2815 2650 2855 non
2692 2807 2813 2853 erat
2860 2811 3028 2859 cura,
3072 2806 3143 2848 ne
3190 2791 3480 2846 videamur
3521 2786 3642 2839 illam
3682 2784 3720 2835 in

518 2883 752 2942 edendis
796 2889 1122 2961 fragmentis
1150 2888 1273 2950 istis
1300 2895 1645 2968 diligentiam
1682 2906 1969 2969 praestare,
2006 2910 2173 2969 quam
2206 2906 2401 2953 auctor
2439 2897 2559 2967 ipse
2591 2896 2647 2950 in
2678 2892 3006 2964 colligendis
3040 2906 3150 2945 non
3179 2887 3409 2943 videtur
3442 2880 3717 2954 praestitissc.

515 2974 631 3032 Nec
671 2976 821 3035 enim
851 2981 1071 3040 edimus
1108 2984 1292 3057 qualia
1336 2987 1596 3046 formavit
1618 2986 2063 3063 Chrysostomus,
2100 2989 2196 3045 sed
2224 2988 2406 3060 Qualia
2444 2986 2775 3043 deformavit
2815 2985 3048 3054 supinus
3104 2990 3162 3037 et
3202 2980 3451 3036 oscitans
3481 2972 3717 3030 mutilator.

518 3073 830 3131 Soloecismi
865 3078 1013 3133 enim
1044 3089 1347 3137 occurrunt
1381 3098 1493 3138 non
1537 3084 1723 3154 pauci,
1784 3083 1937 3155 iique
1968 3092 2122 3141 tanto
2153 3084 2408 3138 codicum
2445 3095 2718 3136 consensu
2753 3076 3088 3140 conﬁrmati,
3132 3084 3194 3129 ut
3245 3089 3360 3128 non
3408 3068 3717 3125 librariorum.

526 3167 624 3221 Sed
661 3165 837 3238 ipSius
876 3174 1116 3229 auctoris
1136 3175 1275 3232 vitio
1296 3178 1497 3234 merito
1519 3178 1812 3235 videantur
1838 3180 2156 3250 contigisse.
2199 3174 2338 3235 Nota
2364 3184 2450 3234 est
2473 3177 2622 3232 enim
2654 3173 2983 3247 posterioris
3007 3172 3187 3227 aetatis
3218 3166 3564 3241 grammatica
3588 3158 3719 3232 qualis

512 3258 685 3315 fuerit
728 3279 741 3316 :
782 3272 880 3319 aut
914 3265 961 3321 si
1010 3268 1098 3323 eui
1138 3270 1387 3326 nondum
1440 3274 1512 3330 sit
1547 3272 1852 3344 eXplorata,
1898 3274 2059 3329 adeat
2090 3274 2385 3345 Georgium
2442 3269 2877 3327 Alexandrinum
2929 3277 2986 3324 et
3039 3266 3380 3337 biographos
3412 3274 3624 3321 nostros.
3648 3264 3715 3309 aut

514 3346 864 3420 apanthisma
902 3352 1036 3415 illud
1089 3362 1238 3432 quod
1288 3364 1346 3419 in
1385 3362 1493 3421 hoc
1537 3367 1819 3422 volumine
1851 3366 2032 3422 ultimi
2080 3375 2165 3421 est
2212 3375 2329 3420 tum
2379 3366 2510 3430 loci,
2567 3374 2683 3419 tum
2724 3362 2913 3435 pretii.
2971 3361 3349 3428 Quamobrem
3395 3374 3460 3413 ne
3491 3362 3715 3422 exspectet

509 3445 705 3537 lector,
760 3460 822 3506 ut
861 3461 1005 3524 “opus
1042 3454 1149 3511 hoc
1187 3470 1218 3512 ιι
1264 3457 1428 3515 nobis
1472 3464 1777 3518 correctius
1820 3465 2069 3533 prodeat,
2103 3480 2267 3535 quam
2296 3475 2382 3523 est
2410 3466 2480 3522 ab
2519 3468 2640 3537 ipso
2668 3474 2895 3521 auctare
2937 3459 3285 3532 profectum;
3319 3475 3493 3529 neque
3538 3454 3708 3509 mirelm

509 3534 686 3596 lector
729 3544 889 3602 citari
942 3546 1033 3606 hic
1078 3555 1361 3609 orationes
1408 3563 1465 3609 et
1512 3562 1779 3612 tractatus
1826 3559 2036 3629 aliquot

2186 3561 2331 3617 iobis
2369 3562 2517 3616 inter
2542 3534 3031 3631 dputmlépsva,
3080 3573 3179 3614 seu
3224 3556 3396 3609 etiam
3451 3550 3715 3614 νοθευόμενι

507 3638 775 3707 το]εοι‹›ε;
825 3658 985 3709 cum,
1042 3654 1103 3700 ut
1148 3647 1447 3717 aliquoties
1485 3649 1895 3719 admonuimus,
1921 3669 2030 3708 non
2060 3654 2179 3709 heri
2212 3664 2308 3710 aut
2345 3655 2756 3712 nudiustertius
2801 3656 3030 3710 invectae
3064 3654 3175 3710 sint
3205 3652 3265 3707 in
3298 3648 3636 3706 bibliothecas
3658 3643 3714 3695 b2

511 3740 779 3786 oonorttm
830 3742 1123 3791 auctorum
1164 3740 1515 3809 corruptelae.
1544 3758 1563 3792 ι

574 3842 642 3901 Et
680 3863 805 3920 pag.
861 3844 967 3907 928
993 3852 1061 3907 de
1084 3850 1277 3910 decem
1323 3859 1621 3927 postremis
1650 3862 1876 3931 eblbgis,
1907 3870 2045 3931 quas
2083 3863 2200 3933 ipse
2225 3878 2351 3917 cum
2383 3863 2508 3918 aliis
2544 3879 2655 3918 non
2696 3862 2891 3933 paucis
2916 3862 3119 3933 adjecit
3157 3862 3397 3932 loquens
3426 3861 3532 3913 lucc
3557 3856 3709 3909 habet:

512 3959 529 3991 ι
576 3934 775 3997 Decem
824 3947 1206 4003 Oratiunculas
1242 3962 1563 4019 sequentes,
1596 3953 1653 4008 in
1697 3954 1822 4008 aliis
1844 3953 2041 4023 ἐκλογᾶ

2183 3958 2455 4024 ναγωγσιίς
2489 3956 2608 4011 fere
2635 3971 2744 4011 non
2774 3964 3042 4025 repertas,
3072 3954 3332 4010 exhibuit
3376 3952 3526 4007 nobis
3561 3948 3710 4002 biblio-

422 4076 426 4081 -
506 4032 663 4093 theca
709 4033 881 4105 Regia
932 4036 1185 4105 Lutetia,
1224 4042 1428 4112 quibus
1476 4044 1611 4113 ipsis
1655 4046 1776 4101 sine
1819 4062 2018 4119 magno
2056 4048 2408 4105 incommodo
2435 4064 2626 4105 carere
2654 4050 2927 4120 potuisset
2961 4048 3276 4119 respublica
3317 4046 3587 4103 littcraria.
3619 4056 3709 4120 curn

500 4122 635 4179 alibi
674 4129 905 4185 totidem
937 4134 1145 4200 verbis,
1181 4136 1285 4192 etsi
1330 4154 1440 4194 non
1479 4157 1590 4196 uno
1624 4151 1909 4207 contextu,
1946 4144 2296 4213 reperiantur
2328 4147 2475 4216 apud
2525 4148 2676 4202 hunc
2722 4156 3014 4202 nostrum:
3051 4146 3146 4201 sed
3197 4143 3493 4199 maluimus
3523 4142 3569 4193 in
3596 4109 3709 4209 μῖγοΙ

500 4230 715 4311 partem
768 4238 1000 4291 peccare
1054 4231 1335 4286 tutiorem.
1390 4234 1450 4288 In
1480 4236 1600 4290 istis
1626 4236 1673 4291 si
1716 4228 1824 4307 qua
1855 4239 1910 4293 in
1944 4255 2003 4295 re
2045 4251 2293 4297 erratum
2337 4252 2442 4307 est,
2477 4254 2674 4299 notare
2710 4260 2821 4298 non
2850 4254 2934 4299 est
2960 4245 3140 4297 visum
3174 4243 3336 4298 tanti.
3368 4241 3421 4296 Si
3455 4239 3570 4311 quid
3594 4235 3703 4289 enim

500 4308 560 4415 ίξι
614 4310 740 4415 istis
782 4316 871 4415 sit.
896 4320 1045 4388 quod
1088 4319 1378 4379 Lectorem
1412 4326 1643 4393 alliciat,
1684 4331 1936 4386 consulat
1971 4334 2138 4391 modo
2169 4336 2363 4393 titulos
2402 4338 2456 4391 in
2499 4338 2745 4408 margine
2784 4355 2795 4391 :
2829 4337 2897 4392 ad
2939 4337 3033 4391 illa
3089 4336 3359 4391 editionis
3399 4308 3584 4389 nostra:
3622 4330 3704 4381 loca

496 4409 687 4460 statim
734 4409 1071 4481 remittetur,
1118 4416 1214 4472 ubi
1257 4418 1376 4474 haec
1422 4421 1614 4476 eadem
1658 4421 1955 4481 habiturus
2004 4434 2089 4481 est
2125 4428 2479 4483 corrcctiora.
2512 4449 2528 4480 ι

569 4524 661 4580 Sic
688 4525 803 4593 ille,
837 4532 901 4582 ut
935 4536 1001 4585 ex
1038 4532 1209 4602 priori
1243 4538 1379 4593 nata
1407 4534 1600 4593 videre
1625 4548 1730 4605 est,
1767 4540 1824 4593 in
1853 4540 1942 4595 his
1969 4543 2296 4614 colligendis
2321 4554 2379 4598 et
2404 4543 2770 4600 emendandis
2808 4544 3037 4600 multam
3069 4544 3329 4600 adhibuit
3361 4558 3538 4598 curam
3567 4551 3611 4595 et
3642 4538 3699 4591 in—

495 4620 785 4684 dustriam,
828 4626 885 4677 et
921 4623 1156 4681 furtasse
1189 4629 1457 4701 majorem
1505 4644 1669 4701 quam
1712 4634 1855 4688 ratio
1903 4638 1962 4691 et
2007 4636 2249 4708 dignitas
2288 4639 2476 4708 operis
2516 4637 2855 4709 postulabat.
2904 4638 3087 4695 Unum
3123 4648 3306 4693 tamen
3348 4649 3432 4693 est
3472 4634 3599 4707 quod
3638 4632 3695 4685 vel

492 4726 604 4766 non
646 4714 907 4780 advertit.
949 4719 1037 4774 vel
1071 4714 1369 4779 admunere
1408 4727 1672 4797 neglexit,
1700 4741 1900 4800 nempe
1944 4730 2300 4788 homiliarum
2330 4748 2452 4805 qua
2478 4750 2547 4791 ex
2579 4734 2896 4804 huiusmodi
2935 4734 3143 4806 eclogis
3176 4735 3557 4790 consarcinatae
3582 4736 3692 4787 sunt.

491 4809 744 4866 ordinem
785 4813 925 4871 mire
974 4814 1257 4875 diversum
1300 4835 1423 4876 esse
1467 4822 1524 4877 in
1571 4826 1964 4897 manuscriptis
2012 4828 2321 4896 codicibus,
2368 4840 2425 4887 et
2455 4847 2585 4888 vere
2620 4831 2803 4901 operis
2835 4831 2977 4889 ratio
3002 4832 3219 4887 nullum
3248 4842 3457 4888 certum
3487 4836 3692 4885 constan-

488 4910 712 4975 temqtie
750 4908 1007 4964 ordinem
1033 4912 1318 4979 pustulam
1344 4915 1590 4971 videtur.
1620 4917 1691 4975 Ut
1719 4927 1905 4974 autem
1934 4919 2051 4976 haec
2086 4923 2327 4979 varietas
2354 4924 2572 4981 ordinis
2598 4925 2793 4981 lectori
2835 4935 3121 4999 perspecta
3151 4926 3243 4993 sit,
3284 4927 3499 4983 ordines
3524 4924 3692 4991 Magum

490 5000 593 5054 tini
633 5002 845 5059 cedicis
889 5007 1110 5076 quaiem
1156 5020 1381 5067 secutus
1406 5021 1494 5067 est
1525 5014 1795 5083 Etzelius,
1843 5025 1899 5071 et
1927 5016 2219 5075 Saviliame
2261 5020 2546 5089 editionis,
2600 5038 2816 5079 necnon
2859 5023 3069 5079 codicis
3109 5021 3455 5085 Coisliniani,
3498 5018 3580 5089 qui
3616 5013 3689 5069 fui!

489 5094 1139 5193 NicephoriLBotaniatae
1168 5104 1544 5177 imperatoris,
1597 5126 1629 5165 e
1668 5111 1893 5183 regione
1922 5115 2201 5184 ponimus,
2234 5126 2292 5173 et
2336 5117 2405 5173 ad
2438 5118 2686 5191 singulos
2716 5119 2905 5176 titulos
2933 5121 3144 5176 codicis
3185 5120 3387 5193 prioris
3416 5114 3687 5189 Moguntini.

489 5199 753 5244 numeros
800 5191 1093 5250 Saviliana:
1145 5198 1385 5267 primum
1434 5202 1723 5272 editionis,
1774 5223 1841 5263 ac
1869 5208 2072 5265 deinde
2120 5210 2331 5268 codicis
2367 5210 2691 5268 Coisliniani
2734 5212 3121 5287 subjungimus

559 5301 697 5356 Cum
750 5321 885 5378 ergo
933 5310 1082 5365 nulla
1136 5314 1406 5383 assignari
1448 5320 1626 5389 possit
1664 5324 1782 5380 veri
1834 5324 2049 5381 ordinis
2090 5325 2252 5392 ratio,
2302 5327 2372 5382 ad
2403 5327 2623 5383 libitum
2675 5341 2880 5400 putans
2928 5346 3016 5386 me
3054 5345 3216 5401 posse
3246 5345 3393 5393 eum,
3442 5327 3531 5398 qui
3557 5323 3682 5392 magi‘

490 5400 784 5470 arrident,
832 5405 1089 5462 ordinem
1120 5412 1308 5479 sequi;
1344 5414 1528 5482 primo
1556 5419 1719 5488 posui
1764 5421 1987 5491 triginta
2018 5429 2074 5476 ct
2122 5438 2288 5479 unam
2335 5425 2592 5481 homilias
2634 5426 2755 5482 illas
2782 5436 2843 5482 ut
2868 5426 2923 5481 in
2964 5427 3285 5498 Moguntina
3312 5424 3495 5483 codice
3524 5412 3689 5478 haben-

488 5505 776 5603 tur.“cum
815 5503 1276 5574 interpretatione
1318 5510 1512 5569 Etzelii
1549 5526 1604 5572 et
1654 5518 1889 5576 aliorum
1935 5522 2030 5593 qui
2078 5522 2135 5578 in
2176 5525 2355 5581 titulis
2404 5536 2805 5590 memorantur,
2859 5527 3164 5584 emendatis
3209 5527 3381 5582 titulis
3432 5520 3676 5580 secundum

490 5597 825 5697 §aVilianm
890 5602 1213 5673 editionem,
1266 5609 1655 5685 adjunctisque
1701 5617 1756 5672 in
1801 5620 2133 5689 quibusdam
2185 5623 2431 5680 homiliis
2476 5624 2565 5691 iis,
2606 5640 2731 5696 qua
2775 5623 2832 5679 in
2871 5625 3190 5697 Moguntina
3241 5624 3426 5681 codice
3475 5620 3672 5674 deerant

486 5694 800 5770 Poeteaque
831 5710 926 5757 eas
961 5712 1097 5771 quas
1124 5704 1365 5765 Savilius
1401 5713 1484 5767 vel
1517 5714 1825 5773 inseruerat
1849 5719 1931 5773 vel
1978 5721 2355 5792 subjunxerat.
2388 5694 2847 5782 interoretatione
2874 5694 3063 5778 Latina
3098 5739 3128 5778 a
3159 5737 3246 5778 me
3271 5722 3488 5779 donatas
3509 5710 3668 5775 addidi.
