3872 6396
107 326 151 372 lit
808 324 1184 377 PllzLI'A'I‘IU
1224 324 1291 377 ΙΝ
1335 324 1583 379 Εοωρ.
1644 324 1730 378 ET
1770 323 2044 380 FLORlL.
2086 325 2504 393 SEQUENTIA.
3186 330 3290 385 539

107 449 117 493 t
155 440 257 509 jam
297 438 359 493 48
395 453 684 494 numerum
720 439 1051 509 compleant.
1090 438 1231 493 lllud
1276 440 1442 494 etiam
1496 438 1729 505 tentavi,
1786 440 1935 509 quod
1980 440 2219 496 Savilius
2267 457 2326 497 se
2366 458 2562 497 ausum
2613 459 2724 497 non
2768 442 2938 499 fuisse
2976 443 3287 515 proﬁtetur,

108 549 324 603 :nempe
354 533 465 587 loca
503 548 733 603 cperum
781 533 1161 605 Chrysostomi
1208 535 1275 590 ad
1311 535 1617 605 marginem
1654 536 1723 589 ab
1768 535 2090 606 eclogarum
2141 538 2469 593 auctoribus
2524 547 2827 594 memorata
2861 541 3182 611 reperirem,
3234 549 3286 597 et

108 646 220 685 cum
252 629 338 685 ubi
375 630 425 684 in
476 630 577 685 hac
624 629 869 685 editione
919 642 1160 695 exstant,
1218 633 1580 702 assignarem.
1619 633 1690 688 At
1737 643 2029 703 postquam
2069 649 2134 689 ea
2170 634 2224 688 in
2265 652 2324 690 re
2376 651 2486 689 non
2528 652 2724 705 parum
2783 638 3202 700 desudavcram,
3235 650 3287 695 et
3356 640 3365 649 '

107 746 156 782 ca
190 745 288 783 non
320 744 479 797 pauca
518 728 926 798 assignaveram
976 745 1099 798 qua:
1133 729 1188 781 in
1233 728 1472 783 decursu
1506 729 1683 784 lector
1712 730 2012 785 observare
2040 731 2270 800 poterit,
2305 731 2673 786 animadverti
2713 749 2829 787 rem
2866 743 2975 787 tam
3002 750 3288 804 operosam

107 840 156 878 se
201 833 255 878 ut
296 824 376 878 vix
418 822 607 894 perlici
659 824 855 894 possit.
908 824 1199 892 Quomodo
1248 824 1418 890 enim,
1467 826 1562 880 ubi
1612 825 1668 880 in
1713 827 1962 897 margine
2016 827 2250 893 dicitur,
2288 828 2371 882 Ex
2419 826 2718 883 Comment.
2762 831 2817 883 in
2868 828 3181 885 Hatthwum
3238 835 3290 885 in

107 938 306 987 annem,
349 924 402 975 in
454 921 628 992 Epist.
679 923 748 975 ad
801 921 1090 987 Romanos,
1132 924 1201 975 ad
1242 922 1561 987 Corinthios,
1598 924 1670 977 ad
1714 923 1985 988 Hebraeos,
2035 940 2159 979 cum
2210 940 2354 994 serpe
2393 924 2486 978 vix
2526 940 2637 978 una
2666 924 2934 993 periodus
2964 926 3175 997 integra
3226 942 3291 980 ex

107 1031 129 1069 ο
159 1018 542 1071 commentario
572 1018 871 1086 aﬂeratur;
919 1020 1006 1074 vel
1042 1020 1087 1073 si
1139 1021 1332 1089 plures
1374 1018 1588 1089 periodi
1632 1022 1803 1077 variis
1836 1037 1903 1076 ex
1947 1021 2089 1076 locis
2119 1032 2396 1092 excerpta:
2450 1021 2586 1084 sint,
2629 1036 2889 1091 sarpeque
2917 1038 2947 1076 a
2974 1023 3289 1086 collectore,

120 1128 237 1167 eum
275 1114 719 1182 praecedentibus
748 1115 1048 1185 quadrent,
1075 1131 1186 1170 non
1222 1132 1417 1186 parum
1453 1125 1741 1173 mutentur
1772 1118 2111 1188 :quomodo,
2144 1118 2392 1189 inquam,
2434 1118 2489 1172 in
2533 1126 2639 1172 tam
2665 1118 2863 1189 amplis
2885 1116 3295 1173 commentariis

107 1209 335 1278 jusmodi
374 1211 675 1279 particulas
707 1211 1031 1281 expisceris,
1076 1221 1133 1267 et
1177 1213 1312 1284 quid
1359 1213 1581 1267 demum
1625 1214 1693 1269 ad
1734 1214 1988 1271 Lectoris
2028 1215 2379 1270 commodum
2434 1215 2666 1270 all‘erant
2717 1214 3036 1285 huiusmodi
3086 1214 3297 1267 indica-

113 1317 205 1356 nes
250 1318 367 1372 quae
416 1303 482 1357 ad
532 1313 609 1358 tot
659 1314 716 1360 et
769 1313 922 1360 tanta
960 1306 1247 1361 volumina
1296 1304 1568 1380 legentem
1616 1309 1959 1365 amandant?
1991 1309 2341 1381 Quapropter
2367 1309 2437 1363 ab
2476 1310 2821 1365 infructuoso
2868 1306 3057 1362 labore
3103 1316 3293 1377 perse-

107 1396 243 1450 endo
288 1398 551 1453 abstinui.

107 1512 173 1566 Ex
225 1513 289 1566 iis
330 1528 462 1567 vero
491 1512 755 1569 omnibUs
792 1531 915 1585 qua:
961 1512 1109 1570 dicta
1141 1522 1291 1579 sunt,
1335 1514 1529 1569 inferri
1579 1523 1759 1585 potest
1791 1524 1987 1585 parum
2019 1515 2161 1569 locri
2202 1531 2267 1571 ex
2298 1512 2495 1571 barum
2543 1516 2857 1587 eclogarum
2890 1514 3131 1569 lectione
3168 1524 3297 1584 per-

107 1610 132 1661 li
181 1623 359 1679 posse.
389 1624 513 1663 cum
554 1610 791 1664 maxime
836 1610 978 1674 loca,
1012 1610 1216 1680 quibus
1260 1609 1366 1664 illa:
1402 1609 1807 1665 consarcinatae
1838 1609 2085 1673 fuerunt,
2132 1610 2188 1665 in
2221 1610 2357 1680 ipsis
2387 1609 2767 1682 Chrysosto‘mi
2796 1608 3063 1679 operibus
3096 1618 3152 1662 et
3188 1607 3291 1662 ho-

108 1706 195 1761 liis
247 1715 300 1760 et
334 1707 560 1776 pUrlora
592 1706 1005 1776 sincerioraqne
1050 1708 1183 1769 sint,
1220 1714 1275 1761 et
1316 1714 1442 1761 eum
1497 1706 1946 1775 praecedentibus
1986 1715 2042 1762 et
2087 1707 2448 1778 sequentibus
2491 1706 2676 1777 aptius
2722 1706 3058 1762 cohaereant.
3109 1705 3291 1760 Unum

108 1811 257 1857 ‘tasse
288 1802 475 1863 fuerit.
535 1804 592 1857 in
633 1819 745 1873 quo
778 1802 988 1873 aliquid
1022 1802 1153 1857 boni
1180 1802 1454 1873 eXpiscari
1480 1802 1698 1872 possis;
1734 1818 1800 1857 ex
1845 1802 1983 1857 locis
2016 1818 2217 1873 nempe
2259 1803 2402 1871 illis,
2435 1818 2558 1875 quze
2597 1818 2663 1858 ex
2699 1802 2963 1874 operibus
2993 1800 3293 1873 Chysusto-

108 1940 122 1963 ,
174 1914 294 1970 qua:
327 1890 561 1970 periere,
602 1910 864 1971 excerpta
901 1910 1048 1956 sunt.
1092 1901 1296 1955 Verum
1327 1910 1696 1971 praterquam
1722 1899 1871 1970 quod
1912 1900 2248 1971 paucisSima
2289 1900 2380 1956 illa
2427 1901 2547 1955 lcea
2584 1910 2735 1967 sunt,
2768 1900 2841 1955 ita
2874 1900 3117 1954 breviter
3151 1897 3289 1951 affe-

108 2004 247 2059 lllll',
288 2003 347 2048 ut
380 1995 467 2049 vix
501 1996 884 2051 internoscere
917 1997 1097 2065 possis
1128 2009 1193 2048 ex
1233 1994 1588 2065 germanisne
1619 2009 1689 2048 an
1726 2007 1793 2049 ex
1837 1992 1979 2049 falso
2008 1994 2269 2065 ascriptis
2307 1994 2705 2067 Cbrysostomo
2735 1991 3001 2063 operibus
3034 1998 3287 2058 excerpta

107 2091 253 2144 :rint.
289 2088 369 2144 Ad
408 2089 530 2143 lucc
564 2096 748 2143 autem
801 2088 992 2144 istbaec
1028 2088 1254 2143 moralia
1301 2087 1549 2157 quaedam
1585 2087 1765 2141 solum
1798 2094 2073 2159 praecepta
2100 2087 2386 2155 exhibent,
2426 2103 2550 2159 qute
2593 2088 2648 2143 in
2697 2095 2846 2142 tanta
2881 2099 3109 2155 operum
3154 2082 3288 2136 silva

107 2188 334 2243 centies
364 2201 394 2241 a
421 2197 612 2242 sancto
639 2186 874 2242 Doetore
924 2194 1273 2256 repetuntur.
1311 2186 1390 2242 Ne
1417 2184 1553 2255 quid
1582 2194 1763 2241 tamen
1796 2184 2103 2242 desiderari
2133 2185 2407 2254 videatur,
2438 2183 2837 2257 amplissimam
2864 2180 3131 2247 omnium,
3168 2192 3292 2249 quae

108 2304 123 2339 λ
168 2287 463 2357 habentur,
509 2288 829 2360 eclogarum
864 2286 1246 2343 collectionem
1287 2283 1644 2357 proferimus.
