4064 6532
632 398 739 454 567

1340 398 1397 455 3.
1434 398 1720 456 JOANNIS
1757 400 2246 458 CHRYSOSTOMI
2289 404 2607 460 ARClllEl’.
2650 406 3215 466 (JONS'I'ANTtNOP;
3751 422 3835 475 568

637 703 3191 717 ηηΜᾜ--ῇ-Μψ-

633 677 1075 709 ’μ
654 704 681 715 .,
691 704 997 712 __..__......___._.
1007 677 1369 712 _..__—..__.I
1092 676 1360 697 -ΙΙ
1379 677 3005 716 ——-—————-_c———————.—___.___.._._....__._._.IIIIIlIII-In-I
3006 683 3191 717 ...ορ-...ΙΙΙ-
3200 684 3830 725 Μ--Ἤ

1476 1188 1952 1307 'SANCTI
2033 1142 2501 1307 PATRIS
2578 1184 3054 1309 NOSTRI

636 1606 1777 1830 JOANNIS
1886 1615 3835 1868 CHRYSOSTOML

1447 2121 2061 2184 ARCHIEPISCOPI
2104 2120 3086 2204 CONSTANTINOPOLITANI,

1064 2490 1668 2610 ECLOGIE
1760 2490 1947 2611 EX
2036 2486 2691 2616 DIVERSIS
2778 2492 3476 2620 HOMILIIS.

2049 3202 2400 3267 HOMILIA
2442 3204 2494 3264 Ι.

1222 3589 1297 3644 De
1339 3589 1634 3645 Dilectione.

700 3681 835 3737 Cum
865 3680 1126 3750 benignus
1166 3681 1308 3736 Deus
1349 3690 1532 3736 noster
1557 3696 1745 3736 omnes
1775 3689 1960 3736 mutuo
1999 3680 2219 3737 vinculo

628 3783 949 3828 connectere
980 3772 1173 3839 vellet,
1204 3774 1503 3840 carissimi,
1536 3773 1800 3842 ejusmodi
1845 3773 2008 3828 rebus
2039 3773 2215 3843 impo-

631 3868 739 3921 suit
769 3866 1141 3921 necesﬁtatem
1167 3908 1182 3930 ,
1216 3875 1273 3920 ut
1297 3882 1510 3934 semper
1555 3866 1713 3919 unius
1744 3864 1955 3928 utilitati
1996 3865 2217 3919 alterius

630 3972 840 4027 quoque
861 3958 1281 4011 emolumentum
1304 3956 1647 4025 conjunctttm
1673 3964 1819 4009 esset
1845 3957 1938 4025 (α).
1966 3955 2214 4025 Agricola

630 4046 893 4116 siquidem
929 4063 1032 4099 non
1065 4046 1192 4101 illud
1226 4044 1595 4100 tantummodo
1619 4043 2213 4111 seminatfrumentum,

633 4137 773 4208 quod
803 4137 903 4190 sibi
934 4134 1163 4191 sufficiat
1192 4152 1206 4190 :
1238 4136 1317 4190 sic
1360 4138 1501 4190 enim
1530 4145 1584 4190 et
1608 4138 1844 4205 seipsum
1879 4145 1931 4190 et
1959 4136 2095 4190 alios
2122 4136 2219 4191 ali-

629 4227 844 4296 quando
873 4228 1136 4295 perditum
1166 4227 1267 4281 iret
1300 4242 1314 4280 :
1348 4226 1500 4281 miles
1529 4243 1742 4297 quoque
1770 4241 1874 4280 non
1904 4237 1959 4280 ut
1981 4228 2216 4297 seipsum

630 4330 933 4380 conservet,
977 4317 1071 4371 sed
1119 4326 1175 4371 ut
1213 4317 1456 4372 civitates
1486 4332 1698 4387 quoque
1729 4318 1781 4372 in
1826 4326 1937 4371 tuto
1961 4318 2212 4387 collocet,

632 4409 883 4480 periculis
910 4410 1217 4479 eXponitur.
1264 4410 1528 4465 Praeterea
1576 4421 1840 4466 mercator
1867 4428 1972 4465 non
2008 4422 2210 4467 tantum

633 4501 894 4555 mercium
919 4501 1087 4556 solum
1115 4510 1381 4572 apportat,
1414 4512 1668 4572 quantum
1708 4504 1806 4556 sibi
1837 4505 1965 4558 satis
1995 4504 2085 4571 sit,
2116 4505 2211 4559 sed

630 4594 792 4647 etiam
833 4592 974 4663 quod
1004 4593 1185 4648 multis
1214 4593 1333 4648 aliis
1363 4592 1593 4647 sufficiat
1619 4594 1714 4663 (b).
1745 4593 1877 4649 Nam
1906 4612 2025 4648 cum
2054 4596 2215 4651 aliter

630 4686 875 4741 homines
902 4686 1130 4757 proximi
1176 4686 1474 4741 commodis
1503 4686 1719 4741 studere
1747 4687 1948 4741 llOllelll
1975 4729 1989 4752 ,
2020 4688 2120 4742 nisi
2160 4689 2211 4743 in

629 4777 895 4846 ejusmodi
920 4777 1241 4834 necessitate
1270 4778 1411 4832 Deus
1434 4778 1552 4831 illos
1587 4778 1978 4843 conStituisset,
2017 4778 2218 4835 idcirco

632 4867 734 4924 hac
758 4868 967 4924 ratione
993 4884 1271 4924 connexos
1303 4870 1440 4924 inter
1466 4884 1526 4924 se
1554 4883 1641 4924 res
1667 4869 1864 4932 voluit,
1911 4879 1969 4923 ut
2013 4885 2111 4924 nos
2151 4869 2216 4924 ad

628 4959 903 5027 proprium
932 4959 1274 5014 commodum
1306 4960 1610 5030 pertingere
1650 4973 1755 5013 non
1799 4958 2217 5024 concedat,‘ni‘i

625 5064 721 5114 per
743 5049 969 5103 aliorum
994 5053 1334 5119 perreximus
1356 5051 1657 5105 utilitatem.
1684 5050 1792 5105 Nec
1814 5051 1958 5104 enim
1989 5051 2213 5105 salutem

625 5142 880 5211 consequi
912 5150 1090 5210 potest
1129 5145 1217 5213 qui
1253 5142 1355 5198 hoc
1393 5153 1613 5209 careat;
1659 5144 1753 5199 sed
1786 5144 1909 5198 licet
1952 5158 2212 5199 summam

626 5232 849 5285 secteris
906 5231 1301 5302 philosophiam
1328 5274 1345 5299 ,
1403 5235 1540 5289 alios
1579 5249 1708 5290 vero
1755 5244 2037 5305 pereuntes
2083 5235 2213 5291 nihil

626 5336 805 5385 cures,
840 5321 1042 5375 nullam
1076 5330 1252 5376 tamen
1282 5323 1422 5393 apud
1456 5324 1621 5378 Deum
1655 5325 1900 5379 fiduciam
1934 5326 2214 5382 habiturus

626 5424 705 5462 es.
740 5409 801 5463 Si
828 5411 970 5463 enim
997 5412 1265 5481 facultates
1295 5429 1432 5467 mea:
1461 5413 1785 5480 distribuere;
1813 5415 1984 5485 inquit
2004 5415 2213 5472 divinus

620 5498 993 5567 Apostolus,et
1019 5504 1281 5559 tradidero
1310 5522 1493 5575 corpus
1517 5524 1684 5561 meum
1709 5508 1781 5561 ita
1812 5518 1867 5562 ut
1891 5509 2086 5573 ardeat,
2121 5528 2212 5565 ca-

623 5593 823 5647 ritatem
846 5611 962 5649 vero
976 5612 1074 5649 non
1098 5595 1341 5661 habuero,
1362 5595 1493 5650 nihil
1513 5597 1636 5650 mihi
1666 5598 1868 5665 prodest
1884 5600 1901 5669 (
1916 5601 1935 5654 Ι
1949 5640 1963 5656 .
1981 5599 2098 5654 Cor.
2120 5603 2208 5658 l5.

622 5706 875 5819 ωὲαὲιῖεκ
921 5707 1113 5760 humilia
1146 5722 1245 5760 xxv
1283 5710 1333 5761 in
1366 5707 1628 5775 Epistolam
1664 5711 1707 5763 ι.
1743 5712 1801 5764 ad
1833 5713 1939 5766 Cor.
1968 5714 2105 5765 Tom.
2138 5716 2213 5773 ιο,

689 5830 764 5894 (b)
787 5830 912 5882 Ibid.

2329 3594 2386 3662 3)
2417 3592 2517 3668 (α).
2546 3593 2603 3650 Si
2629 3611 2760 3652 vero
2786 3597 3086 3672 intelligere
3122 3603 3256 3659 velis
3277 3608 3571 3677 ,‘quantum
3599 3605 3846 3676 p‘rmsidium

2322 3685 2411 3753 sit,
2439 3688 2483 3742 si
2513 3687 2633 3759 quis
2662 3688 2878 3756 fratres,
2912 3693 3036 3748 licet
3064 3694 3265 3767 alioqui
3307 3696 3546 3753 inﬁdeles
3565 3741 3578 3766 ,
3604 3698 3846 3767 amplecta-

2323 3786 2443 3844 tur;
2476 3780 2518 3832 si
2548 3779 2670 3835 item
2710 3784 2830 3852 quis
2857 3794 3169 3841 maosuetus
3198 3800 3263 3842 ac
3286 3786 3439 3844 mitis
3480 3789 3545 3844 sit
3569 3822 3582 3853 .
3611 3800 3849 3857 moresque

2322 3883 2520 3924 suaves
2547 3872 2813 3937 ostendat,
2843 3875 2967 3930 audi
2988 3877 3112 3947 quid
3141 3879 3280 3934 idem
3310 3880 3398 3937 hic
3426 3882 3601 3937 beatus
3618 3882 3845 3952 apostolus

2324 3962 2518 4016 Paulus
2564 3964 2629 4017 ad
2669 3966 2902 4031 judicem
2952 3969 3255 4036 inﬁdelem,
3300 3984 3362 4029 nt
3412 3975 3733 4044 iudicaretur,
3780 3974 3845 4026 in-

2321 4071 2557 4125 gressus,
2581 4057 2723 4113 dicat
2751 4078 2764 4114 :
2794 4060 3009 4117 Beatum
3040 4078 3119 4119 me
3140 4069 3340 4123 animo
3362 4108 3377 4135 ,
3404 4070 3483 4125 ait
3506 4110 3518 4135 ,
3546 4071 3667 4141 quod
3685 4069 3797 4137 apud
3812 4076 3847 4118 te

2313 4148 2631 4218 judicandus
2656 4154 2752 4207 sim
2783 4152 2919 4227 (Act.
2947 4150 3039 4212 26.
3080 4159 3159 4229 2).
3200 4161 3330 4217 ﬂmc
3370 4175 3499 4218 vero
3546 4178 3642 4217 non
3678 4161 3845 4215 dicebat

2325 4242 2401 4296 illi
2429 4244 2676 4311 adulans,
2724 4248 2897 4315 absit,
2929 4250 3023 4305 sed
3058 4253 3203 4323 quod
3250 4254 3403 4311 illum
3446 4246 3543 4311 hac
3582 4260 3842 4308 manantem-

2322 4333 2449 4390 dine
2477 4335 2673 4391 lucrari
2702 4338 2864 4395 vellet
2891 4359 2905 4395 :
2932 4351 3093 4413 atque
3122 4343 3243 4399 ideo
3280 4345 3441 4401 etiam
3482 4347 3621 4402 illum
3649 4358 3704 4399 ex
3730 4350 3844 4411 Ρδτιθ

2324 4424 2557 4481 lucratus
2583 4438 2685 4493 est,
2718 4439 2773 4484 et
2798 4431 3033 4500 judicem
3061 4437 3225 4505 cepit,
3248 4438 3340 4507 qui
3365 4451 3593 4506 eoasque
3615 4437 3840 4490 damnatus

2322 4532 2442 4574 esse
2472 4520 2786 4589 putabatur:
2809 4540 2966 4593 quam
3000 4526 3275 4581 victoriam
3306 4527 3418 4597 ipse
3432 4528 3611 4598 iudex,
3634 4528 3726 4595 jam
3746 4524 3841 4576 sul»

2323 4620 2494 4677 actus,
2526 4611 2718 4667 illustri
2749 4630 2881 4670 voce
2900 4657 2916 4681 ,
2947 4618 3196 4673 carnibus
3231 4618 3582 4689 firmantibus
3608 4617 3839 4672 conﬁtetur

2323 4697 2505 4754 dicens
2530 4718 2542 4753 :
2576 4700 2641 4756 In
2669 4704 2865 4759 modica
2889 4708 3167 4774 persuades
3198 4711 3331 4763 mihi
3350 4753 3365 4777 ,
3388 4710 3709 4764 (inﬂationem
3732 4704 3834 4774 ﬁeri.

2322 4792 2457 4860 Quid
2489 4795 2649 4866 igitur
2682 4798 2911 4854 Paulus?
2945 4796 3188 4868 Optarem
3221 4816 3312 4873 ego
3340 4803 3537 4875 quidem
3579 4819 3670 4857 non
3710 4797 3835 4853 solum

2324 4895 2390 4949 te,
2418 4887 2505 4940 sed
2529 4889 2678 4942 etiam
2704 4907 2876 4945 omnes
2900 4895 2985 4961 qui
3010 4894 3221 4962 edunt,
3250 4896 3345 4950 hoc
3374 4898 3482 4964 ﬁeri
3506 4895 3631 4965 quod
3656 4908 3730 4960 eqa
3754 4903 3835 4943 sum

2322 4974 2486 5047 (Ibid.
2513 4995 2563 5032 υ.
2593 4979 2684 5035 28.
2725 4980 2818 5054 29)
2852 4983 2947 5054 (ὁ).
2992 4984 3123 5039 Cum
3156 4996 3286 5057 ergo
3320 4984 3418 5043 ille
3455 4986 3653 5056 quidem
3681 4989 3833 5037 tantam

2321 5080 2577 5137 exposcat
2602 5088 2931 5142 mensuram,
2966 5088 3065 5132 nos
3093 5089 3222 5133 vero
3249 5092 3317 5134 ne
3344 5078 3470 5134 illud
3497 5078 3707 5149 quidem,
3726 5068 3831 5142 quod

2322 5161 2496 5216 minus
2521 5173 2638 5229 est,
2682 5175 3001 5237 praestemus
3032 5185 3047 5221 :
3079 5184 3238 5238 quam
3284 5172 3487 5226 veniam
3532 5158 3832 5223 merebimur?

2318 5250 2429 5307 Nec
2477 5270 2601 5308 vero
2646 5255 2934 5312 absurdum
2981 5259 3075 5314 tibi
3111 5260 3375 5328 videatur,
3430 5261 3582 5315 alium
3626 5268 3778 5325 mam
3816 5266 3827 5302 ε

2320 5343 2421 5398 hoc
2451 5345 2714 5415 siquidem
2753 5347 3039 5405 ineﬂabilis
3067 5353 3351 5422 sapientia:
3392 5352 3487 5408 Dei
3519 5364 3644 5420 qius
3685 5355 3765 5399 est.
3788 5339 3827 5394 Si

2318 5436 2481 5500 enim,
2505 5453 2626 5492 cum
2656 5450 2836 5494 mutua
2866 5455 2969 5512 Ope
3003 5456 3279 5514 egeamus,
3304 5461 3400 5501 nes
3440 5446 3603 5499 tamen
3632 5439 3824 5507 indigea-

2319 5529 2405 5584 tia:
2430 5532 2721 5587 necessitas
2768 5533 2835 5589 ad
2894 5536 3185 5594 amicitiam
3234 5554 3346 5595 non
3388 5535 3592 5595 inducat
3637 5552 3657 5607 ε⁵
3684 5530 3721 5587 si
3751 5524 3824 5582 sibi

2382 5688 2453 5751 (ιι)
2478 5688 2601 5740 Ibid.

2318 5773 2777 5890 αιῖθῖιρξιθῗιῗηΰίλ
2811 5792 2988 5832 ³³⁸⁷⁸⁸
3032 5780 3084 5831 ἠ
3123 5780 3277 5846 Epist-
3325 5785 3367 5835 ι.
3398 5781 3463 5833 ττι
3498 5778 3597 5833 cor.
3630 5774 3738 5826 Tom
3763 5764 3819 5822 to.
