3872 6396
88 282 175 338 εϐθ

85 402 205 454 solus
236 400 562 471 unusquisque
590 401 898 469 sufficeret,
933 418 1112 457 annon
1156 405 1319 459 veluti
1370 406 1597 461 imman-

85 501 219 547 suelte
245 492 395 548 bestia:
424 494 708 549 essemus?
735 494 794 548 Vi
818 510 881 550 ac
906 496 1227 553 necessitate
1249 496 1476 567 quadam
1497 512 1595 551 nos

85 582 270 639 invicem
293 584 502 654 subjecit
533 584 712 650 Deus,
746 593 802 639 et
839 600 938 639 nos
981 596 1158 640 tamen
1189 586 1428 656 quotidie
1454 587 1594 641 inter

85 692 159 731 nos
193 676 537 748 confligimus:
580 676 628 731 si
667 675 880 733 frenum
930 678 1071 733 istud
1115 679 1256 734 Deus
1302 679 1454 733 nobis
1498 679 1593 735 de-

85 771 304 835 ;raxisset,
328 772 438 840 quis
467 770 622 826 facile
662 769 744 824 sui
784 770 1019 841 proximi
1062 773 1349 826 amicitiam
1376 770 1591 826 deside-

85 870 193 914 uret
214 858 418 932 (a)illac
443 860 585 915 enim
608 860 675 916 de
691 874 851 916 causa
878 876 1037 915 uuam
1068 862 1305 929 domum,
1337 862 1590 916 mundum

86 966 209 1015 tunc,
236 951 354 1006 Deus
378 952 529 1006 nobis
562 951 811 1018 tradidit,
851 966 1118 1023 unamque
1158 954 1428 1008 lucernam
1449 994 1465 1018 ,
1497 966 1590 1006 so-

85 1059 176 1109 em,
200 1043 336 1097 nobis
360 1042 630 1107 accendit;
664 1059 827 1098 unum
870 1044 998 1099 item
1042 1054 1240 1099 tectum
1288 1059 1451 1114 super
1491 1060 1589 1099 nos

86 1134 299 1204 trpandit,
327 1135 508 1189 carlum
539 1135 824 1202 videlicet,
856 1144 912 1191 et
936 1151 1096 1191 unam
1126 1151 1399 1203 mensam,
1428 1136 1478 1191 id
1506 1146 1589 1191 est

85 1239 252 1290 errant,
274 1226 546 1280 concessit.
574 1224 759 1295 Neque
786 1225 940 1280 diviti
968 1226 1087 1295 plus
1112 1226 1311 1297 aliquid
1332 1236 1424 1282 aut
1453 1243 1590 1298 prae-

86 1316 274 1381 tantius,
304 1330 394 1371 nec
422 1316 638 1386 pauperi
670 1317 829 1371 vilius
858 1316 985 1387 quid
1024 1326 1118 1372 aut
1163 1318 1340 1373 minus
1367 1319 1587 1389 largitus

86 1415 142 1470 st,
172 1418 223 1461 ut
255 1421 481 1477 magnam
532 1408 785 1463 nimirum
830 1423 894 1464 ac
941 1409 1267 1464 indivulsam
1312 1409 1455 1464 inter
1488 1425 1586 1466 nos

87 1498 335 1553 aberemus
362 1499 651 1565 unitatem,
684 1513 782 1555 nec
811 1500 1092 1569 quisquam
1138 1501 1319 1556 dicere
1363 1512 1581 1570 posset:

95 1593 135 1645 ic
156 1600 237 1645 aut
262 1591 343 1645 ille
357 1591 559 1647 amicus
578 1606 731 1646 meus
753 1607 858 1646 non
895 1602 979 1647 est
1003 1608 1175 1663 neque
1203 1604 1462 1663 cognatus
1487 1609 1581 1649 ne-

85 1697 137 1735 ue
163 1682 370 1744 vicinus.
393 1696 564 1750 neque
592 1682 758 1736 ullum
783 1682 914 1737 mihi
938 1698 1059 1737 cum
1088 1684 1177 1737 illo
1201 1685 1582 1738 commercium

85 1782 113 1824 st
143 1788 155 1823 :
184 1771 436 1842 quomodo
463 1772 610 1826 illum
638 1774 951 1827 conveniam
970 1813 987 1839 ,
1024 1773 1292 1843 quomodo
1320 1774 1583 1844 alloquar?

86 1877 145 1915 on
173 1861 303 1916 enim
346 1862 551 1932 qualem
595 1865 797 1918 amicus
846 1879 971 1935 erga
1022 1868 1251 1919 amicum
1297 1865 1583 1920 ostendere

85 1964 183 2008 :cet
208 1954 664 2025 prepinquitatem,
695 1955 851 2010 talem
880 1970 979 2011 nos
1000 1972 1214 2027 quoque
1242 1957 1467 2012 invicem
1495 1956 1582 2010 ha-

85 2064 151 2104 :re
178 2048 574 2104 familiaritatem
604 2059 847 2118 oportet,
890 2048 985 2104 sed
1030 2049 1239 2118 qualem
1280 2050 1578 2104 membrum

86 2140 87 2190 1
116 2139 419 2195 membrum.
452 2138 521 2195 Et
554 2139 1001 2209 quemadmodum
1032 2140 1210 2195 dicere
1244 2154 1352 2196 non
1382 2142 1576 2211 possis,

88 2231 169 2285 ldO
195 2232 320 2287 mihi
350 2246 468 2287 cum
511 2231 605 2286 illo
635 2230 971 2287 familiaritas
999 2243 1091 2286 aut
1128 2233 1410 2301 cognatio?
1451 2233 1579 2288 ridi-

86 2324 188 2377 lum
211 2323 349 2379 enim
374 2322 504 2379 illud
532 2322 671 2378 foret
702 2340 715 2377 :
746 2323 817 2378 ita
847 2338 946 2379 nec
967 2323 1035 2379 de
1057 2324 1224 2380 fratre
1252 2335 1344 2379 tuo
1365 2325 1466 2381 boc
1491 2326 1577 2380 di-

85 2430 137 2468 re
158 2415 365 2483 poteris.
389 2413 643 2481 Quamvis
665 2415 808 2469 enim
835 2430 1009 2484 neque
1037 2425 1292 2485 cognatus
1308 2416 1377 2470 sit
1405 2432 1578 2485 neque

85 2504 235 2571 licus,
264 2513 317 2557 at
337 2503 498 2559 homo
519 2514 697 2559 tamen
728 2512 833 2570 est,
864 2504 1108 2561 eamdem
1140 2517 1310 2561 tecum
1338 2522 1577 2561 commu-

85 2612 128 2648 ιιι
188 2594 384 2651 habens
435 2606 701 2661 naturam,
759 2596 1007 2650 eumdem
1058 2595 1370 2661 Dominum,
1420 2608 1474 2653 et
1520 2600 1573 2653 in

86 2688 193 2742 iem
240 2687 435 2743 mundo
486 2696 658 2743 natus.
704 2686 759 2741 ln
808 2688 1043 2757 pecuniis
1086 2674 1296 2758 quidem
1345 2704 1458 2755 eos,
1486 2690 1573 2760 qui

85 2780 136 2834 ιῘῙ
162 2778 374 2845 debent,
401 2779 707 2843 laudamus;
756 2778 809 2833 in
859 2780 1081 2834 caritate
1123 2788 1299 2834 autem
1342 2795 1436 2835 eus
1461 2797 1571 2835 am-

88 2874 282 2927 ctimur
307 2872 728 2935 ctadtniramur,
761 2873 851 2942 qui
882 2874 981 2928 sibi
1011 2885 1268 2945 perpetuo
1301 2875 1573 2933 debitores

85 2974 139 3017 ιι.
174 2963 541 3035 Obsequamur
569 2966 745 3035 itaque
787 2974 841 3018 et
882 2980 979 3018 nos
1010 2965 1152 3034 ipsos
1191 2966 1310 3019 aliis
1346 2967 1573 3036 conjun-

85 3072 203 3120 nus,
234 3072 295 3110 ac
330 3057 375 3109 si
407 3056 639 3110 deﬁcere
683 3055 834 3120 velit,
879 3066 936 3109 ttt
976 3072 1043 3111 ne
1087 3057 1365 3124 discedite,
1400 3073 1573 3128 neque

92 3146 283 3201 urdutn
314 3146 444 3201 illud
474 3146 695 3200 verbum
733 3147 931 3201 dixeris
962 3165 976 3200 :
1021 3147 1075 3203 Si
1108 3163 1195 3203 me
1225 3149 1419 3219 diligit,
1450 3148 1574 3204 dili-

121 3240 166 3291 si
190 3254 319 3293 vero
342 3253 449 3293 non
473 3238 645 3308 diligit
672 3253 756 3293 me
778 3238 966 3293 dexter
992 3239 1175 3294 oculus
1196 3256 1367 3303 meus,
1398 3240 1570 3311 ipsum

85 3345 117 3382 ο
148 3348 160 3382 :
196 3329 291 3385 sed
322 3329 498 3400 potius
522 3345 642 3384 cum
675 3329 893 3401 diligere
922 3339 973 3385 te
1003 3348 1107 3385 non
1135 3332 1281 3397 vult,
1312 3332 1570 3401 majorem

88 3435 247 3487 psum
278 3420 548 3476 ostendito
588 3420 969 3487 dilectionem,
1008 3430 1065 3476 ιιι
1102 3423 1275 3494 ipsum
1318 3424 1524 3478 allicias
1554 3443 1567 3479 :

86 3510 293 3565 utbrum
324 3511 469 3566 enim
497 3522 616 3576 est;
648 3512 947 3568 membrum
994 3523 1170 3569 autem
1211 3531 1331 3570 cum
1386 3532 1572 3574 neces-

86 3617 110 3655 s
157 3602 342 3672 aliqua
368 3617 399 3656 a
433 3603 640 3672 reliquo
668 3618 894 3674 corpore
932 3605 1328 3675 prmcidendum
1359 3609 1567 3678 suadet,

89 3696 159 3749 tia
186 3695 479 3763 molimur,
508 3704 567 3751 ut
604 3697 732 3751 illud
785 3699 975 3754 iterum
1008 3711 1388 3756 connectamus
1411 3746 1423 3768 ,
1455 3720 1572 3758 ma-

93 3803 263 3856 mque
308 3796 444 3843 tunc
479 3803 662 3843 curam
706 3788 1039 3845 adhibemus.
1074 3792 1137 3845 Et
1169 3808 1296 3846 vero
1342 3796 1570 3864 amplior

110 3895 335 3935 merces
362 3880 485 3948 erit,
518 3880 562 3935 si
604 3880 822 3953 diligere
861 3884 1130 3938 nolentem
1175 3889 1477 3943 attraxeris.
1509 3888 1566 3944 Si

85 3988 99 4025 ι
143 3972 214 4027 ad
260 3973 550 4044 prandium
601 3974 825 4029 invitare
874 3975 1026 4044 jubet
1070 3992 1163 4031 eos
1210 3979 1300 4048 qui
1343 3981 1567 4035 reddere

86 4064 125 4117 is
150 4078 265 4117 non
295 4065 536 4129 valeant,
564 4078 669 4132 quo
698 4065 902 4120 scilicet
928 4066 1209 4122 retributio
1238 4069 1407 4140 major
1434 4069 1523 4126 ﬁat
1550 4089 1566 4127 :

85 4163 136 4206 to
168 4153 353 4223 magis
393 4153 449 4209 in
494 4154 727 4209 amicitia
773 4154 827 4210 id
870 4154 1045 4212 facere
1072 4173 1295 4215 necesse
1322 4169 1425 4216 est.
1468 4162 1569 4228 Qui

92 4264 105 4297 ι
140 4262 274 4299 cum
308 4245 573 4317 diligitur,
603 4256 656 4302 te
683 4246 919 4302 vicissim
947 4247 1152 4318 diligit,
1187 4251 1278 4307 ille
1305 4252 1447 4308 vices
1476 4256 1570 4311 tibi

86 4338 204 4390 iitlit
243 4355 256 4390 :
291 4338 385 4408 qui
418 4352 567 4403 vero,
595 4352 717 4392 cum
744 4337 1004 4408 diligitur,
1038 4348 1088 4394 te
1121 4356 1226 4395 non
1258 4341 1447 4413 diligit,
1480 4344 1570 4400 ille

86 4445 131 4480 ll)
164 4444 271 4497 pro
296 4443 361 4482 se
391 4427 689 4483 debitorem
718 4431 1014 4483 constituit.
1047 4430 1112 4485 Et
1141 4441 1420 4501 prasterea,
1447 4449 1568 4490 cum

85 4521 253 4590 iligit,
289 4535 403 4575 non
436 4520 634 4591 indiget
658 4535 746 4576 res
766 4523 930 4577 multa
962 4522 1233 4590 diligentia
1260 4540 1412 4579 :cum
1444 4541 1569 4580 vero

92 4614 277 4667 iuime
310 4612 511 4683 diligit,
546 4621 672 4666 tunc
714 4619 807 4666 tuo
836 4628 972 4682 opus
1014 4613 1175 4669 habet
1220 4615 1565 4670 adminiculo.

85 4710 242 4776 gitur
270 4720 498 4760 causam
532 4704 818 4775 diligentia:
847 4719 1064 4761 causam
1101 4706 1264 4762 facias
1296 4708 1570 4779 negligen-

111 4814 309 4868 neqtte
343 4797 514 4865 dicas,
547 4798 809 4864 Quoniam
834 4798 943 4869 jam
981 4800 1213 4870 languet,
1245 4800 1365 4857 ideo
1392 4804 1563 4872 ipsmn

96 4906 174 4958 go
209 4907 223 4941 :
256 4905 390 4943 nam
421 4889 643 4959 languor
667 4889 770 4945 iste
805 4890 1045 4944 caritatis
1072 4890 1407 4962 refrigeratio
1436 4906 1517 4948 est
1550 4912 1563 4949 :

85 4996 175 5035 :ro
205 5022 222 5046 ,
270 4979 427 5050 quod
472 4978 844 5049 refrigeratum
872 4992 974 5044 est,
1013 4980 1228 5048 foveto;
1255 4998 1374 5037 nam
1407 4985 1569 5039 vehe-

85 5091 169 5128 ,ρι-
203 5073 391 5126 amari
434 5071 570 5127 velle
595 5113 610 5137 ,
642 5072 817 5127 oritur
841 5088 904 5127 ex
937 5089 1001 5128 eo
1028 5112 1044 5139 ,
1090 5073 1230 5144 quod
1262 5076 1379 5144 quis
1405 5076 1564 5129 alium

85 5172 328 5219 menter
357 5171 526 5218 amet.
554 5162 688 5217 Cum
712 5162 855 5218 enim
882 5179 987 5217 non
1015 5163 1301 5218 admodum
1329 5180 1453 5234 erga
1480 5168 1569 5220 ali-

86 5273 102 5309 ι
133 5256 338 5310 affecti
370 5270 582 5322 sumus,
616 5270 720 5309 non
746 5255 907 5309 etiam
934 5254 1256 5326 singularem
1289 5256 1457 5326 ipsius
1481 5273 1567 5311 ex-

92 5365 189 5401 ius
222 5348 536 5403 amicitiam
556 5389 570 5415 ,
598 5349 842 5419 quamvis
868 5363 1090 5419 magnus
1114 5390 1127 5412 ,
1158 5349 1399 5418 quamvis
1432 5365 1565 5404 cou-

96 5455 170 5494 ns
234 5440 339 5495 ille
399 5440 473 5495 sit
526 5456 541 5497 :
595 5455 716 5495 cum
770 5455 899 5495 vero
954 5439 1206 5496 ardenter
1260 5440 1565 5511 quempiam

85 5680 208 5792 aii:
261 5681 469 5733 hormlia
513 5696 608 5732 xm
646 5683 695 5733 ln
739 5680 1001 5746 Epistolam
1029 5681 1076 5731 2.
1105 5681 1164 5732 ad
1188 5680 1295 5733 Cor.
1322 5680 1460 5732 'l‘om.
1486 5682 1563 5747 ιο,

1005 284 1271 343 saneea
1315 286 1408 342 nr.
1450 272 1873 361 DILECTIONE,
1920 297 2150 357 ιιοιιιι.
2192 305 2233 359 ι.

3190 323 3273 377 ιτο

1680 410 2015 505 sincer-eque
2041 417 2333 491 diligimus,
2356 427 2546 482 etamsi
2573 428 2733 484 homo
2763 430 2935 488 tenuis
2961 443 3012 488 et
3039 434 3275 505 abjcctus

1698 502 1768 557 sit
1797 504 1888 574 qui
1911 518 2140 577 amatur,
2177 511 2775 575 honorificentissimum
2815 532 2989 580 tamen
3021 502 3149 581 illud
3173 527 3272 582 du-

1697 596 1865 652 cimus
1892 639 1906 662 ,
1939 601 2080 670 quod
2112 603 2166 658 in
2215 607 2331 675 ipso
2376 609 2531 666 nobis
2567 628 2725 668 causa
2753 617 2973 673 amoris.
3012 617 3069 673 Si
3093 632 3272 675 autem

1700 688 1859 745 fratre
1904 707 2009 747 non
2058 696 2135 749 uti
2180 699 2419 766 novisti,
2463 704 2732 771 quomodo
2771 718 2917 762 recte
2956 707 3034 764 uti
3074 711 3273 779 poteris

1694 782 1910 839 alieno?
1937 784 1992 840 Si
2032 790 2302 857 proprium
2326 794 2626 849 membrum
2649 805 2878 853 tractare
2905 802 3102 869 nescis,
3134 820 3272 872 (ιιιοο

1696 875 1855 932 modo
1877 886 2156 935 externum
2190 882 2282 937 tibi
2309 886 2599 942 conciliare
2623 898 2677 942 et
2695 890 3020 961 conjungere
3047 895 3274 963 poteris?

1694 965 1812 1021 Non
1834 968 1914 1022 vis
1937 970 2076 1040 apud
2094 971 2229 1027 alios
2250 975 2388 1030 male
2416 976 2640 1031 audire?
2671 994 2736 1033 ne
2767 981 2927 1049 igitur
2956 993 3010 1036 tu
3041 984 3178 1039 male
3202 985 3270 1040 de

1694 1061 1813 1117 aliis
1843 1063 2095 1133 loquaris.
2130 1066 2357 1123 Laudari
2386 1071 2742 1141 cupisflauda
2764 1075 2924 1146 igitur
2945 1086 2997 1132 ct
3028 1087 3081 1131 tu
3112 1080 3269 1134 alios.

1692 1152 2111 1210 Misericordiam
2141 1160 2398 1230 consequi
2444 1162 2632 1231 optas?
2661 1164 2737 1218 sis
2763 1172 2818 1219 et
2845 1174 2897 1219 tu
2939 1166 3267 1222 misericors.

1694 1246 1912 1302 Veniam
1933 1248 2175 1306 obtinere
2192 1251 2506 1309 desideras?
2527 1255 2754 1326 ipsemet
2774 1273 2900 1328 ergo
2917 1258 3037 1314 aliis
3059 1261 3265 1317 veniam

1690 1335 1836 1392 dato.
1867 1339 1981 1394 Non
2007 1342 2087 1395 vis
2118 1351 2176 1396 ut
2219 1344 2358 1399 bona
2398 1356 2488 1401 tua
2532 1345 2892 1418 diripiantur?
2928 1351 3102 1407 aliena
3139 1368 3268 1423 ergo

1692 1445 1881 1499 rapere
1908 1434 2039 1489 noli.
2070 1434 2225 1489 Tales
2247 1452 2371 1507 erga
2396 1439 2666 1507 proximos
2691 1451 2905 1497 nostros
2925 1442 3113 1511 simus,
3137 1459 3267 1514 qua-

1691 1520 1769 1575 les
1791 1522 1936 1592 ipsos
1964 1540 2088 1594 erga
2128 1543 2227 1581 nos
2256 1543 2377 1582 esse
2405 1540 2673 1599 optamus.
2722 1530 2873 1587 Sicut
2918 1532 3061 1589 enim
3087 1534 3265 1589 anima

1688 1613 1805 1668 sine
1850 1630 2075 1685 corpore
2122 1634 2227 1672 non
2276 1621 2581 1689 appellatur
2627 1621 2831 1688 homo,
2885 1640 3060 1695 neque
3100 1625 3262 1681 etiam

1689 1719 1886 1775 corpus
1911 1709 2112 1778 absque
2150 1712 2325 1764 anima
2359 1726 2372 1761 :
2413 1712 2486 1767 ita
2533 1729 2634 1769 nec
2677 1714 2873 1770 caritas
2913 1731 3035 1787 erga
3069 1716 3259 1783 Deum,

1689 1797 1790 1851 nisi
1819 1800 2044 1868 proximi
2075 1800 2417 1858 dilectionem
2450 1806 2791 1877 conjunctam
2839 1808 3049 1863 habeat.
3100 1810 3262 1865 Visne

1689 1887 1831 1944 littnc
1854 1900 1946 1944 aut
1967 1890 2114 1944 illum
2146 1892 2451 1948 demereri?
2477 1912 2582 1951 non
2614 1892 2901 1967 prohibeo;
2926 1899 3167 1959 sedvide
3196 1915 3263 1955 ne

1646 1998 1651 2015 τ
1686 1980 1750 2033 ad
1783 1982 2002 2036 alterius
2038 1985 2334 2039 molestiam
2376 1987 2427 2041 id
2458 1989 2549 2043 fiat
2581 2006 2594 2042 :
2633 2006 2738 2045 non
2786 1993 2929 2045 enim
2975 2002 3029 2047 ut
3075 2002 3260 2048 contra

1688 2086 1784 2126 nos
1808 2084 1990 2127 tnutuo
2019 2090 2316 2145 pugnemus
2337 2119 2353 2143 ,
2384 2080 2537 2133 nobis
2565 2081 2805 2151 magistri
2843 2083 2951 2137 dati
2977 2092 3099 2137 sunt
3118 2125 3134 2150 ,
3164 2084 3258 2139 sed

1687 2173 1745 2217 ut
1771 2180 1959 2220 omnes
1988 2178 2172 2222 mutuo
2210 2168 2421 2224 vinculo
2458 2172 2612 2226 nobis
2640 2172 3046 2243 conjungamur.
3079 2174 3257 2243 Quare

1685 2253 1843 2323 igitur
1869 2255 2016 2309 solus
2042 2256 2141 2311 es?
2165 2274 2331 2327 quare
2358 2275 2462 2313 non
2486 2263 2682 2317 multos
2714 2263 2805 2318 tibi
2825 2264 2994 2320 efficis
3014 2266 3255 2321 amicos?

1683 2359 1847 2414 quare
1876 2362 1981 2399 nou
2012 2348 2249 2402 caritatis
2276 2360 2466 2405 auctor
2492 2350 2770 2422 fis?q'uare
2795 2353 3104 2420 amicitiam,
3123 2370 3260 2410 sum-

1684 2449 1824 2488 mam
1849 2436 2057 2491 virtutis
2090 2438 2332 2504 laudem,
2366 2456 2471 2495 non
2500 2443 2816 2513 comparas?
2845 2443 2994 2499 Sicut
3018 2446 3158 2500 enim
3187 2460 3254 2499 ex

1681 2539 1946 2580 consensu
1969 2536 2022 2581 et
2047 2538 2202 2598 pacto
2224 2530 2492 2599 improbos
2513 2532 2722 2602 aliquos
2748 2548 2867 2589 esse
2892 2534 3260 2590 vehementius

1683 2617 1847 2672 Deum
1876 2630 2155 2690 eanperat
2188 2640 2201 2677 :
2234 2622 2304 2676 ita
2332 2623 2383 2677 in
2421 2624 2709 2679 concordia
2735 2624 2934 2680 bonum
2962 2642 3110 2692 esse,
3140 2643 3257 2682 ma-

1680 2710 1761 2779 gis
1790 2711 2041 2768 delectat.
2086 2713 2162 2768 Ne
2198 2715 2272 2769 sis
2298 2730 2418 2769 cum
2446 2717 2629 2771 multis
2679 2717 2872 2787 impius
2901 2735 2915 2772 :
2957 2728 3081 2773 ante
3108 2718 3257 2774 babi-

1682 2801 1853 2857 tacula
1880 2813 1935 2858 et
1960 2806 2135 2859 otunia
2160 2807 2260 2859 alia
2292 2822 2417 2876 para
2459 2809 2551 2864 tibi
2584 2810 2807 2865 amicos.
2840 2810 2897 2864 Si
2926 2809 3086 2865 homo
3106 2811 3255 2880 paci-

1679 2892 1811 2946 ficus
1834 2892 1969 2948 filius
2001 2895 2115 2957 Dei,
2148 2909 2348 2966 quanto
2378 2899 2546 2970 magis
2573 2900 2662 2969 qui
2692 2900 2893 2955 amicos
2916 2900 3144 2956 facit?si
3169 2902 3256 2957 ille

1681 2982 1771 3036 Dei
1802 2983 1939 3037 filius
1960 2985 2277 3052 appellatur,
2306 2988 2395 3057 qui
2419 2989 2552 3043 alios
2572 2989 2742 3043 solum
2775 2990 3085 3045 reconciliat
3107 3008 3121 3056 ;
3147 3007 3253 3061 quo

1678 3074 1767 3128 ille
1804 3090 1907 3129 non
1942 3075 2043 3129 erit
2070 3077 2258 3145 dignus
2288 3080 2522 3147 praemio,
2550 3081 2639 3150 qui
2661 3082 3034 3137 reconciliatos
3053 3084 3254 3138 amicos

1678 3164 1844 3219 facit?
1869 3166 1924 3221 Si
1950 3168 2091 3221 enim
2131 3168 2376 3225 diabolus
2420 3172 2667 3225 omnibus
2708 3172 2950 3228 inimicos
2990 3173 3105 3229 fieri
3156 3191 3252 3227 nos

1671 3256 1856 3326 jubet;
1900 3269 1957 3314 et
1994 3260 2131 3315 Deus
2155 3270 2335 3315 contra
2360 3262 2480 3318 illos
2506 3264 2753 3334 amplecti
2780 3275 2835 3320 et
2854 3266 3072 3335 diligere
3102 3283 3255 3321 mau-

1676 3348 1799 3415 dat;
1831 3360 1884 3405 et
1910 3352 1999 3407 ille
2035 3353 2246 3421 quidem
2291 3354 2401 3408 luto
2430 3364 2483 3409 et
2514 3356 2770 3413 lateribus
2805 3359 2928 3430 (hoc
2958 3359 3099 3413 enim
3122 3367 3247 3412 sunt

1677 3438 1898 3512 divitiae)
1931 3442 2120 3498 affixos
2148 3460 2215 3499 ne
2243 3455 2400 3500 noctu
2427 3446 2640 3516 quidem
2673 3449 2755 3503 vel
2781 3449 3047 3504 modicum
3081 3452 3253 3519 respi-

1677 3547 1797 3589 rare
1839 3536 1962 3588 siuit
1982 3551 1997 3592 :
2021 3535 2108 3592 hic
2133 3552 2261 3591 vero
2286 3553 2685 3608 supervacanea
2713 3540 2809 3595 ista
2835 3551 2889 3596 et
2928 3542 3095 3596 inutili
3119 3557 3247 3597 cura

1677 3638 1776 3679 nos
1803 3625 2030 3693 liberat,
2078 3628 2328 3699 colligere
2355 3646 2481 3685 vero
2509 3631 2788 3687 thesauros
2815 3632 2867 3688 in
2896 3634 3038 3689 caelis
3060 3634 3211 3703 jubet
3234 3674 3249 3697 ,

1676 3732 1781 3771 non
1813 3732 1935 3772 cum
1963 3718 2180 3773 alterius
2206 3720 2417 3789 quidem
2443 3722 2664 3793 injuria,
2693 3725 2787 3779 sed
2823 3741 2886 3779 ex
2930 3726 3140 3795 propria
3163 3726 3250 3794 ju-

1678 3809 1819 3863 stitia
1847 3826 1860 3872 ;
1885 3826 1946 3865 ac
1966 3826 2148 3864 rursus
2174 3812 2261 3865 ille
2285 3825 2401 3882 post
2427 3816 2619 3869 multus
2644 3817 2851 3871 labores
2876 3826 2930 3871 et
2956 3833 3247 3882 aerumnas,

1674 3915 1793 3956 Cum
1828 3902 1896 3956 ibi
1940 3904 2187 3972 punimur
2216 3913 2270 3958 et
2311 3907 2444 3958 mala
2484 3917 2701 3976 propter
2725 3909 2950 3963 violatas
2979 3910 3071 3964 Dei
3095 3910 3244 3980 leges

1674 3996 1926 4062 patimur,
1974 4012 2077 4049 non
2116 3997 2287 4051 solum
2328 3997 2612 4053 defendere
2664 4002 2876 4070 nequit,
2933 4002 3027 4056 sed
3080 4004 3241 4057 etiam

1674 4085 1939 4140 flammam
1962 4096 2154 4157 auget;
2185 4087 2274 4143 hic
2309 4104 2441 4144 vero
2466 4090 2553 4159 qui
2583 4092 2826 4159 poculum
2862 4091 3065 4163 frigida:
3094 4109 3244 4161 aquae

1679 4177 1807 4231 dare
1848 4177 2004 4232 nobis
2038 4180 2323 4249 prmecpit,
2363 4196 2653 4251 numquam
2679 4182 2829 4236 istius
2859 4184 3156 4237 mercedem
3196 4194 3251 4238 ct

1676 4269 2079 4324 retributionem
2128 4285 2227 4324 nos
2278 4271 2501 4340 perdere
2545 4274 2689 4336 sinit,
2738 4272 2832 4328 sed
2876 4274 3245 4329 liberalissime

1675 4368 2080 4415 remuneratur:
2109 4361 2377 4430 quomodo
2406 4378 2510 4417 non
2536 4373 2791 4418 extrema:
2818 4364 3101 4419 dementiae
3132 4365 3246 4420 fue-

1674 4451 1773 4514 rit,
1806 4463 1912 4506 tam
1943 4452 2260 4507 clementem
2278 4455 2556 4524 tantisque
2581 4454 2733 4508 bouis
2760 4455 3115 4512 abundantem
3143 4458 3245 4511 Du-

1675 4545 1876 4599 minutn
1907 4560 2013 4600 non
2038 4560 2219 4600 amare
2242 4587 2257 4611 ,
2288 4546 2378 4599 scd
2404 4547 2608 4615 ingrato
2638 4556 2688 4600 et
2718 4547 2958 4615 improbo
2981 4558 3205 4619 tyranno
3224 4589 3239 4613 ,

1675 4638 1763 4705 qui
1792 4650 1890 4690 nec
1919 4637 1971 4690 in
2002 4636 2100 4691 bac
2129 4651 2228 4690 nec
2268 4636 2320 4689 in
2350 4637 2516 4692 altera
2545 4635 2649 4689 vita
2688 4637 2788 4692 sibi
2822 4637 3245 4708 obsequentibus

1674 4737 1727 4781 et
1781 4728 2076 4797 conjunctis
2131 4728 2413 4798 quidquam
2471 4728 2725 4798 prodesse
2774 4729 2949 4796 valet,
3000 4732 3244 4786 servire?

1672 4820 1751 4876 Ne
1778 4821 1936 4891 igitur
1964 4821 2191 4876 moleste
2221 4821 2401 4875 feratis
2438 4837 2556 4889 quae
2584 4837 2611 4873 a
2653 4836 2738 4874 me
2780 4821 2918 4875 dicta
2950 4830 3071 4874 sunt
3098 4837 3112 4874 :
3146 4836 3245 4889 ego

1673 4913 1814 4968 enim
1858 4929 1961 4966 non
2015 4923 2216 4967 tantum
2249 4928 2369 4967 cum
2399 4928 2485 4967 me
2514 4912 2691 4965 laudat
2731 4913 2954 4976 amicus,
3001 4913 3092 4967 sed
3123 4929 3242 4967 cmn

1673 5006 1968 5074 corrigendi
1994 5020 2152 5061 causa
2176 5022 2260 5059 me
2286 5004 2645 5074 reprehendit,
2671 5015 2793 5060 tunc
2813 5007 3038 5061 maxime
3066 5007 3239 5076 ipsum

1674 5111 1760 5149 me
1797 5094 2017 5165 diligere
2056 5095 2306 5151 dixerim.
2339 5096 2546 5150 Etenim
2576 5097 2751 5150 omnia
2788 5095 3101 5165 simpliciter
3126 5097 3243 5151 lau-

1673 5186 1821 5252 dare,
1872 5196 1926 5240 et
1967 5202 2086 5257 quae
2133 5196 2279 5242 recte
2324 5186 2459 5240 facta
2500 5196 2626 5241 sunt
2673 5196 2728 5242 et
2772 5204 2887 5258 qua:
2920 5201 3106 5251 secus,
3134 5204 3238 5242 non

1671 5278 1900 5330 amantis
1925 5317 1939 5341 ,
1996 5277 2091 5331 sed
2134 5278 2440 5347 impostoris
2483 5288 2537 5333 et
2575 5278 2826 5332 derisoris
2866 5291 2949 5333 est
2979 5297 2991 5330 :
3022 5279 3238 5333 laudare

1672 5384 1837 5432 vero,
1883 5384 2005 5423 cum
2052 5369 2177 5440 quid
2227 5380 2375 5425 recte
2419 5372 2476 5423 fit
2517 5378 2571 5423 et
2611 5380 2931 5440 opportune,
2961 5384 3024 5423 ac
3061 5386 3250 5434 repre-

1675 5461 1907 5516 hendere
1935 5477 2055 5516 cum
2083 5463 2277 5533 aliquid
2306 5462 2653 5532 delinquitur,
2706 5461 2756 5516 id
2800 5462 3050 5517 nimirum
3080 5461 3238 5514 amici

1672 5562 1728 5607 et
1758 5553 1984 5608 benefici
2015 5561 2100 5607 est
2130 5552 2381 5607 hominis.
2418 5552 2533 5607 Non
2574 5554 2732 5623 igitur
2757 5554 2987 5619 hostem,
3012 5566 3128 5606 cum
3155 5566 3240 5603 mo

1672 5643 1889 5710 laudat,
1955 5644 2288 5714 amplector,
2345 5644 2440 5698 sed
2495 5646 2723 5699 amicum
2787 5645 2877 5713 qui
2932 5659 3017 5698 me
3066 5645 3240 5710 arguit

1670 5739 1904 5811 approbo
1929 5756 1939 5793 :
1972 5739 2057 5794 ille
2100 5740 2257 5796 etiam
2288 5739 2331 5792 si
2361 5752 2445 5792 me
2473 5746 2614 5792 amet
2634 5778 2657 5811 ,ο
2684 5735 2810 5791 mihi
2839 5736 3075 5806 ingratus
3114 5741 3193 5787 est
3214 5748 3237 5798 ε
