3872 6396
512 228 612 284 5τῖ

518 345 606 399 hic
638 356 800 407 vero,
826 341 956 397 licet
982 336 1177 391 vulnus
1208 332 1442 407 inﬁigat,
1488 330 1734 389 amabilis
1766 339 1944 391 tamen
1976 337 2059 387 est
2089 346 2103 382 :

524 435 783 497 ﬁdeliora
824 432 971 486 enim
1020 435 1173 493 sunt,
1217 425 1429 496 inquit,
1476 423 1689 479 vulnera
1734 421 1906 487 amici,
1957 436 2110 487 quam

514 535 794 595 spontaneo
821 520 999 577 oscula
1026 518 1221 572 inimici
1254 514 1439 589 (Prov.
1472 514 1566 569 27.
1597 514 1677 583 6).
1708 513 1932 573 Amicus
1963 513 2107 573 enim

519 617 633 671 sive
676 615 820 684 juste
857 614 972 666 sive
1018 609 1215 678 injuste
1246 609 1491 671 iucuset,
1539 605 1737 676 probro
1780 614 1958 665 tamen
2004 618 2109 660 non

520 704 704 766 allicit.
731 704 823 758 sed
847 703 899 758 id
932 702 1080 768 facit,
1114 716 1199 753 me
1226 699 1498 775 corrigere
1526 696 1712 752 volens
1741 712 1755 748 :
1790 696 1959 755 hostis
1984 709 2112 750 vero

521 796 730 851 etiamsi
749 795 892 865 juste
917 793 1203 861 corripiat,
1231 806 1336 851 non
1368 799 1544 845 tamen
1579 788 1896 851 emendandi
1926 803 2109 853 causa,

520 887 613 943 sed
644 887 933 942 infamandi
966 886 1184 940 libidine
1214 892 1429 943 accusat
1462 884 1564 955 (a).
1614 882 1753 939 Nihil
1802 882 1959 959 igitur
1985 895 2106 943 cum

520 980 805 1034 concordia
835 977 1250 1047 comparandum
1279 1017 1293 1039 ,
1322 974 1656 1035 dilectissimi
1691 991 1702 1026 :
1734 974 1810 1027 sic
1835 969 1975 1029 enim
1999 973 2107 1027 sin-

520 1074 625 1143 guli
652 1073 940 1126 multorum
965 1071 1134 1131 instar
1157 1078 1335 1133 erunt.
1367 1068 1422 1123 Si
1447 1070 1589 1122 enim
1615 1068 1893 1122 unanimes
1918 1066 2115 1121 fuerint

522 1166 628 1220 duo
657 1175 748 1218 aut
776 1164 1002 1230 decem,
1042 1163 1153 1239 jam
1183 1177 1320 1216 unus
1351 1177 1458 1217 non
1482 1170 1566 1217 est
1597 1176 1731 1214 unus
1752 1203 1767 1227 ,
1797 1159 1890 1219 sed
1919 1158 2113 1229 singuli

525 1254 739 1309 illorum
770 1255 921 1325 quasi
953 1253 1139 1308 decem
1175 1253 1307 1313 fiunt
1332 1268 1345 1315 ;
1372 1268 1435 1305 ac
1473 1252 1516 1305 si
1548 1250 1821 1305 inimicum
1862 1249 2110 1315 habeant,

523 1350 611 1418 qui
642 1349 850 1403 illorum
877 1361 1037 1402 unum
1062 1345 1296 1410 invadat,
1329 1344 1416 1397 ille
1447 1358 1555 1397 non
1586 1358 1741 1401 secus
1767 1358 1828 1397 ac
1854 1342 1896 1395 si
1927 1342 2113 1395 decem

525 1441 745 1495 adortus
766 1439 975 1503 fuisset,
1000 1440 1069 1499 ita
1092 1439 1317 1507 capitur.
1350 1436 1404 1490 Si
1433 1436 1570 1491 forte
1602 1450 1737 1489 unus
1760 1434 1968 1489 illorum
1992 1448 2116 1506 cge-

526 1541 664 1587 state
692 1540 984 1602 prematur,
1006 1531 1055 1584 in
1082 1536 1320 1598 egestate
1350 1540 1523 1582 tamen
1553 1544 1655 1582 non
1684 1528 1785 1581 erit
1818 1548 1830 1582 :
1864 1542 1891 1580 a
1916 1526 2116 1597 majore

526 1625 669 1679 enim
697 1631 845 1693 parte
866 1620 1156 1695 indigentia
1192 1621 1337 1673 velut
1362 1620 1547 1676 umbra
1574 1618 1857 1677 occulitur.
1884 1617 2117 1684 Quilibet

529 1716 742 1771 illorum
784 1713 969 1783 viginti
1012 1727 1203 1766 manus
1254 1711 1448 1774 habet,
1489 1719 1542 1765 et
1573 1711 1757 1779 viginti
1796 1709 2013 1773 oculos,
2062 1716 2119 1762 et

529 1804 749 1860 totidem
783 1803 944 1873 pedes
967 1844 981 1867 ,
1017 1802 1225 1857 animas
1258 1816 1470 1873 qtmqtte
1499 1800 1684 1854 decem
1709 1799 1946 1869 possidet
1972 1815 1985 1853 :
2012 1813 2117 1853 non

528 1896 671 1952 enim
717 1894 828 1950 suis
873 1893 1068 1963 singuli
1118 1901 1323 1946 tantum
1372 1901 1685 1965 operantur,
1725 1890 1819 1943 sed
1849 1891 2007 1945 etiam
2055 1890 2155 1967 iis.

527 2003 647 2059 qua:
667 1996 791 2041 sunt
816 1985 1166 2056 reliquorum.
1207 1983 1261 2039 Si
1297 1999 1423 2038 vero
1449 1984 1608 2038 etiam
1645 1995 1859 2037 centum
1898 1982 2114 2050 fuerint,

530 2092 716 2132 rursus
757 2076 948 2133 eodem
988 2075 1151 2131 modo
1179 2090 1237 2135 se
1267 2091 1354 2129 res
1380 2074 1558 2130 habet.
1599 2074 1744 2129 Idem
1777 2084 1831 2128 et
1863 2073 1913 2128 in
1942 2074 2119 2128 Persia

530 2179 583 2226 et
612 2169 795 2224 Romae
821 2184 941 2224 esse
969 2176 1148 2240 potest
1181 2185 1193 2223 :
1225 2177 1278 2223 et
1306 2166 1445 2237 quod
1476 2177 1664 2221 natura
1696 2167 1872 2237 nequit
1898 2210 1913 2233 ,
1948 2166 1996 2229 id
2024 2183 2110 2222 cas

529 2264 701 2318 ritatis
732 2262 823 2331 vis
863 2267 1053 2332 potuit.
1103 2259 1161 2316 Si
1190 2262 1367 2331 itaque
1397 2260 1542 2314 mille
1573 2260 1665 2314 tibi
1698 2260 1805 2313 sint
1835 2259 1989 2315 amici
2016 2268 2110 2314 aut

531 2354 613 2410 bis
634 2353 801 2419 mille,
832 2355 1007 2424 cogita
1029 2360 1285 2425 quantum
1316 2367 1524 2405 rursum
1554 2359 1940 2420 exsuperatura
1968 2351 2035 2405 sit
2066 2351 2121 2404 il-

529 2446 704 2500 lorum
752 2454 1010 2514 potestas.
1064 2441 1394 2497 Admirabile
1421 2442 1563 2496 enim
1595 2442 1695 2498 hoc
1730 2450 1811 2496 est
1838 2483 1850 2505 ,
1878 2442 2020 2512 quod
2052 2458 2116 2497 ex

533 2551 640 2590 uno
661 2518 807 2591 mille
838 2535 1014 2590 facere
1042 2534 1206 2607 possit
1233 2534 1449 2587 caritas.
1492 2533 1660 2603 Quam
1693 2534 1853 2604 igitur
1890 2532 1960 2587 ob
1994 2548 2121 2587 eau-

530 2643 647 2689 sam
676 2627 811 2683 Itane
832 2627 1068 2682 Caritatis
1092 2624 1397 2681 facultatem
1428 2624 1581 2679 nobis
1610 2640 1715 2679 non
1747 2638 2121 2694 comparamus

530 2728 587 2775 et
613 2735 711 2774 nos
740 2719 791 2773 in
828 2727 940 2773 tuto
978 2715 1347 2773 collocamus?
1396 2731 1675 2789 quousque
1714 2715 1778 2770 ad
1821 2732 1985 2770 unum
2029 2723 2121 2770 aut

529 2811 666 2868 duos
696 2812 840 2867 illam
874 2811 1246 2883 restringimus
1268 2810 1290 2863 ?
1309 2808 1564 2878 Quamvis
1593 2809 1735 2864 enim
1764 2824 1967 2880 pauper
1991 2808 2123 2864 alio-

529 2904 619 2976 qui
644 2905 732 2969 sit,
756 2902 846 2973 qui
873 2902 1076 2956 amicos
1109 2900 1289 2969 habet,
1316 2900 1482 2955 multo
1507 2910 1683 2955 tamen
1710 2900 1963 2955 divitibus
1989 2914 2122 2970 opu-

527 2997 722 3053 lentior
746 3006 847 3052 est.
867 2994 997 3051 Nam
1026 3010 1145 3067 qua:
1173 2994 1286 3065 ipse
1314 2993 1379 3049 de
1414 3009 1472 3049 se
1499 2994 1613 3064 ipso
1641 2994 1822 3054 dicere
1854 3009 1959 3051 non
1984 3010 2120 3066 prte-

528 3087 688 3144 sumit
711 3127 728 3155 ,
779 3103 841 3145 ea
889 3088 1095 3142 amicus
1135 3101 1233 3158 pro
1264 3086 1379 3157 ipso
1406 3085 1548 3140 dicet
1582 3104 1594 3138 :
1628 3097 1683 3141 et
1706 3102 1823 3155 qum
1859 3084 1958 3141 sibi
2007 3088 2122 3155 ipso

529 3182 733 3236 amicus
764 3179 1003 3235 tribuere
1030 3193 1135 3233 non
1181 3187 1375 3251 potest,
1409 3192 1504 3248 per
1533 3177 1693 3231 alium
1726 3177 1929 3232 tribuit.
1979 3177 2120 3232 Fieri

530 3274 693 3329 etiam
724 3288 830 3327 non
862 3280 1059 3343 potest,
1089 3280 1146 3325 ut
1170 3269 1381 3329 adversi
1410 3270 1537 3342 quid
1568 3270 1780 3325 eveniat
1800 3271 1873 3336 ei,
1921 3270 2010 3341 qui
2043 3280 2124 3326 tot

530 3367 850 3421 satellitibus
880 3365 1181 3421 custoditur
1218 3380 1232 3418 :
1263 3379 1370 3418 non
1400 3363 1544 3417 enim
1584 3362 1656 3416 ita
1684 3363 1878 3418 sinceri
1907 3372 1961 3421 et
1988 3362 2121 3418 ﬁde—

532 3459 611 3515 les
640 3468 765 3515 sunt
793 3459 932 3531 regis
967 3458 1275 3528 stipatores,
1303 3456 1442 3512 sicut
1473 3455 1582 3511 isti.
1618 3455 1695 3515 Illi
1725 3456 1990 3527 siquidem
2020 3472 2116 3513 co-

532 3553 742 3607 actione
772 3563 824 3607 et
844 3553 1035 3605 timore
1074 3548 1370 3605 custodiam
1405 3558 1693 3617 praastant;
1728 3548 1779 3602 hi
1807 3565 1933 3607 vero
1960 3549 2123 3606 bene-

530 3644 761 3698 volentia
790 3652 844 3697 et
893 3657 1077 3697 amore
1130 3661 1143 3697 :
1194 3650 1249 3696 et
1295 3657 1387 3696 rex
1434 3641 1649 3711 quidem
1697 3642 1950 3697 custodes
1995 3658 2124 3699 suos

536 3736 746 3801 metuit,
778 3737 982 3789 amicus
1014 3749 1140 3788 vero
1170 3733 1293 3804 plus
1319 3732 1506 3786 amicis
1533 3748 1691 3801 quam
1722 3732 1822 3786 sibi
1866 3732 1963 3801 ipsi
1995 3748 2126 3788 eon-

534 3829 649 3883 ﬁdit
682 3828 781 3900 (ὁ).
812 3830 887 3882 Ae
914 3836 1195 3897 praeterea,
1228 3824 1443 3895 quinam
1465 3822 1598 3879 adeo
1629 3822 1813 3879 ﬁrmus
1843 3834 1955 3892 est,
1989 3827 2126 3881 adeo

535 3920 931 3993 prregrandium
977 3919 1212 3991 lapidum
1263 3918 1724 3988 coagmentatione
1780 3921 2012 3977 immittis
2071 3934 2127 3980 et

534 4015 767 4070 hostium
798 4014 1096 4067 incursibus
1124 4011 1550 4081 inexpugnabilis
1595 4026 1779 4065 murus
1804 4052 1819 4074 ,
1849 4012 2007 4067 sicuti
2039 4026 2127 4071 est

537 4116 725 4161 mutuo
753 4120 937 4160 amore
968 4120 1087 4160 sese
1117 4104 1556 4173 prosequentium
1581 4113 1742 4172 atque
1770 4103 1820 4156 in
1840 4109 2123 4165 concordia

540 4200 640 4253 sibi
673 4199 1040 4254 deviuctorum
1070 4194 1452 4266 congregatio?
1500 4195 1613 4249 haec
1639 4196 1783 4251 enim
1828 4197 1988 4255 etiam
2015 4201 2130 4255 dia-

539 4290 646 4345 boli
680 4290 906 4344 insultus
932 4288 1141 4358 repellit
1169 4297 1256 4344 :et
1280 4288 1493 4343 merito.
1523 4285 1623 4355 Qui
1647 4287 1788 4343 enim
1819 4302 1877 4342 se
1901 4287 2129 4343 invicem

539 4392 725 4438 contra
753 4383 923 4453 ipsum
946 4381 1260 4437 consociant
1285 4390 1341 4436 et
1369 4380 1640 4436 instruunt
1661 4421 1677 4445 ,
1720 4380 1864 4437 illius
1893 4380 2128 4436 molitio-

540 4476 696 4531 nibus
740 4474 1125 4544 lnsuperabiles
1173 4472 1343 4540 ﬁunt,
1398 4482 1561 4544 atque
1605 4474 1834 4531 illustria
1887 4475 2130 4531 caritatis

538 4570 750 4640 erigunt
777 4568 998 4639 tropaea.
1031 4567 1096 4622 Et
1116 4566 1569 4639 quemadmodum
1599 4566 1731 4623 ﬁdes
1760 4566 1813 4620 in
1847 4566 1982 4639 lyra,
2008 4566 2131 4620 licet

540 4664 721 4717 multa:
750 4660 878 4726 sint,
908 4659 973 4714 ad
1003 4675 1160 4714 unam
1193 4658 1598 4715 consonantiam
1633 4666 1962 4727 spectantes,
2008 4671 2131 4709 sua-

540 4754 817 4810 vissimum
847 4766 1063 4807 carmen
1095 4760 1352 4806 resonant
1381 4768 1395 4804 :
1425 4750 1496 4805 ita
1527 4749 1617 4819 qui
1643 4749 1695 4804 iu
1729 4764 1831 4803 uua
1861 4748 2133 4804 voluntate

539 4847 813 4917 conjuncti
855 4855 979 4901 sunt
1000 4886 1017 4911 ,
1062 4858 1322 4900 canorum
1348 4842 1591 4901 caritatis
1618 4843 1853 4899 snnitum
1881 4840 2129 4895 reddunt.

542 4940 683 4994 Nihil
710 4939 852 4993 enim
872 4938 1161 4992 dilectione
1193 4935 1406 4991 dulcius
1438 4949 1557 4989 esse
1590 4941 1786 5003 potest.
1810 4931 1949 4999 Quid
1977 4933 2134 5001 igitur

541 5032 748 5087 amicus
794 5032 1038 5084 sincerus
1094 5045 1199 5082 non
1244 5027 1506 5107 prmstet?
1555 5043 1713 5097 quam
1763 5026 2130 5095 voluptatem,

544 5125 687 5196 quod
715 5124 1159 5190 emolumentum,
1198 5138 1355 5193 quam
1388 5122 1733 5178 securitatem
1769 5136 1874 5177 non
1904 5119 2134 5175 afferat?

545 5215 757 5271 etiamsi
781 5223 1065 5268 sexcentos
1096 5214 1374 5267 thesauros
1396 5213 1616 5274 dixeris,
1648 5211 1779 5265 nihil
1809 5221 1987 5266 tamen
2013 5224 2134 5265 cum

546 5308 762 5363 sincero
809 5305 985 5358 amico
1029 5304 1437 5359 conferendum.
1478 5304 1546 5358 Et
1571 5304 1729 5359 sicuti
1775 5303 1971 5374 fulgida
2012 5317 2135 5357 cor~

528 5413 682 5471 .pora
708 5397 947 5453 colorem
978 5396 1031 5451 in
1058 5396 1230 5456 vicina
1261 5396 1373 5451 loca
1406 5397 1655 5452 emittunt
1680 5416 1693 5451 :
1725 5397 1794 5451 ita
1825 5396 1979 5450 amici
2006 5408 2140 5463 quo-

545 5505 685 5564 que,
712 5504 821 5562 quo
870 5489 1110 5546 locorum
1160 5490 1688 5561 pervcniuut,suam
1731 5489 2137 5553 beneﬁcentiam

612 5692 783 5798 $31!:
820 5689 1017 5769 humilia
1035 5688 1103 5739 de
1124 5686 1343 5738 ferendis
1364 5685 1757 5773 reprehensuyet
1778 5685 1843 5735 de
1869 5686 2138 5736 mutatione

718 5766 801 5798 um
831 5751 919 5798 Ill.
955 5752 1084 5798 lom.
1104 5753 1152 5798 5.
1178 5750 1272 5798 col.
1300 5750 1408 5798 131.
1436 5748 1523 5797 153
1549 5756 1598 5797 et
1626 5749 1727 5797 13o.

563 5751 801 5808 licinium
831 5751 919 5804 Ill.
945 5752 1084 5803 'l’om.
1104 5753 1153 5807 5.
1178 5751 1272 5799 col.
1300 5751 1408 5805 131,
1436 5751 1523 5797 152
1549 5756 1598 5797 et
1626 5751 1727 5797 1'55.

563 5871 565 5874 ι
596 5816 687 5884 (lt)
710 5816 785 5870 Ex
808 5813 1001 5868 bomilia
1021 5825 1170 5866 LXXII
1192 5814 1244 5862 ln
1274 5807 1415 5863 Joan.
1440 5809 1578 5860 Tom.
1607 5811 1652 5873 8,
1678 5808 1770 5860 col.
1796 5807 1905 5858 ω.

1185 220 1241 277 S.
1281 216 1555 275 JO.\NNIS
1591 212 2063 271 CllIlYSOSTOMI
2103 212 2419 269 AHCHIEP.
2456 213 2995 275 CONSTANTINOP.

3654 226 3728 280 Si!

2220 330 2386 391 veluti
2426 342 2703 404 spargent.
2745 334 2936 395 Melius
2982 334 3146 405 igitur
3182 343 3268 390 est
3295 335 3350 392 in
3380 342 3728 404 tatebrisrium

2217 439 2409 497 agere,
2451 441 2612 496 quam
2637 428 2827 487 amicis
2852 443 3043 485 carere
3073 430 3174 500 (a).
3224 430 3341 485 Non
3371 432 3505 488 enim
3529 437 3589 491 ita
3610 439 3731 499 tam

2217 532 2501 586 corporum
2532 530 2783 578 naturam
2810 522 3261 589 perureresolet,
3309 524 3441 579 sicut
3468 529 3642 585 animos
3661 536 3731 587 ab.

2218 609 2390 667 scotia
2419 623 2607 671 eorum
2637 625 2776 681 quos
2802 626 3066 670 amamus.
3098 612 3244 667 Talis
3275 617 3419 668 enim
3447 632 3526 670 res
3545 631 3615 673 est
3637 628 3733 677 eari-

2184 778 2187 779 ν
2225 699 2348 755 tatis
2385 699 2640 765 dilectio,
2684 711 2743 755 ut
2786 717 2915 766 eos.
2958 703 3049 777 qui
3093 704 3374 759 uobiscum
3406 721 3503 762 una
3536 725 3622 764 non
3647 729 3735 769 sunt

2228 799 2544 862 prmsentes,
2577 792 2672 848 sed
2698 793 2950 862 disjuncti
2967 836 2981 859 ,
3016 795 3232 850 interim
3257 811 3286 848 a
3315 798 3465 851 nobis
3488 799 3736 859 desiderau-

2222 894 2327 950 tur,
2353 886 2594 955 quotidie
2623 887 2676 941 in
2708 898 2887 945 tuente
2914 889 3069 944 nobis
3095 890 3255 944 sistat
3280 908 3294 943 :
3318 901 3375 946 et
3400 908 3427 944 a
3459 900 3736 963 praesentibus

2218 980 2436 1050 quidem
2460 981 2709 1041 omnibus
2736 997 2827 1037 cor
2855 983 3086 1036 amantis
3114 987 3345 1049 avertit,
3371 994 3425 1038 et
3451 1000 3559 1039 cum
3585 990 3735 1047 deside-

2223 1084 2341 1133 rato
2389 1074 2681 1143 coniungit.
2737 1075 2792 1128 Si
2844 1091 2973 1129 vero
3023 1078 3162 1146 quis,
3212 1092 3336 1131 cum
3363 1077 3730 1152 dilectumtidct,

2220 1166 2332 1225 imo
2359 1167 2520 1224 etiam
2559 1182 2679 1223 cum
2718 1167 2863 1223 illius
2913 1168 3247 1234 reeordatur,
3312 1172 3489 1225 animo
3528 1186 3672 1229 erecto
3698 1193 3734 1235 α

2222 1268 2401 1312 mente
2434 1259 2646 1313 sublimi
2678 1270 2779 1323 est,
2813 1262 3101 1330 omniaque
3129 1262 3322 1316 leviter
3349 1262 3477 1328 fert,
3504 1263 3590 1319 ista
3609 1284 3733 1323 rem.

2218 1349 2438 1405 datione
2480 1351 2782 1406 oblectatus
2814 1369 2828 1405 :
2858 1354 3075 1422 quando
3120 1364 3215 1409 aut
3264 1356 3419 1409 triste
3448 1358 3619 1425 aliquid
3652 1377 3735 1414 sen-

2225 1445 2318 1498 Iiet
2338 1485 2351 1508 ,
2376 1455 2468 1498 aut
2499 1444 2832 1499 formidabile
2865 1459 2929 1499 ac
2956 1445 3318 1515 periculosum
3346 1447 3469 1518 quid
3495 1452 3735 1509 estnam

2235 1538 2340 1598 ille,
2368 1536 2465 1605 qui
2484 1551 2688 1590 memor
2719 1547 2801 1590 cst
2828 1537 2968 1591 illius
2996 1538 3087 1607 qui
3111 1552 3241 1591 vero
3271 1553 3371 1591 nos
3392 1538 3591 1609 diligere
3606 1542 3736 1611 digna.

2225 1638 2309 1682 tus
2326 1637 2410 1682 est
2429 1628 2451 1680 ?
2473 1627 2772 1699 Numquam
2798 1644 2947 1683 sane.
2979 1630 3035 1684 Si
3065 1630 3233 1693 enim.
3268 1644 3391 1684 cum
3419 1631 3483 1686 ab
3507 1630 3737 1691 hominibus

2226 1722 2647 1792 [impotentibus
2691 1724 2987 1793 diligimur,
3015 1725 3268 1778 omnibus
3296 1726 3553 1779 terribiles
3586 1736 3629 1780 et
3666 1744 3740 1781 me.

2225 1815 2408 1870 tuendi
2453 1831 2660 1876 sumus,
2714 1816 2887 1871 multo
2925 1818 3133 1887 magis,
3174 1816 3220 1871 si
3271 1831 3300 1868 a
3354 1815 3465 1872 Deo
3506 1816 3739 1890 diligamur.

2225 1908 2479 1975 Quamvis
2530 1908 2690 1979 igitur
2715 1917 2809 1963 aut
2858 1922 3011 1977 opes,
3052 1916 3145 1962 aut
3190 1922 3412 1977 corpus,
3441 1919 3526 1962 aut
3572 1911 3741 1965 animant

2227 2002 2395 2071 ipsam
2420 2016 2517 2071 pro
2539 2002 2762 2057 caritate
2786 2002 2884 2056 ista
2912 2001 3225 2072 impendere
3255 2010 3590 2071 oporteat,ne
3610 2020 3741 2074 parca-

2226 2108 2373 2147 mus.
2420 2092 2532 2147 Nec
2577 2093 2721 2147 enim
2769 2090 2989 2154 sufficit,
3040 2092 3182 2162 quod
3234 2092 3418 2146 verbis
3456 2093 3743 2151 dicamustms

2225 2183 2494 2253 diligere:
2525 2184 2618 2239 sed
2662 2184 2823 2240 rebus
2878 2185 3007 2255 ipsis
3056 2185 3105 2239 id
3146 2185 3520 2241 demonstrare
3558 2196 3740 2258 oportet.

2227 2293 2348 2332 cum
2382 2278 2472 2333 ille
2498 2292 2602 2332 non
2635 2278 2815 2332 verbis
2844 2277 3148 2343 dumtaxat,
3197 2278 3297 2333 sed
3330 2279 3485 2333 rebus
3513 2280 3623 2349 ipsis
3638 2295 3740 2333 suam

2227 2374 2281 2429 in
2329 2388 2426 2427 nos
2467 2373 2747 2427 caritatem
2798 2372 3117 2427 ostenderit.
3169 2371 3228 2427 Si
3273 2374 3418 2427 enim
3459 2373 3507 2427 in
3536 2382 3741 2442 potentum

2228 2466 2431 2521 aedibus
2461 2464 2689 2519 famulus
2718 2465 2859 2536 quis,
2893 2463 2984 2518 tibi
3017 2480 3101 2519 res
3128 2464 3339 2518 tlontiui
3365 2465 3443 2518 sui
3474 2466 3615 2535 probe
3633 2480 3742 2518 cim-

2226 2560 2361 2614 verit
2389 2601 2404 2625 ,
2434 2574 2537 2613 non
2564 2574 2684 2630 quae
2712 2575 2805 2613 sua
2839 2569 2997 2625 sunt,
3024 2558 3229 2613 domini
3262 2559 3346 2612 sui
3394 2557 3544 2621 fecit,
3566 2558 3640 2612 sed
3662 2573 3744 2627 qua

2227 2662 2353 2707 sunt
2382 2652 2607 2719 domini,
2636 2666 2729 2705 sua
2765 2652 2889 2706 fecit
2910 2692 2926 2717 ,
2973 2660 3027 2705 ct
3058 2651 3289 2721 perinde
3333 2652 3494 2718 ipsius
3520 2652 3650 2706 rebus
3672 2653 3743 2705 ιιιί-

2228 2754 2315 2801 tur
2343 2761 2405 2801 ac
2432 2746 2563 2809 suis,
2596 2746 2855 2815 multique
2883 2761 2914 2800 e
2942 2744 3258 2800 domesticis
3278 2746 3445 2815 magis
3464 2745 3613 2814 ipsum
3632 2760 3743 2813 quam

2229 2839 2417 2893 herum
2443 2840 2655 2904 timent,
2682 2848 2737 2893 et
2764 2838 2887 2909 quia
2915 2853 3011 2892 sua
3042 2838 3210 2907 ipsius
3243 2838 3452 2906 negotia
3474 2839 3658 2908 sprevit,
3674 2852 3743 2889 non

2226 2932 2429 3002 sprevit
2454 2944 2573 2994 sua.
2619 2929 2713 2985 sed
2743 2930 2943 3000 majora
2970 2929 3197 3000 adeptus
3238 2940 3325 2985 est
3382 2948 3395 2984 :
3446 2929 3597 2985 multo
3628 2929 3746 2997 magis

2228 3026 2280 3080 in
2309 3025 2674 3094 Spiritualibus
2706 3023 2757 3079 id
2793 3040 2979 3079 verum
3009 3024 3132 3079 erit.
3162 3022 3243 3079 Ne
3283 3024 3443 3094 igitur
3479 3040 3558 3079 res
3593 3034 3745 3078 nostras

2228 3132 2479 3172 curemus
2498 3157 2513 3179 .
2541 3116 2635 3171 sed
2665 3132 2757 3172 eas
2792 3117 3157 3186 despiciemus
3176 3158 3190 3183 ,
3226 3126 3287 3171 ut
3316 3131 3408 3172 eas
3430 3116 3741 3186 possidemus.

2228 3206 2282 3263 Si
2305 3209 2448 3263 enim
2488 3222 2581 3261 eas
2612 3207 2762 3261 nihili
2792 3207 3107 3277 pendamus,
3160 3206 3308 3262 Deus
3344 3207 3460 3261 illas
3493 3206 3743 3260 curahitui

2228 3315 2356 3354 Vero
2388 3315 2484 3354 nos
2519 3299 2639 3353 illas
2682 3313 2933 3354 curemus
2953 3339 2969 3363 ,
3015 3298 3154 3353 Deus
3186 3298 3413 3353 easdem
3445 3297 3680 3366 despiciet.
3708 3294 3744 3347 Si

2230 3392 2409 3461 itaque
2436 3392 2554 3462 quis
2585 3392 2795 3445 sincere
2816 3390 3038 3459 diligere
3074 3389 3205 3445 velit
3236 3399 3294 3443 et
3325 3389 3553 3443 caritatis
3577 3388 3659 3441 ιὶιιι
3680 3403 3742 3438 co-

2235 3501 2515 3558 gnoscere,
2545 3484 2608 3540 ad
2648 3483 2807 3553 hujus
2832 3484 3131 3547 alumnum,
3160 3483 3378 3537 beatum
3411 3481 3608 3536 Paulum
3632 3479 3744 3537 dico.

2237 3591 2443 3647 currat,
2487 3589 2542 3635 et
2587 3577 2801 3633 docebit
2829 3577 2999 3647 ipsum
3023 3585 3259 3646 quantus
3284 3575 3355 3629 sit
3380 3573 3539 3635 labor,
3577 3578 3744 3639 quanto-

2232 3689 2335 3745 que
2360 3672 2542 3727 auimo
2566 3684 2701 3740 opus
2728 3670 2818 3737 sit,
2841 3676 2900 3723 ut
2927 3667 3104 3723 dilecti
3134 3665 3520 3737 separationem
3544 3664 3642 3733 quis
3662 3676 3745 3714 sns-

2233 3768 2397 3821 tineat
2423 3764 2520 3835 (b).
2543 3762 2648 3818 Iste
2686 3762 2853 3827 enim,
2902 3761 3025 3827 iste,
3069 3760 3288 3831 inquam
3312 3801 3327 3822 ,
3359 3757 3444 3829 qui
3471 3756 3611 3811 veluti
3630 3767 3745 3807 came

2230 3866 2423 3913 exutus
2440 3865 2492 3910 rt
2516 3869 2744 3923 corpore
2764 3852 3031 3922 deposito,
3063 3849 3205 3906 nuda
3230 3846 3599 3920 propemodum
3624 3855 3743 3898 totum

2234 3961 2497 4005 terrarum
2525 3947 2713 4003 urbem
2746 3946 2921 4001 anima
2952 3945 3289 4015 peragravit,
3315 3945 3403 4014 qui
3433 3942 3562 3997 omni
3587 3955 3637 3995 ex
3662 3938 3744 3991 ani-

2234 4058 2323 4097 mo
2353 4041 2761 4112 perturbatione
2781 4040 3076 4103 eliminata,
3107 4037 3534 4106 incorporearum
3556 4033 3743 4085 virtutum

2237 4135 2460 4190 liberam
2507 4132 2780 4189 doloribus
2828 4139 3074 4186 naturam
3120 4129 3373 4195 imitans,
3416 4127 3511 4181 alia
3529 4124 3670 4179 omnia
3692 4119 3744 4173 fa-

2238 4225 2341 4281 cile
2369 4224 2593 4288 ferebat,
2626 4222 2850 4294 perinde
2877 4236 2941 4278 ac
2969 4223 3013 4277 si
3045 4222 3097 4275 in
3126 4220 3306 4275 alieno
3327 4233 3539 4288 corpore
3559 4225 3743 4270 διωθε-

2236 4335 2323 4374 rcs
2350 4326 2404 4375 et
2430 4318 2637 4374 vincula
2669 4327 2724 4373 et
2752 4316 2942 4372 exsilia
2972 4326 3029 4370 et
3066 4313 3277 4385 ﬂagella
3316 4322 3368 4368 et
3406 4314 3561 4368 minas
3582 4318 3740 4365 etmoro

2238 4420 2344 4466 tem
2372 4426 2638 4480 omneque
2670 4409 3057 4480 suppliciorum
3104 4421 3280 4478 genus
3312 4412 3581 4478 pateretur,
3602 4401 3736 4453 altum

2236 4519 2365 4559 vero
2391 4503 2493 4558 sibi
2523 4503 2718 4557 dilecta
2760 4503 2939 4555 anima
2968 4511 3279 4570 separatus,
3325 4496 3458 4552 adeo
3483 4491 3684 4550 confusus
3704 4494 3736 4541 et

2238 4598 2586 4652 conturbatus
2621 4595 2740 4659 fuit,
2771 4606 2828 4650 ιιι
2857 4596 2909 4650 in
2941 4611 3043 4666 qua
3072 4594 3331 4648 dilectum
3361 4592 3575 4647 visurum
3600 4598 3724 4651 διξερε

2238 4693 2408 4757 rabat,
2443 4707 2551 4746 non
2579 4692 2795 4747 invento
2822 4705 2909 4753 eo,
2945 4688 3192 4759 protinus
3219 4704 3251 4742 e
3282 4689 3355 4742 cis
3373 4687 3496 4740 itate
3523 4678 3735 4752 prosiliet

2239 4784 2374 4853 Quid
2407 4786 2537 4848 hoc,
2586 4783 2798 4839 obeate
2842 4781 3037 4837 Paule?
3081 4789 3137 4834 tu
3166 4779 3377 4833 vinctus
3417 4774 3605 4848 quidem
3635 4782 3736 4821 ωω·

2242 4877 2468 4948 pedibus
2501 4886 2554 4931 et
2583 4877 2633 4931 in
2662 4890 2882 4929 carcere
2912 4874 3119 4944 positus
3142 4914 3157 4935 ,
3186 4882 3241 4927 et
3269 4870 3466 4939 ﬂagella
3504 4862 3736 4921 incumben-

2243 4971 2311 5024 tia
2354 4969 2625 5025 sustinens
2646 5011 2661 5035 ,
2716 4978 2770 5023 et
2809 4968 3058 5037 scapulas
3084 4966 3346 5036 sanguine
3373 4964 3556 5017 habens
3574 4961 3736 5012 circumv

2243 5062 2388 5117 fusas
2407 5105 2420 5127 ,
2454 5062 2708 5133 mysteria
2737 5058 2970 5115 docebas
2989 5099 3005 5125 ,
3060 5072 3218 5112 sacro
3238 5055 3537 5126 baptismate
3560 5043 3735 5103 initialns

2244 5168 2298 5212 et
2324 5154 2645 5211 sacrificium
2675 5153 2939 5209 oﬁ‘erebas
2957 5194 2972 5221 ,
3001 5166 3104 5206 nec
3132 5150 3347 5205 unicum
3391 5141 3653 5202 salvandum
3671 5136 3733 5187 de

2244 5249 2549 5321 spiciebas;
2598 5247 2651 5300 in
2690 5244 2957 5300 Troadem
2989 5258 3119 5299 vero
3149 5241 3431 5313 profectus,
3468 5250 3572 5291 cum
3597 5239 3733 5283 terram

2245 5349 2591 5411 expurgatam
2615 5380 2631 5403 ,
2682 5348 2736 5392 ct
2780 5337 2847 5393 ad
2887 5346 3057 5391 status
3095 5331 3434 5404 excipiendos
3471 5330 3732 5411 ιιτωριτ-..ιιιιι

2248 5432 2567 5500 invenisses,
2616 5441 2722 5484 tam
2767 5430 3084 5501 pra-clarum
3128 5443 3193 5483 ex
3240 5423 3469 5481 manibus
3496 5407 3732 5474 lucrum“!-

2311 5610 2385 5675 (a)
2407 5609 2483 5675 EX.
2498 5606 2700 5675 Βιριιιίιίτι
2722 5622 2757 5656 ιι
2782 5607 2839 5675 εει
2851 5601 3018 5675 cami-
3034 5599 3265 5675 βρίδωῑε
3284 5599 3339 5675 ,ιο

2208 5662 2213 5669 ’
2254 5637 2769 5731 ιιῖίέᾌιῗὶοῗωῖἷίῖἶὲ
2782 5637 3556 5728 ἰἲῶἷῖἷίίλ’ἇῖἷᾰῗιτῖι3ῐό,
3570 5637 3677 5697 τέω
3694 5637 3726 5693 ι.

2249 5739 2477 5787 ρο1.481.
3308 5786 3313 5787 ,
3434 5782 3458 5787 ρ
3504 5769 3558 5787 ηε
3595 5764 3629 5787 cr

2509 5795 2723 5860 Epistula
2748 5810 2780 5845 ιι
2833 5793 2890 5842 atl
2911 5789 3255 5855 Olyupiadem,
3280 5786 3410 5836 Turn.
3434 5782 3476 5839 5,
3495 5769 3575 5818 col.
3594 5760 3673 5814 569.
