3932 6516
538 339 640 396 ῦτὸ

533 453 656 508 οὔτε
686 453 784 524 τῆς
819 453 936 508 ὀδοῦ
963 454 1023 508 τὸ
1058 456 1265 526 μῆκος,
1301 457 1422 513 οὕτε
1447 461 1540 513 τοῦ
1570 463 1762 533 χρόνου
1787 464 1846 518 τὸ
1890 466 2111 532 πλῆθος,
2150 487 2154 490 ·

532 546 658 606 οὕτε
689 554 718 606 6
753 552 862 605 τῶν
894 555 1233 626 πραγμάτων
1287 555 1462 627 ὄχλος,
1496 558 1619 613 οὔτε
1651 561 1680 612 6
1707 561 1968 626 κίνδυνος,
2021 563 2117 616 καὶ⁹

533 649 602 702 τὰ
624 648 900 720 ἐπάλληλα
928 649 1093 708 δεινὰ.
1119 651 1241 706 οῦτε
1265 653 1394 708 ἄλλο
1422 656 1592 720 οὐδὲν,
1643 658 1742 728 τὴν
1769 658 1989 728 ἀγάπην
2021 659 2113 710 καὶ

534 744 632 815 τὴν
666 747 885 816 μνήμην
940 746 1158 811 ἐξέϐαλε
1205 749 1312 802 τῶν
1370 751 1650 823 μαθητῶν,
1695 752 1811 807 ἀλλ’
1840 749 1982 822 εἶχεν
2018 753 2114 807 αύο

533 841 660 904 τοὺς
701 841 1034 906 ἇπανταςέν
1065 843 1290 918 διανοίᾳ.
1318 847 1428 900 Καὶ
1466 847 1562 919 οὐχ
1591 847 1764 914 οὕτως
1801 849 1965 902 αὑτοῦ
1996 850 2115 912 ταῖς

537 934 791 988 ἀλύσεσιν
819 937 875 990 αί
905 941 1084 1010 χεῖρες
1112 939 1367 1005 ἐδέδεντο,
1401 943 1476 1006 ὡς
1505 943 1583 1013 τῷ
1615 944 1764 1015 πόθῳ
1796 943 1904 997 τῶν
1934 943 2112 1015 μαθη-

535 1035 643 1088 τῶν
679 1037 712 1107 ἡ
744 1037 890 1110 ψυχὴ
923 1039 1228 1094 συνεδέδετο
1269 1042 1363 1094 καὶ
1394 1042 1731 1113 προσήλωτα
1777 1043 1888 1095 Καὶ
1940 1042 2114 1095 καθά-

537 1151 646 1205 περ
682 1133 936 1204 βασιλεὺς
967 1136 1060 1189 ἐπὶ
1113 1135 1202 1189 τὸν
1245 1137 1429 1209 θρόνον
1480 1138 1688 1202 ἀναϐάς
1722 1137 1828 1191 ὑπὸ
1873 1139 1971 1206 τὴν
2004 1136 2112 1200 ἐω,

537 1233 633 1284 καὶ¹
674 1231 904 1294 καθίσας
941 1232 1000 1285 ἐν
1032 1235 1148 1296 ταῖς
1184 1232 1485 1301 βασιλικαῖς
1518 1234 1728 1297 αὐλαῖς,
1780 1234 1982 1305 μυρίας
2028 1236 2118 1289 εύ-

538 1327 676 1393 θέως
713 1327 925 1398 δέχεται
976 1329 1310 1400 πανταχόθεν
1363 1330 1648 1395 ἐπιστολάς
1671 1349 1684 1362 ·
1723 1330 1867 1384 οὕτω
1898 1333 1962 1403 δὴ
2019 1333 2118 1386 κά-

539 1427 738 1492 κεῖνος,
777 1425 1026 1496 καθάπερ
1056 1426 1113 1478 ἐν
1162 1426 1282 1488 ταῖς
1332 1424 1635 1494 βασιλικαῖς
1681 1428 1872 1492 αὐλαῖς
1915 1428 1992 1499 τῷ
2029 1429 2116 1481 δε-

541 1523 835 1594 σμωτηρίῳ
891 1521 1200 1594 καθήμενος
1225 1565 1242 1588 ,
1306 1522 1482 1594 πολλῷ
1541 1523 1711 1577 πλείω
1761 1525 1857 1578 καὶ
1907 1526 2119 1596 ἐδέχετο

539 1619 636 1673 καὶ
679 1618 894 1688 ἔπεμπε
926 1617 1162 1688 συνεχῶς
1191 1618 1257 1672 τά
1297 1619 1600 1691 γράμματα
1638 1621 1747 1675 τῶν
1777 1623 2118 1694 πανταχόθεν

541 1714 634 1768 ἐπὶ
656 1712 753 1785 τὴν
778 1713 985 1767 ἐκείνου
1015 1713 1205 1783 σοφίαν
1234 1715 1373 1787 ὑπὲρ
1413 1716 1520 1771 τῶν
1551 1717 1671 1771 καθ’
1703 1719 1931 1782 ἑαυτοὺς
1978 1736 2119 1789 πρα-

539 1809 766 1882 γμάτων
827 1810 1208 1881 ἀναφερόντων
1231 1813 1445 1866 ἅπαντα
1465 1831 1479 1845 ο
1515 1815 1609 1868 καὶ
1635 1813 1874 1885 τοσούτῳ
1900 1814 2118 1869 πλείονα

541 1907 844 1980 πράγματα
862 1906 1011 1979 [458]
1032 1907 1127 1962 τοῦ
1159 1907 1420 1978 βασιλέως
1441 1910 1727 1982 ᾠκονόμει,
1751 1913 1858 1983 ὅσῳ
1884 1912 1976 1966 καὶ
2000 1912 2119 1984 μεί-

541 2003 672 2069 ζονα
701 2002 873 2075 ἀρχὴν
901 2005 1319 2075 ἐμπεπίστευτο.
1347 2007 1580 2079 Τοιαύτη
1608 2008 1716 2080 γὰρ
1737 2010 1767 2079 ἠ
1788 2011 1886 2080 τῆς
1901 2009 2121 2080 ἀγάπης

540 2103 658 2156 ἐστὶ
691 2102 939 2174 δύναμις,
986 2101 1061 2165 ὡς
1088 2102 1148 2156 ού
1178 2104 1302 2166 τοὺς
1336 2104 1609 2174 παρόντας
1656 2105 1814 2176 μόνον
1859 2107 1951 2159 καὶ
1984 2105 2121 2176 πλη-

542 2200 658 2255 σίον
701 2200 861 2264 ὄντας
910 2197 1067 2270 ἡμῶν
1119 2201 1214 2252 καὶ
1263 2201 1606 2271 ὁρωμένους,
1665 2201 1801 2254 ἀλλά
1856 2203 1950 2256 καὶ
1997 2205 2121 2267 τοὺς

545 2296 764 2368 μακράν
791 2295 1111 2364 ἀφεστῶτας
1146 2295 1570 2367 περιλαμϐάνειν
1595 2298 1689 2350 καὶ
1714 2298 2011 2369 συγκολλᾷν
2031 2298 2122 2351 καὶ

545 2392 777 2453 συνδεῖν,
827 2391 922 2444 καὶ
969 2388 1091 2444 οὔτε
1142 2391 1350 2462 χρόνων
1404 2392 1630 2463 πλῆθος,
1684 2393 1807 2446 οὔτε
1832 2393 1964 2447 ὁδῶν
2010 2393 2124 2446 διά-

547 2507 730 2560 στημα
755 2528 770 2550 ,
813 2485 936 2541 οὔτε
981 2487 1110 2541 ἄλλο
1169 2487 1277 2542 τῶν
1316 2489 1574 2542 τοιούτων
1607 2489 1781 2552 οὐδὲν,
1823 2490 2002 2561 ψυχῆς
2034 2509 2123 2560 φι-

542 2585 664 2639 λίαν
711 2583 912 2638 δύναιτ’
947 2583 1014 2638 ἂν
1064 2584 1315 2654 διακόψαι
1363 2586 1456 2638 καὶ
1501 2585 1794 2656 διατεμεῖν.
1851 2587 1959 2640 Καὶ
2016 2586 2126 2657 γὰρ

535 2681 686 2737 οὕτω
719 2684 801 2736 δεῖ
827 2681 998 2750 φιλεῖν
1023 2681 1115 2734 τὸν
1143 2680 1417 2750 φιλοῦντα,
1461 2682 1556 2745 ὡς,
1605 2683 1652 2734 εἰ
1678 2683 1771 2736 καὶ
1803 2683 1902 2756 τὴν
1947 2683 2126 2754 ψυχὴν

544 2777 764 2850 αζτηθῇ,
797 2779 887 2831 καὶ
931 2776 1152 2830 δυνατὸν
1195 2771 1252 2850 ᾖ,
1301 2776 1373 2848 μὴ
1419 2776 1698 2831 κωλῦσαι·
1734 2779 1854 2832 οὐδὲ
1883 2778 1992 2851 γὰρ
2029 2781 2126 2834 ἀν-

544 2873 726 2940 τάξιον
774 2874 998 2946 γνησίου
1043 2874 1217 2944 φίλου.
1274 2875 1496 2928 Ἥδεται
1529 2874 1638 2947 γὰρ
1685 2877 1714 2928 6
1763 2875 1932 2944 φιλῶν
1986 2876 2128 2948 ὁρῶν

544 2972 637 3026 τὸν
684 2972 1002 3044 φιλούμενον
1065 2972 1159 3025 καὶ
1206 2971 1490 3040 διαχεῖται,
1551 2971 1924 3041 συμπλέκεται
1978 2973 2128 3045 αὐτῷ

549 3069 868 3142 συμπλοκήν
910 3086 1032 3122 τινα
1083 3065 1225 3121 κατὰ
1268 3067 1365 3138 τὴν
1404 3065 1579 3136 ψυχὴν
1616 3067 1854 3138 ἄρρητον
1901 3067 2128 3138 ἔχουσαν

547 3167 646 3240 τὴν
677 3166 896 3237 ἡδονήν.
929 3164 1046 3219 Κᾶν
1084 3163 1402 3236 ἀναμνησοῇ
1438 3163 1597 3234 μόνον
1631 3163 1797 3218 αὐτοῦ
1820 3207 1834 3228 ,
1877 3163 2127 3236 διανέστη

547 3267 616 3336 τῇ
644 3263 850 3334 διανοίᾳ
876 3264 968 3316 καὶ
993 3264 1188 3315 ἀνεπτε
1199 3261 1366 3333 ρὼθη,
1397 3261 1490 3314 καὶ
1515 3261 1725 3331 βλέπων
1757 3275 1780 3302 8
1803 3261 1989 3315 τοῦτον
2009 3264 2130 3317 καθ’

555 3361 790 3432 ἑκάστην
824 3359 1064 3430 ἡμέραν
1099 3358 1159 3410 ού
1209 3357 1546 3428 κορέννυται,
1598 3358 1747 3411 οὐδὲν
1792 3359 1940 3410 ἔστιν
1981 3357 2130 3430 αύτῷ

552 3459 691 3527 ὅπερ
719 3456 793 3527 μὴ
818 3455 963 3508 ἐστιν
993 3453 1199 3506 ἐκείνου
1223 3467 1237 3482 ·
1270 3454 1444 3506 ταύτὰ
1486 3454 1634 3525 αύτῷ
1670 3454 1960 3525 ἐπεύχεται
1989 3455 2132 3526 άπερ

553 3554 648 3608 καὶ
672 3551 869 3623 ἐαυτῷ.

625 3649 754 3705 Οἶδα
801 3650 910 3719 ἐγώ
951 3667 1094 3712 τινα,
1135 3649 1193 3712 ὃς
1233 3650 1372 3720 ὑπὲρ
1411 3649 1562 3718 φίλου
1623 3650 1748 3712 τοὺς
1800 3651 1988 3718 ἁγίους
2040 3652 2134 3705 άν-

553 3748 685 3818 δρας
744 3744 1116 3816 παρακαλῶν,
1185 3745 1480 3814 παρεκάλει
1547 3745 1811 3815 πρότερον
1883 3746 2136 3816 εὔχεσθαι

560 3844 699 3914 ὑπὲρ
726 3839 911 3901 αὐτοῦ,
948 3841 1042 3894 καὶ
1084 3839 1201 3892 τότε
1235 3841 1373 3910 ὑπὲρ
1416 3838 1629 3893 ἐαυτοῦ.
1679 3837 1810 3893 Οἶδα
1851 3843 1945 3894 καὶ
1992 3843 2138 3895 Παῦ-

557 3942 648 3994 λον
697 3938 796 4008 τὴν
843 3937 1021 4007 ψυχὴν
1061 3936 1230 4006 ἡδέως
1282 3934 1487 3988 διδόντα
1535 3937 1635 4005 τὴν
1683 3937 1880 3991 ἐαυτοῦ
1931 3938 2020 3990 καὶ
2064 3941 2138 4011 μὴ

559 4033 875 4106 αἰτηθέντα,
924 4033 1019 4085 καὶ
1048 4033 1125 4093 είς
1156 4031 1378 4098 γέενναν
1426 4029 1722 4100 ἐμπίπτειν
1751 4032 1888 4103 ὑπὲρ
1911 4031 2020 4086 τῶν
2054 4052 2140 4103 φι-

559 4128 836 4199 λουμένων
868 4127 1180 4197 εὐχόμενον.
1235 4125 1390 4180 Οὖῑω
1434 4126 1543 4197 γάρ
1583 4126 1687 4197 χρὴ
1737 4129 1909 4196 φιλεῖν
1961 4129 2140 4183 διαθέ-

562 4241 646 4277 σει
675 4220 1069 4292 πεπυρωμένῃ,
1107 4221 1182 4284 ὡς
1219 4219 1293 4291 μὴ
1319 4221 1494 4275 δοκεῖν
1537 4221 1821 4292 ὀφειλέτην
1866 4222 2010 4293 ἐχειν
2052 4224 2142 4278 τὸν

563 4319 926 4391 φιλούμενον,
989 4317 1101 4371 ἀλλ’
1151 4317 1313 4382 αὐτὸς
1362 4318 1510 4389 αὐτῷ
1553 4318 1833 4390 ὀφειλέτης
1889 4317 2028 4375 εἶναι
2083 4323 2140 4374 ἐν

561 4417 640 4487 τῷ
683 4413 970 4487 ὀφειλέτην
1014 4415 1159 4487 ἔχειν
1204 4417 1429 4469 ἐκεῖνον.
1480 4415 1538 4468 '0
1585 4415 1692 4487 γὰρ
1729 4417 1993 4485 ἀγαπῶν,
2043 4419 2144 4473 ούκ

562 4513 871 4570 ἐπιτάττειν
898 4513 1146 4584 βούλεται
1195 4513 1374 4584 μόνον,
1415 4511 1550 4565 ἀλλὰ
1583 4513 1676 4566 καὶ
1722 4514 2101 4568 ἐπιτάττεσθαι
2125 4532 2139 4546 ο

562 4610 739 4684 χαίρει
787 4610 987 4683 μᾶλλον
1033 4609 1453 4680 ἐπιταττόμενος
1505 4608 1648 4680 ἥπερ
1698 4609 2017 4663 ἐπιτάττων.
2084 4611 2144 4665 Ὀ

562 4706 794 4780 ἀγαπῶν
843 4706 1163 4779 χαρίζεσθαι
1200 4705 1449 4776 βούλεται
1488 4705 1686 4774 μᾶλλον
1737 4705 1768 4775 ἦ
1807 4706 1965 4778 χάριν
2007 4707 2145 4778 λαμ-

563 4807 781 4862 ϐάνειν·
824 4804 967 4860 θέλει
993 4803 1102 4876 γάρ
1127 4802 1412 4873 ὀφειλέτην
1453 4802 1596 4871 ἔχειν
1640 4802 1731 4853 τὸν
1779 4803 1950 4869 φίλον,
2001 4804 2145 4873 ἥπερ

563 4903 724 4966 αὐτὸς
761 4902 996 4970 ὀφείλειν
1033 4899 1244 4968 ἐκείνῳ.
1283 4899 1340 4951 '0
1365 4898 1595 4966 ἀγαπῶν
1621 4899 1715 4950 καὶ
1763 4897 2008 4967 βούλεται
2043 4915 2144 4968 χα-

567 4998 812 5073 ρίζεσθαι
854 4997 934 5068 τῷ
972 4997 1354 5067 ἀγαπωμένῳ,
1402 4995 1496 5049 καὶ
1551 4995 1610 5049 οὐ
1668 4993 1917 5065 βούλεται
1969 4994 2146 5050 δοκεῖν

565 5094 919 5168 χαρίζεσθαι·
975 5093 1068 5146 καὶ
1115 5091 1302 5165 ἄρχειν
1353 5091 1515 5156 αὐτὸς
1557 5093 1896 5164 εὐεργεσίας.
1945 5094 2035 5146 καὶ
2073 5093 2147 5166 μὴ

565 5195 744 5248 δοκεῖν
773 5192 959 5262 ἄρχειν
999 5189 1334 5260 εὐεργεσίας.
1368 5189 1478 5242 Καὶ
1510 5191 1583 5259 μή
1635 5206 1724 5260 μοι
1773 5190 1897 5253 τοὺς
1951 5189 2142 5253 ἁπλῶς

570 5288 759 5359 φίλους
795 5287 1048 5347 ἐννοεῖτε,
1083 5285 1207 5346 τοὺς
1258 5284 1546 5348 κοινωνοὺς
1577 5286 1685 5339 τῶν
1711 5283 2020 5356 τραπεζῶν,
2055 5286 2149 5339 καὶ

570 5384 680 5442 ἀπὸ
712 5383 1083 5455 προσηγορίας
1115 5381 1282 5452 μόνης
1323 5380 1507 5450 φίλους
1531 5381 1939 5453 λογιζομένους·
1973 5382 2026 5435 εῖ
2065 5399 2149 5445 τις

573 5483 685 5550 εχει
721 5481 893 5550 φίλον,
925 5475 1035 5532 οἷον
1059 5477 1221 5547 λέγω,
1261 5477 1623 5547 ἐπιγνώσεται
1655 5479 1725 5533 τὰ
1766 5480 2008 5551 ῥήματα.
2037 5478 2150 5543 Τῆς

639 5817 663 5845 ιι
683 5803 793 5855 33V.
823 5805 910 5853 κᾶν
933 5806 1103 5869 βλέπῃ.

1218 337 1272 390 S.
1317 337 1599 393 JOANNIS
1635 338 2122 397 CHRYSOSTOMI
2165 344 2484 403 ARCHIEP.
2526 350 3071 409 CONSTANTINOP.
3628 363 3712 418 576

2216 469 2498 542 παρούσης
2545 469 2688 540 ζωῆς
2731 471 2882 539 φίλος
2920 470 3186 540 ἡδύτερος.
3239 471 3416 524 Πολλοὶ⁵
3447 473 3562 542 γοῦν
3606 482 3716 548 μετὰ

2215 567 2314 637 τὴν
2346 567 2453 620 τῶν
2482 567 2652 636 φίλων
2678 568 2933 638 τελευτὴν
2975 567 3193 632 εὔξαντο
3230 568 3413 638 μηκέτι
3456 570 3598 640 ζῆσαι
3628 575 3718 627 λοι-

2215 666 2314 714 πόν
2339 678 2351 691 ·
2377 664 2471 715 καὶ
2503 663 2609 733 γὰρ
2634 662 2801 727 ὅντως
2833 664 2927 716 καὶ
2959 662 3053 716 τοῦ
3090 663 3260 733 φωτὸς
3289 663 3441 717 αὐτοῦ
3469 666 3718 723 ποθεινότε-

2218 776 2307 830 ρος
2327 763 2354 814 ὀ
2374 760 2544 829 φίλος.
2575 760 2792 814 Βέλτιον
2817 763 2923 832 γάρ
2951 762 3081 831 ἡμῖν
3123 761 3405 830 σϐεσθῆναι
3426 762 3507 814 τὸν
3533 764 3720 838 ἦλιον,ἢ

2215 855 2384 923 φίλων
2422 856 2859 928 ἀποστερηθῆναι
2881 872 2895 886 ⁸
2931 856 3112 908 πολλοὶ
3135 855 3240 926 γὰρ
3282 856 3369 909 τὸν
3413 857 3547 926 ἣλιον
3583 860 3721 929 ὀρῶν-

2216 968 2325 1014 τες,
2354 954 2412 1004 ἐν
2458 952 2633 1023 σκότῳ
2663 952 2768 1005 εἰσί
2787 969 2800 982 ·
2833 952 3002 1020 φίλων
3032 952 3089 1004 δέ
3133 951 3494 1022 εὐποροῦντες,
3518 954 3646 1008 οὐδὲν
3674 955 3726 1010 ἂν

2216 1052 2275 1103 ἐν
2322 1049 2497 1119 θλίψει
2545 1051 2802 1120 γένοιντο.
2839 1051 2902 1102 Εἰ
2951 1049 3008 1102 δέ
3053 1050 3195 1112 τινός
3245 1067 3302 1101 σε
3353 1050 3490 1118 φιλία
3513 1051 3724 1120 βλάπτει,

2218 1146 2446 1200 ἐκκοπτε
2471 1145 2578 1198 ἀπὸ
2618 1145 2731 1198 σοῦ.
2768 1146 2829 1197 Εἰ
2859 1145 2966 1216 γάρ
2994 1163 3112 1198 τινα
3149 1145 3256 1198 τῶν
3293 1147 3557 1217 ἡμετέρων
3586 1147 3728 1217 μελῶν

2218 1241 2476 1306 πολλάκις
2529 1241 2937 1311 ἀποτέμνομεν,
2981 1243 3109 1295 ὅταν
3137 1243 3277 1296 αύτά
3303 1260 3361 1295 τε
3397 1244 3605 1303 ἀνιάτως
3635 1245 3726 1318 ἔχη,

2218 1339 2444 1401 καὶτοῖς
2472 1337 2678 1399 λοιποῖς
2711 1336 3040 1407 λυμαίνηται
3059 1377 3074 1401 ,
3123 1336 3301 1409 πολλῷ
3332 1338 3516 1408 μᾶλλον
3555 1339 3633 1393 ἐπὶ
3654 1339 3730 1410 τῆς

2216 1432 2393 1502 ψυχῆς
2436 1432 2594 1486 τοῦτο
2641 1433 2791 1485 ποεῖν
2836 1433 2964 1502 χρή.
3003 1432 3168 1486 Οὐδὲν
3201 1432 3308 1504 γὰρ
3339 1433 3475 1486 οὕτω
3499 1433 3730 1505 βλαϐερὸν,

2218 1527 2294 1590 ὠς
2329 1526 2582 1580 συνουσία
2627 1528 2842 1597 πονηρά
2865 1544 2880 1557 ·
2909 1528 3008 1580 ὅσα
3047 1527 3156 1598 γὰρ
3197 1529 3406 1598 ἀνάγκη
3436 1529 3506 1599 μὴ
3537 1529 3732 1592 δύναται,

2218 1623 2438 1677 δύναται
2463 1623 2612 1691 φιλία
2639 1622 2899 1686 πολλάκις
2932 1626 3011 1686 εἰς
3037 1623 3242 1694 βλάϐην
3279 1625 3370 1677 καὶ
3405 1625 3657 1693 ὠφέλειαν.
3688 1625 3736 1678 '0

2219 1718 2275 1773 δὲ
2300 1721 2413 1782 τοῖς
2436 1719 2648 1791 ἐχθροῖς
2675 1719 2769 1772 τοῦ
2803 1718 3067 1789 βασιλέως
3095 1736 3160 1770 συ
3169 1718 3485 1788 μφιλιάζων,
3525 1720 3579 1772 οὐ
3620 1717 3739 1772 δύνει·

2219 1833 2309 1869 ται
2341 1816 2491 1886 φίλος
2515 1816 2607 1870 τοῦ
2639 1816 2898 1886 βασιλέως
2931 1811 3088 1869 εἶναι.
3121 1816 3235 1885 Τῆς
3258 1816 3364 1886 γάρ
3385 1815 3550 1883 φιλίας
3572 1814 3656 1883 τῆς
3673 1813 3741 1867 διὰ

2220 1912 2312 1966 τὸν
2361 1912 2592 1985 Χριστὸν
2638 1912 2698 1966 τὸ
2754 1914 2909 1983 μῖσος
2947 1912 3006 1965 τὸ
3055 1910 3122 1964 δι’
3151 1910 3314 1964 αὑτὸν
3353 1909 3520 1980 πολλῷ
3555 1909 3740 1978 βέλτιον.

2225 2009 2392 2062 Ὅταν
2424 2009 2520 2080 μὲν
2544 2009 2650 2081 γὰρ
2679 2008 2958 2080 φιλιῦμεθα
2985 2007 3074 2061 διὰ
3092 2009 3184 2059 τὸν
3217 2006 3369 2070 Θεὸν,
3405 2008 3553 2077 ἡμεῖς
3572 2004 3744 2074 ὀφειλέ-

2221 2123 2310 2158 ται
2337 2105 2500 2158 αὑτοῦ
2542 2107 2708 2175 ἐσμεν
2741 2105 2840 2174 τῆς
2875 2104 3038 2174 τιμῆς
3058 2121 3072 2133 ·
3104 2104 3233 2158 ὅταν
3266 2104 3324 2156 δὲ
3353 2102 3634 2174 μισώμεθα,
3671 2101 3746 2156 αίι⁴

2222 2202 2314 2265 τὸς
2344 2205 2474 2273 ἡμῖν
2508 2201 2791 2272 ὀφειλέτης
2815 2201 2931 2254 ἐστὶ
2957 2200 3058 2270 τῆς
3072 2200 3260 2270 τιμῆς.
3285 2202 3436 2252 Ὅσοι
3461 2200 3620 2252 τοίνυν
3642 2196 3747 2267 μηδὲ

2223 2299 2520 2369 χρημάτων
2549 2297 2635 2349 διά
2681 2297 2773 2349 τὸν
2827 2296 3059 2366 Χριστὸν
3094 2295 3555 2366 καταφρονοῦμεν,
3587 2292 3748 2364 μᾶλλον

2224 2394 2280 2446 δέ
2309 2394 2373 2447 δι’
2399 2394 2566 2465 ἡμᾶς,
2599 2393 2900 2463 φρίξωμεν,
2928 2392 2988 2443 τὸ
3017 2394 3144 2462 περὶ
3168 2392 3261 2445 τὸν
3278 2391 3503 2462 Χριστὸν
3527 2389 3611 2442 τοῦ
3633 2387 3749 2441 Παύ-

2225 2491 2317 2543 λου
2356 2491 2574 2560 φίλτρον
2617 2492 2672 2542 ἐν
2717 2489 2924 2560 διανοίᾳ
2973 2489 3363 2558 λαμϐάνοντες.
3399 2487 3524 2542 Οὐδὲ
3557 2485 3650 2556 γὰρ
3677 2482 3750 2537 τὸν

2227 2588 2458 2660 Χριστὸν
2489 2581 2640 2650 οὗτος
2692 2587 2864 2657 ἐφίλει
2895 2585 2981 2639 διὰ
3011 2586 3077 2640 τά
3117 2586 3212 2639 τοῦ
3255 2583 3511 2658 Χριστοῦ,
3547 2580 3663 2636 ἀλλά
3696 2579 3751 2632 δι’

2229 2685 2386 2739 αὐτὸν
2413 2684 2482 2737 τά
2517 2684 2722 2738 ἐκείνου
2759 2681 2930 2755 [4591.
2956 2683 3048 2735 καὶ
3073 2681 3131 2735 ἓν
3162 2682 3418 2736 ἐδεδοίκει
3441 2677 3668 2752 μόνον,τὸ
3694 2673 3754 2746 μὴ

2228 2781 2330 2850 τῆς
2361 2781 2582 2851 ἀγάπης
2617 2781 2872 2832 ἐκπεσεῖν
2906 2780 3001 2849 τῆς
3042 2779 3178 2848 πρὸς
3218 2779 3443 2832 ἐκεῖνον.
3477 2773 3630 2827 Τοῦτο
3669 2769 3756 2840 γάρ

2229 2877 2377 2947 αὐτῷ
2422 2877 2514 2929 καὶ
2561 2877 2784 2946 γεέννης
2829 2875 3202 2947 φοϐερώτερον
3234 2871 3332 2946 ἦν’
3377 2872 3555 2943 ὥσπερ
3600 2868 3680 2923 καὶ
3710 2865 3760 2920 τὸ

2234 2973 2414 3045 μένειν
2435 2975 2491 3025 ἐν
2516 2972 2652 3043 αὐτῇ
2692 2971 2963 3040 βασιλείας
2985 2970 3379 3040 ποθεινότερον.
3401 2969 3560 3020 Ὅταν
3587 2964 3669 3034 μὲν
3684 2958 3760 3015 οὖν

2230 3071 2436 3132 ἐκεῖνος
2484 3069 2572 3122 διά
2619 3068 2712 3120 τόν
2758 3067 2852 3120 τοῦ
2901 3067 3033 3119 Θεοῦ
3093 3065 3258 3118 πόθον
3315 3064 3410 3117 καὶ
3460 3065 3534 3126 εἰς
3575 3063 3761 3130 γέενναν

2231 3163 2584 3234 καταδέχεται
2651 3165 2914 3232 ἐμπεσεῖν
2943 3203 2957 3227 ,
3033 3162 3123 3214 καὶ
3181 3160 3455 3231 βασιλείας
3509 3159 3759 3215 ἐκπεσεῖν,

2231 3259 2363 3330 εἴγε
2391 3259 2676 3330 ἀμφότερα
2700 3257 2870 3310 ταῦτα
2899 3257 3190 3328 προύκειτο
3208 3297 3222 3318 ,
3277 3259 3434 3328 ἡμεῖς
3465 3255 3517 3309 δέ
3549 3253 3664 3324 μηδὲ
3686 3247 3762 3303 τοῦ

2233 3356 2497 3427 παρόντος
2550 3353 2975 3424 καταφρονῶμεν
3024 3353 3141 3422 βίου
3160 3393 3175 3416 ,
3233 3349 3344 3424 ἆρα
3375 3353 3506 3416 ἄξιοι
3535 3351 3633 3403 τῶν
3660 3345 3765 3416 γοῦν

2235 3452 2592 3522 ὑποδημάτων
2649 3451 2812 3520 ἐσμὲν
2869 3449 3056 3502 λοιπὸν
3108 3449 3221 3503 τῶν
3279 3449 3504 3511 ἐκείνου,
3554 3443 3766 3499 τοσοῦτον

2235 3548 2605 3618 ἀφεστηκότες
2633 3546 2797 3598 αὐτοῦ
2835 3546 2935 3614 τῆς
2961 3545 3350 3615 μεγαλονοίας;
3386 3546 3479 3596 Διά
3510 3543 3651 3595 τοῦτο
3691 3539 3768 3592 καὶ

2235 3647 2263 3698 ὁ
2283 3643 2514 3715 Χριστὸς
2543 3642 2728 3710 ἔλεγεν
2747 3657 2758 3670 ο
2797 3644 2893 3705 Ὃς
2922 3640 2998 3694 ἂν
3023 3641 3302 3712 ἀπολέσῃ
3329 3641 3441 3708 τὴν
3461 3636 3656 3708 ψυχὴν
3682 3635 3768 3688 αὑ·

2237 3739 2342 3795 τοῦ
2387 3739 2595 3792 ἕνεκεν
2630 3737 2796 3807 ἐμοῦ,
2825 3736 3071 3803 εὑρήσει
3116 3737 3347 3804 αὑτήνο
3409 3735 3518 3797 καὶ,
3562 3735 3654 3796 Ὃς
3683 3727 3771 3781 ἐὰν

2239 3834 2586 3906 ὁμολογήσῃ
2607 3851 2683 3904 με
2707 3833 3046 3903 ἔμπροσθεν
3068 3831 3184 3885 τῶν
3211 3831 3550 3900 ἀνθρώπων,
3591 3827 3769 3897 ὁμολο-

2237 3930 2406 4000 γήσω
2426 3929 2584 3999 κάγὼ
2610 3931 2794 3982 αὑτὸν
2820 3929 3158 3997 ἔμπροσθεν
3177 3927 3285 3981 τοῦ
3317 3927 3538 3994 Πατρός
3555 3941 3659 3993 μου
3685 3917 3772 3974 τοῦ

2239 4027 2308 4080 ἐν
2329 4026 2451 4092 τοῖς
2475 4025 2775 4093 οὐρανοῖς.
2796 4026 2903 4077 Καὶ
2919 4025 3026 4096 γὰρ
3045 4023 3209 4087 πολὺς
3226 4027 3254 4078 ὁ
3273 4024 3366 4077 τοῦ
3399 4020 3773 4094 κατορθώματος

2239 4124 2428 4175 τούτου
2447 4123 2627 4184 πόνος,
2650 4121 2743 4175 καὶ
2760 4121 2927 4190 αὐτὴν
2949 4120 3131 4192 σχεδὸν
3149 4121 3490 4192 ὑπερϐαίνων
3509 4120 3598 4189 τὴν
3620 4116 3771 4185 φύσιν·

2241 4219 2336 4272 καὶ
2388 4218 2544 4271 τοῦτο
2594 4219 2772 4272 ἴσασιν
2824 4219 2873 4271 οί
2925 4218 3353 4284 καταξιωθέντες
3388 4217 3493 4271 τῶν
3537 4213 3774 4284 στεφάνων

2243 4313 2445 4368 τούτων
2475 4312 2684 4376 καλῶς·
2732 4313 2888 4382 λόγος
2918 4314 3028 4385 γὰρ
3071 4315 3247 4377 οὐδεὶς
3293 4314 3426 4366 αὐτὸ
3473 4309 3773 4383 παραστῆσαι

2242 4411 2561 4483 δυνήσεται·
2593 4410 2735 4464 οὕτω
2760 4410 3008 4479 γενναίας
3044 4410 3102 4462 τὸ
3129 4411 3364 4480 πρᾶγμά
3385 4413 3495 4463 ἐστι
3513 4403 3776 4478 ψυχῆς,καὶ

2247 4509 2367 4581 μεθ’
2391 4509 2492 4560 ύπε
2503 4506 2696 4578 ρϐολῆς
2718 4506 3046 4577 θαυμαστόν.
3095 4505 3231 4558 Ἀλλ’
3259 4507 3410 4576 ὅμως
3431 4506 3488 4557 τὸ
3510 4497 3777 4572 θαυμαστὸν

2242 4604 2398 4658 τοῦτο
2419 4604 2572 4657 οὐδὲν
2624 4604 2768 4675 μέγα
2797 4602 2998 4674 ἔφησεν
3035 4601 3286 4670 ὠφελεῖν,
3325 4601 3540 4671 ἀγάπης
3574 4590 3776 4669 χωρζοδ

2246 4701 2478 4766 Παῦλος,
2507 4699 2611 4754 κᾶν
2661 4701 2758 4770 τὴν
2810 4697 3194 4769 ἀκτημοσύνην
3231 4695 3652 4766 συνεζευγμένην
3675 4690 3771 4759 ἔχῃ.

2245 4799 2402 4860 Τίνος
2431 4793 2523 4851 οὖν
2555 4796 2740 4849 ἐνεκεν
2764 4794 2935 4858 οὕτως
2973 4795 3180 4864 εἴρηκε,
3211 4793 3372 4846 τοῦτο
3397 4793 3494 4864 ήδη
3515 4790 3664 4854 δεῖξαι
3683 4801 3776 4838 πει·

2248 4894 2507 4967 ράσομαι,
2542 4893 2807 4962 πρότερον
2841 4892 3017 4943 εκεῖνο
3047 4889 3310 4960 ζητήσας,
3345 4890 3460 4952 πῶς
3489 4891 3516 4941 6
3542 4887 3603 4941 τά
3637 4881 3778 4951 ὑπάρ-

2246 5009 2411 5066 χοντα
2431 4992 2691 5064 ψωμίζων
2717 4991 2913 5056 πάντα,
2935 4989 3151 5043 δύναται
3180 4989 3254 5060 μὴ
3277 4989 3420 5060 ἐχειν
3445 4987 3666 5057 ἀγάπην.
3695 4979 3776 5034 Τδν

2255 5091 2354 5163 μὲν
2404 5089 2512 5161 γάρ
2557 5088 2772 5158 ἕτοιμον
2825 5086 2954 5139 ὅντα
3005 5086 3222 5156 καῆναι,
3266 5087 3362 5139 καὶ
3414 5083 3483 5138 τὰ
3510 5083 3776 5154 χαρίσματα

2249 5191 2440 5261 ἔχοντα
2462 5191 2694 5260 ἐγχωρεῖ
2723 5188 2851 5250 ἴσως
2874 5187 2967 5240 καὶ
2997 5188 3070 5258 μὴ
3088 5187 3373 5257 ἀγαπῆσαι
3394 5203 3407 5217 ·
3431 5188 3458 5239 6
3476 5185 3532 5239 δὲ
3558 5182 3626 5255 μὴ
3649 5179 3775 5252 μόνον

2249 5290 2422 5354 διδοὺς
2460 5290 2528 5343 τὰ
2560 5288 2890 5359 ὑπάρχοντα,
2937 5287 3075 5340 άλλά
3125 5287 3218 5341 καὶ
3245 5287 3526 5359 ψωμίζων,
3559 5285 3664 5345 πῶς
3697 5280 3774 5333 οὐκ

2251 5391 2469 5462 ἀγαπᾷ;
2501 5391 2564 5443 Τί
2589 5386 2681 5462 οῦν
2718 5389 2862 5443 ἐστιν
2888 5391 3058 5442 εἰπεῖν
3081 5407 3096 5456 ;
3119 5391 3190 5442 Ἥ
3225 5391 3304 5442 ὅτι
3341 5388 3402 5442 τὸ
3427 5388 3522 5441 ούκ
3555 5386 3610 5439 ὃν
3642 5384 3706 5446 ὼς
3730 5379 3777 5434 ὂν

2253 5495 2501 5558 ὑπέθετο,
2536 5495 2672 5561 ὅπερ
2706 5493 2791 5545 ἀεὶ¹
2820 5492 2961 5560 φιλεῖ
2991 5495 3161 5545 ποιεῖν
3182 5532 3195 5557 ,
3241 5493 3365 5546 ὅταν
3396 5487 3676 5558 ὑπερϐολὴν
3698 5499 3778 5535 παι

2257 5599 2522 5670 ραστῆσαι
2555 5595 2817 5665 βουληθῇ·
2843 5593 2920 5657 ὡς
2955 5594 3080 5646 ὅταν
3102 5592 3364 5655 Γαλάταις
3393 5592 3609 5662 γράφων
3640 5586 3775 5654 λέγῃ·

2267 5698 2408 5753 Ἐὰν
2431 5696 2601 5766 ἡμεῖς
2629 5695 2665 5765 ἢ
2692 5694 2942 5766 ἄγγελος
2971 5693 3039 5758 ἐξ
3079 5692 3336 5763 οὐρανοῦ
3382 5685 3777 5760 εὐαγγελίζηται

2257 5801 2398 5870 ὑμῖν
2423 5841 2438 5869 ,
2479 5800 2612 5868 παρ’
2651 5797 2682 5851 ὃ
2711 5797 3092 5866 παρελάϐετε,
3137 5796 3399 5864 ἀνάθεμα
3427 5795 3601 5848 ἔστω·
3634 5785 3778 5841 καίτοι
