3872 6396
137 224 232 284 575
1094 235 1362 292 ECLOGA
1406 197 1960 305 conuertens,
2003 241 2230 298 nosne.
2272 245 2312 300 l.
3219 270 3286 327 57

130 340 295 409 jecisti,
327 351 371 398 et
390 345 666 398 contesttm
697 345 820 402 inde
847 347 1128 402 exsiliisti?
1158 349 1350 421 Utique
1372 393 1386 412 ,
1422 353 1590 418 inquit
1619 369 1633 404 :

129 447 280 502 magna
318 437 439 488 enim
488 438 738 491 maeroris
787 439 834 491 vi
877 449 1167 506 occupatus
1207 441 1312 507 lui,
1366 451 1419 497 et
1473 443 1636 499 vehe-

127 534 296 580 menter
319 537 530 582 mentem
562 531 903 598 perturbabat
931 532 1036 588 Titi
1061 534 1301 588 absentia
1335 551 1348 586 :
1378 545 1537 603 atque
1563 536 1630 590 ita

123 635 196 672 me
221 620 323 674 vicit
344 629 388 674 et
409 624 702 691 superavit,
733 631 792 678 ut
813 639 897 678 me
925 625 973 678 id
1006 624 1180 680 facere
1206 637 1440 695 cogeret.
1459 628 1637 682 Vides-

120 728 177 766 ne
202 713 423 782 quomodo
446 716 730 769 maximum
755 719 825 771 sit
853 719 1120 786 negotium
1146 761 1162 784 ,
1210 720 1388 775 dilecti
1416 737 1636 789 separa-

119 808 283 857 tionent
312 803 495 870 placide
536 805 679 860 ferre
709 809 900 877 posse?
928 825 1085 878 quam
1120 825 1281 879 grave
1307 813 1376 866 sit
1405 822 1458 866 et
1487 828 1635 866 acer-

113 895 258 947 bum?
294 911 430 964 quam
478 896 692 951 excelso
738 914 872 966 opus
920 900 988 952 sit
1033 911 1086 953 et
1125 900 1246 954 forti
1273 903 1492 956 animo?
1518 903 1632 958 Non

107 985 232 1038 enim
257 985 572 1055 diligentibus
602 987 732 1043 satis
758 997 840 1042 est
861 1028 875 1052 ,
929 990 1108 1043 animo
1134 990 1408 1044 dumtaxat
1451 1007 1635 1048 amore

104 1077 369 1144 copulatum
406 1092 564 1142 esse,
618 1094 790 1147 neque
834 1081 935 1134 hoc
966 1082 1071 1136 illis
1107 1082 1172 1136 ad
1214 1085 1635 1140 consolationem

104 1167 300 1232 surlicit,
327 1167 407 1221 sed
437 1171 705 1236 Corporali
739 1173 898 1224 etiam
937 1171 1172 1243 indigent
1201 1175 1480 1243 praesentia
1509 1193 1522 1241 ;
1569 1191 1636 1232 ac

101 1258 140 1309 si
171 1259 255 1311 ista
283 1259 656 1326 destituautur,
710 1261 848 1316 haud
886 1265 1072 1333 exigua
1109 1281 1230 1333 pars
1265 1266 1461 1320 Letitim
1495 1284 1633 1336 prte-

99 1349 196 1401 cisa
221 1360 292 1404 est
315 1350 402 1420 (tt).
437 1352 592 1420 Papa:
617 1393 632 1413 ,
659 1368 818 1421 quam
850 1355 1045 1423 ignitus
1081 1365 1162 1410 est
1189 1359 1425 1410 caritatis
1462 1374 1630 1412 amor.

98 1440 194 1505 En,
218 1437 388 1496 Paulus
410 1444 498 1512 qui
525 1451 709 1497 contra
739 1445 913 1514 ignem
948 1446 1333 1515 imperterritus
1362 1458 1498 1515 erat,
1518 1450 1636 1503 ada-

94 1535 336 1589 mantinus
359 1535 460 1597 ille,
483 1535 685 1602 ﬁrmus,
712 1536 986 1603 immotus,
1009 1540 1329 1604 inﬂexibilis,
1353 1543 1440 1610 qui
1467 1543 1593 1596 dicit
1617 1560 1630 1596 :

93 1624 211 1691 Qui:
247 1627 479 1695 separabit
520 1645 611 1681 nos
653 1646 685 1682 α
732 1632 945 1685 caritate
989 1631 1214 1686 Christi?
1262 1636 1536 1700 tribulatio,
1568 1654 1634 1691 an

93 1720 326 1788 angustia,
353 1735 412 1772 an
443 1721 624 1787 (antes,
649 1738 715 1775 an
738 1725 1074 1792 perscquutio,
1108 1741 1172 1778 au
1205 1726 1427 1789 mtditas,
1461 1744 1525 1781 an
1548 1747 1635 1797 pe-

93 1811 314 1876 rica/um,
358 1828 419 1864 an
458 1813 660 1881 gladius
688 1814 863 1881 (Rom.
891 1815 946 1872 8.
974 1816 1062 1887 55)
1081 1817 1105 1869 ?
1128 1819 1214 1887 qui
1249 1828 1402 1873 terra:
1423 1829 1477 1874 et
1503 1823 1633 1876 mari

93 1915 143 1953 se
188 1901 418 1969 opponit,
466 1903 554 1972 qui
585 1904 952 1959 adamantinas
984 1915 1162 1974 portas
1189 1910 1376 1962 mortis
1407 1910 1630 1965 irridet:

97 1991 166 2044 tic
197 2003 246 2044 ut
271 2007 506 2046 carorum
529 1995 972 2066 viditaliquorum
1009 1999 1290 2070 lacrymas,
1327 2001 1395 2054 ita
1426 2002 1634 2056 confra-

94 2096 192 2139 :tus
219 2099 267 2141 et
295 2085 548 2141 contritus
595 2097 714 2153 est,
765 2098 823 2142 ιιι
860 2090 1102 2145 atl'ectum
1127 2093 1233 2161 jam
1263 2109 1367 2146 non
1398 2096 1633 2148 occulta-

94 2186 154 2231 ‘ct
181 2219 194 2242 ,
237 2177 324 2232 sed
363 2181 615 2234 continuo
655 2180 858 2236 diceret
889 2199 901 2234 :
937 2183 1073 2247 Quid
1107 2185 1277 2254 facitis
1306 2191 1558 2254 plorantes
1589 2199 1634 2242 et

96 2285 158 2320 or
201 2284 357 2321 meum
396 2269 669 2340 aﬂligentes
705 2271 842 2342 (Act.
865 2273 954 2327 2|.
982 2274 1112 2343 l5)?
1140 2276 1274 2342 Quid
1301 2293 1501 2347 qumso,
1549 2281 1632 2333 in-

94 2360 222 2426 piis?
249 2377 366 2414 tnun
387 2363 784 2419 adamantinum
805 2366 952 2419 illum
971 2368 1204 2423 animum
1224 2369 1469 2442 lacrymm
1487 2371 1634 2427 fran-

100 2467 192 2505 ere
217 2453 535 2521 potuerunt?
564 2453 758 2525 Utique
785 2457 947 2524 dicit;
992 2474 1180 2530 magna
1211 2464 1354 2518 enim
1395 2465 1634 2521 caritatis

94 2551 146 2596 st
179 2543 254 2596 vis
277 2583 292 2605 ,
327 2543 434 2612 ipsa
465 2561 551 2600 me
573 2556 791 2615 superat
816 2558 868 2603 et
897 2550 1058 2604 vineit
1086 2569 1101 2606 :
1143 2553 1339 2609 etenim
1367 2555 1632 2612 adversus

98 2633 237 2686 mnia
283 2635 513 2690 reluctor
534 2677 549 2701 ,
592 2639 702 2691 sola
740 2640 962 2696 caritate
993 2653 1212 2712 excepta
1243 2645 1343 2716 (b).
1371 2647 1499 2714 Quis
1526 2665 1632 2705 non

95 2724 439 2793 hstupescat?
465 2728 585 2796 quis
616 2745 720 2784 non
749 2731 1016 2785 miretur?
1042 2735 1150 2789 imo
1173 2751 1302 2791 vero
1335 2739 1453 2807 quis
1474 2738 1635 2810 digne

93 2818 190 2869 itis
215 2816 506 2873 admiretur
539 2829 593 2875 et
622 2822 966 2892 Obstupescat
995 2841 1308 2894 generosam
1329 2829 1471 2885 illam
1492 2843 1541 2886 et
1566 2833 1634 2888 ad

97 2909 220 2962 elos
247 2911 634 2980 pertingcntem
659 2915 912 2980 animam,
961 2917 1102 2987 quod
1125 2919 1316 2989 ligatus
1338 2932 1391 2977 et
1418 2938 1635 2980 carcere

94 3001 342 3056 )nclusus
393 3019 422 3057 a
473 3012 616 3058 tanta
677 3007 929 3062 distantia
978 3009 1406 3081 Philippensibus
1456 3016 1636 3071 literas

93 3093 358 3148 :riberet?
395 3097 563 3149 nostis
598 3097 737 3150 enim
767 3107 1022 3168 quantum
1049 3104 1278 3171 spatium
1307 3105 1514 3161 intersit
1536 3107 1638 3163 Ma-

93 3187 336 3240 :doniam
383 3188 524 3243 inter
558 3200 610 3243 et
641 3191 884 3245 Romam.
915 3195 984 3248 At
1012 3210 1185 3265 neque
1213 3196 1310 3252 vite
1341 3199 1633 3268 longitudo,

94 3292 227 3346 eque
256 3280 514 3346 temporis
548 3280 865 3337 diuturnitas
888 3326 903 3349 ,
935 3301 1107 3355 neque
1137 3289 1470 3356 negotiorum
1502 3293 1638 3346 ntul-

93 3368 244 3432 tudo,
284 3385 458 3438 neque
487 3373 780 3439 periculum
804 3385 856 3428 et
879 3377 978 3429 sibi
1008 3379 1264 3434 continuo
1288 3383 1636 3439 succcdcntia

97 3461 184 3513 ala
209 3501 224 3522 ,
274 3463 452 3531 neque
493 3464 632 3517 aliud
674 3466 958 3535 quidquam
992 3469 1330 3526 dilectionem
1357 3485 1409 3528 et
1436 3490 1640 3530 memo-

93 3567 180 3603 atn
210 3551 604 3621 discipulorum
631 3559 858 3620 exemit,
885 3559 977 3613 sed
1011 3577 1199 3617 omnes
1227 3565 1346 3618 illos
1377 3565 1427 3620 in
1460 3579 1638 3624 mente

93 3646 334 3699 mtinuit.
375 3645 492 3699 Non
550 3649 619 3702 ita
664 3665 851 3705 manus
898 3652 1042 3707 illius
1083 3657 1288 3711 catenis
1335 3661 1639 3717 constricta:

94 3745 196 3788 aut
219 3778 234 3802 ,
292 3737 440 3791 sicut
477 3738 858 3809 discipulorum
882 3743 1148 3800 desiderio
1173 3749 1381 3803 animus
1411 3753 1638 3819 conjun-

93 3844 160 3878 us
190 3837 248 3880 et
275 3827 476 3883 afﬁxus
515 3829 708 3884 fuerat.
741 3833 802 3886 Et
832 3836 1276 3903 quemadmodum
1313 3856 1405 3894 rex
1449 3843 1639 3912 aliquis

103 3933 350 3972 ascenso
373 3921 476 3974 sub
497 3935 744 3974 auroram
775 3925 936 3990 solio,
969 3928 1055 3980 ubi
1091 3929 1139 3982 in
1170 3933 1330 4000 regali
1363 3934 1478 3987 aula
1502 3951 1636 3990 con-

93 4009 199 4073 dit,
247 4019 542 4065 sescentas
581 4014 824 4080 protinus
853 4032 915 4070 ex
948 4020 1090 4071 omni
1133 4020 1251 4074 loco
1291 4025 1482 4093 recipit
1522 4028 1640 4098 cpi-

95 4101 203 4154 )las
233 4119 248 4153 :
289 4102 362 4154 ita
389 4117 550 4172 porro
583 4103 668 4157 ille
713 4105 764 4158 in
796 4122 1008 4162 carcere
1036 4110 1181 4165 velut
1221 4113 1272 4166 in
1321 4117 1483 4184 regali
1512 4134 1642 4187 qua.

95 4209 153 4243 ιη
186 4192 317 4245 aula
351 4194 642 4249 considens
663 4237 678 4261 ,
724 4199 890 4252 multo
937 4199 1319 4271 frequentiores
1347 4207 1642 4278 accipiebat

122 4287 546 4342 transmittebat
591 4290 775 4344 literas
818 4307 1002 4347 eorum
1022 4336 1035 4358 ,
1062 4297 1152 4366 qui
1180 4301 1387 4354 cunctis
1414 4317 1476 4355 ex
1508 4303 1640 4358 locis

120 4376 304 4443 ipsius
332 4378 653 4447 sapientiam
679 4381 746 4436 de
775 4384 1023 4438 omnibus
1065 4389 1290 4458 negotiis
1317 4392 1428 4445 suis
1459 4396 1638 4449 omnia

93 4465 354 4521 'crebant
386 4485 400 4520 :
433 4481 486 4523 et
519 4479 665 4524 tanto
694 4473 908 4542 quidem
958 4478 1106 4546 plura
1154 4483 1364 4551 negotia
1406 4483 1637 4541 admini-

98 4559 241 4612 abat
283 4575 454 4629 quam
487 4579 601 4629 rex,
633 4577 830 4635 quanto
856 4573 1083 4639 amplius
1111 4574 1182 4628 illi
1210 4578 1487 4645 imperium
1522 4596 1640 4637 cre-

97 4666 197 4702 um
236 4649 448 4705 fuerat.
472 4653 746 4722 Ejusmodi
777 4661 919 4714 enim
948 4673 1029 4716 est
1053 4665 1132 4719 vis
1157 4667 1412 4736 caritatis,
1447 4680 1502 4725 ut
1531 4688 1637 4728 non

93 4751 341 4796 csentes
378 4743 658 4800 dumtaxat
700 4758 752 4802 et
797 4753 885 4820 qui
913 4755 1197 4826 prepinqui
1229 4760 1382 4814 nobis
1410 4774 1531 4817 sunt
1559 4775 1639 4820 at-

93 4848 120 4886 e
147 4833 449 4902 videntur,
471 4837 564 4892 sed
589 4841 745 4893 etiam
772 4842 926 4911 longe
954 4846 1211 4902 distantes
1232 4853 1636 4924 complectatur,

94 4923 381 4992 tglutinet
411 4938 466 4982 et
492 4929 799 5002 conjuugat,
847 4944 1008 5004 utque
1055 4953 1152 4992 nec
1185 4949 1482 5011 temporum
1515 4923 1636 5000 diu?

99 5019 289 5085 nitas,
322 5037 506 5091 neque
534 5025 736 5079 viarum
764 5027 1039 5092 distantia,
1069 5047 1166 5086 nec
1192 5035 1481 5106 quidquam
1521 5041 1638 5109 ejus

97 5112 160 5164 (ιι
220 5127 464 5178 rerum,
515 5116 708 5169 anima:
758 5119 1050 5175 amicitiam
1100 5123 1354 5181 dirimere
1385 5131 1551 5196 po<sit
1587 5139 1642 5184 et

96 5203 325 5257 ellcre.
368 5204 440 5258 Et
475 5222 602 5260 vero
651 5210 719 5262 ita
748 5210 969 5280 diligere
1000 5226 1267 5269 amantem
1300 5229 1548 5284 oportet,
1581 5230 1641 5276 ut

93 5295 265 5348 θιὶςιιιι
294 5302 483 5349 anima
508 5299 574 5350 ab
603 5300 718 5368 ipso
744 5313 1034 5371 peteretur,
1061 5316 1114 5362 et
1142 5307 1252 5363 fieri
1285 5323 1500 5379 posset,
1532 5331 1637 5368 nan

93 5397 285 5455 teget.
340 5386 493 5442 Nihil
533 5391 676 5444 enim
723 5408 841 5446 cum
885 5395 1096 5451 sincero
1139 5400 1313 5454 amico
1354 5402 1609 5460 COlirt'l‘L‘ll

96 5544 143 5613 ι)
296 5542 524 5613 Epistola
551 5562 580 5595 ιι
601 5547 660 5613 ad
682 5548 1019 5613 Olympiadem,
1034 5553 1233 5612 Tom.5,
1249 5555 1336 5604 col.
1357 5559 1448 5607 36‘.)
1461 5569 1509 5608 et
1529 5561 1636 5611 ῐῑῗο.

94 5605 525 5716 :jnllixpl‘tomilia
565 5623 604 5658 ιν
628 5607 680 5658 in
705 5605 879 5673 αἷμ’ὅ.
901 5605 1054 5675 Epist.
1088 5618 1126 5666 Ι.
1167 5605 1231 5666 δύ’
1251 5605 1470 5670 'l'heSs‘al.

1747 345 1895 402 dum.
1928 351 2172 408 Exsultat
2199 358 2342 412 enitn
2376 363 2598 431 amicus,
2627 367 2755 425 dum
2783 387 2903 428 eum
2933 378 3136 446 cernit,
3163 397 3324 452 quem

1744 437 1931 507 diligit,
1966 443 2254 516 lirtitiaque
2287 451 2618 517 perfunditur
2650 477 2665 513 :
2694 467 3031 523 connectitur
3055 437 3213 526 etiam
3247 437 3325 531 illi

1741 543 1888 585 nexu
1926 536 2153 602 quodam
2197 541 2410 607 animm,
2459 547 2779 608 ineﬂ'abilem
2821 557 3051 617 habente
3077 565 3325 636 volupta-

1745 628 1870 674 tem.
1898 626 1971 678 Ac
1994 627 2038 678 si
2071 631 2381 686 recordatus
2411 637 2551 692 illius
2584 649 2954 704 tantummodo
2984 651 3164 720 fuerit,
3197 626 3322 714 mox

1742 714 2063 782 cogitatione
2097 725 2330 792 assurgit
2357 735 2414 780 et
2442 729 2687 787 elevatur
2729 751 2791 791 ac
2833 740 2884 793 in
2929 743 3166 814 singulos
3208 749 3324 805 dies

1742 802 1914 872 ipsum
1964 809 2170 877 videns,
2223 829 2327 868 non
2374 821 2596 874 satiatur
2626 841 2639 877 :
2673 841 2772 881 nec
2797 802 3096 902 quidquam
3125 837 3319 908 habet,

1741 899 1880 965 quod
1935 901 2159 957 alterius
2214 921 2320 962 non
2375 911 2444 964 sit
2501 929 2514 965 :
2576 917 2760 972 cadent
2813 922 2923 991 illi,
2956 899 3104 996 quae
3172 899 3318 1001 sibi,

1741 997 1888 1056 optat
1921 991 2018 1063 (a).

1811 1079 1940 1135 Novi
1970 1097 2069 1152 ego
2127 1088 2435 1158 quemdam,
2477 1093 2588 1163 qtti,
2631 1112 2750 1152 ettm
2780 1115 2994 1160 sanctos
3030 1109 3174 1166 viros
3205 1127 3304 1182 pro

1741 1173 1917 1227 amico
1964 1176 2363 1247 interpellaret,
2397 1188 2656 1254 rogabat,
2691 1201 2748 1246 ut
2802 1211 2899 1265 pro
2942 1199 3034 1252 illo
3065 1173 3317 1272 primum,

1740 1263 1932 1322 deinde
1972 1284 2067 1338 pro
2097 1285 2157 1324 se
2182 1285 2416 1330 orarent.
2457 1279 2588 1334 Novi
2616 1283 2774 1338 etiam
2810 1287 3054 1358 Paulum,
3085 1296 3174 1364 qui
3206 1312 3314 1353 non

1740 1368 1956 1426 rogatus
1993 1361 2224 1418 libenter
2267 1369 2500 1425 animam
2539 1389 2686 1428 suam
2720 1378 2898 1444 dabat,
2929 1393 2982 1438 et
3014 1385 3064 1448 in
3103 1361 3318 1456 gehen-

1741 1463 1861 1502 nam
1905 1450 2144 1510 incidere
2171 1472 2266 1526 pro
2303 1461 2404 1514 sibi
2433 1463 2644 1520 dilectis
2671 1473 2910 1538 optabat.
2943 1476 3032 1530 Sic
3060 1450 3312 1539 niiuirum

1739 1538 1944 1594 ardenti
1969 1543 2160 1599 atl'ectu
2181 1545 2403 1618 diligere
2425 1566 2654 1624 oportet,
2687 1569 2742 1613 ut
2764 1579 2866 1618 non
2898 1565 3192 1626 debitorem
3221 1574 3319 1628 ha-

1739 1629 1866 1686 bere
1895 1634 2124 1691 videaris
2150 1639 2431 1711 dilectum,
2464 1647 2557 1701 sed
2581 1650 2807 1720 teipsum
2839 1656 3003 1726 ipsdts
3021 1661 3319 1722 debitorem

1738 1736 1858 1778 esse
1877 1726 2153 1784 existimes
2179 1747 2241 1785 eo
2260 1736 2399 1802 quod
2431 1746 2548 1792 tuus
2569 1740 2776 1798 debitor
2796 1749 2881 1801 sit.
2900 1750 2996 1818 Qui
3024 1755 3163 1809 enim
3192 1757 3318 1814 dili-

1738 1818 1833 1887 git,
1867 1836 1972 1872 non
2028 1822 2297 1893 imperare
2334 1829 2530 1897 solum,
2561 1835 2656 1889 sed
2705 1842 2868 1894 etiam
2919 1845 3017 1898 sibi
3067 1848 3317 1918 imperari

1738 1910 1849 1962 vult
1875 1926 1889 1962 :
1922 1912 2090 1981 magis
2120 1924 2266 1984 optat
2295 1919 2538 1976 subditus
2566 1939 2706 1988 esse,
2740 1944 2896 1998 quun
2928 1935 3046 1990 aliis
3075 1910 3173 2008 pro
3225 1957 3320 2012 po-

1743 2010 1931 2059 testate
1973 2004 2186 2072 jubere.
2228 2009 2327 2077 Qui
2371 2012 2575 2084 diligit,
2618 2022 2820 2075 mavult
2846 2004 3318 2088 beneﬁciuntcou-

1739 2091 1897 2157 ferre,
1923 2111 2078 2165 quam
2105 2100 2376 2168 accipere:
2406 2105 2698 2163 debitorem
2717 2113 2858 2168 enim
2875 2115 3071 2176 habere
3091 2125 3321 2182 amicum

1741 2185 1913 2252 potius
1941 2188 2106 2256 cupit,
2139 2206 2295 2257 quam
2329 2210 2387 2248 se
2415 2196 2486 2249 illi
2519 2198 2733 2256 debere.
2759 2205 2858 2272 Qui
2908 2207 3107 2279 diligit,
3149 2215 3235 2271 ille
3265 2228 3322 2272 et

1737 2278 1958 2362 gratiam
1987 2280 2230 2336 conferre
2271 2286 2384 2338 vult
2409 2289 2604 2356 amico,
2640 2302 2687 2345 et
2720 2299 2944 2364 gratiam
2978 2278 3152 2358 tamen
3185 2322 3319 2362 con-

1739 2349 1879 2420 ferre
1933 2383 2036 2422 non
2087 2373 2200 2426 vult
2229 2373 2393 2428 videri
2435 2389 2532 2433 :et
2577 2381 2689 2449 ipse
2717 2397 2905 2442 auctor
2951 2390 3318 2453 beneﬁcentia!

1739 2469 1859 2510 esse
1895 2459 2026 2522 vult,
2060 2471 2112 2514 et
2139 2473 2326 2519 auctor
2355 2476 2528 2523 tamen
2579 2473 2817 2539 ejusdem
2847 2493 2968 2536 esse
3008 2484 3175 2541 videri
3208 2505 3315 2546 non

1739 2548 1852 2602 vult
1876 2549 1970 2620 (b).
2001 2551 2110 2606 Nec
2142 2563 2318 2610 tamen
2365 2559 2492 2613 mihi
2545 2563 2630 2618 hic
2657 2565 2976 2637 simplicfter
3003 2579 3204 2633 amicos
3233 2582 3319 2636 in-

1741 2638 1960 2709 telligite
1991 2657 2192 2698 mensa:
2218 2649 2422 2716 socios,
2453 2660 2504 2704 et
2530 2655 2620 2722 qui
2649 2657 2765 2711 solo
2795 2649 3009 2718 nomine
3037 2669 3192 2723 amici
3221 2688 3319 2741 ap-

1739 2729 2025 2796 pellantur.
2054 2732 2108 2787 Si
2133 2736 2250 2804 quis
2270 2738 2498 2794 amicum
2521 2741 2732 2810 habeat,
2757 2751 2966 2818 qualem
2991 2755 3128 2820 dico,
3153 2729 3315 2815 verba

1739 2815 1893 2875 facile
1923 2820 2180 2894 intelliget
2215 2825 2308 2897 (c).
2348 2829 2460 2882 Vita
2494 2838 2741 2901 prarsenti
2765 2815 2968 2898 amicus
2991 2815 3197 2902 dulcior
3214 2863 3318 2906 est.

1739 2906 1886 2962 Multi
1917 2911 2096 2981 itaque
2124 2925 2242 2983 post
2271 2920 2563 2976 amicorum
2593 2936 2819 2982 mortem
2855 2949 2960 2986 non
2987 2940 3216 3006 amplius
3241 2945 3322 2998 vi-

1741 3016 1869 3054 vere
1901 3014 2242 3072 optaverunt.
2275 3009 2479 3066 Revera
2504 3018 2644 3070 enim
2669 3021 2872 3078 amicus
2896 3026 3004 3094 ipsa
3030 3027 3146 3084 luce
3174 3033 3319 3089 desi-

1740 3090 2027 3148 derabilior
2047 3106 2147 3150 est.
2175 3099 2361 3154 Melius
2390 3105 2531 3159 enim
2576 3109 2727 3165 nobis
2765 3112 2894 3169 foret
2925 3120 3090 3173 solem
3121 3126 3323 3178 exstin-

1741 3192 1881 3237 ctum
1905 3200 2046 3251 esse,
2065 3204 2220 3256 quam
2247 3193 2432 3248 amicis
2451 3211 2569 3251 esse
2595 3201 2853 3266 privatos:
2878 3223 2982 3261 non
3004 3214 3150 3278 pauci
3179 3218 3320 3271 enim

1744 3282 1912 3330 solem
1954 3278 2220 3344 videntes,
2269 3285 2319 3336 in
2369 3288 2603 3342 tenebris
2642 3304 2796 3346 sunt:
2828 3298 2916 3365 qui
2949 3315 3075 3355 vero
3105 3303 3315 3360 abunde

1744 3367 1941 3422 habent
1968 3371 2192 3438 amicos,
2220 3374 2270 3426 in
2301 3380 2539 3445 angustia
2572 3383 2788 3438 minimc
2816 3402 2936 3443 esse
2964 3403 3188 3459 possunt
3217 3397 3317 3467 (d).

1743 3457 1803 3513 Si
1826 3469 1998 3514 tamen
2027 3463 2336 3534 cujusquam
2355 3470 2584 3524 amicitia
2607 3475 2694 3528 tibi
2725 3477 2882 3543 obsit,
2910 3497 3128 3550 prorsus
3156 3457 3270 3542 eain
3291 3508 3319 3543 ει

1744 3556 1796 3603 te
1819 3551 2083 3606 rescinde.
2113 3552 2168 3608 Si
2199 3557 2341 3610 enim
2373 3574 2477 3613 non
2505 3577 2630 3616 raro
2659 3565 2831 3636 aliqua
2859 3585 2889 3623 e
2922 3574 3174 3630 membris
3219 3594 3321 3631 no-

1743 3642 1872 3694 stris
1911 3658 2238 3713 resecamus,
2269 3663 2389 3703 cum
2431 3652 2742 3710 insanabilia
2783 3675 2845 3713 ea
2869 3674 2994 3717 sunt
3019 3681 3080 3720 ac
3110 3672 3321 3727 caeteris

1749 3736 1930 3798 noxia,
1962 3738 2130 3792 multo
2154 3743 2320 3810 magis
2349 3743 2402 3796 in
2435 3745 2607 3800 anima
2637 3749 2686 3801 id
2722 3750 3018 3811 faciendum
3045 3770 3143 3814 est.
3177 3761 3318 3820 Nihil

1747 3827 1890 3880 enim
1921 3835 2025 3881 tam
2056 3831 2413 3898 perniciosum
2443 3847 2542 3900 est,
2581 3855 2736 3908 quam
2786 3844 3024 3914 improba
3055 3853 3316 3911 societas:

1747 3931 1866 3984 qua:
1895 3918 2036 3972 enim
2089 3923 2384 3977 necessitas
2415 3940 2518 3979 non
2571 3940 2768 3997 potest,
2817 3950 3058 4008 persmpe
3086 3949 3194 3996 tum
3247 3946 3315 4001 ad

1746 4007 2057 4075 perniciem,
2113 4019 2220 4064 tum
2265 4013 2331 4068 ad
2379 4017 2662 4073 utilitatem
2696 4035 2868 4090 potest
2918 4007 3171 4086 amicitia.
3215 4035 3317 4102 Qui

1747 4113 1904 4165 porro
1933 4115 2049 4153 cum
2075 4100 2318 4158 hostibus
2343 4107 2482 4176 regis
2507 4110 2793 4166 amicitiam
2814 4117 2928 4180 init,
2957 4123 3095 4190 regis
3116 4100 3321 4182 anticus

1745 4199 1865 4244 esse
1889 4193 2086 4260 nequit.
2124 4193 2302 4265 Longe
2328 4213 2454 4252 vero
2488 4205 2825 4270 praestantius
2844 4219 2925 4263 est
2954 4213 3158 4282 odium,
3179 4222 3320 4286 quod
3383 4218 3386 4220 ⁷

1747 4289 1965 4349 propter
1994 4283 2266 4340 Christum
2304 4292 2654 4359 sustinemus,
2683 4314 2839 4366 quam
2871 4303 3126 4370 amicitia,
3159 4283 3317 4378 quam

1747 4381 1962 4441 propter
1985 4373 2253 4431 Christum
2278 4378 2554 4437 habemus.
2585 4385 2714 4440 Cum
2744 4391 2883 4444 enim
2906 4407 3124 4464 propter
3154 4373 3316 4457 licunt

1745 4461 2038 4534 diligimur,
2089 4483 2187 4523 nos
2217 4469 2489 4528 debitores
2543 4477 2616 4530 illi
2663 4494 2849 4535 sumus
2900 4461 3148 4556 honoris;
3198 4510 3319 4550 cum

1745 4567 1872 4608 vero
1920 4556 2099 4612 odium
2127 4562 2472 4629 sustinemus,
2515 4566 2606 4621 ille
2652 4570 2805 4625 nobis
2850 4572 3108 4633 honorem
3137 4581 3316 4643 debet.

1744 4646 2074 4718 Quicumque
2097 4650 2256 4720 igitur
2276 4670 2382 4708 non
2407 4666 2622 4726 propter
2639 4660 2905 4720 Christum
2930 4674 3323 4732 contemnimus

1745 4741 2017 4808 pecunias,
2063 4743 2155 4798 sed
2186 4746 2359 4814 potius
2390 4761 2610 4818 propter
2638 4769 2755 4820 nos,
2811 4757 3148 4831 horreamus,
3198 4781 3320 4824 cum

1746 4842 1926 4888 mente
1953 4837 2236 4892 recolimus
2265 4839 2410 4904 illud,
2435 4844 2573 4911 quod
2601 4845 2813 4902 beatum
2849 4850 3064 4909 Paulum
3087 4858 3152 4912 ad
3165 4858 3324 4917 Citri-

1745 4933 1884 4978 stum
1903 4930 2185 4983 amandum
2205 4937 2487 4999 permovit.
2512 4936 2604 4991 llle
2619 4938 2880 5008 siquidem
2905 4960 3010 5000 non
3029 4947 3321 5020 Christttm,

1748 5029 1968 5088 propter
1996 5036 2056 5074 ea
2081 5037 2197 5091 qua!
2231 5023 2426 5079 Christi
2457 5037 2616 5092 sunt,
2650 5032 2744 5085 sed
2779 5033 2891 5090 inec
2918 5051 3139 5110 propter
3174 5043 3322 5102 illum

1748 5111 2022 5181 diligebat,
2053 5125 2212 5183 atque
2245 5134 2405 5172 unum
2437 5118 2539 5176 hoc
2571 5123 2808 5190 timebat,
2853 5145 2918 5184 ne
2948 5135 3169 5192 caritate
3197 5152 3325 5210 erga

1747 5200 2018 5257 Christum
2053 5205 2354 5264 excideret:
2387 5209 2486 5264 hoc
2515 5214 2658 5267 enim
2693 5217 2764 5270 illi
2797 5220 3039 5288 geltenna
3069 5200 3324 5296 ipsamr-

1749 5315 2248 5428 “((3)1EIMIiomilia
2272 5336 2303 5369 ιι
2329 5322 2374 5370 in
2399 5336 2502 5386 cap.
2538 5326 2582 5374 1.
2607 5327 2757 5391 Epist.
2785 5330 2826 5379 ι.
2854 5333 2912 5382 ad
2936 5334 3158 5388 Thessal.
3182 5339 3322 5395 Tom.

1811 5413 1825 5438 ,
1849 5413 1940 5426 υιιι·
1966 5413 2074 5427 Ἰ¹1το

1809 5439 1878 5527 ('13)
1911 5441 2058 5527 (illinet.l
2085 5441 2185 5527 θέλε..
2216 5443 2328 5496 tot,
2364 5452 2413 5495 et
2450 5460 2512 5496 ex
2549 5449 2709 5499 Serm.
2752 5454 2816 5504 de
2851 5456 3064 5518 perfecta
3099 5461 3326 5527 Caritate,

1747 5501 1886 5552 Tum.
1911 5505 1960 5560 0,
1985 5502 2076 5550 cui.
2105 5503 2214 5552 ⁸281.

1753 5563 2206 5674 “(czogixmﬂaoutilia
2224 5581 2255 5614 ιι
2273 5566 2319 5615 in
2343 5580 2448 5631 cap.
2475 5571 2515 5620 1.
2538 5571 2592 5636 Ει
2611 5575 2761 5626 isttrlte
2789 5578 2831 5628 l.
2854 5579 2911 5628 ad
2935 5579 3156 5677 Thessal.
3184 5585 3325 5639 Tom.

1813 5687 1890 5748 (tl)
1918 5688 2033 5736 Ibid.
2055 5688 2147 5738 uel.
2172 5690 2264 5737 £03;
2288 5698 2340 5738 et
2359 5693 2468 5745 £06.
