4054 6176
189 298 3684 330 W

1621 429 1791 476 ANNO
1841 429 2066 476 DOMINI
2113 429 2270 474 DXXI

260 569 1277 743 MAGNUS
1396 575 2143 743 FELIX
2259 575 3608 780 ENNODIUS,

1205 843 1866 938 EPISCOPUS
1947 842 2674 938 TICINENSIS.

1495 1111 2217 1174 PROLEGOMEN
2223 1111 2363 1175 ON
2371 1158 2386 1174 .

1743 1251 1846 1312 (Ex
1878 1251 2150 1312 Galland.)

265 1407 300 1458 l.
336 1407 571 1474 Magnus
611 1405 767 1458 Felix
821 1404 1110 1458 Ennodius
1141 1403 1361 1458 Gallum
1399 1402 1664 1473 prosapia
1712 1403 1806 1471 (a),
1839 1408 1895 1456 et
1933 1407 1977 1456 Α
2008 1407 2223 1474 perstes
2247 1403 2477 1457 exstitit.
2519 1405 2656 1457 Nam
2689 1420 2755 1456 ex
2772 1403 2893 1473 ejus
2923 1403 3214 1474 epitaphio
3239 1423 3268 1457 a
3291 1405 3595 1460 Sirmondo
3618 1408 3695 1476 (ο)

193 1494 428 1564 quidem
460 1494 670 1547 illustri
689 1493 1022 1559 admodum,
1059 1499 1373 1562 natumque
1398 1493 1618 1545 Arelate
1643 1508 1700 1544 se
1719 1491 1889 1544 fuisse

194 1588 438 1636 testatur
469 1582 539 1651 (ὁ)
578 1599 590 1634 z
625 1598 757 1652 qua
793 1587 878 1634 est
909 1582 1190 1634 sententia
1229 1582 1482 1634 virorum
1506 1581 1886 1646 eruditorum,

197 1671 408 1739 quibus
441 1669 711 1723 Gallicam
745 1669 1048 1721 historiam
1097 1668 1433 1721 litterariam
1478 1672 1764 1736 acceptam
1807 1683 1890 1719 re-

184 1758 432 1811 ferimus
473 1760 566 1827 (_c),
601 1757 735 1810 licet
759 1757 1098 1809 Sirmondus
1125 1756 1224 1826 (d),
1260 1757 1532 1811 Sollerius
1569 1756 1638 1826 (ρ)
1677 1756 1891 1824 aliique

186 1847 294 1898 hac
323 1849 396 1900 de
429 1864 491 1899 re
524 1846 819 1914 ambigere
848 1845 1166 1898 videantur.
1206 1845 1337 1913 Ejus
1355 1851 1512 1898 ortus
1546 1861 1698 1897 anno
1729 1844 1891 1896 Chri-

178 1936 255 1987 sti
287 1937 396 1988 473
431 1934 740 2003 illigandus
773 1933 1146 2002 comperitur,
1182 1934 1398 2002 quippe
1435 1934 1536 2004 qui
1568 1949 1719 1986 anno
1765 1936 1890 2000 521,

179 2024 373 2076 atatis
400 2024 491 2088 48,
525 2039 553 2075 e
590 2022 730 2075 vivis
761 2022 1080 2088 excesserit,
1117 2027 1176 2074 ut
1198 2021 1347 2075 infra
1378 2021 1743 2076 manifestum
1774 2024 1889 2076 tiet.

187 2111 422 2166 Litteris
482 2110 733 2181 primum
806 2110 1244 2163 humanioribus
1295 2109 1598 2164 Mediolani
1646 2128 1679 2164 a
1716 2128 1895 2181 puero

183 2201 450 2253 excultus
478 2200 570 2268 (Γ),
608 2199 877 2269 deinceps
907 2200 992 2252 vel
1037 2198 1160 2268 ipsa
1209 2198 1530 2252 studiorum
1573 2200 1895 2254 liberalium

188 2288 437 2341 nomina
468 2303 526 2340 se
570 2287 746 2340 fuisse
791 2287 1131 2340 detestatum
1163 2287 1469 2356 proﬁtetur
1499 2287 1595 2356 (g).
1643 2290 1895 2341 Postmo-

189 2377 330 2430 dum
384 2392 541 2429 anno
588 2376 712 2442 489,
764 2376 946 2429 atatis
990 2392 1107 2428 sua
1161 2379 1244 2440 16,
1277 2376 1469 2429 amita
1521 2393 1651 2447 qua
1706 2377 1895 2446 ipsum

193 2464 424 2517 aluerat
468 2465 672 2517 solatio
705 2463 1025 2530 destitutus,
1074 2463 1491 2518 nobilissimam
1524 2481 1587 2519 ac
1630 2465 1895 2535 pradivi-

187 2559 310 2606 tem
347 2568 591 2606 uxorem
634 2552 797 2605 duxit
829 2553 932 2622 (ὴ).
975 2557 1044 2605 At
1086 2553 1281 2622 paucis
1319 2559 1448 2622 post
1491 2554 1656 2607 annis
1688 2556 1895 2609 saculo

191 2642 469 2696 nuntium
487 2641 804 2706 remittens,
829 2641 1220 2695 ecclesiastica
1233 2641 1455 2695 militia
1473 2658 1682 2695 nomen
1700 2643 1856 2696 dedit
1882 2649 1894 2686 τ

2001 1492 2244 1562 aliisque
2272 1493 2467 1561 relato,
2491 1493 2676 1562 ipsum
2710 1509 2775 1545 ex
2794 1493 2901 1545 hoc
2932 1493 3118 1546 vitain
3145 1494 3350 1547 calum
3383 1495 3694 1565 emigrasse

2002 1581 2378 1647 intelligimus
2403 1598 2491 1634 xvr
2525 1583 2626 1634 cal.
2674 1585 2916 1647 Augusti
2971 1583 3182 1636 Valerio
3240 1583 3309 1636 V.
3353 1584 3408 1639 C.
3463 1587 3691 1651 consule,

2001 1687 2114 1740 quo
2146 1670 2237 1723 die
2265 1670 2322 1723 in
2357 1671 2612 1724 Ecclesia:
2656 1671 2864 1724 tabulis
2911 1671 3034 1740 ejus
3065 1672 3347 1725 memoria
3386 1674 3695 1742 quotannis

2000 1759 2301 1826 recolitur;
2341 1759 2596 1829 adeoque
2630 1777 2778 1812 anno
2831 1759 3055 1814 Domini
3089 1763 3210 1831 521,
3253 1777 3467 1814 annum
3506 1761 3697 1832 [agen-

2001 1852 2115 1900 tem
2175 1849 2260 1900 48.
2326 1847 2667 1917 Hujusmodi
2715 1853 2909 1900 autem
2955 1849 3222 1901 chronica
3270 1851 3486 1903 notatio
3520 1867 3587 1903 ex
3617 1849 3696 1920 {eo

2003 1936 2340 2003 desumitur,
2389 1938 2543 2006 quod
2593 1943 2819 1989 sanctus
2862 1938 3073 2006 prasul
3103 1953 3366 1991 annorum
3397 1942 3567 2004 ferme
3615 1943 3694 2005 ,16

2002 2028 2167 2091 esset,
2200 2028 2258 2076 ut
2290 2024 2531 2093 ipsemet
2559 2028 2799 2077 testatur
2831 2025 2929 2093 (ρ),
2959 2041 3072 2094 quo
3112 2031 3369 2095 tempore
3392 2026 3446 2078 in
3475 2027 3693 2080 Italiam

2002 2113 2292 2181 ingressus
2343 2116 2428 2164 est
2489 2113 2892 2175 Theodericus,
2955 2129 3105 2166 anno
3165 2115 3380 2168 scilicet
3421 2117 3543 2182 -i89,
3595 2117 3696 2186 qui

2004 2201 2240 2270 quidem
2271 2201 2454 2254 atatis
2482 2217 2662 2254 annus
2689 2201 2735 2254 si
2787 2217 2917 2254 cum
2966 2201 3174 2256 Valerii
3213 2205 3511 2257 consulatu
3546 2221 3695 2258 com-

2003 2294 2274 2358 ponatur,
2324 2305 2436 2359 quo
2493 2295 2759 2344 currente
2799 2291 3076 2358 depositus
3119 2291 3291 2344 fuisse
3323 2293 3693 2359 describitur;

2005 2393 2188 2430 annus
2218 2377 2458 2430 Ennodii
2487 2384 2811 2447 postremus
2857 2379 3031 2433 fuerit
3079 2383 3165 2446 48,
3221 2380 3429 2435 Christi
3461 2384 3580 2448 521,
3635 2388 3695 2435 ut

2004 2468 2155 2516 recte
2185 2463 2373 2533 arguit
2400 2465 2731 2519 Sirmondus
2767 2467 2867 2536 (q).

2077 2551 2143 2604 ll.
2180 2552 2258 2604 De
2291 2553 2471 2606 sancti
2519 2553 2692 2624 hujus
2736 2556 2996 2624 prasulis
3024 2556 3339 2610 Ticinensis
3372 2557 3692 2610 litterarum

2009 2645 2394 2697 monumentis
2432 2645 2600 2714 plura
2630 2647 2851 2700 erudite
2883 2647 3184 2702 observant
3201 2649 3447 2701 accurati
3468 2648 3690 2702 Gallica

192 2737 368 2802 atque
401 2730 472 2782 ab
507 2704 826 2798 Epiphanio
856 2728 1402 2782 Ticinensiantistite
1427 2731 1699 2784 diaconus
1745 2731 1894 2784 ordi-
1930 2704 1970 2756 Β
2006 2731 2265 2785 Historia
2291 2704 2585 2787 litterariae
2616 2734 2920 2806 scriptores
2965 2736 3056 2806 (r),
3093 2753 3235 2806 quos
3274 2737 3515 2807 proinde
3555 2753 3692 2790 con-

196 2821 370 2868 natus
401 2819 484 2884 (2'),
515 2816 767 2885 religiosi
791 2815 1070 2885 propositi
1093 2822 1410 2871 consortem
1442 2834 1670 2889 quoque
1692 2819 1895 2874 habuit

197 2920 434 2956 uxorem
461 2904 544 2972 (j).
575 2904 737 2957 Clero
761 2903 1035 2969 addictus,
1083 2904 1395 2959 Servilione
1444 2907 1715 2976 magistro
1761 2924 1894 2961 usus

195 2997 297 3055 est,
334 3010 367 3045 a
399 3009 515 3062 quo
569 2994 741 3045 sacris
773 2992 1046 3046 institutis
1077 2993 1187 3047 fuit
1216 2994 1471 3048 imbutus
1519 2996 1590 3065 (k‘)
1629 3013 1640 3049 :
1679 3002 1734 3049 ut
1759 3013 1891 3066 pro-

196 3084 395 3150 pterea
427 3080 617 3133 minus
663 3086 811 3134 recte
845 3081 1130 3134 censuerit
1157 3082 1425 3136 Sollerius
1455 3083 1538 3153 (t),
1571 3085 1891 3138 Ennodium

194 3169 300 3222 sub
334 3169 652 3222 Servilione
685 3169 1015 3223 liberalibus
1043 3170 1360 3241 disciplinis
1392 3187 1624 3240 operam
1648 3172 1889 3226 dedisse.

196 3258 423 3310 Interea
442 3258 504 3309 in
537 3257 822 3326 legatione
853 3259 1212 3328 Burgundica
1258 3275 1386 3330 qua
1416 3259 1477 3312 in
1506 3276 1719 3313 annum
1750 3260 1891 3313 inci-

197 3346 284 3398 dit
322 3346 427 3398 494
454 3362 645 3399 comes
677 3346 902 3399 additus
932 3346 1199 3417 episcopo
1228 3364 1330 3401 suo
1363 3349 1682 3418 Epiphanio
1712 3350 1896 3402 Enno-

197 3434 326 3487 dius
353 3433 696 3502 perhibetur
717 3438 847 3501 (m);
879 3439 933 3488 et
966 3436 1198 3505 quidem
1232 3436 1366 3490 dum
1400 3436 1626 3490 diaconi
1657 3452 1894 3489 munere

196 3524 538 3593 fungeretur
573 3538 585 3576 :
618 3538 684 3575 eo
715 3522 867 3575 enim
911 3523 968 3575 in
1008 3523 1188 3592 gradu
1218 3524 1312 3578 diu
1363 3524 1552 3595 ipsum
1579 3524 1895 3578 constitisse

199 3612 341 3665 illud
377 3611 599 3677 suadet,
636 3611 788 3682 quod
817 3627 969 3664 anno
1002 3614 1100 3664 513
1127 3613 1422 3682 egregium
1455 3614 1896 3683 Apologeticum

199 3718 302 3770 pro
345 3700 564 3769 synodo
611 3700 858 3752 Palmari
899 3700 1085 3753 adhuc
1149 3701 1416 3754 diaconus
1456 3702 1893 3772 conscripserit:

199 3805 314 3857 qua
335 3788 406 3841 de
431 3803 495 3839 re
516 3787 755 3856 Pagium
783 3788 1048 3841 consulas
1075 3789 1246 3842 velim
1273 3789 1372 3858 (η).
1390 3790 1538 3854 Quin
1562 3791 1733 3844 etiam
1757 3790 1896 3843 forte

196 3877 356 3931 haud
387 3876 537 3929 ultra
554 3892 686 3929 eum
718 3876 960 3945 gradum
981 3878 1322 3946 processerit
1346 3894 1526 3948 usque
1568 3878 1638 3931 ad
1683 3895 1897 3931 annum

199 3967 302 4018 510
333 3968 438 4016 aut
489 3966 611 4028 511,
667 3980 804 4033 quo,
858 3965 1160 4034 Epiphanii
1205 3982 1525 4020 successore
1566 3967 1804 4020 Maximo
1850 3968 1895 4020 Il

197 4055 314 4106 vita
345 4052 565 4113 functo,
601 4052 668 4105 ad
705 4052 965 4106 Ecclesia
996 4054 1308 4108 Ticinensis
1348 4055 1738 4126 episcopatum
1791 4056 1901 4109 fuit

203 4146 447 4195 evectus.
503 4141 678 4194 Multa
740 4142 1010 4210 praclare
1066 4142 1239 4213 gessit
1290 4144 1349 4196 in
1405 4145 1714 4198 cathedrali
1770 4145 1899 4198 sede

213 4230 548 4282 constitutus
577 4245 590 4294 ;
617 4232 858 4299 ejusque
886 4230 1171 4300 imprimis
1202 4233 1409 4286 enituit
1439 4239 1691 4303 spectata
1721 4236 1902 4287 virtus

214 4325 272 4370 et
301 4317 553 4370 doctrina
586 4317 644 4369 in
686 4317 917 4387 gemina
953 4319 1051 4372 illa
1105 4321 1388 4390 legatione
1421 4323 1491 4376 ad
1536 4324 1900 4377 Anastasium

206 4407 641 4476 imperatorem,
677 4423 850 4476 quam
897 4409 1000 4461 sub
1045 4409 1346 4463 Hormisda
1376 4427 1524 4481 papa
1570 4411 1899 4465 orthodoxa

207 4495 346 4548 tidei
386 4511 554 4548 causa
600 4496 847 4565 suscepit
898 4497 1059 4549 annis
1241 4503 1297 4551 et
1329 4501 1450 4559 517,
1492 4498 1622 4553 licet
1651 4504 1902 4569 Intraque

204 4583 545 4636 veteratoris
577 4584 854 4654 principis
884 4586 1102 4639 artibus
1130 4586 1198 4640 ad
1223 4587 1452 4640 irritum
1476 4587 1725 4654 cesserit,
1749 4592 1810 4640 ut
1839 4603 1904 4641 ex

205 4672 604 4726 ecclesiasticis
633 4672 856 4727 Baronii
877 4675 1192 4729 Annalibus
1216 4680 1456 4730 constat.
1479 4677 1564 4730 Ad
1596 4676 1904 4730 Ecclesiam

203 4776 372 4814 suam
418 4776 676 4814 reversus
718 4761 916 4815 beatus
947 4763 1201 4826 antistes,
1243 4764 1397 4820 haud
1429 4766 1610 4820 multo
1634 4771 1764 4835 post
1811 4783 1904 4820 su-

276 4889 360 4957 (a)
385 4889 600 4943 Ennod.
633 4889 732 4942 lib.
769 4906 805 4950 1,
839 4890 1006 4960 epist.
1044 4893 1094 4944 2.

278 4961 363 5013 (bi
399 4961 482 5013 1d.
517 4960 618 5013 lib.
648 4977 745 5013 vn.
776 4962 939 5013 enist.
974 4965 1024 5013 8.

278 4961 363 5028 (ὁ)
399 4961 482 5013 1d.
517 4961 618 5013 lib.
648 4977 745 5024 vii,
776 4962 939 5030 epist.
974 4965 1024 5015 8.

281 5032 355 5105 (ci
389 5031 528 5105 ilist.
561 5032 835 5105 li_t_t_éra_ire
891 5032 959 5105 de
1001 5033 1056 5085 la
1092 5034 1323 5098 France,
1365 5033 1624 5100 tom.III,
1654 5049 1787 5105 pag.
1818 5037 1903 5089 96.

280 5100 366 5176 (ct)
596 5103 702 5154 Vit.
738 5103 961 5176 Ennpd.
994 5119 1128 5173 opp.
1162 5106 1285 5176 ejus
1323 5119 1525 5173 pram.

281 5172 354 5240 (ρ)
414 5172 619 5257 §oller.
676 5177 796 5226 Act.
857 5173 952 5228 SS.
1016 5172 1154 5228 tom.
1213 5175 1280 5228 ιν
1324 5172 1525 5245 ίΑιιεη
1591 5191 1723 5246 pag.
1781 5178 1906 5242 271,

205 5245 612 5386 ΠῆῗῖἘὸᾴηοᾱ.
650 5314 889 5368 Euchar.
925 5315 1093 5381 infra,
1125 5331 1252 5386 pag.
1288 5319 1406 5384 159,
1437 5333 1481 5371 c.

278 5386 361 5451 (g)
395 5383 474 5455 Id.
511 5385 610 5437 lib.
651 5400 732 5449 1x,
763 5386 927 5455 epist.
970 5389 1013 5438 1.

277 5457 358 5526 (It)
391 5454 470 5526 Id.
507 5455 771 5521 Euchar.,
796 5454 926 5526 pag.
966 5459 1081 5519 160,
1105 5473 1150 5521 e,
1181 5473 1234 5513 a.

278 5525 347 5598 (ir)
492 5526 602 5598 Vit.
625 5525 844 5598 iEpiph,
878 5525 1006 5598 pag.
1043 5530 1160 5594 196,
1187 5529 1236 5582 ὸ.

278 5597 357 5667 (j)
372 5596 456 5652 Id.
502 5597 772 5664 Euchar.,
805 5596 934 5668 pag.
962 5596 1085 5666 160,
1109 5599 1165 5654 d.

573 5695 851 5760 PA'rnoc.
905 5697 1122 5760 LXIII.

108 5858 349 6065 αἵθ

2003 2820 2190 2873 sulere
2217 2837 2404 2890 opera
2433 2822 2679 2892 pretium
2713 2824 2905 2878 fuerit.
2938 2826 3015 2878 Ne
3045 2841 3179 2878 vero
3228 2826 3458 2895 penitus
3506 2824 3692 2878 ofﬁcio

2002 2915 2200 2963 nostro
2250 2910 2442 2964 deesse
2483 2911 2798 2976 videamur,
2845 2913 2955 2965 huc
2986 2912 3187 2966 atl‘erre
3218 2914 3357 2966 libet
3388 2914 3456 2980 de
3489 2914 3689 2966 iisdem

2003 2998 2316 3051 doctissimi
2341 2999 2632 3053 Sirmondi
2657 3000 2935 3068 judicium
2969 3002 3041 3068 (s)
3068 3017 3079 3053 :
3120 3022 3139 3048 ι
3167 3002 3222 3055 Si
3250 3002 3384 3070 quid
3407 3002 3550 3063 limi,
3587 3002 3686 3068 ait,

2004 3087 2257 3140 Ennodio
2289 3103 2388 3139 sua
2419 3091 2554 3140 atas
2601 3089 2860 3156 aspersit,
2903 3105 3016 3142 non
3058 3089 3266 3143 idcirco
3304 3091 3580 3144 ﬂuentem
3631 3090 3693 3144 in

2002 3175 2126 3244 ejus
2165 3173 2390 3244 scriptis
2418 3174 2639 3244 ingenii
2672 3175 3128 3245 eloquentiaque
3151 3174 3362 3227 fontem
3387 3191 3693 3244 possumus

2001 3278 2119 3315 non
2147 3279 2372 3329 amare;
2415 3268 2512 3317 aut
2542 3263 2678 3334 quia
2722 3263 2780 3315 in
2815 3263 2938 3332 ejus
2963 3263 3244 3333 poematis
3274 3261 3554 3316 claudicat
3597 3263 3692 3316 in—

2002 3351 2227 3404 terdum
2257 3367 2472 3412 versus,
2495 3357 2710 3405 rectam
2735 3352 2946 3422 ubique
2975 3351 3314 3404 sententiam
3351 3357 3407 3404 et
3453 3369 3693 3405 acumen

2005 3455 2120 3492 non
2148 3441 2434 3509 amplecti.
2458 3440 2603 3504 Quid
2627 3442 2744 3506 illa,
2771 3447 3005 3511 propter
3030 3456 3202 3510 quam
3218 3439 3432 3494 intima
3464 3458 3692 3511 quoque

2003 3532 2153 3581 nota
2184 3533 2444 3582 auctores
2463 3530 2652 3598 expeti
2671 3530 2874 3594 solent,
2902 3539 3230 3599 temporum
3252 3529 3453 3583 notitia
3485 3536 3540 3582 et
3570 3530 3695 3582 illu-

2007 3616 2243 3670 stratio?
2291 3616 2429 3680 Quis
2473 3617 2628 3670 enim
2699 3622 2782 3671 est
2837 3617 2938 3688 qui
2994 3617 3052 3669 in
3102 3616 3359 3687 epistolis
3427 3618 3691 3684 Ennodii,

2005 3705 2392 3775 Symmachos,
2428 3706 2770 3773 Horniisdas,
2807 3706 3103 3772 Gasarios,
3149 3707 3401 3770 Faustos,
3450 3706 3692 3773 Boetios,

2008 3793 2285 3859 Liberios,
2333 3795 2620 3862 Aratores,
2673 3794 2921 3866 Elpidios
2978 3800 3033 3848 et
3079 3795 3300 3864 reliqua
3361 3794 3482 3863 ejus
3512 3796 3694 3848 atatis

2008 3883 2227 3936 lumina
2257 3900 2372 3937 non
2402 3884 2645 3937 libenter
2686 3884 3092 3954 recognoscat?
3123 3889 3222 3937 aut
3267 3900 3440 3954 quem
3472 3884 3531 3936 in
3581 3900 3696 3938 uno

1939 3997 1978 4050 ρ
2008 3971 2344 4025 Theoderici
2373 3972 2743 4043 Panegyrico,
2766 3973 2852 4026 vel
2881 3972 2940 4025 in
2972 3988 3085 4025 una
3114 3973 3240 4026 Vita
3269 3972 3570 4042 Epiphanii
3605 3973 3695 4026 Ti-

2012 4061 2280 4125 cinensis,
2345 4061 2501 4114 varia
2535 4077 2724 4114 rerum
2767 4062 2865 4115 illo
2905 4061 3112 4114 sacculo
3157 4061 3218 4114 in
3271 4061 3450 4128 Italia,
3496 4061 3694 4127 Gallia,

2011 4148 2334 4214 Germania,
2369 4149 2582 4203 Gracia
2604 4154 2891 4219 gestarum
2919 4149 3454 4203 commmemoratio
3480 4165 3594 4202 non
3617 4151 3698 4203 af-

2012 4237 2208 4291 ﬁciat?
2261 4236 2545 4291 Dictiones
2595 4238 2809 4308 quippe
2857 4239 3414 4306 declamationesque
3468 4243 3701 4307 prater-

2012 4325 2210 4391 mitto;
2240 4341 2367 4394 qua
2391 4341 2518 4378 mea
2550 4327 2784 4395 quidem
2817 4327 3097 4379 sententia
3123 4329 3255 4377 sunt
3284 4325 3591 4394 ejusmodi,
3638 4331 3703 4378 ut

2012 4428 2140 4464 cum
2160 4420 2463 4482 postrema
2496 4413 2754 4466 omnium
2778 4413 2928 4481 apud
2951 4412 3177 4464 Latinos
3203 4415 3349 4465 nata
3382 4411 3700 4476 videantur,

2013 4518 2140 4554 cum
2173 4501 2376 4571 primis
2413 4502 2731 4570 mediisque
2761 4499 3017 4568 conferrif
3049 4499 3288 4570 possint,
3338 4505 3395 4554 et
3432 4507 3703 4570 tanquam

2014 4605 2155 4643 rosa
2182 4590 2381 4643 alienis
2412 4590 2703 4644 mensibus
2732 4595 2872 4643 orta
2919 4589 3166 4642 cariores
3219 4604 3340 4642 esse
3380 4589 3642 4642 debeant.
3676 4607 3703 4638 ››

2015 4678 2085 4731 Et
2113 4677 2248 4731 alibi
2281 4678 2339 4748 (t)
2377 4695 2389 4732 :
2443 4700 2471 4728 ‹‹
2509 4677 2797 4732 Ennodius
2853 4694 2919 4730 ea
2948 4677 3169 4747 ingenii
3217 4677 3369 4730 fama
3411 4676 3610 4730 ﬂoruit
3653 4682 3708 4730 et

2016 4765 2312 4834 doctrina,
2372 4775 2432 4822 ut
2487 4784 2600 4820 non
2641 4767 2826 4819 solum
2872 4765 2932 4820 in
2972 4767 3155 4837 pretio
3201 4771 3389 4822 essent
3438 4781 3566 4836 qua
3606 4782 3709 4818 sua

2086 4893 2160 4962 (k)
2194 4892 2275 4945 1d.
2314 4891 2412 4945 lib.
2445 4908 2500 4958 v,
2535 4891 2698 4962 epist.
2735 4894 2817 4948 14.

2089 4963 2370 5031 (l)Soller.
2409 4963 2443 5015 l.
2481 4979 2552 5028 c.,
2595 4979 2725 5033 pag.
2756 4967 2880 5031 272,
2915 4979 3074 5018 num.
3116 4968 3170 5017 2.

2090 5035 2188 5108 (νη)
2209 5033 2441 5108 ξλιῃοό.
2462 5034 2570 5087 Vit.
2606 5034 3003 5108 Epiph.,_pag.
3047 5039 3164 5103 153,
3196 5051 3245 5090 c.

2091 5104 2170 5242 (n;
2206 5105 2344 5183 Pagi
2376 5105 2446 5157 ad
2479 5120 2614 5158 ann.
2651 5108 2776 5171 502,
2810 5104 2872 5176 §§
2900 5110 2933 5159 3
2961 5111 3016 5159 et
3045 5108 3097 5160 4.

2093 5175 2146 5242 (ο
2204 5176 2377 5228 Sirm.
2403 5175 2506 5228 Vit.
2536 5177 2751 5230 Ennod.

2093 5174 2167 5242 (0)
2204 5174 2377 5228 Sirm.
2403 5175 2506 5228 Vit.
2536 5177 2751 5230 Ennod.

2115 5245 2178 5316 p)
2210 5246 2428 5300 Ennod.
2466 5248 2728 5312 Euchar.,
2760 5263 2892 5316 pag.
2925 5248 3040 5314 160,
3064 5263 3110 5302 e.

2115 5246 2178 5312 ρ)
2210 5246 2428 5323 Ennod.
2466 5248 2728 5312 Euchar.,
2760 5263 2892 5316 pag.
2925 5248 3040 5314 160,
3064 5263 3110 5302 e.

1950 5302 1993 5355 D
2095 5246 2176 5384 Eq)
2212 5316 2382 5370 Sirm.
2409 5319 2479 5370 ad
2513 5318 2730 5372 Ennod.
2764 5318 3027 5385 Euchar.,
3060 5318 3100 5373 l.
3138 5333 3186 5373 c.

2031 5385 2189 5512 108108
2217 5386 2358 5440 Hist.
2419 5389 2692 5443 littéraire
2723 5388 2791 5444 de
2847 5390 2901 5443 la
2964 5390 3199 5458 France,
3252 5392 3397 5445 tom.
3446 5390 3541 5459 Ill,
3585 5405 3715 5461 pag.

2196 5473 2326 5512 caa.

2196 5473 2326 5528 cqq.

2101 5528 2163 5598 (ε)
2204 5529 2372 5601 Sirm.
2407 5528 2572 5598 epist.
2606 5529 2674 5583 ad
2706 5546 2840 5601 opp.
2873 5529 3089 5585 Ennod.

2100 5603 2167 5668 (t)
2205 5599 2285 5654 Id.
2313 5600 2418 5654 Vit.
2452 5601 2672 5656 Ennod.
