4102 6182
329 301 380 352 11
1138 296 1494 355 ENNODIUS
1534 293 1920 351 EPISCOPUS
1958 292 2366 349 TICINENSIS.
2419 292 3007 350 PROLEGOMENON.
3756 298 3819 350 t2

322 435 525 503 sponte
565 429 857 497 scriberet,
893 429 989 485 sed
1021 429 1336 485 amicorum
1359 444 1586 500 quoque
1608 443 1742 481 suos
1790 426 2014 498 impen-
2052 428 2099 481 Α
2125 432 2322 482 ctenus
2359 427 2477 482 ille.
2526 428 2627 482 Hic
2668 445 2799 483 vero
2855 428 3167 495 recensitis?
3196 428 3379 483 obiter
3415 444 3449 482 a
3488 428 3704 483 Baunio
3730 445 3822 483 ve-

320 520 540 575 sissime
564 519 761 585 coluit,
807 525 1009 590 rogatu
1060 519 1117 572 in
1177 516 1456 572 dictandis
1496 516 1737 570 aliorum
1780 516 2016 570 nomine

321 608 693 668 orationibus,
715 608 992 678 epistolis,
1023 606 1328 678 epitaphiis
1347 621 1409 658 ac
1431 605 1787 658 diversarum
1823 620 2013 658 rerum

324 697 779 769 epigrammatis,
845 697 1127 751 assiduam
1199 709 1435 763 operam
1500 694 1635 747 dare
1695 697 2013 763 cogeretur.

329 787 451 852 Quo
484 785 541 838 in
574 801 782 855 genere
814 786 1162 838 multa'sane
1193 782 1261 834 ad
1292 781 1531 851 gloriam
1585 781 1845 835 Ennodio
1878 781 2015 833 illu-

329 874 467 928 stria
496 873 753 939 fuerunt;
782 872 880 926 sed
911 871 1054 925 nihil
1082 870 1362 923 illustrius
1415 870 1785 940 Apologetico
1817 874 1873 922 et
1920 870 2019 922 Pa-

330 962 619 1033 negyrico,
642 977 894 1031 quorum
927 960 1105 1013 altero
1136 958 1544 1013 Theodericum
1572 973 1764 1027 regem
1792 956 2017 1027 publice

329 1050 607 1115 laudavit;
634 1050 811 1102 altero
842 1047 1171 1118 Symmachi
1203 1062 1368 1117 papas
1398 1046 1713 1117 synodique
1747 1045 2016 1099 Romana

329 1153 555 1192 causam
588 1142 745 1191 tanta
774 1152 907 1190 cum
938 1135 1350 1206 approbatione
1381 1134 1731 1200 defendit,ut
1760 1134 2016 1206 asynodo

329 1226 591 1279 universa
620 1223 1196 1278 honoriﬁcentissimo
1216 1222 1406 1295 elogio
1420 1223 1762 1295 decretoque
1780 1227 2018 1278 ornatus

328 1313 418 1368 sit.
464 1334 491 1363 ››
526 1315 806 1367 Hactenus
837 1314 898 1367 V.
934 1312 995 1367 C.

396 1402 492 1456 III.
537 1403 711 1456 Porro
758 1401 847 1455 his
886 1402 956 1455 de
989 1401 1396 1471 opusculorum
1428 1399 2017 1470 Ennodiiprazstantia

325 1491 607 1555 delibatis,
661 1491 803 1544 illud
849 1490 1211 1560 potissimum
1267 1489 1723 1544 animadvertere
1762 1492 2014 1559 praestat,

325 1596 441 1634 non
479 1580 771 1633 neminem
832 1577 1109 1631 exstitisse
1146 1577 1247 1648 qui
1282 1582 1539 1631 sanctum
1590 1576 1915 1630 Ennodium
1947 1576 2015 1630 de

326 1669 508 1737 gratia
536 1675 593 1721 et
615 1667 797 1721 libero
818 1666 1056 1720 arbitrio
1079 1666 1449 1719 disserentem
1467 1667 1668 1720 Fausto
1702 1665 1927 1719 Reiensi
1952 1680 2016 1718 ac
2054 1702 2094 1754 Β

324 1756 770 1811 Massiliensibus
800 1770 1095 1808 accensere
1123 1771 1293 1808 ausus
1320 1753 1491 1808 fuerit
1521 1754 1618 1825 (a).
1652 1758 1724 1807 At
1752 1754 2015 1823 iniquam

324 1843 786 1898 criminationem
852 1843 959 1897 viri
999 1843 1177 1897 .docti
1223 1842 1401 1897 solide
1465 1843 1872 1913 propulsarunt
1920 1842 2011 1911 (ὸ).

327 1933 547 1987 «Certe
602 1933 857 2003 quidem,
913 1932 1102 2003 inquit
1171 1932 1429 1985 eruditus
1475 1931 2013 1985 Sirmondianorum

323 2022 513 2076 editor
557 2022 649 2092 (c),
712 2020 993 2075 sententia
1027 2020 1278 2091 episcopi
1320 2020 1630 2074 doctissimi
1676 2035 1739 2073 ac
1780 2018 2014 2072 sanctis-

319 2110 470 2177 simi,
505 2114 560 2163 et
588 2109 921 2179 ingentibus
946 2125 1082 2180 erga
1106 2109 1408 2163 Ecclesiam
1442 2108 1661 2162 meritis
1685 2107 2011 2176 clarissimi,

322 2200 425 2270 qui
456 2199 626 2253 fidem
647 2198 1017 2252 orthodoxam
1037 2204 1155 2252 tum
1171 2198 1231 2251 in
1246 2197 1545 2252 Occidente
1563 2202 1683 2251 tum
1705 2197 2013 2265 inLOriente

319 2294 548 2341 strenue
582 2287 987 2357 propugnavit,
1021 2303 1191 2357 quem
1223 2287 1433 2340 illustri
1458 2286 1640 2357 elegio
1671 2301 1734 2339 ac
1783 2286 2010 2339 decreto

318 2377 576 2430 Romana
606 2376 854 2447 synodus
885 2376 1111 2429 ornavit
1141 2375 1241 2445 (d),
1274 2391 1446 2446 quem
1461 2375 1759 2445 pontiﬁces
1774 2373 2006 2442 summi,

318 2463 615 2519 Hormisda
649 2464 739 2535 (e),
787 2464 1098 2517 Nicolausl
1149 2464 1234 2532 (Γ),
1278 2464 1523 2518 Joannes
1576 2464 1694 2516 VIII
1727 2464 1827 2531 (g),
1881 2462 2012 2516 Gre-

318 2554 515 2623 gorius
555 2554 644 2607 VII
679 2552 757 2621 (Ιι)
788 2552 1013 2621 magnis
1046 2551 1354 2621 praeconiis
1388 2551 1661 2619 extulere,
1694 2566 1867 2621 quem
1908 2550 2008 2603 Ec-

315 2640 486 2695 clesia
529 2641 735 2694 sanctis
791 2639 1210 2694 confessoribus
1249 2639 1559 2709 ascriptum
1616 2654 1809 2693 annuo
1853 2638 2007 2692 cultu

314 2728 712 2799 prosequitur;
774 2727 940 2793 tanti,
1002 2726 1263 2797 inquam,
1300 2727 1571 2780 antistitis
1605 2726 1887 2780 sententia
1918 2727 2008 2796 (de

314 2816 535 2870 arbitrii
565 2817 844 2880 libertate)
888 2832 1003 2870 non
1046 2820 1233 2886 potest
1261 2814 1457 2886 magni
1488 2814 1640 2886 apud
1674 2830 1874 2868 omnes
1923 2829 2009 2868 ca-

311 2904 552 2958 tholicos
578 2905 845 2975 ponderis
884 2920 1000 2957 non
1032 2920 1153 2957 esse
1186 2920 1200 2956 :
1227 2908 1287 2957 ut
1304 2904 1679 2974 mirumgimo
1701 2903 2004 2973 indignum

2128 520 2314 569 terum
2349 515 2685 585 pontificum
2737 517 2805 570 de
2838 516 3095 570 Ennodio
3142 515 3487 570 testimoniis
3531 516 3821 572 Sirmondi

2129 620 2302 673 opera
2328 603 2579 673 primum
2612 605 2883 671 collectis,
2917 604 3124 659 addere
3146 604 3282 658 libet
3301 620 3364 657 ex
3382 604 3579 658 eodem
3608 606 3822 658 Baunio

2129 698 2185 746 et
2207 693 2359 747 istud
2390 692 2613 763 insigne
2638 694 2904 757 auctoris,
2929 694 3136 747 saeculo
3166 698 3324 747 sexto
3352 693 3574 746 circiter
3603 694 3817 760 medio,

2129 780 2377 833 FIoriani
2407 781 2621 834 scilicet
2677 797 2743 835 ex
2793 782 3140 835 monasterio
3183 782 3442 835 Romano
3490 782 3547 834 in
3581 781 3820 853 epistola

2127 868 2198 922 ad
2249 868 2528 923 Nicetium
2580 870 2972 924 Trevirensem
3030 870 3389 941 episcopum,
3453 871 3606 941 quod
3650 872 3729 923 sic
3759 886 3818 925 se

2129 956 2318 1010 habet.
2357 976 2385 1008 α
2418 958 2557 1011 Vide
2596 974 2731 1029 ergo
2762 959 2992 1029 quantis
3038 959 3395 1029 adjutoribus
3431 960 3631 1026 uteris,
3686 975 3818 1013 cum

2126 1062 2232 1115 pro
2264 1060 2356 1099 me
2380 1046 2616 1117 coeperis
2642 1046 2939 1101 obsecrare
2955 1052 3162 1101 sanctas
3190 1048 3486 1103 memoriae
3516 1047 3817 1102 dominum

2126 1134 2451 1188 Ennodium
2496 1135 2825 1205 pontiﬁcem
2874 1138 2915 1191 T
2921 1136 3186 1190 icinensis
3204 1136 3483 1204 Ecclesiae,
3506 1136 3617 1207 lqui
3647 1153 3817 1207 gene-

2125 1222 2242 1275 rosi
2281 1222 2575 1292 sanguinis
2638 1223 2993 1277 nobilitatem
3045 1223 3369 1278 humilitate
3417 1225 3689 1294 praevexit
3744 1224 3815 1279 ad

2126 1310 2393 1380 gloriam,
2432 1315 2495 1365 ut
2522 1310 2581 1365 in
2615 1313 2857 1366 caelestis
2878 1312 3079 1382 patriae
3112 1318 3310 1367 senatu
3343 1313 3506 1367 ﬁeret
3534 1319 3588 1368 et
3619 1314 3696 1367 ibi
3725 1329 3813 1366 se-

2127 1403 2322 1464 nator;
2349 1399 3031 1470 cujusincomparabilem
3059 1401 3332 1455 doctrinae
3351 1402 3675 1457 facundiam
3695 1417 3814 1456 non

2126 1487 2314 1540 solum
2335 1490 2577 1541 testatur
2608 1488 2903 1554 Occidens,
2946 1489 3044 1543 sed
3072 1494 3129 1543 et
3160 1489 3360 1545 Oriens
3389 1491 3665 1544 instructa
3702 1490 3809 1543 mi-

2124 1580 2304 1629 ratur.
2332 1576 2574 1630 Nestorii
2596 1576 2837 1641 fulmen,
2862 1578 3127 1647 Eutychis
3172 1579 3475 1632 exstinctor
3503 1579 3814 1648 gloriosam

2126 1662 2422 1717 dominam
2441 1680 2626 1719 meam
2656 1666 3158 1736 inviolabilemque
3178 1666 3407 1720 Mariam
3426 1668 3815 1722 Christotocon

2127 1756 2183 1805 et
2215 1751 2561 1819 Theotocon,
2595 1755 2907 1824 apostolica
2962 1754 3297 1808 auctoritate
3340 1755 3650 1826 perdocuit.
3685 1756 3815 1827 Ipse

2125 1855 2260 1909 ergo
2291 1855 2452 1895 meus
2499 1846 2583 1896 est
2632 1848 2794 1912 pater
2838 1859 2903 1896 ex
2943 1843 3185 1910 lavacro,
3237 1859 3409 1914 quem
3451 1844 3622 1898 credo
3662 1845 3816 1915 apud

2125 1933 2406 1983 aeternum
2440 1931 2662 1984 Patrem
2703 1947 2808 2000 per
2833 1932 3040 1985 Filium
3090 1931 3437 1986 intervenire
3464 1948 3568 2002 pro
3599 1932 3740 1987 lilio.
3788 1955 3809 1981 ι

2206 2018 2292 2071 IV.
2344 2019 2523 2072 Varie
2578 2018 3059 2073 circumferuntur
3088 2020 3433 2089 scriptorum
3462 2022 3817 2075 Ennodiano—

2122 2121 2253 2160 rum
2291 2106 2590 2161 editiones.
2626 2109 2832 2162 Earum
2873 2109 3119 2179 primam
3152 2109 3460 2165 exhibuere
3499 2126 3651 2164 anno
3684 2114 3815 2165 1569

2122 2196 2676 2267 Orthodoxographa
2708 2197 3060 2264 Basiliensia,
3092 2216 3206 2270 qua
3235 2204 3427 2253 tamen
3445 2198 3591 2252 nihil
3619 2198 3816 2268 depra-

2120 2284 2323 2345 vatius,
2375 2284 2516 2339 nihil
2580 2286 2938 2356 inquinatius
2985 2286 3047 2340 in
3095 2288 3280 2341 lucem
3328 2287 3530 2340 exiisse
3579 2291 3812 2341 censent

2120 2374 2346 2428 eruditi.
2383 2375 2576 2439 Porro,
2611 2379 2674 2427 ut
2702 2390 2795 2428 eas
2833 2376 3338 2445 praetermittamus
3384 2368 3514 2446 qua:
3546 2375 3812 2446 deinceps

2118 2460 2477 2516 bibliothecis
2529 2464 2783 2530 Patrum,
2834 2464 3180 2531 Coloniensi,
3241 2464 3549 2519 Parisiensi
3586 2469 3643 2518 et
3704 2465 3810 2518 Lu-

2118 2550 2402 2620 gdunensi
2440 2551 2673 2606 fuerunt
2699 2552 2952 2619 intextze,
2994 2554 3100 2607 sub
3144 2554 3377 2607 initium
3404 2553 3596 2607 saeculi
3636 2569 3810 2623 supe-

2117 2640 2307 2705 rioris,
2342 2656 2456 2694 uno
2486 2646 2543 2694 et
2578 2641 2786 2695 eodem
2817 2658 2969 2695 anno
3007 2644 3131 2695 1611
3170 2642 3401 2711 gemina
3452 2640 3667 2712 prodiit
3706 2642 3809 2695 En-

2118 2727 2276 2781 nodii
2311 2725 2539 2796 ἕκὸοσις,
2565 2732 2740 2784 altera
2770 2731 3009 2784 Tornaci
3032 2736 3268 2785 curante
3298 2731 3523 2785 Andrea
3549 2730 3800 2797 Schotto,

2122 2815 2356 2869 Lutetiae
2388 2818 2567 2871 altera
2597 2834 2769 2889 quam
2789 2819 3034 2873 Iacobus
3066 2819 3403 2875 Sirmondus
3433 2819 3502 2873 ad
3540 2819 3653 2873 duo
3685 2835 3807 2889 spe-

2116 2908 2276 2957 ctatae
2316 2905 2451 2959 ﬁdei
2481 2907 2845 2976 exemplaria,
2889 2908 3223 2961 Vaticanum
3274 2914 3331 2963 et
3373 2907 3587 2962 Nicolai
3617 2908 3803 2973 Fabri,

311 3009 545 3063 prorsus
575 3009 639 3045 ac
668 2992 906 3046 minime
956 2992 1259 3046 ferendum
1309 2993 1401 3058 sit,
1435 2991 1760 3046 Ennodium
1794 2992 1862 3045 ad
1897 2992 2004 3045 Se-
2044 2983 2086 3038 C
2115 2991 2426 3062 diligenter
2455 2994 2661 3065 exegit,
2698 3011 3014 3066 eorumque
3041 3012 3150 3065 ope
3186 2997 3420 3050 lacunas
3450 3012 3579 3068 quae
3611 2997 3803 3050 multa:

311 3081 727 3152 mipelagianos
782 3088 955 3151 atque
993 3081 1060 3135 ad
1109 3080 1445 3152 Pelagianos
1498 3086 1692 3135 nostro
1732 3080 1941 3135 saecqu
1973 3096 2006 3133 a

310 3171 608 3225 nonnullis
637 3169 911 3239 ablegari.
945 3168 1117 3232 Quasi
1145 3185 1279 3223 vero
1329 3170 1637 3239 Pelagiana
1684 3175 1784 3224 aut
1818 3169 2001 3223 Semi-

308 3261 633 3331 pelagiana,
673 3275 737 3312 ac
784 3275 898 3312 non
958 3258 1147 3328 potius
1192 3258 1281 3311 his
1341 3260 1509 3329 plane
1550 3258 1852 3324 contraria,
1890 3258 2006 3311 sint

308 3351 417 3402 ista
445 3365 457 3402 :
494 3348 555 3419 (ἱ)
596 3349 758 3403 Nemo
781 3347 1016 3413 dubitat,
1050 3362 1201 3401 nemo
1232 3347 1569 3412 condemnat,
1603 3347 1748 3415 quod
1786 3352 2003 3401 auctore

306 3440 501 3503 gratia
540 3440 853 3505 praestante,
904 3440 954 3489 et
996 3436 1113 3504 ipse
1171 3436 1449 3503 equitatz's
1503 3434 1807 3488 hominibus
1845 3434 2001 3487 callis

307 3528 576 3595 aperitur.
608 3526 734 3578 Dum
764 3526 905 3577 enim
932 3523 1187 3577 bonorum
1212 3528 1262 3577 et
1277 3537 1589 3591 praecessor,
1608 3525 1810 3588 gratia.
1854 3523 2000 3589 Ergo

306 3613 555 3667 debemus
588 3617 781 3681 gratiae
812 3612 956 3680 quod
969 3626 1241 3678 vocamur,
1266 3612 1411 3680 quod
1429 3613 1650 3666 occultis
1687 3610 1996 3678 itineribus,

304 3704 415 3757 nisi
441 3706 780 3767 resistamus,
812 3715 977 3770 sapor
1006 3701 1158 3755 nobis
1186 3700 1378 3754 vitalis
1407 3701 1763 3766 (infunditur.
1816 3698 1996 3762 Quam

304 3790 513 3845 diserte
558 3790 637 3844 ibi
683 3789 903 3860 gratiae,
952 3795 1008 3844 et
1056 3789 1648 3860 quidemﬁnterioris,
1690 3789 1996 3843 necessitas

306 3880 577 3934 asseritur
621 3878 731 3933 l....
789 3882 1059 3932 Attamen
1123 3877 1210 3931 vir
1248 3877 1533 3930 maximus
1576 3893 1609 3930 a
1648 3876 1994 3947 quibusdam

303 3970 459 4023 velut
493 3968 773 4022 haeretica
809 3967 1083 4021 doctrinae
1140 3967 1407 4021 defensor
1449 3966 1771 4020 traducitur
1804 3982 1817 4020 :
1860 3982 1992 4020 cum

302 4062 499 4111 contra
542 4055 613 4110 ob
658 4055 814 4109 illam
853 4055 1035 4125 ipsam
1070 4071 1302 4110 causam
1350 4055 1685 4109 orthodoxis
1725 4055 1993 4109 omnibus

299 4146 503 4200 debeat
554 4161 674 4199 esse
718 4146 1009 4215 praecipuo
1043 4145 1174 4214 jure
1224 4144 1689 4211 commendatus;
1730 4144 1830 4215 qui
1862 4160 1992 4199 con-

298 4234 567 4288 futaverit
594 4233 929 4305 pestiferum
970 4233 1199 4303 dogma,
1252 4249 1366 4304 quo
1389 4232 1685 4303 religionis
1715 4231 1902 4286 omnis
1924 4247 1989 4285 ac

296 4338 524 4378 morum
555 4323 872 4394 disciplinae
920 4322 1295 4377 fundamenta
1353 4324 1767 4377 convellantur.
1807 4342 1827 4370 ι
1884 4322 1989 4375 Ha-

369 4467 439 4536 (a)
475 4468 557 4520 Du
581 4467 685 4521 Pin
719 4466 863 4522 Bibl.
896 4471 1035 4521 tom.
1073 4467 1163 4532 VI,
1186 4481 1319 4536 pag.
1352 4469 1442 4520 27.

364 4537 440 4607 (ὁ)
470 4538 668 4591 Soller.
704 4538 741 4590 l.
776 4553 847 4603 c.,
881 4553 1012 4608 pag.
1046 4539 1170 4604 275,
1203 4554 1363 4591 num.
1406 4538 1616 4608 I3,7I4._

365 4606 429 4676 (ο)
463 4610 638 4661 Baun.
672 4606 899 4678 praefat.
923 4606 991 4662 ad
1024 4613 1166 4663 tom.
1199 4609 1221 4662 Ι
1254 4607 1565 4675 Sirmond.,
1604 4606 1631 4677 §
1666 4608 1750 4661 I2.

360 4680 445 4746 (ἀ)
478 4679 692 4732 Concil.
724 4684 862 4733 tom.
884 4681 942 4745 V,
968 4696 1096 4749 pag.
1136 4682 1229 4733 501
1266 4679 1401 4733 edit.
1440 4678 1766 4732 Ven-Labb.
1801 4680 1849 4731 1.

362 4750 438 4823 (c)
462 4748 755 4823 ﬂormisd.
785 4750 952 4820 epist.
970 4748 1071 4823 ’ad;
1088 4752 1283 4823 Anast.
1320 4753 1459 4823 imp.

361 4821 430 4890 (Γ)
461 4821 638 4874 Nicol.
669 4822 708 4887 Ι,
745 4823 911 4891 epist.
947 4822 977 4873 8
1008 4821 1077 4874 ad
1107 4821 1360 4875 Michael.
1392 4824 1535 4891 Aug.

2115 3085 2173 3134 et
2201 3081 2467 3136 maximae
2492 3087 2653 3137 erant
2685 3082 2945 3155 implere,
2988 3101 3052 3138 ac
3086 3100 3258 3155 prave
3284 3084 3507 3138 detorta
3545 3089 3602 3137 et
3637 3083 3805 3154 traje-

2114 3174 2206 3223 cta
2249 3171 2367 3224 suis
2412 3172 2548 3225 locis
2579 3188 2856 3242 reponere
2896 3174 3149 3239 studuit;
3208 3172 3518 3243 omniaque
3571 3172 3802 3226 demum

2111 3272 2390 3329 operagex
2439 3260 2673 3328 pristina
2711 3261 3139 3329 perturbatione
3173 3262 3234 3315 in
3264 3266 3448 3316 certos
3494 3261 3722 3315 ordines
3750 3264 3806 3315 et

2110 3347 2275 3417 quasi
2306 3347 2510 3400 classes
2537 3348 2778 3417 digesta,
2811 3353 2873 3401 ut
2905 3364 2973 3401 ex
3004 3350 3127 3419 ipso
3156 3349 3557 3418 intelligimus,
3609 3348 3802 3418 exqui-

2110 3434 2230 3487 sitis
2261 3435 2728 3489 adnotationibus
2758 3436 3078 3491 illustravit.
3135 3437 3211 3491 De
3241 3437 3331 3491 his
3358 3440 3552 3491 autem
3578 3436 3799 3490 duabus

2108 3522 2457 3577 editionibus
2503 3524 2675 3578 adisis
2750 3524 2902 3578 viros
2958 3524 3213 3579 eruditos
3274 3524 3515 3579 subinde
3596 3524 3795 3579 lauda-

2107 3615 2196 3666 tos
2226 3611 2316 3682 (j).
2362 3614 2698 3667 Praeclaram
2741 3613 2934 3684 itaque
2984 3614 3132 3668 hanc
3169 3614 3455 3669 Sirmondi
3485 3614 3796 3669 editionem

2106 3700 2268 3769 prelo
2298 3702 2768 3755 committendam
2790 3702 3254 3773 consignavinus.
3289 3704 3446 3758 Notis
3479 3704 3537 3758 V.
3572 3704 3629 3759 C.
3672 3703 3797 3758 ani-

2105 3789 2527 3844 madversiones
2577 3790 3168 3862 Barthiisubjecimus
3215 3808 3355 3862 quas
3404 3808 3471 3846 ex
3538 3792 3794 3863 ejusdem

2102 3877 2758 3933 Adversariorumlibris
2787 3886 3080 3951 excerptas
3129 3880 3196 3934 ad
3228 3880 3440 3935 calcem
3487 3880 3796 3935 voluminis

2102 3966 2278 4036 primi
2325 3967 2860 4022 Sirmondianorum
2917 3966 3114 4038 reiecit
3143 3968 3439 4023 Baunius:
3482 3974 3657 4040 atque
3702 3986 3798 4040 ap-

2100 4055 2398 4124 pendicem
2421 4056 2737 4126 adjecimus
2757 4072 2820 4109 ex
2861 4072 3007 4110 novo
3037 4057 3324 4111 Thesauro
3376 4057 3795 4113 Anecdotorum

2098 4143 2450 4198 Marteniano
2481 4144 2587 4213 (lc),
2642 4145 2882 4199 Ennodii
2910 4145 3124 4200 scilicet
3161 4145 3483 4200 Dictionem
3515 4145 3575 4200 in
3618 4146 3795 4201 natali

2100 4232 2391 4286 Laurentii
2429 4232 2863 4288 Mediolanensis
2895 4234 3173 4306 episcopi,
3216 4250 3331 4290 una
3373 4250 3505 4290 cum
3535 4234 3791 4303 ejusdem

2100 4321 2349 4391 Epistola
2377 4321 2653 4376 Venantio
2684 4321 2913 4377 cuidam
2933 4324 3226 4396 inscripta.

2168 4465 2244 4537 (g)
2272 4465 2438 4522 Joan.
2466 4482 2581 4532 vui,
2611 4466 2776 4537 epist.
2812 4466 2885 4522 ad
2916 4467 3138 4523 Bercar.
3158 4467 3287 4523 abb.

2167 4537 2245 4678 ἑή)
2268 4538 2431 4607 Greg.
2457 4554 2552 4603 vn,
2588 4538 2649 4591 in
2676 4538 2918 4592 Dictatu.

2190 4608 2228 4677 ἱ)
2259 4608 2476 4661 Ennod.
2507 4608 2605 4661 lib.
2638 4624 2698 4674 ii,
2732 4609 2896 4678 epist.

2190 4608 2228 4677 ἱ)
2259 4608 2476 4679 Ennod.
2507 4608 2605 4661 lib.
2630 4624 2698 4679 ii,
2732 4609 2896 4679 epist.
2929 4611 3012 4663 19.

2170 4682 2228 4746 (j)
2258 4678 2395 4733 Hist.
2430 4678 2707 4733 littéraire
2737 4679 2806 4734 de
2835 4680 2891 4734 la
2912 4681 3143 4746 France,
3173 4684 3315 4737 tom.
3348 4679 3443 4747 III,
3476 4694 3607 4751 pag.
3664 4681 3785 4745 101,

2098 4755 2237 4889 nodi)
2254 4752 2493 4875 1biarten.
2528 4820 2693 4874 Thes.
2718 4821 2929 4876 Anecd.
2954 4826 3093 4877 tom.
3129 4821 3197 4887 V,
3232 4837 3363 4892 pag.
3400 4824 3491 4877 61.
