4102 6182
253 315 330 366 t3
1045 312 1333 368 ENNODII
1372 310 1687 368 EPISCOPI
1725 311 2113 367 TICINENSIS
2152 309 2642 368 EPISTOLARUM
2686 311 2893 366 LIBER
2933 312 2977 365 Ι.
3710 311 3774 364 14

374 523 1266 706 ‘MAGNI
1424 533 2392 705 FELIGIS
2572 535 3656 708 ENNODII

1304 789 2728 894 EPISTOLARUM

1727 963 2050 1036 LIBRI
2128 964 2263 1036 1X.

1523 1222 1894 1316 LIBER
1985 1217 2472 1315 PRIMUS.

807 1445 1138 1500 EPISTULA
1178 1445 1415 1500 PRIMA.

859 1551 1126 1588 ENNODIUS
1163 1550 1375 1588 JOANNI.

342 1622 485 1675 Dum
526 1621 714 1674 salum
748 1622 960 1691 quieris
996 1621 1182 1674 verbis
1225 1622 1283 1674 in
1325 1621 1567 1674 statione
1610 1619 1958 1691 compositis,

267 1714 324 1762 et
355 1711 573 1764 incerta
602 1710 878 1780 liquentis
909 1710 1176 1763 elementi
1203 1710 1426 1780 placida
1456 1709 1713 1763 oratione
1747 1709 1962 1762 descri-

263 1799 350 1853 bis
383 1816 396 1852 :
431 1800 572 1853 dum
602 1815 937 1852 sermonum
961 1799 1222 1869 cymbam
1255 1799 1404 1852 inter
1431 1799 1673 1869 loquelas
1703 1799 1963 1868 scopulos

262 1892 451 1941 rector
479 1888 723 1958 diligens
754 1888 961 1953 frenas,
997 1892 1053 1941 et
1089 1903 1320 1942 cursum
1354 1887 1624 1940 artificem
1658 1887 1964 1941 fabricatus

263 1977 580 2030 trutinator
621 1977 914 2047 expendis,
955 1977 1188 2047 pelagus
1211 1976 1391 2030 oculis
1421 1975 1582 2044 meis,
1604 1976 1759 2046 quod
1797 1992 1966 2046 aqua-

262 2082 395 2119 rum
429 2066 762 2132 simulabas,
786 2064 1002 2135 eloquii
1025 2065 1448 2119 demonstrasti.
1478 2066 1626 2118 Deus
1660 2064 1830 2130 bone,
1853 2073 1877 2097 ⁸
1904 2064 1964 2117 in

263 2160 518 2225 quantos
553 2171 610 2208 se
644 2171 781 2208 usus
808 2154 966 2208 dives
986 2155 1184 2224 lingua
1207 2153 1514 2223 dispergit!
1538 2155 1679 2208 Cum
1700 2153 1961 2221 voluerit,

264 2244 429 2297 saevit
462 2249 522 2296 ut
552 2244 752 2310 bestia,
788 2244 965 2297 currit
997 2249 1056 2296 ut
1091 2244 1318 2310 fluvius,
1352 2242 1593 2297 ﬂuctuat
1621 2247 1685 2296 ut
1717 2241 1962 2312 profun-

265 2333 405 2386 dum
434 2347 448 2384 :
483 2337 540 2384 et
590 2348 996 2402 quamcunque
1024 2331 1229 2385 fucatis
1275 2331 1584 2385 verborum
1618 2330 1966 2400 imaginibus

267 2420 456 2488 pingit
478 2419 751 2488 speciem,
768 2419 885 2471 veri
907 2418 1310 2487 astipulatione
1335 2421 1725 2486 repraesentat.
1744 2417 1965 2471 Timere

267 2516 322 2561 te
345 2508 745 2577 scriptionem,
782 2508 944 2577 quasi
966 2507 1151 2560 fronte
1175 2513 1356 2571 tener,
1390 2507 1673 2572 insinuas;
1708 2506 1842 2559 dum
1875 2506 1966 2560 de-

266 2597 682 2649 clamationum
707 2612 973 2665 pompam
1022 2595 1220 2665 refuga
1268 2595 1454 2649 laudis
1495 2595 1751 2664 deposcit
1778 2609 1966 2648 asser-

265 2686 379 2750 tio;
412 2690 470 2738 et
498 2685 561 2738 ﬁt
592 2701 759 2737 avara
789 2684 1163 2753 gloriae,dum
1190 2684 1397 2754 pudori
1420 2700 1650 2754 parcere
1682 2699 1738 2736 se
1773 2688 1964 2736 osten-

269 2774 370 2835 dit,
393 2773 764 2843 peregrinam
781 2774 1022 2827 mentita
1041 2773 1428 2827 formidinem.
1454 2775 1573 2842 Ago
1591 2777 1764 2842 atque
1782 2771 1966 2826 habeo

269 2864 506 2932 gratias,
557 2863 708 2932 quod
763 2862 976 2916 nobilia
1047 2861 1375 2916 rudimenta
1419 2861 1700 2915 facundia:
1748 2865 1862 2915 tua:
1910 2861 1970 2914 in

269 2951 464 3015 amici,
498 2954 523 2994 b
555 2956 837 3021 quantum
873 2951 1140 3016 mstimas,
1170 2950 1474 3020 praeconiis
1500 2950 1858 3004 consecrasti.
1911 2950 1973 3004 Et

271 3041 399 3094 licet
432 3057 552 3094 non
587 3057 895 3110 agnoscam
941 3057 1068 3094 mea
1100 3057 1221 3094 esse
1253 3057 1381 3111 quas
1415 3040 1702 3110 loqueris;
1732 3039 1969 3108 religio-

270 3145 402 3183 nem
434 3135 628 3184 tamen
661 3129 949 3182 narrantis
971 3130 1304 3199 amplector,
1341 3128 1698 3199 diligentiam
1730 3127 1973 3198 pectoris

266 3219 464 3282 laudo,
498 3235 672 3288 quam
705 3219 906 3288 gratia:
950 3235 1048 3289 per
1079 3219 1286 3272 sudum
1326 3217 1613 3270 rutilantis
1647 3216 1772 3270 luce
1814 3217 1972 3270 dedi-

267 3308 430 3359 casti.
491 3306 615 3360 Tibi
655 3307 743 3360 fax
795 3307 900 3359 ista
939 3307 1334 3377 przetenditur,
1371 3322 1545 3377 quam
1594 3305 1652 3358 in
1699 3305 1973 3375 opinione

273 3411 398 3448 mea
447 3395 697 3448 blandus
746 3396 1004 3448 elocutor
1051 3395 1355 3448 accendis:
1403 3411 1509 3465 ego
1557 3399 1782 3448 noctem
1833 3410 1972 3447 con-

273 3484 531 3538 scientiae
565 3500 732 3550 mere,
765 3484 869 3537 etsi
901 3500 1018 3537 non
1048 3484 1190 3553 fugi,
1223 3496 1246 3525 ο
1278 3484 1408 3537 novi
1443 3489 1632 3537 tamen
1667 3483 1970 3537 zestimare.

273 3574 484 3626 Graves
515 3573 707 3626 hiatus
738 3572 956 3641 patitur
987 3573 1184 3626 alienae
1213 3572 1408 3642 gratize
1442 3571 1745 3625 commissa
1770 3571 1973 3625 credu-

271 3663 399 3715 litas
436 3679 450 3714 :
490 3677 824 3732 quanquam
858 3677 1026 3714 omne
1058 3661 1272 3714 crimen
1300 3665 1570 3722 transeat,
1606 3660 1705 3729 qui
1731 3661 1850 3713 vult
1881 3661 1974 3714 de-

270 3751 466 3820 cipere
500 3749 905 3802 conﬁdentem.
949 3749 1162 3803 Gaudia
1195 3754 1387 3803 tamen
1417 3765 1546 3802 mea
1577 3749 1645 3802 de
1677 3753 1731 3801 te
1756 3749 1972 3818 episto-

271 3839 405 3891 laris
440 3836 680 3907 alloquii
710 3837 939 3890 dotibus
961 3837 1321 3907 adimplesti;
1347 3837 1482 3891 dum
1517 3837 1832 3891 novitatem
1853 3853 1976 3890 sen-

275 3943 439 3980 suum
477 3931 762 3980 monstras
785 3927 1089 3980 serenitate
1109 3943 1462 3993 sermonum,
1480 3931 1537 3980 et
1552 3925 1758 3980 veteris
1773 3926 1978 3980 decora

1996 1445 2043 1496 A
2071 1445 2267 1495 menta
2296 1439 2558 1495 aemulari
2599 1455 2611 1494 :
2645 1441 2866 1495 vincere
2894 1457 3084 1512 posse,
3119 1443 3264 1498 sicut
3293 1460 3468 1500 nemo
3499 1447 3766 1514 credidit,

2074 1529 2152 1583 ita
2177 1530 2367 1582 nullus
2411 1529 2643 1599 optavit.
2697 1530 2859 1583 Vides
2891 1537 3170 1601 quantum
3203 1532 3270 1586 ad
3302 1549 3555 1604 unguem
3589 1537 3770 1606 polita

2073 1619 2425 1672 conversatio
2474 1619 2670 1689 pretiis
2723 1619 2868 1674 bene
2917 1621 3199 1674 nascentis
3242 1622 3553 1693 adjungat?
3603 1625 3765 1688 Quod

2068 1707 2240 1776 jubar
2268 1707 2566 1778 sanguinis
2619 1708 2901 1777 praestitit,
2953 1710 3243 1779 superavit
3291 1710 3570 1766 industria
3598 1713 3766 1767 casti-

2074 1796 2279 1865 gantis.
2313 1795 2543 1850 Credidi
2575 1802 2840 1850 votorum
2873 1814 3159 1851 summam
3191 1799 3437 1870 fatigari,
3471 1800 3516 1853 si
3539 1804 3591 1855 te
3611 1807 3769 1856 nata-

2073 1885 2222 1939 libus
2253 1885 2626 1952 reddidisses;
2659 1886 2799 1940 illud
2827 1903 2943 1940 non
2970 1888 3319 1956 expendens,
3351 1889 3487 1959 quid
3516 1890 3764 1945 claritati

2072 1975 2186 2025 tua:
2217 1973 2576 2026 cohabitator
2606 1973 2910 2027 infuderet.
2939 1971 2966 2009 ἀ
2997 1973 3078 2029 Sit
3107 1974 3255 2028 forte
3295 1975 3354 2028 in
3386 1976 3767 2032 (estimatione

2073 2058 2297 2112 arbitrii
2322 2060 2436 2112 mei
2463 2059 2801 2113 defraudata
2832 2060 3102 2129 cognitio.
3131 2061 3430 2115 Neminem
3459 2064 3676 2118 credidi
3695 2067 3766 2119 ad

2074 2147 2370 2216 Olybrium
2406 2149 2751 2218 pervenire:
2797 2165 2971 2219 quem
3019 2149 3218 2203 vicinis
3262 2151 3509 2205 calcibus
3562 2154 3768 2223 pernix

2072 2235 2360 2290 insecutor
2391 2238 2668 2307 adjunges
2702 2254 2715 2303 ;
2749 2238 2979 2291 beatum
3003 2238 3256 2292 facturus
3289 2255 3518 2310 nempe,
3552 2242 3598 2294 si
3627 2243 3770 2296 vice-

2072 2326 2169 2379 ris.
2203 2326 2382 2380 Deum
2414 2342 2634 2396 precor,
2657 2331 2719 2380 ut
2758 2326 3141 2381 adolescentia
3178 2327 3238 2381 in
3269 2332 3345 2393 te,
3389 2345 3514 2399 quae
3560 2329 3769 2400 (perfe-

2074 2414 2341 2484 ctionem)
2373 2415 2701 2485 primordiis
2721 2420 3058 2483 monstrant,
3097 2415 3260 2470 bona:
3298 2417 3479 2487 frugis
3509 2419 3772 2488 germina

2075 2506 2485 2558 convalescant.
2535 2506 2702 2560 Domi
2751 2506 2949 2572 habes,
2990 2506 3142 2559 unde
3183 2506 3592 2561 exhortationis
3628 2525 3768 2563 meae

2074 2593 2199 2646 viva
2228 2609 2419 2647 sumas
2446 2595 2726 2664 exempla.
2752 2595 2826 2648 Te
2867 2599 3031 2664 pater
3067 2611 3294 2648 morum
3327 2597 3769 2666 tranquillitate,

2079 2697 2235 2735 socer
2278 2683 2610 2753 eloquentia
2639 2683 2886 2737 similem
2915 2683 3217 2754 producat.
3263 2684 3321 2738 Si
3353 2700 3444 2739 me
3475 2685 3588 2739 voti
3609 2702 3771 2741 reum

2081 2770 2265 2825 facere
2298 2771 2549 2825 caelestia
2594 2788 2774 2842 regna
2821 2773 3152 2842 dignentur,
3208 2789 3386 2826 unum
3435 2790 3658 2843 precor,
3713 2782 3774 2832 ut

2082 2861 2196 2914 mei
2226 2861 2557 2914 meminisse
2581 2861 2871 2932 digneris:
2898 2861 3155 2928 neillius,
3181 2861 3341 2930 cujus
3359 2863 3773 2931 perfectionem

2082 2948 2233 3004 inter
2263 2950 2490 3002 dicendi
2522 2949 2826 3003 simulacra
2867 2949 3182 3015 meditaris,
3216 2949 3518 3004 oblivionis
3545 2968 3773 3023 quoque

2081 3053 2186 3107 par
2214 3053 2333 3090 esse
2354 3037 2686 3091 contendas.
2715 3037 2818 3091 Sed
2851 3037 2922 3090 ad
2956 3036 3208 3107 epistolae
3240 3053 3460 3092 morem
3494 3045 3770 3110 revertar,

2083 3141 2254 3196 quam
2288 3125 2511 3180 affectio
2544 3130 2641 3180 tua
2670 3126 2730 3179 in
2765 3126 3001 3196 longum
3030 3126 3314 3196 produxit.
3341 3127 3525 3194 Salve,
3559 3129 3638 3182 mi
3668 3129 3771 3184 do-

2084 3215 2260 3281 mine,
2295 3219 2350 3268 et
2383 3219 2672 3268 amantem
2703 3214 2788 3269 tui
2818 3214 3212 3286 frequentibus
3243 3216 3362 3270 cole
3390 3217 3603 3271 muniis
3630 3218 3775 3274 litte-

2083 3320 2312 3373 rarum;
2353 3320 2425 3358 ne
2459 3303 2669 3358 amoris
2702 3303 3034 3359 contestatio
3067 3304 3188 3357 sola
3214 3303 3360 3358 sicut
3389 3307 3530 3360 solet
3557 3306 3617 3360 in
3645 3307 3774 3378 qui-

2083 3393 2326 3449 busdam
2340 3401 2509 3462 esse,e
2531 3393 2734 3464 praavii
2757 3393 2816 3446 in
2839 3398 2893 3447 te
2914 3397 3152 3463 putetur
3172 3393 3451 3449 exstitisse
3464 3396 3767 3451 sermonis.

2717 3482 3048 3537 EPISTOLA
3083 3483 3147 3537 ΙΙ.

2684 3586 2956 3625 ENNODIUS
2988 3587 3179 3625 FLORO.

2156 3656 2292 3712 Novi
2322 3673 2412 3711 me
2443 3657 2647 3711 duram
2679 3659 2895 3729 cepisse
2926 3659 3299 3730 provinciam,
3323 3665 3379 3716 et
3407 3677 3640 3732 gravem
3663 3680 3777 3719 sar-

2086 3748 2275 3801 cinam
2316 3747 2572 3801 humeris
2611 3747 2856 3801 inﬁrmis
2888 3748 3168 3814 attollere,
3202 3749 3301 3820 qui
3359 3751 3774 3808 sublimitatem

2085 3841 2266 3903 tuam,
2296 3842 2580 3907 quantum
2619 3837 2689 3891 ad
2743 3854 2856 3904 me,
2904 3837 3157 3908 quietam
3193 3838 3501 3894 verborum
3531 3841 3779 3896 stimulis

2086 3925 2338 3979 excitavi.
2375 3925 2463 3979 Sic
2493 3927 2745 3980 minaces
2781 3927 2980 3981 dentes
3013 3927 3222 3982 bestias
3268 3927 3518 3983 invalida
3552 3929 3780 3986 lacessit

273 4016 559 4085 prosapia:
610 4015 821 4069 novelli
871 4015 1047 4068 vincis
1097 4016 1281 4068 nitore
1318 4015 1610 4085 colloquii.
1665 4015 1760 4067 Sat
1791 4015 1977 4068 fuerat
2013 4029 2053 4081 (ζ
2086 4014 2458 4068 adolescentia
2496 4020 2589 4069 :et
2620 4017 2757 4070 dum
2791 4016 3009 4086 majora
3036 4017 3248 4072 viribus
3301 4024 3590 4089 provocat,
3624 4022 3778 4092 quod

274 4109 587 4172 parentum
620 4108 852 4157 tuorum
881 4103 1195 4170 desideriis,
1220 4103 1447 4156 seniora
1478 4108 1530 4156 te
1554 4102 1788 4156 familiae
1811 4119 1976 4156 orna—

353 4227 369 4258 ¹
403 4227 614 4297 Magni
663 4226 871 4281 Felici:
901 4227 1160 4297 Ennodii]
1200 4227 1330 4281 Tria
1361 4227 1482 4281 haec
1515 4225 1750 4280 nomina
1782 4228 1976 4280 Enno-

277 4297 377 4365 dii,
414 4315 556 4370 quae
582 4299 642 4351 in
673 4299 925 4370 antiquis
956 4298 1381 4370 exemplaribus
1413 4299 1704 4367 leguntur,
1728 4314 1843 4350 non
1864 4299 1980 4368 qui-

279 4370 408 4422 dem
436 4369 506 4421 in
538 4369 728 4422 fronte
769 4369 976 4438 operis,
1013 4385 1198 4439 neque
1231 4369 1446 4439 passim
1475 4385 1579 4439 per
1609 4385 1807 4423 omnes
1838 4370 1975 4422 titu-

279 4440 385 4505 los,
418 4440 518 4512 sed
577 4441 638 4512 in
679 4457 746 4492 eo
779 4441 1056 4512 duntaxat
1103 4440 1206 4512 qui
1234 4441 1504 4510 prteﬁxus
1533 4445 1618 4512 est
1653 4441 1788 4512 Vitae
1820 4439 1973 4512 beati

278 4511 541 4564 Antonii.
596 4511 658 4563 In
703 4511 924 4563 caeteris
954 4511 1090 4564 satis
1121 4510 1450 4564 habuerunt
1480 4510 1792 4580 antiquarii
1821 4510 1978 4580 prio-

284 4584 441 4634 ribus
475 4581 704 4634 omissis
738 4582 992 4647 tertium,
1019 4583 1169 4652 quod
1191 4598 1389 4635 verum
1426 4586 1482 4634 et
1511 4581 1811 4652 proprium
1844 4596 1977 4634 auc-

284 4655 420 4705 toris
457 4668 672 4705 nomen
693 4658 837 4708 erat.
870 4653 1164 4707 adnotare.
1198 4653 1502 4722 Proprium
1544 4653 1802 4722 inquam.
1838 4653 1980 4705 Nam

285 4723 530 4776 Ennodii
582 4723 767 4777 adhuc
817 4739 934 4776 aevo
986 4739 1103 4777 mos
1149 4724 1404 4787 durabat,
1450 4723 1548 4794 qui
1597 4724 1746 4791 apud
1799 4722 1982 4776 Latini

284 4795 582 4864 quondam
634 4795 749 4846 oris
797 4799 1016 4863 gentes,
1064 4799 1233 4864 atque
1285 4794 1428 4848 adeo
1476 4795 1534 4847 in
1573 4794 1720 4847 Urbe
1748 4794 1981 4847 tandem

284 4866 401 4935 ipsa
433 4870 570 4934 post
597 4880 853 4918 eversam
885 4881 1066 4934 remp.
1097 4865 1367 4930 obtinuit,
1402 4870 1465 4917 ut
1494 4880 1622 4917 cum
1654 4864 1833 4918 tribus
1865 4864 1981 4917 fere

287 4943 610 5006 quatuorve
643 4936 977 4989 nominibus
1005 4936 1314 4989 nobiliores
1335 4942 1656 5001 uterentur,
1684 4935 1981 5004 proprium

286 5013 478 5059 tamen
530 5023 714 5059 unum
749 5007 1027 5076 cujusque
1058 5023 1268 5060 nomen
1299 5011 1465 5071 esset,
1508 5006 1660 5075 quod
1691 5014 1983 5075 postremo

287 5093 514 5145 semper
557 5077 684 5130 loco
741 5082 870 5146 post
903 5083 1106 5131 caetera
1146 5077 1489 5142 statuebant,
1537 5081 1593 5129 et
1641 5093 1754 5146 quo
1793 5077 1983 5143 unico,

290 5148 328 5199 si
355 5147 626 5217 pluribus
649 5147 933 5202 abstinere
957 5148 1283 5218 placuisset,
1308 5147 1566 5218 singulos
1586 5147 1982 5216 designabant.

290 5219 452 5271 Verbi
507 5219 710 5288 gratia,
757 5220 826 5273 Μ.
871 5219 1093 5273 ,ΙυΝιΑΝι
1135 5219 1473 5289 Jusrnv1(sic
1519 5218 1672 5271 enim
1712 5218 1988 5272 breviato-

290 5305 408 5342 rem
436 5289 610 5358 Trogi
665 5289 922 5359 Pompeii
946 5291 1196 5360 appellat
1252 5291 1421 5343 codex
1477 5289 1796 5352 Vaticanus)
1843 5305 1982 5358 pro-

331 5361 482 5414 rium
517 5377 729 5413 nomen
765 5361 872 5413 fuit
900 5361 1174 5424 Justinus,
1207 5363 1265 5414 et
1315 5362 1464 5414 FABH
1497 5360 1797 5414 LAURENITI
1829 5361 1990 5414 Manu

336 5448 593 5511 romam,
616 5431 1001 5511 qurenintegra
1029 5438 1114 5511 est
1139 5431 1519 5511 nomenclatio
1541 5432 1840 5511 clarissimi
1861 5431 1991 5510 rbe-

294 5504 448 5568 toris,
486 5504 588 5572 qui
639 5501 695 5554 in
729 5502 1012 5555 Ciceronis
1051 5503 1228 5556 libros
1268 5502 1337 5555 de
1367 5505 1500 5556 Arte
1552 5502 1834 5555 rhetorica
1861 5501 1994 5554 scri-

296 5574 423 5642 psit,
453 5573 758 5643 proprium
779 5573 922 5626 item
935 5589 1146 5627 nomen
1161 5573 1313 5643 quod
1329 5577 1705 5643 postremum.
1730 5573 1786 5626 ld
1805 5572 1927 5641 ipsu
1939 5588 1992 5624 m

298 5643 354 5696 in
400 5645 647 5707 Avieno,
691 5643 938 5710 Liberio,
980 5644 1346 5713 Symmacho,
1371 5649 1428 5698 et
1466 5643 1594 5697 aliis
1615 5645 1685 5698 ad
1717 5659 1861 5713 quos
1893 5644 1998 5695 En-

299 5714 512 5768 nodius
566 5713 781 5782 scribit,
848 5715 964 5768 suis
1021 5712 1164 5769 locis
1220 5715 1609 5771 ostendemus.
1667 5712 1998 5784 Eodemque

2086 4103 2313 4157 evenire
2344 4107 2522 4173 optat,
2551 4105 2939 4174 spectaculum
2971 4110 3136 4176 putat
3167 4123 3309 4175 esse,
3340 4123 3458 4162 non
3487 4109 3774 4178 praelium.

2087 4226 2259 4300 modo
2293 4225 2564 4300 inutitulis
2595 4226 2864 4281 omnibus
2896 4227 3195 4294 librorum,
3253 4229 3312 4282 in
3370 4232 3779 4300 marmoribus,

2089 4298 2327 4380 aliisque
2349 4297 2576 4378 illorum
2596 4303 2922 4378 temporum
2941 4300 3356 4380 monumentis,
3371 4302 3602 4380 quando
3617 4297 3781 4373 plura

2086 4367 2258 4421 unius
2310 4367 2560 4421 hominis
2609 4369 2841 4422 nomina
2888 4375 3214 4435 occurrunt,
3263 4367 3499 4424 dubium
3522 4367 3641 4427 non
3693 4381 3781 4430 est

2089 4440 2230 4509 quin
2259 4454 2458 4513 verum
2490 4455 2552 4491 ac
2571 4440 2868 4513 prOprium
2901 4441 2953 4493 id
2979 4442 3103 4510 ejus
3125 4456 3331 4513 nomen
3347 4442 3437 4513 sit,
3463 4444 3615 4513 quod
3641 4447 3782 4499 ulti-

2089 4526 2250 4563 mum
2308 4511 2638 4564 collocatur.
2683 4512 2818 4574 Quae
2860 4527 3013 4564 nunc
3067 4511 3262 4579 paucis
3301 4511 3670 4570 admonuisse
3710 4518 3783 4571 sit

2091 4581 2229 4633 satis
2264 4581 2445 4653 :_quia
2472 4581 2687 4650 justam
2729 4581 2863 4636 huic
2893 4581 2974 4636 rei
3009 4581 3319 4636 diatribam
3347 4583 3370 4604 ⁸
3395 4585 3534 4653 alio,
3559 4587 3605 4640 si
3635 4588 3784 4643 Deus

2091 4653 2263 4714 volet,
2297 4651 2420 4704 loco
2453 4653 2824 4706 destinamus.

2161 4734 2184 4794 ξ
2215 4723 2288 4775 In
2309 4726 2549 4790 quantos
2578 4740 2640 4776 se
2664 4722 2826 4792 usus]
2853 4723 2982 4793 Leg.
3013 4722 3074 4776 in
3103 4727 3348 4794 quantos
3361 4743 3423 4780 se
3442 4725 3613 4781 visus.
3641 4729 3782 4786 Nam

2090 4792 2246 4869 velut
2297 4794 2369 4846 ob
2402 4795 2595 4847 oculos
2655 4794 2790 4863 poni
2821 4810 2909 4846 res
2939 4792 3091 4863 ipsas
3113 4792 3432 4869 descriptas
3462 4798 3539 4850 ait
3574 4815 3587 4852 :
3623 4803 3781 4869 quod

2092 4863 2596 4960 omnip‘plposcunt
2624 4880 2756 4934 quae
2787 4871 3127 4935 sequuntur.
3159 4863 3448 4934 Biarnms,
3475 4863 3781 4925 Advefsar.

2137 4949 2224 5000 ag.
2264 4938 2384 4989 945.

2092 4951 2224 5006 pag.
2264 4951 2384 4989 usa.

2165 5009 2189 5048 b
2222 5007 2508 5068 Quantum
2533 5003 2679 5076 κει]
2713 5005 2870 5069 QUEM
2893 5009 3010 5060 est.
3048 5009 3151 5072 In.,
3181 5009 3319 5064 ibid.

2164 5088 2187 5116 ε
2218 5076 2370 5152 Novi
2403 5078 2595 5152 tamen
2620 5077 2936 5152 aestimare]
2968 5079 3216 5152 Omnino
3257 5081 3644 5136 reducendum
3676 5088 3782 5152 est,

2097 5146 2251 5225 quod
2370 5148 2544 5200 veteri
2566 5148 2820 5225 editione
2850 5146 2932 5225 est
2969 5149 3273 5225 extimum,
3295 5152 3459 5222 quasi
3484 5146 3786 5225 sejungere

2099 5234 2131 5340 δῖ
2159 5217 2353 5340 mutii:
2379 5219 2700 5288 praaconiis,
2735 5235 2806 5274 ne
2837 5219 3019 5290 pluris
3051 5223 3159 5276 sibi
3186 5217 3449 5277 videatur
3478 5217 3782 5294 quam'sit.

2127 5305 2201 5340 υ..
2234 5304 2250 5339 1
2297 5305 2334 5340 lt
2359 5327 2373 5340 .

2127 5305 2201 5350 υ..
2234 5304 2373 5343 ιοια.

2031 5326 2070 5378 D
2103 5326 2201 5401 md.
2227 5326 2498 5424 S‘iiujzorte
2524 5359 2590 5416 in
2618 5361 3013 5427 zatimatione]
3037 5363 3156 5416 Non
3187 5363 3387 5418 debuit
3412 5366 3620 5420 mutari
3640 5369 3790 5423 vete-

2102 5446 2230 5508 rum
2263 5431 2777 5508 ed_itionumlectip
2803 5432 3196 5508 extimagione,
3223 5435 3337 5508 hoc
3360 5440 3442 5489 est
3472 5444 3789 5508 sequestra-

2103 5503 2280 5626 titonq.
2318 5503 2550 5626 Ε.ὶὲξίῑο
2583 5503 2697 5574 legi
2728 5504 2937 5558 debere
2965 5519 2977 5557 :
3005 5503 3116 5569 Sil,
3142 5506 3283 5573 fero,
3314 5505 3376 5560 in
3393 5503 3787 5580 exliniatione,

2105 5588 2134 5626 e
2163 5588 2210 5624 c.
2272 5589 2392 5626 1)..)
2447 5591 2460 5626 ι
2507 5615 2518 5626 .

2105 5588 2210 5626 etc.
2246 5588 2346 5637 11).,
2378 5588 2518 5626 ποια.

2176 5649 2198 5726 ξ
2225 5643 2426 5726 {inscii
2450 5643 2514 5723 in
2540 5644 3111 5726 tevpufet‘ur].
3133 5645 3259 5726 sine
3272 5664 3336 5726 re
3359 5654 3484 5720 put.
3521 5651 3624 5720 10.,
3646 5652 3784 5708 ibid.

2178 5714 2198 5734 '
2233 5713 2416 5769 Habes
2446 5713 2507 5769 in
2531 5713 2669 5772 edit.
2697 5715 2914 5772 Sidonii
2938 5720 3070 5788 post
3091 5719 3322 5789 praefat.
