4102 6182
362 317 422 372 lii
1562 308 1855 369 ENNODII
1897 308 2211 369 EPISCOPI
2251 308 2647 370 TICINENSIS
3793 314 3853 370 l6

357 449 445 505 Sic
475 463 636 506 mens
674 446 1091 520 congressionis
1115 445 1317 519 ignara
1345 442 1752 502 certaminibus
1786 450 1916 501 ante
1948 462 2047 517 pe-
2090 451 2126 502 Λ
2163 444 2405 513 stitistis,
2434 444 2606 501 etiam
2634 444 2847 501 illessus
2878 442 3174 517 incipiam.
3226 442 3595 501 Deleniﬁcam
3638 443 3854 516 allega-

359 540 603 595 riculum
662 539 831 594 debet
876 536 1159 593 affectum.
1214 535 1416 590 Leonis
1457 534 1710 603 'rabiem,
1775 541 1830 589 et
1878 552 2051 607 quam

359 629 533 700 Libya
564 629 663 682 alit
681 628 950 695 bestiam,
976 644 1146 698 quam
1172 631 1247 693 te,
1289 626 1488 695 lingua
1511 641 1715 679 censeo
1742 625 2049 679 mitiorem.

361 718 498 781 Qum
533 734 623 773 me
655 716 1037 788 praecipitavit
1068 713 1321 767 inscitia?
1351 714 1448 785 qui
1479 713 1657 767 animi
1686 714 1871 767 fervor
1901 731 1932 767 a
1962 729 2051 767 co-

362 807 621 875 gnitione
652 806 735 859 tui
759 803 1228 876 peregrinantem
1260 802 1497 855 duxitin
1518 802 1769 863 devium,
1790 808 1853 857 ut
1880 804 2055 857 nesci-

366 911 485 947 rem
539 894 675 964 quid
720 891 1027 945 intentioni
1066 890 1358 943 lacessitus
1402 890 1655 957 deberet,
1682 890 1779 960 qui
1829 907 2058 960 semper

366 982 739 1036 contumelias
761 980 979 1051 primus
1002 978 1224 1049 incipit,
1245 978 1345 1048 qui
1369 978 1712 1048 injuriarum
1742 979 2057 1049 gymnasiis

366 1088 661 1142 nunquam
694 1071 905 1124 meruit
939 1067 1307 1139 posthabcri?
1335 1069 1680 1123 Clericorum
1711 1074 1861 1123 certe
1892 1085 2058 1122 exer-

367 1159 733 1214 citatissimus
764 1157 1127 1227 maledictor;
1161 1157 1261 1227 qui
1292 1156 1363 1210 ad
1395 1174 1489 1209 eos
1514 1174 1739 1226 semper
1765 1157 1972 1210 novelli
2001 1162 2058 1211 et

368 1248 511 1302 scuti
540 1247 725 1300 dentis
775 1262 1001 1300 morsus
1051 1245 1330 1312 exhibuit,
1364 1261 1537 1315 quem
1568 1246 1809 1299 evadere
1841 1247 1911 1299 ad
1951 1263 2054 1298 un-

369 1352 538 1407 guem
565 1336 735 1389 ducta
763 1334 878 1387 vita
908 1350 1023 1387 non
1058 1332 1296 1399 meruit;
1330 1333 1421 1386 cui
1452 1332 1618 1386 cessit
1647 1332 1837 1387 omnis
1867 1333 2057 1386 erudi—

370 1426 481 1489 tio;
514 1430 570 1477 et
596 1422 761 1493 quasi
792 1427 1070 1475 cometem
1101 1421 1257 1474 sidus
1302 1420 1700 1490 religiosorum
1748 1421 1894 1491 fugit
1926 1422 2055 1474 uni-

372 1512 622 1567 versitas.
668 1513 826 1565 Hunc
856 1527 993 1579 ergo
1026 1509 1325 1579 improbus
1357 1514 1412 1563 et
1442 1510 1629 1563 fronte
1661 1510 1865 1562 debilis
1911 1510 2049 1563 exci-

370 1601 503 1654 tavi.
531 1600 645 1654 Hac
673 1598 882 1653 ﬁducia
910 1614 1308 1669 provocassem
1333 1604 1529 1651 ventos
1566 1596 1631 1651 ad
1666 1598 1941 1665 llandum,
1987 1598 2054 1651 ad

371 1704 601 1741 cursum
640 1686 900 1752 ﬂumina,
938 1686 1205 1740 Faustum
1240 1702 1432 1739 meum
1468 1685 1537 1738 ad
1572 1685 1919 1751 facundiam,
1946 1702 2060 1756 qua

374 1785 428 1830 te
453 1777 521 1830 ad
554 1776 947 1845 garrulitatem
976 1774 1248 1845 loquendi
1280 1791 1485 1845 parcus
1508 1774 1737 1827 ferratis
1755 1774 2058 1828 verborum

372 1866 619 1919 calcibus
650 1864 919 1919 animavi.
946 1865 1207 1933 Ignosce,
1242 1880 1456 1935 quaeso,
1476 1868 1532 1917 et
1558 1864 1713 1934 quod
1734 1863 1789 1916 in
1818 1864 1946 1917 aliis
1976 1865 2061 1917 vi-

371 1955 516 2008 tium
547 1961 736 2024 putas,
770 1953 1221 2007 taciturnitatem
1271 1954 1517 2006 amantis
1549 1968 1756 2022 sperne
1790 1968 1803 2006 :
1838 1954 2062 2006 abstine

374 2043 729 2114 aresponsis,
764 2049 1173 2114 provocantem
1218 2042 1430 2096 damna
1472 2044 1819 2111 contemptu.
1853 2042 2062 2095 Tecum

374 2133 621 2187 decertet
649 2133 718 2186 de
751 2132 950 2185 mediis
996 2130 1169 2184 curias
1218 2130 1431 2183 ﬁnibus
1462 2130 1720 2193 eductus,
1753 2129 1899 2182 circa
1943 2130 2066 2183 Gal-

374 2222 493 2274 luln
538 2220 804 2291 prosapia
844 2220 1178 2285 conticesce,
1234 2216 1444 2271 silentii
1504 2217 1607 2284 tui,
1661 2216 1707 2269 si
1768 2218 2061 2286 praevales,

373 2310 587 2363 talione
620 2310 955 2363 mulcemur.
988 2308 1151 2373 Cave,
1182 2308 1263 2359 mi
1297 2306 1549 2372 domine,
1587 2322 1656 2358 ne
1688 2305 1928 2375 incipias
1960 2304 2065 2357 nii-

375 2414 577 2452 norem
604 2396 946 2467 loquacitate
967 2394 1330 2466 provocando
1350 2393 1585 2447 humilis
1609 2392 1896 2447 aestimari.
1922 2392 2066 2456 Quid

376 2487 527 2539 enim
563 2484 769 2538 laboris
802 2490 905 2551 est,
936 2484 1222 2553 jacentem
1264 2483 1325 2536 in
1375 2499 1441 2535 ea
1482 2487 1643 2551 parte
1671 2497 1977 2551 ,superare,
2012 2485 2069 2535 et

374 2573 732 2643 triumphum
774 2573 843 2627 de
875 2589 941 2626 eo
970 2572 1196 2634 ducere,
1232 2571 1332 2640 qui
1361 2587 1419 2623 se
1450 2574 1578 2623 ante
1608 2570 1936 2623 conflictum
1967 2569 2069 2622 im-

376 2679 572 2734 parem
605 2662 944 2716 conﬁtetur?
987 2663 1115 2714 Esto
1166 2660 1307 2713 mihi
1347 2664 1540 2712 tamen
1572 2659 1721 2729 apud
1768 2659 2066 2712 dominum

378 2753 645 2805 Faustum
679 2751 889 2803 amoris
922 2750 1036 2803 mei
1062 2749 1259 2815 ﬁbula,
1293 2748 1337 2800 si
1372 2747 1654 2819 querelas,
1684 2748 1944 2819 quamvis
1975 2764 2071 2801 an-

376 2846 592 2910 gustas,
626 2843 679 2894 et
706 2839 969 2907 rusticas,
990 2838 1180 2891 studes
1197 2837 1455 2890 evadere.

993 2924 1323 2980 EPISTOLA
1354 2925 1448 2978 III.

935 3030 1204 3068 ENNODIUS
1234 3014 1248 3047 ¹
1284 3030 1503 3066 ΡΑυδΤΟ.

444 3106 579 3159 Acta
601 3107 686 3157 est
705 3118 875 3156 causa
907 3101 1177 3155 desiderii
1203 3101 1314 3155 mei
1342 3100 1620 3155 beneﬁcio
1657 3101 2023 3171 querelarum
2052 3121 2065 3159 :

378 3192 585 3246 meruit
614 3189 992 3261 impudentia,
1019 3189 1172 3260 quod
1206 3190 1450 3259 negabat
1476 3189 1784 3242 urbanitas.
1824 3190 2069 3259 Diligen-

378 3282 515 3334 tiam
547 3278 725 3333 sancti
754 3278 1001 3350 pectoris
1040 3294 1214 3349 quam
1264 3278 1462 3332 artifex
1494 3277 1787 3331 silentium
1818 3281 2065 3349 tegebat,

376 3370 572 3437 elicui;
622 3368 1070 3423 taciturnitatem
1118 3384 1247 3438 quae
1288 3366 1357 3421 ad
1407 3368 1662 3421 fomenta
1701 3368 1924 3422 ardoris
1955 3370 2069 3424 mei

375 3464 573 3530 parata
602 3458 806 3527 fuerat,
850 3456 1154 3511 terminavi
1188 3472 1201 3510 :
1240 3457 1604 3526 prorogando
1635 3456 1772 3510 viles
1802 3458 2063 3527 paginas,

374 3548 625 3617 pretium
650 3546 926 3601 vincentis
953 3544 1165 3615 accepi.
1200 3544 1289 3599 Sic
1338 3561 1569 3598 usuram
1602 3545 1805 3598 cultori
1854 3546 2067 3600 vexatis

375 3634 565 3687 reddit
594 3640 747 3688 terra
774 3632 1104 3704 cespitibus,
1139 3637 1197 3687 et
1224 3632 1470 3685 feturam
1500 3633 1753 3687 nobilem
1780 3634 1849 3688 de
1876 3636 2069 3703 singu-

376 3724 591 3777 laribus
619 3722 1046 3793 parturitgleba
1078 3720 1434 3792 germinibus
1462 3737 1474 3774 :
1502 3721 1579 3774 sic
1594 3721 1659 3775 ad
1684 3738 1879 3776 vocem
1896 3725 2068 3777 unius

375 3812 627 3867 hominis
661 3811 950 3866 montium
982 3817 1195 3864 secreta
1238 3810 1604 3880 respondent,
1638 3816 1693 3864 et
1721 3812 1858 3865 dum
1889 3829 2068 3883 angu-

376 3906 468 3954 tus
526 3902 741 3953 clamor
799 3899 1065 3965 vincitur,
1134 3898 1509 3953 valitudinem
1561 3916 1722 3953 suam
1786 3900 2067 3954 elementa

376 3988 758 4043 manifestant.
796 3986 1148 4057 Evangelicis
1192 3988 1353 4055 (Luc.
1390 4002 1469 4056 x1,
1504 3988 1556 4054 9)
1592 3987 1689 4041 tali
1718 3988 1867 4042 facto
1899 3989 2065 4043 obse-

375 4084 537 4133 cutus
585 4078 850 4145 oraculis,
898 4077 1151 4130 fructum
1197 4074 1271 4130 de
1334 4078 1608 4146 praecepti
1653 4092 1783 4130 sum
1830 4078 2066 4131 veritate

377 4167 605 4221 sortitus
626 4182 641 4236 ;
661 4166 823 4236 cujus
844 4165 1093 4217 declarat
1120 4164 1438 4232 instructio,
1464 4165 1619 4235 quod
1637 4165 1889 4236 pulsanti
1911 4181 2063 4235 smpe

374 4262 571 4327 surgat
600 4257 773 4322 Deus,
797 4259 852 4307 et
878 4254 1111 4319 tribuat,
1146 4252 1192 4305 si
1238 4270 1353 4307 non
1384 4260 1619 4325 propter
1656 4258 1944 4321 meritum,
1974 4254 2059 4307 vel

373 4352 608 4418 propter
634 4342 1151 4415 importunitatem.
1190 4343 1447 4397 Facessat
1482 4343 1717 4414 posthac
1745 4342 2060 4397 inﬁdelium

375 4435 526 4489 male
556 4438 719 4488 cauta
744 4432 1015 4487 discussio
1048 4448 1060 4486 :
1092 4430 1412 4503 integritati
1452 4431 1747 4485 sententias
1789 4430 2061 4501 periculis

374 4512 751 4595 praesentibus
777 4522 1014 4575 idoneus
1057 4520 1201 4574 mihi
1232 4521 1392 4576 testis
1427 4519 1723 4589 astipulor.
1754 4521 2061 4591 Frequenti

376 4613 635 4667 oratione
683 4615 875 4682 optata
922 4610 1264 4680 promerui:
1319 4624 1650 4663 concessum
1700 4614 1783 4663 est
1827 4626 2061 4681 precum

377 4699 697 4757 assiduitati
726 4699 878 4770 quod
903 4698 1221 4769 negabatur
1234 4697 1504 4752 examini.
1524 4698 1715 4753 Debeo
1742 4699 1903 4754 vobis
1924 4702 2065 4754 ami-

375 4791 589 4858 citiam,
618 4788 996 4861 querimonia:
1028 4804 1169 4842 meae
1203 4805 1216 4843 :
1251 4804 1414 4859 quas,
1448 4788 1584 4843 dum
1618 4788 1769 4843 votis
1798 4789 2061 4843 effectum

376 4880 648 4947 tribuitis,
680 4879 809 4950 plus
847 4878 1069 4932 amabo.
1106 4878 1296 4932 Fuerit
1313 4877 1445 4932 licet
1471 4879 1633 4948 origo
1654 4881 1839 4932 vestra
1865 4895 1898 4931 a
1913 4881 2065 4945 justo

374 4970 569 5025 dolore
606 4968 873 5035 veniens;
923 4968 1255 5038 frequenter
1297 4983 1331 5020 a
1375 4967 1555 5032 vobis,
1584 4970 1891 5037 postquam
1921 4981 2066 5035 prte-

447 5096 463 5129 ¹
502 5089 727 5164 Fausto]
765 5091 984 5147 Nullius
1030 5106 1240 5164 nomen
1271 5089 1333 5144 in
1370 5089 1653 5164 _operibus
1683 5086 1929 5164 Ennodii
1959 5105 2063 5141 sae-

375 5167 506 5237 pius
536 5159 992 5237 occuri'itpquam
1031 5162 1220 5237 Fausti
1255 5159 1454 5237 :_c_ujus
1506 5159 1885 5237 consulatum,
1917 5175 2067 5229 quaa-

375 5230 620 5298 sturam,
668 5230 1086 5305 praefecturam,
1133 5230 1492 5305 patriciatum
1525 5230 1696 5283 variis
1742 5230 1885 5283 locis
1908 5246 2065 5305 com-

374 5300 687 5363 memorat:
715 5308 765 5359 Is
820 5311 905 5358 est
932 5300 1168 5357 Faustus
1208 5300 1498 5372 exconsul,
1555 5316 1726 5371 quem
1760 5317 1862 5371 pro
1902 5301 2065 5372 Sym-

374 5380 577 5434 macho
619 5392 769 5449 papa
806 5376 866 5429 in
922 5372 1214 5449 Laurentii
1259 5371 1568 5449 schismate
1595 5372 1836 5449 stetisse,
1896 5371 2067 5449 atque

374 5441 646 5505 adversus
676 5441 902 5501 Festum
947 5450 1005 5500 et
1048 5444 1328 5499 Albinum
1379 5442 1518 5497 item
1563 5441 1917 5508 exconsules,
1968 5441 2068 5513 qui

374 5520 683 5576 Laurentio
739 5518 1026 5581 favebant,
1080 5514 1305 5569 fortiter
1368 5529 1675 5585 pugnasse,
1735 5521 1930 5567 auctor
1970 5519 2070 5585 est

374 5591 725 5646 Anastasius.
755 5587 866 5643 Sed
917 5585 1107 5639 Fausti
1136 5582 1598 5640 consulares'hoc
1646 5590 1907 5654 tempore
1955 5582 2068 5637 duo

376 5665 628 5717 fuerunt.
668 5660 823 5714 Unus
872 5657 1177 5710 consulatu
1210 5656 1335 5709 sine
1386 5657 1607 5727 collega
1648 5656 1876 5711 functus
1919 5672 2068 5709 anno

2165 536 2386 591 tionem
2415 536 2711 606 amplexus
2735 535 3059 606 epistolaris
3088 534 3323 605 eloquii,
3350 552 3456 606 ago
3483 541 3654 607 atque
3676 535 3857 591 habeo

2164 626 2394 697 gratias,
2431 625 2583 695 quod
2615 640 2707 679 me
2739 625 2838 678 diu
2873 608 3124 677 tristium
3162 624 3425 678 noluistis
3464 641 3585 678 esse
3617 624 3852 695 partici-

2165 732 2295 784 pem
2338 729 2349 768 :
2377 714 2587 768 fecistis
2607 713 2714 767 hoc
2743 713 2982 766 forsitan
3016 717 3145 767 voto
3185 719 3240 766 et
3270 714 3456 767 studio
3486 715 3855 767 consulentis.

2164 804 2273 858 Sed
2302 803 2521 856 ascribo
2540 801 2783 872 peccatis
2804 801 2966 866 meis,
3000 801 3155 871 quod
3187 801 3517 870 majoribus,
3556 802 3693 855 dum
3724 808 3860 855 tem-

2165 892 2376 962 peratis
2409 890 2685 961 alloquio,
2724 906 2847 943 sum
2875 890 3118 961 jactatus
3140 890 3467 957 angoribus.
3501 890 3636 944 Mihi
3668 891 3767 944 uni
3798 890 3860 944 in

2164 982 2465 1035 adversum
2493 981 2718 1050 provisa
2754 980 3122 1049 contingunt,
3160 980 3295 1033 dum
3327 981 3590 1050 graviora
3633 996 3861 1050 semper

2161 1070 2221 1123 in
2253 1085 2495 1123 maerore
2514 1070 2756 1135 aestimo,
2782 1085 2910 1139 quae
2932 1073 3226 1122 tacentur:
3253 1068 3388 1138 quia
3414 1069 3582 1122 credo
3606 1070 3758 1139 quod
3780 1069 3851 1123 de

2164 1158 2546 1213 mediocribus
2574 1174 2725 1228 saepe
2756 1158 3255 1211 communicentur
3271 1158 3441 1211 verba
3461 1159 3851 1228 languoribus,

2164 1264 2294 1301 cum
2338 1246 2670 1319 proximitas
2708 1248 2926 1300 funeris
2974 1246 3217 1317 imperet
3269 1246 3498 1300 silentia
3536 1247 3648 1301 cito
3697 1264 3853 1301 rum-

2164 1336 2367 1408 penda.
2404 1336 2517 1389 Deo
2546 1335 2782 1405 gratias,
2817 1336 2914 1405 qui
2936 1351 3002 1388 ea
3026 1352 3151 1405 quas
3182 1334 3326 1388 dura
3349 1336 3729 1400 aestimantur,
3749 1336 3857 1389 cle-

2167 1424 2381 1478 mentia
2410 1424 2555 1477 bene
2581 1424 2769 1490 vertit,
2803 1429 2858 1476 et
2886 1440 3010 1493 qua:
3045 1440 3113 1477 ex
3152 1423 3355 1477 merito
3388 1429 3581 1477 nostro
3620 1429 3858 1477 ventura

2165 1512 2521 1583 collegimus,
2567 1529 2635 1565 ex
2666 1529 2768 1565 sua
2817 1512 2950 1565 facit
2981 1512 3349 1565 miseratione
3383 1513 3692 1566 transferri.
3752 1515 3853 1566 Vo-

2166 1600 2394 1653 luissem
2422 1606 2632 1665 tamen,
2667 1600 2839 1653 talem
2872 1601 3019 1652 circa
3048 1600 3385 1669 parvitatem
3430 1616 3615 1653 meam
3653 1600 3856 1670 digna-

2169 1689 2247 1742 tio
2279 1694 2466 1742 vestra
2494 1690 2771 1741 tenuisset
2800 1688 3084 1754 affectum,
3120 1695 3182 1742 ut
3212 1705 3382 1759 quem
3411 1689 3675 1743 comitem
3703 1705 3856 1758 saspe

2170 1777 2395 1848 gaudiis
2435 1776 2762 1843 adhibuisti,
2806 1793 2937 1829 cum
2968 1792 3035 1829 eo
3078 1776 3389 1845 elegissetis
3420 1777 3591 1830 etiam
3624 1777 3858 1830 adversa

2170 1865 2389 1936 partiri.
2424 1868 2510 1918 An
2546 1865 2756 1933 putatis
2795 1865 2909 1917 tale
2953 1864 3297 1918 beneﬁcium
3329 1865 3386 1918 in
3432 1870 3727 1934 acceptum
3764 1880 3857 1917 me

2171 1970 2289 2007 esse
2313 1953 2712 2018 relaturum,si
2743 1953 2815 2006 ab
2844 1953 3076 2006 restibus
3097 1954 3339 2023 pectoris
3368 1954 3560 2017 vestri,
3580 1958 3858 2024 tanquam

2170 2041 2319 2094 male
2363 2040 2551 2093 ﬁdelis
2598 2040 2899 2094 excludar?
2932 2042 3055 2094 Non
3102 2046 3203 2107 est,
3247 2047 3310 2095 ut
3346 2040 3534 2107 video,
3576 2042 3725 2111 apud
3760 2058 3859 2095 vos

2172 2129 2286 2183 mei
2323 2130 2470 2182 ratio
2507 2129 2833 2199 dispensata
2870 2130 3143 2183 consiliis.
3180 2130 3294 2199 Ego
3327 2129 3468 2183 mihi
3496 2130 3685 2199 perire
3728 2146 3858 2201 gra-

2172 2218 2308 2272 tiam
2331 2224 2493 2288 puto,
2525 2219 2635 2271 nisi
2673 2235 2800 2272 eam
2848 2235 3043 2273 rerum
3074 2218 3333 2273 omnium
3382 2219 3675 2273 vobiscum
3705 2235 3862 2273 com-

2174 2307 2563 2361 municatione
2595 2307 2881 2361 nutriatis.
2927 2308 3202 2374 Desinite,
3238 2324 3453 2379 quasso,
3486 2307 3546 2362 in
3576 2309 3681 2362 hac
3720 2308 3867 2363 mihi

2174 2401 2333 2466 parte
2366 2396 2680 2464 consulere,
2716 2402 2901 2450 vestra
2934 2397 3226 2467 impendio
3260 2397 3431 2450 verba
3462 2396 3731 2467 cupienti.
3761 2397 3867 2450 Cui

2175 2485 2221 2538 si
2245 2484 2413 2539 votivi
2437 2490 2720 2554 negentur
2745 2486 2966 2549 affatus,
3001 2486 3279 2549 fatiscam,
3315 2491 3378 2539 ut
3409 2491 3560 2539 terra
3598 2485 3689 2539 cui
3722 2486 3866 2539 caelo

2175 2573 2318 2627 nihil
2347 2574 2605 2644 liquitur,
2663 2591 2765 2628 nec
2803 2592 2973 2628 venas
3017 2591 3147 2627 suas
3168 2591 3332 2627 succo
3372 2574 3556 2628 bibuli
3604 2574 3868 2628 humoris

2176 2662 2451 2726 infundit,
2474 2663 2625 2716 unde
2647 2663 2858 2716 innatis
2886 2663 3159 2717 alimenta
3190 2662 3393 2716 culmis
3416 2662 3697 2730 exhibeat,
3723 2669 3779 2717 et
3794 2663 3864 2717 ad

2175 2750 2377 2806 falcem
2409 2752 2671 2821 gravidas
2720 2752 2921 2805 aristas
2954 2752 3215 2805 adducat.
3250 2753 3317 2805 Ut
3355 2752 3526 2821 piscis
3555 2769 3703 2822 aqua
3734 2752 3869 2805 abs—

2175 2845 2387 2893 tractus
2440 2840 2708 2894 vitalibus
2755 2840 3106 2894 indumentis
3159 2840 3415 2910 privatus
3461 2841 3866 2911 exstinguitur,

2180 2928 2258 2982 sic
2287 2946 2393 2999 ego
2427 2929 2719 2983 subductis
2755 2928 2995 2999 alloquii
3044 2930 3216 2982 vestri
3262 2928 3493 2983 ﬂuentis
3540 2930 3866 2982 interimor.

2107 3037 2147 3090 C
2179 3018 2450 3081 Quaerant
2482 3018 2577 3070 alii
2609 3018 2760 3088 quod
2788 3018 3064 3072 delectet:
3095 3034 3201 3089 ego
3230 3035 3319 3071 res
3348 3018 3417 3072 ad
3454 3017 3702 3071 animam
3736 3034 3868 3088 per-

2181 3106 2429 3160 tinentes
2460 3108 2757 3176 expostulo
2790 3123 2803 3159 ε
2834 3106 2977 3160 mihi
3009 3122 3122 3161 non
3152 3112 3266 3159 tam
3303 3106 3532 3160 delicias
3564 3106 3733 3160 verba
3764 3123 3865 3160 ve-

2184 3199 2300 3248 stra
2331 3194 2587 3264 pariunt,
2622 3210 2796 3263 quam
2829 3195 3092 3247 salutem.
3123 3195 3260 3248 Rem
3292 3195 3473 3248 fateor
3509 3196 3680 3248 nullis
3718 3195 3870 3248 colo-

2179 3289 2364 3336 ratam
2404 3282 2566 3349 fucis,
2607 3282 2780 3335 nullis
2825 3282 3164 3335 nebularum
3209 3282 3493 3353 depictam
3536 3284 3869 3351 mendaciis,

2178 3372 2314 3442 quia
2345 3387 2464 3425 non
2496 3386 2623 3423 sum
2655 3370 2965 3424 simulandi
3001 3371 3203 3424 artifex
3237 3387 3249 3424 :
3284 3371 3619 3438 decerptum
3649 3373 3866 3441 aliquid

2176 3460 2308 3515 vitae
2331 3476 2469 3513 meae
2500 3459 2716 3523 censui,
2741 3459 2879 3512 dum
2922 3459 3138 3511 tacetis.
3180 3458 3321 3511 Male.
3352 3474 3448 3509 vos
3486 3458 3684 3511 ﬁdeles
3714 3475 3869 3513 asse-

2178 3550 2321 3615 ritis,
2356 3549 2401 3602 si
2432 3549 2502 3602 ad
2532 3564 2698 3601 aures
2750 3563 2903 3600 meas
2941 3547 3287 3617 generaliter
3321 3546 3585 3600 deﬂenda
3632 3565 3736 3618 per
3766 3565 3867 3602 vos

2178 3638 2513 3693 deferantur
2542 3636 2955 3690 incommoda:
3010 3635 3172 3705 quasi
3221 3634 3439 3688 nescire
3480 3635 3650 3689 alicui
3702 3638 3863 3692 Chri-

2176 3727 2360 3780 stiano
2382 3726 2551 3779 liceat
2583 3728 2603 3760 ²
2633 3724 2871 3791 malum,
2904 3724 2995 3777 cui
3028 3725 3205 3779 Roma
3227 3724 3565 3777 succumbit.
3591 3724 3867 3780 Barbaras

2176 3814 2457 3881 nationes,
2492 3820 2549 3867 et
2577 3830 2610 3866 a
2642 3818 2834 3866 nostro
2873 3812 3056 3866 limite
3102 3816 3220 3867 toto
3266 3829 3411 3883 pene
3460 3813 3598 3867 orbe
3639 3815 3864 3881 divisas,

2174 3902 2463 3957 continuis
2484 3902 2604 3955 haec
2627 3900 2868 3970 conjicio
2885 3901 3147 3955 lamentis
3176 3901 3571 3971 ingemiscere,
3605 3907 3661 3957 et
3685 3903 3755 3956 ad
3779 3920 3866 3957 so-

2174 3992 2377 4047 latium
2411 3996 2670 4045 nostrum
2701 3991 2979 4061 lacrymas
3009 3991 3394 4044 commodare.
3431 3992 3608 4061 Hujus
3638 3991 3721 4045 rei
3752 4008 3868 4045 ma-

2176 4079 2417 4150 gnitudo
2451 4084 2640 4133 vestra
2668 4078 2939 4133 adhibere
2975 4096 3032 4132 se
3056 4079 3307 4133 indicem
3340 4078 3507 4150 fugit,
3540 4084 3603 4131 ut
3645 4079 3703 4132 in
3735 4095 3863 4150 per-

2174 4168 2385 4223 niciem
2440 4184 2626 4221 meam
2674 4167 2963 4221 fallacium
3027 4168 3362 4223 nuntiorum
3411 4166 3690 4221 diabolica
3735 4184 3866 4222 cum

2172 4257 2475 4311 securitate
2503 4261 2634 4310 vota
2664 4257 3021 4310 mentiantur
3051 4272 3063 4310 :
3098 4260 3162 4310 ut
3209 4273 3323 4310 non
3348 4255 3439 4321 sit,
3497 4255 3565 4309 ad
3595 4255 3757 4325 cujus
3780 4272 3867 4308 ve-

2174 4346 2404 4401 ritatem
2433 4350 2565 4417 post
2592 4345 2813 4400 fabulas
2833 4345 3089 4410 redeam,
3119 4360 3223 4399 nec
3253 4343 3354 4414 qui
3376 4343 3631 4397 animum
3666 4344 3865 4398 meum

2172 4435 2289 4489 veri
2304 4435 2791 4491 demonstratione
2817 4438 3114 4488 sustentet.
3140 4432 3284 4488 Cave
3299 4433 3458 4499 faxis,
3482 4433 3562 4486 mi
3582 4432 3809 4487 domine
3846 4448 3859 4484 :

2170 4525 2465 4580 vobiscum
2498 4524 2640 4579 mihi
2668 4523 2779 4576 alia
2810 4538 2898 4575 res
2934 4524 3018 4576 est
3053 4537 3065 4574 :
3100 4521 3254 4574 aliud
3284 4520 3395 4574 fori
3418 4521 3530 4592 jus,
3564 4521 3722 4575 aliud
3753 4520 3862 4574 tri-

2172 4614 2347 4668 clinii.
2382 4612 2591 4667 Audiat
2631 4618 2683 4664 te
2715 4626 2843 4680 quae
2878 4610 2936 4662 in
2975 4609 3403 4663 conversatione
3448 4610 3674 4679 publica
3722 4608 3865 4663 didi-

2174 4702 2338 4770 ceris,
2389 4699 2606 4755 familia
2661 4697 2976 4751 domestica
3028 4701 3402 4752 retexentem.
3464 4698 3863 4767 Subjectorum

2174 4789 2417 4854 animos,
2447 4793 2503 4841 et
2531 4785 2748 4850 ﬁdeles,
2782 4790 2842 4839 ut
2872 4786 3107 4856 putatis,
3142 4792 3358 4840 mentes
3400 4786 3744 4840 relationum
3774 4802 3865 4839 ve-

2175 4882 2424 4930 strarum
2454 4874 2592 4928 cibis
2623 4875 2774 4941 alite,
2810 4890 2881 4928 ne
2897 4874 3097 4945 jejuna
3115 4875 3433 4930 amicorum
3459 4876 3632 4929 corda
3657 4874 3867 4929 talibus

2173 4963 2403 5018 ferculis
2439 4964 2684 5034 impasta
2716 4962 3062 5017 moriantur.

2176 5088 2382 5143 Christi
2407 5088 2528 5142 483.
2564 5086 2672 5151 Qui
2705 5087 3025 5152 Aginantus
3065 5088 3301 5143 Faustus
3320 5089 3605 5144 diciturin
3641 5092 3867 5147 tumulo

2177 5160 2507 5214 Mandrosas.
2559 5160 2717 5212 Alter
2766 5158 2846 5213 Fl.
2900 5159 3141 5213 Faustus
3182 5160 3378 5229 junior
3407 5178 3425 5213 :
3476 5160 3567 5214 hic
3606 5162 3865 5230 fortasse,

2177 5230 2246 5284 de
2278 5244 2393 5301 quo
2418 5230 2682 5301 agimus,
2708 5230 2824 5301 qui
2864 5230 3109 5299 septimo
3140 5236 3269 5301 post
3308 5231 3668 5301 superiorem
3708 5250 3864 5288 anno

2175 5300 2374 5371 consul
2407 5300 2515 5371 fuit
2541 5316 2669 5371 cum
2705 5300 2983 5371 Longino.

2244 5368 2270 5405 ³
2294 5370 2517 5424 Malum
2553 5370 2647 5425 cui
2684 5368 2872 5425 Romi;
2899 5369 3237 5442 succumbit]
3274 5371 3359 5426 0b
3389 5371 3693 5427 factionem
3714 5372 3864 5427 vide-

2178 5443 2309 5496 licet
2367 5442 2717 5513 schismatis,
2748 5442 3131 5505 Laurentiani,
3189 5458 3504 5513 gravesque
3547 5444 3865 5499 contentio-

2177 5529 2578 5586 nes,_pugnas,
2599 5512 2791 5586 caedes
2824 5529 2893 5565 ex
2924 5528 2990 5566 ea
3034 5518 3217 5586 natas,
3260 5515 3329 5567 de
3359 5512 3572 5585 quibus
3604 5517 3661 5570 in
3701 5515 3866 5586 Sym-

2179 5583 2364 5658 machi
2421 5584 2542 5658 Vita
2596 5583 2746 5637 idem
2798 5582 3148 5645 Anastasius,
3205 5590 3264 5639 et
3319 5582 3608 5640 Ennodius
3640 5582 3764 5658 ipse
3804 5586 3866 5640 in

2177 5654 2570 5726 Apologetico.
