4102 6182
276 284 345 333 l7
1660 286 2144 343 EPISTOLARUM
2187 287 2315 342 LlB.
2361 288 2400 351 Ι,
3726 289 3785 342 l8

907 418 1237 474 EPISTOLA
1278 420 1360 473 IV.

863 524 1135 563 ENNODIUS
1184 525 1400 563 FAUSTO.

345 596 769 668 *Anagnostici
808 597 978 651 tidem
1045 602 1289 663 secutus,
1348 602 1405 652 et
1453 596 1642 651 suavis
1700 598 1977 651 orationis

262 700 477 755 sapore
520 689 881 756 provocatus,
916 701 1063 755 pene
1106 685 1315 739 vitium
1343 687 1362 719 ²
1415 685 1632 740 credidi
1673 703 1798 740 rem
1856 703 1977 739 esse

262 771 531 839 virtutis;
584 778 640 827 et
688 773 826 827 dum
874 774 1002 843 plus
1054 789 1383 830 sermonum
1436 774 1760 828 diademata
1807 776 1977 828 credo

262 860 466 916 valere
494 877 672 932 quam
706 862 1136 929 conscientiam,
1170 863 1396 932 culpam
1436 879 1611 933 quam
1655 879 1816 917 mens
1862 880 1977 917 non

261 952 640 1022 agnoscebat,
674 952 910 1006 incurri.
936 952 1058 1006 Non
1088 952 1167 1006 sic
1198 962 1223 987 ⁸
1254 952 1430 1006 servis
1462 952 1629 1007 sibilo
1662 953 1979 1009 artiﬁcibus

267 1038 501 1092 insidiis
546 1039 796 1093 blandus
836 1043 1074 1093 venator
1103 1039 1289 1099 illudit
1321 1056 1333 1093 :
1369 1056 1485 1093 non
1535 1040 1615 1094 ita
1668 1040 1976 1110 pinnarum

272 1128 521 1181 mentita
570 1127 940 1182 formidinem
989 1127 1366 1181 discoloribus
1409 1128 1553 1182 fucis
1600 1130 1753 1183 ultro
1800 1145 1977 1199 expe-

269 1215 455 1269 tenda
492 1215 638 1270 retia
682 1231 886 1270 manus
916 1216 1193 1286 magistra
1229 1216 1512 1287 componit
1546 1234 1562 1271 :
1603 1219 1975 1288 quemadmo-

271 1304 420 1358 dum
449 1321 538 1358 me
570 1308 821 1374 captum,
852 1310 909 1358 et
937 1309 1139 1375 sponte
1160 1306 1422 1375 capistris
1453 1321 1552 1359 ora
1586 1305 1977 1375 porrigentem

272 1392 704 1462 magnitudinis
724 1398 925 1447 vestrae.
950 1399 1185 1448 tenuere
1207 1410 1514 1447 sermones.
1548 1393 1847 1449 Commissi
1876 1410 1976 1447 ne-

271 1480 453 1547 scius,
478 1480 632 1535 vobis
652 1482 1149 1552 impugnantibus,
1172 1483 1269 1535 diu
1294 1488 1485 1536 utrum
1504 1498 1686 1536 essem
1705 1483 1977 1536 innocens

272 1568 575 1638 inquisivi.
607 1569 777 1624 Aliud
799 1570 1117 1625 sentiebam
1140 1571 1208 1625 de
1239 1570 1479 1640 epistola
1500 1576 1703 1636 vestra,
1727 1571 1882 1625 aliud
1908 1574 1976 1625 de

271 1656 569 1725 proposito
600 1672 750 1709 meo.
776 1657 913 1721 Quis
937 1672 1073 1726 rogo
1094 1657 1203 1711 fuit
1222 1657 1486 1728 patrandi
1507 1658 1731 1711 sceleris
1753 1662 1865 1710 tam
1890 1673 1978 1711 ve-

270 1749 482 1797 nustus
509 1744 813 1812 admissor,
847 1745 947 1816 qui
976 1746 1381 1816 purgationem
1402 1747 1677 1810 crederet,
1711 1746 1757 1799 si
1788 1746 1973 1799 alieno

267 1848 329 1885 se
362 1832 642 1886 fateretur
671 1839 958 1904 precepto
978 1850 1081 1889 suo
1104 1834 1352 1888 militare
1374 1835 1610 1905 ﬂagitio,
1641 1850 1769 1887 cum
1802 1850 1973 1888 nemo

267 1922 341 1974 de
371 1937 432 1975 se
462 1921 723 1975 confesso
757 1923 913 1992 juste
956 1924 1185 1977 credere
1218 1924 1397 1994 possit
1426 1924 1644 1977 crimen
1674 1924 1927 1977 alienum
1946 1924 1973 1976 ‘P

268 2010 384 2063 Sed
406 2010 580 2064 credo
595 2009 742 2079 juris
763 2015 819 2063 et
837 2011 1031 2081 legum
1054 2017 1344 2082 expertem
1368 2012 1539 2066 fuisse
1568 2027 1896 2081 personam,
1920 2014 1977 2064 et

262 2098 392 2151 sola
409 2098 726 2153 calliditate
743 2099 1124 2170 compositam
1142 2116 1155 2153 :
1170 2100 1261 2154 cui
1282 2100 1457 2154 etiam
1477 2100 1738 2154 imitandi
1762 2100 1820 2152 in
1843 2099 1975 2152 scri-

260 2187 469 2256 ptione
506 2187 692 2241 aliena
734 2188 1046 2259 imaginem
1080 2188 1335 2243 veritatis
1370 2189 1551 2258 (usus)
1582 2189 1881 2257 indulgeat
1918 2193 1976 2242 et

264 2274 642 2345 proprietatis
658 2276 1031 2331 simulacrum
1048 2278 1334 2332 lenocinia
1353 2278 1623 2349 pudenda
1644 2277 1968 2331 concilient.

266 2364 414 2417 Nolo
460 2364 804 2435 cujusquam
853 2381 1064 2419 nomen
1112 2366 1413 2431 incessere,
1448 2383 1550 2420 nec
1596 2371 1791 2420 contra
1838 2381 1973 2419 con-

262 2452 571 2505 scientiam
603 2453 922 2507 accusantis
949 2453 1137 2508 subire
1164 2471 1473 2523 personam
1508 2471 1521 2508 :
1555 2455 1765 2509 sufﬁcit
1791 2456 1972 2526 pudo-

263 2556 391 2593 rem
426 2557 625 2594 meum
647 2543 707 2594 in
737 2542 979 2596 statione
1007 2544 1277 2597 constitui
1303 2560 1315 2597 :
1347 2544 1489 2597 alios
1512 2544 1731 2614 jactent
1756 2544 1973 2597 incerta

264 2632 603 2682 ventorum.
643 2630 758 2700 Ego
814 2635 1029 2697 tamen,
1070 2636 1127 2685 et
1156 2632 1203 2685 si
1242 2632 1527 2702 imperare
1567 2633 1702 2685 talia
1739 2632 1971 2685 calcari-

263 2716 373 2770 bus
394 2723 637 2771 armatae
665 2718 921 2773 lectionis
938 2719 1214 2790 adigeret,
1239 2721 1695 2790 patriarcharum
1722 2736 1812 2774 me
1841 2721 1970 2773 imi-

267 2806 496 2860 tatione
552 2807 942 2861 defenderem.
978 2808 1149 2863 Furto
1181 2809 1353 2863 Jacob
1380 2809 1751 2879 primogeniti
1780 2809 1973 2863 fratris

266 2894 401 2947 vicit
433 2900 669 2948 aetatem
698 2896 853 2964 (Gen.
884 2896 1058 2964 xxvu)
1095 2912 1108 2951 :
1150 2898 1313 2967 cujus
1360 2897 1635 2952 beneﬁcio
1680 2898 1969 2968 principa-

2018 423 2236 488 Aquod
2277 438 2404 475 cum
2452 422 2685 492 pudoris
2735 422 3033 493 dispendio
3082 427 3278 477 venter
3328 422 3589 492 acquirit.
3639 423 3785 478 Vilia

2086 510 2301 563 fuerint
2329 511 2474 564 forte
2514 528 2641 582 quae
2682 512 2925 579 sustulit,
2958 516 3057 566 aut
3097 512 3473 582 negligentia,
3508 522 3609 566 aut
3652 529 3780 578 usu,

2086 607 2185 651 aut
2213 604 2553 669 tempestate
2592 600 2847 669 peritura
2882 618 2894 654 :
2940 616 3058 654 non
3101 600 3211 654 fuit
3254 602 3423 671 culpa
3466 617 3676 655 vacuus
3706 607 3784 654 ta-

2087 703 2241 754 men,
2269 688 2430 757 juxta
2450 690 2789 758 Apostolum
2818 691 2998 760 (Rom.
3038 707 3094 755 ιι,
3124 690 3241 759 2t),
3278 695 3471 760 raptor
3505 707 3517 744 :
3550 706 3780 744 carnem

2086 793 2258 846 quam
2303 777 2554 830 animam
2592 778 2716 847 plus
2755 779 2984 832 amavit.
3020 779 3225 832 Tobias
3263 779 3541 850 propheta
3582 780 3783 848 hujus-

2088 865 2241 919 modi
2273 866 2741 920 commissoribus
2770 868 3039 933 occurrit,
3070 872 3125 921 et
3156 867 3349 920 divina
3380 883 3513 921 voce
3545 872 3784 921 testatur

2087 953 2282 1007 dicens
2316 970 2328 1007 :
2360 955 2496 1008 Non
2525 953 2657 1009 licet
2680 955 2839 1009 nobis
2866 954 3090 1026 aliquid
3122 953 3782 1023 manducarefurtivum

2085 1042 2246 1110 (Tob.
2286 1059 2339 1109 ιι,
2387 1043 2495 1110 2t).
2549 1046 2691 1098 Cum
2740 1043 2990 1109 dixisset,
3046 1044 3413 1104 manducare,
3460 1060 3577 1096 non
3619 1044 3779 1109 dixit,

2089 1131 2210 1183 Non
2242 1130 2371 1183 licet
2404 1131 2567 1185 nobis
2597 1132 2816 1201 aliquid
2850 1132 3099 1185 lectitare
3127 1132 3417 1185 furtivum.
3454 1131 3686 1197 Josiam,
3723 1135 3785 1184 ut

2084 1224 2280 1273 narrat
2311 1218 2543 1272 historia
2587 1218 2710 1289 (IV
2736 1221 2875 1291 Reg.
2923 1236 3059 1285 xxu,
3096 1224 3199 1287 tt),
3232 1220 3503 1289 subrepta
3533 1235 3782 1288 papyrus

2084 1306 2376 1360 instruxit.
2412 1308 2527 1376 Ego
2552 1308 2863 1361 homuncio
2905 1306 3011 1360 hoc
3042 1324 3156 1361 non
3182 1308 3449 1373 facerem,
3481 1323 3653 1377 quem
3688 1323 3782 1360 vos

2086 1400 2282 1449 contra
2310 1395 2531 1466 ingenii
2576 1395 2719 1449 vires
2752 1396 2821 1449 ad
2849 1396 3143 1449 scientiam
3180 1395 3529 1466 diligendam
3574 1396 3782 1449 verbo-

2086 1499 2212 1538 rum
2238 1485 2483 1537 stimulis
2505 1484 2739 1539 foditis?
2756 1484 2861 1539 Sed
2885 1488 3137 1538 revertor
3166 1485 3234 1538 ad
3254 1485 3440 1537 virum
3471 1484 3778 1553 optimum,

2086 1573 2330 1643 praefati,
2365 1579 2643 1643 quantum
2678 1574 2945 1640 scribitis,
2974 1573 3203 1627 sceleris
3234 1572 3644 1626 admissorem:
3681 1572 3780 1642 qui

2088 1662 2145 1714 in
2177 1667 2419 1731 utraque
2470 1668 2631 1731 parte
2679 1662 2853 1715 tidem
2894 1662 3129 1728 violans,
3176 1677 3282 1715 nec
3320 1677 3415 1714 vos
3451 1661 3775 1723 securitate,

2088 1765 2191 1803 nec
2224 1766 2312 1803 me
2356 1750 2511 1815 facti,
2545 1751 2589 1803 si
2621 1751 2840 1817 scripsi,
2878 1750 3231 1820 perfectione
3267 1749 3515 1803 donavit.
3550 1748 3782 1802 Contin-

2085 1843 2180 1908 gat
2211 1838 2372 1905 mihi,
2402 1839 2555 1892 salva
2586 1840 2980 1908 magnitudine
3011 1845 3216 1905 vestra,
3253 1853 3444 1891 coram
3476 1836 3659 1907 posito
3692 1852 3779 1890 se-

2083 1927 2337 1981 cundum
2370 1927 2637 1981 mandata
2667 1928 2786 1993 Dei,
2816 1927 2958 1980 tanti
2988 1927 3114 1993 viri,
3159 1932 3330 1997 prout
3360 1927 3532 1979 habet
3558 1924 3780 1979 animus

2085 2030 2268 2081 meus,
2300 2019 2459 2086 terga
2496 2016 2762 2069 multare.

2705 2104 3036 2159 EPISTULA
3085 2104 3143 2156 V.

2665 2208 2931 2245 ENNODIUS
2970 2207 3196 2246 FAUSTO.

2157 2280 2182 2313 ⁴
2216 2280 2615 2334 Abundantem
2668 2280 2767 2333 Dei
2814 2280 3269 2333 misericordiam
3318 2286 3581 2349 precatus
3630 2295 3780 2333 com-

2084 2369 2294 2424 mendo
2326 2369 2433 2439 ipsi
2464 2369 2602 2422 anni
2625 2368 2804 2422 felicis
2825 2367 3105 2438 auspicia;
3132 2373 3187 2421 et
3218 2368 3628 2422 beneficiorum
3656 2368 3780 2437 ejus

2084 2458 2422 2512 muneribus
2491 2457 2753 2512 sublimis
2794 2458 2911 2527 jam
2962 2458 3317 2511 consularem
3364 2457 3552 2509 virum
3616 2457 3780 2527 quasi

2085 2547 2319 2618 aequalis
2349 2547 2676 2617 aggredior.
2714 2549 2995 2601 Hactenus
3022 2545 3289 2598 trabealis
3321 2544 3587 2599 cothurni
3619 2561 3780 2615 pom-

2082 2652 2216 2706 pam
2238 2636 2471 2689 familiae
2493 2640 2700 2690 nostrae
2718 2634 3023 2705 peregrina
3054 2638 3392 2687 ornamenta
3424 2634 3774 2697 tribuebant,

2084 2726 2139 2776 et
2171 2722 2453 2793 pertinere
2485 2738 2588 2775 nos
2611 2722 2680 2775 ad
2704 2738 2836 2775 eum
2860 2720 3042 2791 magis
3065 2720 3341 2775 affinitate
3372 2735 3544 2790 quam
3569 2734 3778 2789 genere

2082 2810 2497 2880 gaudebamus,
2527 2809 2627 2879 qui
2664 2826 2816 2863 anno
2848 2825 3061 2863 nomen
3092 2808 3388 2879 imposuit.
3424 2809 3625 2862 Munus
3656 2815 3777 2860 erat

2084 2914 2200 2953 non
2232 2900 2510 2965 debitum,
2544 2898 2695 2969 quod
2738 2898 2889 2951 inter
2919 2898 3206 2951 curulium
3252 2912 3603 2966 possessores
3642 2895 3777 2948 dili-

266 2988 391 3036 tum
446 2983 727 3049 obtinuit,
758 3001 932 3055 quem
964 2991 1171 3039 natura
1194 3002 1309 3040 non
1341 2986 1594 3040 dederat.
1628 2988 1803 3041 David
1832 2988 1971 3042 dum
2011 2998 2051 3052 ρ
2082 2988 2342 3057 gentium
2390 2987 2598 3040 fabulis
2645 2986 3018 3039 addebamur.
3053 2984 3325 3047 Quotiens
3371 3000 3473 3036 nos
3503 2983 3777 3037 obnoxios

266 3072 552 3125 lustraret
582 3074 641 3139 (Ι
668 3073 808 3143 Reg.
841 3089 950 3139 xxx,
983 3076 1039 3143 6)
1067 3074 1230 3127 devia
1256 3075 1446 3128 studio
1473 3075 1625 3145 fuga:
1657 3081 1713 3129 et
1734 3081 1975 3146 angusta

268 3165 585 3228 terrarum,
620 3162 1033 3231 propositionis
1075 3162 1320 3234 panibus
1364 3162 1577 3217 famem
1626 3164 1887 3235 depulit;
1922 3170 1977 3216 et

265 3254 472 3302 contra
504 3250 648 3319 legis
686 3250 858 3304 vetita
888 3267 1013 3321 quas
1062 3251 1315 3305 minores
1361 3249 1539 3306 habet
1566 3253 1812 3318 aculeos,
1846 3269 1974 3306 esu-

268 3338 414 3391 riem
444 3338 708 3406 corporis
730 3338 1018 3409 etl‘ugavit.
1047 3342 1160 3410 Ego
1190 3341 1441 3395 inediam
1466 3357 1639 3412 quam
1670 3343 1739 3396 de
1767 3342 1979 3395 divinis

271 3425 462 3478 Libris
494 3425 689 3478 anima
727 3427 1005 3497 impastus
1035 3444 1433 3499 conceperam,
1462 3430 1848 3483 marcentibus
1879 3429 1971 3482 diu

270 3513 451 3567 debui
502 3514 751 3568 tolerare
804 3516 1129 3578 visceribus,
1191 3518 1374 3572 donec
1418 3522 1691 3587 concepta
1739 3518 1861 3571 lues
1908 3519 1975 3571 ad

267 3601 471 3655 vitalia
519 3608 737 3657 secreta
785 3610 1161 3675 percurreret.
1211 3606 1411 3661 Daniel
1457 3608 1737 3677 propheta
1786 3606 1977 3659 divina

267 3690 548 3760 dogmata
573 3692 745 3762 regiis
764 3693 1033 3748 subduxit
1055 3696 1476 3763 penetralibus;
1502 3711 1632 3766 quae
1663 3694 1729 3748 ad
1757 3694 1976 3747 instru-

270 3779 528 3833 ctionem
562 3796 724 3835 suam
756 3782 1001 3852 pudicus
1035 3788 1089 3837 et
1117 3782 1433 3838 imitandus
1476 3788 1670 3854 raptor
1696 3782 1972 3853 adjunxit.

270 3867 420 3930 Quid
448 3868 617 3937 juvat
649 3870 733 3923 ire
764 3887 867 3939 per
896 3871 1144 3943 singula,
1174 3888 1305 3926 cum
1335 3873 1406 3927 ad
1450 3871 1749 3926 munimen
1787 3871 1975 3940 impu-

270 3962 468 4024 gnatae
515 3973 630 4011 una
678 3959 921 4014 sufficiat
965 3961 1034 4015 de
1064 3962 1376 4016 numeratis
1406 3977 1652 4033 persona
1678 3960 1973 4014 conscien-

269 4045 405 4099 tia?
440 4046 582 4110 Quae
626 4051 820 4103 tamen
853 4050 1211 4105 verecundiae
1251 4067 1384 4116 sure,
1415 4056 1471 4105 et
1516 4049 1762 4104 naturali
1801 4053 1864 4102 ut
1894 4049 1975 4102 ita

270 4134 521 4188 dixerim
540 4135 844 4205 debilitati,
869 4143 1000 4192 ante
1024 4140 1339 4193 necessaria
1364 4138 1639 4210 petitione
1660 4135 1970 4209 prospexit.

270 4222 412 4276 Nam
442 4229 503 4277 et
522 4225 571 4277 si
594 4241 719 4278 sum
744 4231 872 4296 post
890 4228 1255 4297 negationem
1282 4228 1382 4299 qui
1406 4244 1496 4281 me
1527 4243 1690 4281 reum
1720 4226 1968 4291 fecerim,

2083 3076 2189 3129 sibi
2238 3076 2372 3129 fecit
2412 3076 2630 3144 lingua,
2674 3089 2803 3144 quae
2849 3072 3001 3143 apud
3046 3073 3184 3125 alios
3215 3072 3497 3137 exaltavit,
3533 3077 3596 3125 ut
3623 3088 3774 3124 coui-

2084 3168 2301 3218 mutato
2333 3162 2682 3217 conditionis
2730 3161 3173 3231 ordine_alienis
3204 3165 3414 3213 nostra;
3463 3160 3778 3213 nobilitatis

2082 3252 2333 3323 insignia
2375 3252 2721 3306 deberentur
2748 3250 3083 3321 stipendiis?
3113 3252 3185 3303 At
3223 3264 3377 3302 nunc
3420 3250 3660 3302 facessat
3689 3249 3775 3301 in-

2085 3342 2256 3408 vidia,
2292 3345 2643 3394 vetustorum
2674 3344 2971 3409 reparator
3003 3340 3242 3393 fascium
3276 3338 3532 3393 novellus
3577 3337 3775 3391 consul

2082 3430 2286 3495 illuxit,
2319 3436 2375 3483 et
2414 3429 2761 3499 dignitatum
2792 3433 3118 3483 nostrarum
3150 3427 3395 3482 cariosas
3424 3427 3572 3481 fores
3601 3427 3776 3480 robu-

2083 3524 2202 3572 stus
2246 3518 2519 3571 reseravit
2568 3517 2865 3587 impulsor.
2908 3517 2993 3571 Ad
3037 3516 3349 3570 redivivam
3388 3513 3775 3568 valetudinem

2083 3606 2457 3661 tremebunda
2485 3605 2958 3660 marcescentium
2988 3605 3285 3659 cardinum
3315 3604 3518 3657 limina
3540 3603 3779 3673 juvene-

2084 3701 2247 3749 scunt
2279 3712 2290 3748 :
2322 3711 2450 3766 quae
2487 3695 2661 3748 nullis
2692 3694 2880 3763 credo,
2913 3696 3028 3748 Deo
3060 3694 3314 3763 auspice,
3356 3693 3491 3763 quia
3523 3693 3777 3763 posthaec

2082 3782 2336 3837 obicibus
2366 3784 2682 3837 claudenda
2712 3783 3046 3853 patuissent.
3084 3783 3223 3836 Nam
3270 3781 3473 3835 Avieni
3506 3781 3621 3834 mei
3659 3797 3776 3834 non

2082 3888 2253 3937 unus,
2283 3872 2380 3925 sed
2430 3872 2651 3941 primus
2684 3875 2769 3925 est
2799 3872 3145 3925 consulatus.
3190 3870 3393 3941 Stirpis
3437 3886 3555 3923 suae
3586 3876 3775 3940 gesta-

2083 3965 2209 4015 tura
2241 3960 2460 4030 aquilas
2491 3960 2722 4030 agmina
2755 3961 3003 4030 pravius
3029 3960 3348 4027 antecessit,
3385 3963 3439 4013 et
3470 3959 3538 4012 ad
3571 3958 3777 4028 princi-

2081 4050 2269 4120 palem
2306 4048 2571 4102 militiam
2602 4049 2713 4103 iter
2742 4048 2967 4103 virtutis
3003 4048 3270 4103 ostendit.
3304 4047 3363 4103 Si
3403 4064 3518 4118 qua
3547 4052 3634 4101 est
3672 4063 3775 4099 sav-

2082 4137 2363 4192 cularium
2384 4138 2706 4192 reverentia
2729 4138 3094 4208 dignitatum,
3126 4138 3171 4191 si
3204 4138 3330 4207 quis
3360 4136 3545 4190 honos
3574 4140 3657 4189 est
3678 4136 3777 4189 ho-

2086 4223 2299 4277 minem
2331 4222 2520 4275 vivere
2566 4228 2698 4292 post
2717 4224 3000 4293 sepulcra,
3033 4224 3080 4276 si
3108 4223 3244 4293 quid
3288 4222 3537 4297 providit
3568 4221 3777 4275 astutia

270 4312 582 4366 aestimate.
638 4314 935 4369 Doctorem
979 4296 1247 4387 Libycum
1299 4296 1546 4369 asseritis
1592 4315 1813 4369 sublata
1851 4332 1881 4367 a
1914 4330 1972 4367 se
2014 4296 2055 4349 D
2087 4319 2363 4371 veterum,
2413 4325 2516 4381 per
2578 4310 2731 4380 quod
2780 4312 2851 4365 ab
2905 4310 3237 4365 hominibus
3284 4309 3418 4363 anni
3476 4309 3777 4361 vincantur

270 4396 294 4431 ⁸
320 4401 463 4470 pyri
489 4417 664 4471 poma
691 4403 930 4457 flevisse.
963 4406 1158 4458 Merito
1192 4404 1459 4458 lamentis
1488 4403 1833 4474 expiandum
1866 4410 1970 4471 est,

346 4525 359 4557 ¹
408 4526 826 4599 Anqgnostici]
890 4527 1155 4599 Epistola:
1203 4532 1345 4599 tuae.
1385 4526 1510 4599 Lib.
1540 4526 1871 4599 \'iu._epist.
1924 4530 1975 4593 Si,

275 4595 476 4648 Faust.
494 4595 646 4651 idem
656 4639 671 4663 ,
684 4599 753 4651 de
764 4595 1125 4669 ahagitostici
1133 4596 1466 4669 prolixitale
1462 4595 1796 4665 fastidium.
1810 4598 1979 4667 ’Δναγ-

271 4669 531 4720 marinas
581 4670 788 4724 Graecis
838 4670 895 4722 id
928 4685 1098 4722 omne
1150 4674 1234 4722 est
1280 4669 1435 4739 quod
1466 4669 1677 4736 legitur
1703 4674 1801 4721 aut
1844 4670 1979 4721 reci-

271 4742 469 4805 tatur;
498 4740 647 4794 sicut
675 4738 914 4813 ἀκρόαμᾳ
942 4746 998 4813 et
1025 4742 1284 4813 ᾄκουσμα,
1300 4738 1460 4809 quod
1495 4738 1743 4813 auditur.
1781 4740 1977 4809 Itaque

272 4814 340 4881 ut
362 4824 643 4866 acroama
670 4810 845 4865 etiam
871 4810 1056 4865 Latini
1078 4816 1427 4881 usurparunt
1456 4825 1558 4880 pro
1590 4810 1761 4878 dicto,
1795 4826 1893 4863 seu
1916 4825 1978 4863 re

271 4879 383 4953 alia
398 4898 540 4953 qua:
560 4882 796 4935 auribus
813 4882 1156 4952 excipiatur;
1177 4879 1256 4935 sic
1272 4879 1725 4953 anagu’osticum,
1742 4895 1847 4950 pro
1864 4881 1980 4950 epi-

270 4951 437 5007 stola?
463 4956 565 5006 aut
607 4953 815 5023 scripto
847 4951 1212 5024 quocunque.
1265 4951 1585 5007 Dicietiam
1615 4958 1808 5022 posset
1848 4968 1979 5006 ana-

274 5034 419 5088 gnos
429 5040 545 5077 ma.

355 5095 380 5128 ²
418 5092 665 5147 Credidi
691 5092 831 5148 rem]
868 5094 1005 5148 Male
1036 5094 1164 5147 libri
1195 5111 1393 5148 omnes
1421 5091 1779 5147 crediderim.

344 5171 364 5203 ³
407 5164 558 5236 Pyri
584 5163 788 5289 poma]l
815 5163 903 5221 Sic
954 5166 1176 5219 restitui
1221 5181 1326 5234 pro
1363 5164 1681 5235 peripoma,
1724 5164 1879 5234 quod
1918 5164 1977 5217 in

344 5238 536 5289 tiauis
563 5237 736 5289 etiam
792 5236 928 5289 ibris
959 5236 1273 5289 legebatur.
1316 5234 1740 5289 Emendationis
1781 5240 1977 5288 auctor

275 5234 536 5307 antiquis
563 5234 736 5290 etiam
762 5234 928 5290 libris
959 5236 1273 5306 legebatur.
1316 5234 1979 5307 Emendationisauctor

272 5305 635 5379 Augustinus
678 5308 798 5379 ipse
831 5305 1053 5379 dequo
1097 5308 1189 5360 hic
1227 5322 1440 5379 sermo,
1491 5320 1661 5374 quem
1711 5305 1976 5379 Libycum

274 5377 573 5433 doctorem
600 5378 877 5448 appellat,
911 5377 1007 5448 lib.
1044 5395 1080 5431 u
1110 5377 1715 5448 Coufessionum,_cap.
1742 5378 1774 5429 4
1808 5392 1821 5428 :
1857 5381 1977 5429 Ar-

276 5450 372 5503 bor
389 5445 788 5520 eratin
806 5447 1017 5520 vicinia
1034 5447 1206 5520 vineae
1224 5451 1427 5520 nostra;
1438 5445 1623 5517 pomis
1641 5448 1981 5520 «mustagzec

277 5520 476 5581 forma
511 5516 617 5574 nec
642 5526 853 5591 sapore
872 5518 1256 5591 illecebrosis._
1280 5517 1368 5591 Ad
1399 5516 1547 5591 hanc
1588 5516 1980 5591 excufiendam

279 5596 456 5661 atque
484 5586 901 5658 asportrindam
921 5588 1256 5661 nequissimi
1286 5587 1696 5642 adolescentuli
1723 5586 1977 5657 perrexi-

284 5679 413 5715 mus
440 5670 599 5717 nocte
619 5662 987 5731 intempesta.

2082 4398 2264 4453 adulti
2298 4399 2468 4468 :jure
2512 4398 2685 4453 fastos
2723 4399 3118 4469 hujuscemodi
3162 4402 3441 4468 putantur
3493 4395 3775 4450 invenisse

2158 4528 2179 4560 ‘
2194 4524 2605 4593 Abundantem]
2625 4526 2689 4579 Et
2708 4524 2814 4579 sibi
2836 4530 2893 4578 et
2913 4526 3115 4579 Fausto
3137 4523 3461 4593 gratulatur
3477 4524 3551 4577 ob
3579 4523 3777 4578 Avieni

2087 4594 2209 4664 ejus
2248 4595 2353 4648 tilii
2399 4597 2777 4650 consulatum.
2826 4597 3029 4649 Fausto
3087 4594 3343 4666 quidem,
3394 4595 3547 4666 quod
3600 4595 3777 4649 fasces

2087 4682 2189 4736 per
2219 4667 2403 4720 tilium
2454 4667 2512 4720 in
2541 4668 2665 4735 ejus
2711 4667 2927 4721 familia
2960 4665 3371 4720 continuentur
3404 4665 3428 4719 :'
3467 4666 3575 4720 sibi
3617 4683 3773 4731 vero,

2087 4738 2238 4807 quod
2259 4754 2377 4791 suae
2400 4754 2501 4807 per
2521 4738 2783 4792 eumdem
2805 4736 3156 4807 postliminio
3180 4737 3510 4790 reddantur.
3539 4738 3777 4791 Ennodii

2088 4808 2241 4861 enim
2270 4808 2696 4878 consanguinea
2725 4814 2847 4861 erat
2873 4812 3056 4861 mater
3085 4807 3293 4878 Avieni
3317 4824 3329 4861 :
3363 4824 3539 4878 quare
3571 4809 3640 4862 ad
3672 4809 3778 4861 En-

2089 4880 2241 4932 nodii
2281 4877 2515 4933 domum
2547 4880 2835 4948 pertinere
2862 4879 3109 4933 Avienus
3144 4877 3461 4932 videbatur.
3493 4880 3557 4931 In
3588 4880 3778 4933 Fausti

2087 4966 2224 5020 ergo
2255 4950 2472 5004 familia
2502 4950 2878 5018 interpolatus
2916 4950 3215 5020 consulum
3252 4950 3393 5002 ordo
3424 4966 3536 5003 non
3565 4951 3771 5003 fuerat.

2088 5019 2227 5074 Nam
2256 5025 2311 5075 et
2354 5020 2713 5074 consulatum
2746 5021 2983 5073 Faustus
3018 5019 3135 5090 ipse
3164 5026 3435 5089 gesserat,
3470 5024 3530 5073 ut
3560 5020 3776 5075 dictum

2089 5096 2192 5157 est,
2220 5096 2276 5144 et
2321 5093 2450 5144 ante
2487 5091 2677 5161 ipsum
2721 5096 2883 5160 pater
2912 5090 3238 5145 Gennadius
3274 5091 3541 5156 Avienus,
3576 5092 3777 5145 Valen-

2086 5162 2290 5215 tiniani
2340 5160 2616 5231 principis
2671 5162 2887 5231 collega
2936 5177 3085 5214 anno
3132 5161 3341 5215 Christi
3393 5162 3497 5213 450
3538 5168 3594 5215 et
3647 5168 3777 5215 ante

2086 5233 2363 5287 Avienum
2394 5232 2489 5286 alii
2521 5248 2638 5286 non
2668 5233 2935 5287 intercisa
2965 5232 3129 5287 serie.
3161 5236 3233 5287 At
3259 5233 3318 5285 in
3342 5232 3560 5285 familia
3584 5233 3777 5286 Enno-

2086 5303 2167 5357 dii
2196 5303 2371 5357 series
2417 5303 2759 5374 interpolata
2801 5308 2857 5357 et
2903 5303 3171 5374 abrupta,
3206 5319 3309 5374 nec
3347 5303 3495 5355 ullus
3543 5302 3780 5356 fortasse

2088 5375 2285 5427 consul
2330 5375 2517 5431 fuerat
2545 5373 2677 5445 post
2717 5375 2995 5445 Magnum,
3033 5373 3291 5439 Ennodii,
3334 5378 3419 5445 ut
3454 5378 3646 5445 nostra
3694 5380 3782 5428 est

2088 5447 2432 5515 conjectura,
2468 5442 2881 5514 propatruum;
2905 5444 3003 5516 qui
3025 5445 3303 5515 collegam
3333 5442 3531 5497 habuit
3552 5445 3781 5514 Apollo-

2089 5516 2249 5569 nium
2273 5532 2422 5569 anno
2454 5517 2580 5571 460.

2160 5602 2183 5629 ει
2221 5585 2431 5649 Servis}
2456 5590 2536 5641 An
2564 5588 2783 5640 cervis?
