4102 6182
290 263 354 320 19
1492 262 1776 316 ENNODII
1820 257 1996 313 EPlSt

2106 260 2128 314 Ι
2165 258 2550 315 TlClNENSlS
3718 263 3782 314 ‘20

287 397 543 466 consilia,
576 413 826 471 quorum
856 398 1193 470 longasvitas
1222 404 1279 454 et
1312 403 1660 453 senectutem
1693 398 1904 453 refutat
1925 402 1983 454 et
2018 398 2068 452 A
2091 398 2359 452 sectando
2391 398 2653 453 masculae
2686 397 2952 454 dictionis
2997 397 3244 453 brachiis
3275 399 3522 471 aequales
3567 399 3634 454 ad
3666 414 3784 453 cer-

289 489 622 544 terminum.
648 489 792 542 Deus
813 487 988 544 bone!
1017 493 1293 559 quantum
1318 492 1418 555 est,
1445 487 1614 541 unius
1638 487 1977 542 vocabulum

291 577 542 632 hominis
568 576 895 648 impensum
921 578 934 611 ί
971 578 1030 631 in
1063 577 1340 632 dictandis
1369 577 1592 646 legibus
1622 577 1870 631 laborem
1895 577 1980 629 vel

291 665 546 720 stabilire
596 681 783 735 posse,
830 667 916 719 vel
966 666 1220 718 solvere?
1271 665 1444 718 Macte
1476 654 1791 735 insignium
1839 666 1978 719 ado-

291 755 509 808 lescens
534 752 832 816 virtutum,
859 754 956 823 qui
983 753 1370 806 oblitteratum
1395 753 1637 806 materni
1664 754 1980 808 stemmatis

293 844 494 896 callem
540 843 737 897 vitales
768 842 1051 895 honorum
1091 857 1312 894 secures
1345 842 1605 908 attulisti,
1639 843 1848 913 quibus
1878 859 1979 896 an-

294 946 486 996 nosas,
520 946 590 984 ne
625 931 1018 1000 posteritatem
1063 935 1219 982 tuam
1259 930 1596 996 retinerent,
1641 932 1978 1002 splendidis-

294 1018 422 1072 simi
446 1019 664 1072 itineris
687 1018 874 1071 obices
897 1022 1241 1088 amputares.
1269 1020 1486 1073 Cedant
1507 1021 1638 1074 huic
1666 1021 1982 1091 priscorum

295 1107 509 1173 laudes,
542 1107 746 1176 quibus
790 1107 1147 1160 nobilitatem
1188 1108 1483 1162 doctorum
1527 1115 1848 1163 commenta
1891 1127 1984 1181 pe-

294 1200 584 1264 pererunt,
617 1211 745 1264 qua:
774 1195 1082 1264 phaleratis
1116 1197 1411 1250 verborum
1459 1199 1772 1267 superciliis
1805 1199 1982 1252 meri-

295 1289 418 1336 tum
451 1299 483 1336 a
511 1284 757 1336 relatore
801 1289 1146 1337 mercantur.
1180 1286 1417 1338 Necesse
1459 1287 1613 1341 enim
1645 1294 1728 1341 est
1759 1289 1984 1341 exilita-

295 1375 411 1424 tem
443 1371 707 1424 thematis
753 1373 1038 1425 narrantis
1070 1373 1272 1443 opibus
1303 1376 1588 1444 ampliari,
1621 1381 1679 1428 ut
1727 1377 1826 1430 dos
1858 1394 1987 1447 quas

296 1458 357 1511 in
389 1460 628 1513 materia
653 1476 765 1512 non
797 1460 1106 1527 invenitur,
1129 1463 1259 1532 styli
1291 1465 1749 1532 processionibus
1779 1467 1984 1520 insera-

297 1552 405 1601 tur.
443 1549 512 1600 Ut
558 1553 774 1601 taceam
826 1549 1045 1613 Fabios,
1091 1550 1421 1620 Torquatos,
1457 1555 1742 1621 Camillos,
1794 1556 1988 1610 Decios

298 1635 473 1689 fuisse
503 1642 825 1705 superatos;
860 1641 913 1689 te
936 1637 1147 1706 ipsum,
1183 1639 1261 1691 mi
1284 1639 1536 1704 domine,
1571 1644 1670 1712 qui
1699 1645 1988 1698 universos

298 1722 500 1789 vicisti,
546 1724 668 1792 ejus
714 1724 1050 1793 primordiis
1099 1727 1353 1782 existimo
1408 1729 1590 1783 votive
1633 1732 1879 1788 cessisse.
1910 1735 1985 1788 Tu

299 1827 404 1881 per
437 1812 704 1865 duratum
728 1829 1075 1882 proavorum
1101 1831 1452 1888 avorumque
1486 1817 1508 1848 ²
1534 1819 1852 1888 scipionum
1885 1827 1994 1875 tra-

302 1899 498 1952 mitem
525 1900 643 1969 jam
675 1902 966 1970 grandior,
1019 1918 1164 1972 pene
1212 1907 1662 1974 prmeedeutium
1704 1926 1993 1964 connexus

301 1987 570 2042 lateribus
590 1989 893 2042 ambulasti
915 2006 928 2057 ;
951 1990 1028 2044 ita
1054 1995 1116 2044 ut
1135 1994 1237 2046 sub
1268 1997 1668 2064 conjunctione
1697 2014 1993 2069 nunquam

301 2075 661 2145 interpolata:
687 2075 973 2132 felicitatis
994 2079 1306 2135 incederes.
1331 2084 1410 2137 Ad
1443 2085 1643 2138 Avieni
1668 2086 1782 2140 mei
1808 2087 1994 2141 adhuc

301 2166 486 2218 teneri
532 2165 768 2218 virtutes
819 2168 1091 2237 pertinet,
1140 2175 1194 2224 et
1259 2176 1356 2224 tuo
1401 2175 1601 2242 generi
1658 2176 1994 2230 continuare

301 2253 500 2320 fasces,
537 2260 593 2308 et
631 2261 822 2309 nostro
865 2257 1122 2312 reddere.
1171 2263 1291 2330 Ago
1339 2262 1551 2331 gratias
1590 2263 1900 2318 intentioni
1935 2266 1994 2318 in

304 2357 610 2396 commune
641 2350 1015 2414 augmentum
1039 2347 1357 2416 profuturae
1381 2365 1394 2403 :
1423 2367 1526 2420 per
1549 2368 1720 2421 quam
1744 2369 1873 2407 cum
1897 2354 1996 2409 Dei

304 2430 582 2484 beneﬁcio
613 2434 893 2487 natalium
937 2435 1216 2490 bonorum
1267 2439 1490 2492 claritas
1515 2441 1789 2495 hactenus
1819 2443 1994 2496 inter-

305 2520 460 2572 clusa
482 2520 869 2590 resplenduit:
903 2539 1006 2592 per
1037 2541 1209 2594 quam
1244 2526 1399 2581 diem
1425 2545 1591 2582 suum
1620 2530 1843 2584 lucidus
1875 2549 1998 2586 san-

307 2607 432 2678 guis
454 2608 703 2678 agnovit.
732 2609 913 2672 Quam
937 2612 1237 2667 voluissem
1265 2621 1526 2670 votorum
1549 2634 1813 2673 meorum
1845 2637 1996 2674 sum-

308 2712 460 2749 mam
493 2712 686 2750 coram
715 2699 936 2768 positus
967 2700 1198 2769 intueri,
1235 2703 1280 2756 si
1314 2719 1431 2758 non
1470 2713 1832 2776 peccatorum
1874 2726 1996 2763 ma-

308 2785 548 2855 gnitudo
582 2801 791 2840 munus
833 2789 1075 2856 cceleste,
1114 2792 1269 2861 quod
1301 2810 1416 2848 non
1447 2796 1632 2864 potuit
1677 2797 1994 2861 desideriis,

308 2875 621 2944 denegaret
663 2876 1004 2945 aspectibus,
1035 2884 1092 2932 et
1118 2881 1276 2934 nefas
1313 2883 1384 2936 sit
1426 2884 1717 2940 hominem
1749 2903 1864 2940 uno
1897 2904 1999 2942 eo-

2089 490 2281 540 tamen
2313 487 2522 541 eduxit.
2558 487 2669 541 Sed
2701 503 2814 557 quo
2847 503 2937 541 me
2982 487 3165 558 rapiat
3205 504 3500 558 processus
3539 487 3787 542 affectio-

2091 574 2180 628 nis
2211 575 2523 629 terminum
2552 575 2871 642 refutantis,
2907 591 3152 645 agnosco
3179 595 3195 631 :
3247 576 3461 629 divisus
3493 576 3786 647 proposito

2090 664 2384 718 consulem
2435 665 2724 719 eruditum
2771 663 3002 734 ingenio
3051 664 3237 734 impar
3283 665 3530 735 appello.
3571 665 3654 718 Ad
3691 681 3787 718 vos

2092 758 2364 818 revertor,
2399 768 2528 805 cum
2575 752 2784 822 quibus
2829 751 2970 805 mihi
3014 768 3318 806 commune
3351 752 3646 822 gaudium,
3683 767 3789 822 par

2091 841 2459 906 desiderium,
2494 843 2728 911 aequalis
2774 841 3114 909 supplicatio
3145 845 3247 894 est.
3298 841 3538 895 Oremus
3581 843 3784 906 Deum,

2090 932 2225 1003 quia
2254 936 2380 986 vota
2414 939 2610 985 nostra
2650 932 2884 984 modum
2923 931 3192 997 refutant,
3229 935 3288 984 ut
3321 931 3440 1000 ipse
3475 930 3645 984 faciat
3686 947 3785 1000 pe-

2092 1033 2268 1072 renne
2299 1035 2421 1072 esse
2455 1019 2608 1090 quod
2641 1019 2844 1072 tribuit
2875 1035 2887 1072 :
2923 1033 3025 1072 nec
3057 1035 3312 1088 unquam
3346 1019 3493 1072 circa
3525 1035 3627 1072 nos
3661 1035 3788 1072 mu-

2093 1107 2323 1159 neribus
2355 1107 2469 1161 suis
2514 1107 2826 1161 terminum
2867 1112 3060 1176 ponat,
3099 1108 3197 1176 qui
3233 1107 3534 1177 largiendo
3577 1106 3788 1160 damna

2094 1211 2211 1248 non
2238 1195 2430 1248 sentit.
2467 1196 2572 1248 Vos
2612 1196 2856 1265 gaudete
2893 1200 3086 1248 tamen
3117 1200 3302 1249 vestro
3341 1201 3457 1248 tam
3489 1195 3788 1249 excellenti

2093 1283 2266 1349 bono,
2302 1284 2508 1353 quibus
2533 1284 2615 1337 fas
2655 1289 2739 1337 est
2769 1289 2896 1353 post
2934 1285 3160 1338 trabeas
3190 1301 3318 1337 suas
3351 1284 3562 1337 habere
3602 1283 3787 1337 tilium

2097 1371 2158 1424 in
2189 1373 2461 1442 obsequio
2493 1373 2872 1426 consularem.
2907 1372 2964 1427 Si
3009 1379 3200 1426 tamen
3253 1373 3310 1425 in
3351 1373 3634 1426 sententia
3661 1387 3789 1425 mea

2098 1460 2339 1513 caelestis
2380 1461 2540 1530 vigor
2579 1465 2865 1530 operatur,
2888 1466 2942 1514 et
2958 1466 3078 1514 tota
3099 1477 3259 1514 mens
3282 1461 3546 1514 humanis
3568 1460 3789 1514 delictis

2096 1548 2367 1602 inclinata
2394 1565 2504 1603 non
2539 1549 2810 1619 subjacet,
2837 1549 3091 1602 fidelium
3119 1549 3444 1602 orationum
3474 1553 3792 1602 vestrarum

2097 1636 2401 1690 retributio
2435 1643 2520 1691 est
2544 1637 2692 1690 circa
2726 1638 2980 1690 sobolem
3027 1637 3274 1708 dignitas
3309 1637 3633 1707 impetrata.
3679 1635 3795 1690 Urb

2104 1724 2432 1779 sufficerent
2459 1731 2700 1796 quantos
2744 1727 2915 1780 habet
2946 1726 3149 1780 domus
3181 1743 3294 1780 una
3325 1731 3665 1795 precatores.
3702 1726 3797 1778 Fe-

2105 1813 2179 1866 lix
2211 1819 2393 1867 mater
2424 1819 2503 1868 tot
2535 1815 2943 1884 imperatorum
2982 1814 3244 1880 domina;
3282 1831 3377 1867 vos
3420 1815 3570 1884 apud
3615 1815 3796 1867 Deum

2102 1901 2363 1970 precibus
2415 1902 2531 1955 suis
2579 1909 2842 1956 matrona
2869 1903 3027 1957 fortis
3068 1903 3318 1956 attollit:
3357 1919 3455 1973 per
3496 1905 3680 1955 tantos
3712 1918 3799 1955 rc-

2103 2005 2282 2060 gnum
2313 1991 2537 2045 caeleste
2568 1992 2681 2045 vim
2724 1992 2958 2061 patitur,
3001 2007 3247 2061 quorum
3290 1991 3508 2044 meritis
3544 2007 3577 2043 a
3606 1990 3799 2045 divina

2102 2080 2402 2132 clementia
2434 2080 2583 2149 quod
2618 2080 2959 2149 postulatur,
2995 2080 3259 2148 exigitur.
3308 2080 3592 2150 Scriptum
3642 2079 3798 2132 enim

2103 2168 2489 2234 meminimus,
2513 2168 2736 2222 dicente
2763 2168 3003 2221 Domino
3030 2167 3352 2236 discipulis:
3377 2166 3441 2220 Si
3478 2167 3800 2221 convenerit

2101 2255 2314 2310 duobus
2339 2259 2440 2311 aut
2458 2256 2636 2310 tribus
2661 2262 2909 2310 vestrum
2931 2255 3213 2326 quidquid
3229 2255 3517 2326 petieritis
3533 2255 3799 2325 impetra-

2103 2342 2236 2397 bilis
2268 2345 2499 2414 (Matth.
2535 2360 2685 2409 xvm,
2743 2347 2841 2409 l9).
2877 2344 3058 2399 Credo
3091 2344 3552 2414 Redemptorem,
3599 2344 3798 2412 justo-

2105 2449 2232 2485 rum
2264 2433 2493 2485 raritate
2535 2440 2849 2502 prospecta,
2891 2449 2997 2501 pro
3038 2432 3244 2485 mundi
3294 2433 3474 2485 salute
3519 2432 3797 2502 petituros

2105 2520 2248 2574 duos
2289 2521 2497 2574 dixisse
2531 2521 2788 2574 sufficere
2824 2537 2836 2573 :
2873 2521 3005 2573 licet
3045 2519 3372 2589 conjectura
3422 2520 3716 2589 perpendi,
3750 2520 3796 2572 si

2104 2609 2282 2679 possit
2330 2609 2511 2663 tribus
2555 2609 2771 2680 aliquid
2808 2609 3080 2678 denegari
3127 2625 3229 2677 pro
3275 2624 3514 2661 suorun
3547 2608 3795 2661 utilitate

2107 2697 2485 2768 poscentibus.
2537 2699 2632 2752 His
2666 2714 2802 2767 ergo
2835 2698 3043 2766 spebus
3075 2697 3379 2764 animatus,
3422 2703 3478 2749 et
3511 2697 3796 2766 justorum

2106 2787 2446 2856 cognatione
2476 2786 2756 2848 sublimis,
2803 2786 3026 2839 confido
3062 2786 3131 2839 de
3163 2801 3412 2855 superna
3445 2785 3798 2855 benignitate

2109 2875 2280 2930 etiam
2315 2892 2404 2928 me
2439 2876 2510 2929 ad
2542 2881 2747 2944 optatae
2789 2875 3014 2944 copiam
3046 2875 3243 2944 gratiae
3283 2880 3712 2944 perventurum.
3743 2874 3800 2928 Si

307 2961 555 3033 demque
605 2967 860 3035 tempore
910 2967 1175 3022 universa
1218 2974 1408 3039 optata
1454 2972 1804 3041 promereril
1858 2976 2000 3030 Illud
2040 2965 2347 3028 CAbl‘ah€13
2411 2964 2629 3017 meritis
2679 2964 2835 3029 (Gen-
2903 2963 2994 3033 3“)
3045 2962 3184 3017 Loth
3238 2968 3564 3016 Sanctorum
3617 2963 3800 3016 turbis

307 3056 503 3105 tamen
535 3051 688 3106 inter
716 3055 991 3108 maximas
1020 3057 1416 3128 Redemptoris
1461 3063 1640 3115 nostri
1673 3079 2003 3118 remunera-

310 3139 495 3193 tiones
521 3140 688 3194 credo
726 3146 1166 3206 numerandum,
1197 3149 1349 3216 quod
1388 3149 1564 3204 limen
1602 3151 1782 3205 felicis
1812 3153 1997 3208 infan-

310 3227 403 3281 tiae
451 3231 648 3282 consul
694 3246 854 3284 meus
899 3248 1029 3286 cum
1080 3235 1300 3289 honore
1351 3239 1502 3291 senis
1552 3239 1842 3308 ingressus
1893 3247 1997 3296 est.

312 3315 422 3369 Sed
453 3317 724 3388 prmcipio
757 3319 894 3389 quid
939 3326 1172 3390 paretur
1208 3323 1518 3391 laboribus,
1552 3342 1682 3380 cum
1716 3329 1850 3383 talia
1890 3331 1995 3400 pri-

315 3405 552 3458 mordiis
581 3406 946 3462 exhibentur.
983 3412 1351 3482 lnauspicatis
1383 3417 1731 3472 successibus
1762 3419 1845 3473 illi
1877 3437 2003 3490 pro-

315 3497 579 3548 vectuum
610 3495 964 3552 incrementa
999 3505 1237 3555 ventura
1266 3507 1418 3570 sunt,
1451 3522 1620 3574 quem
1655 3508 1888 3577 coepisse
1919 3509 2002 3562 vi-

315 3579 515 3633 demus
541 3596 573 3633 a
601 3581 864 3638 fascrbus.
893 3584 1074 3638 Minus
1117 3592 1200 3640 est
1241 3591 1392 3658 quod
1443 3591 1549 3644 sibi
1592 3592 1661 3645 de
1709 3595 2003 3664 prosperi—

317 3667 448 3721 tatis
493 3675 698 3724 eventu
754 3671 812 3724 in
866 3674 1233 3744 antiquorum
1283 3679 1582 3748 praeconiis
1639 3686 1796 3735 vetus
1850 3683 2004 3737 fama

315 3755 627 3811 blanditur.
678 3759 837 3822 Quod
881 3760 1073 3815 attrita
1115 3765 1348 3833 pulvere
1398 3767 1652 3836 canities,
1687 3771 1839 3839 quod
1889 3771 2004 3826 vita

319 3844 422 3898 sub
447 3845 596 3899 fasce
626 3851 749 3900 acta
777 3848 866 3901 vix
897 3849 1127 3917 meruit,
1161 3854 1313 3922 quod
1352 3857 1687 3924 grandaevus
1718 3858 1787 3913 de
1821 3859 2003 3929 impe-

318 3934 565 3988 tratione
602 3951 899 4006 nunquam
925 3945 1110 3992 certus
1146 3944 1381 4010 Optavit,
1416 3945 1520 3998 hoc
1554 3952 1870 4001 memoratu
1903 3966 2004 4003 saa-

317 4022 448 4091 pius
479 4023 824 4078 adolescenti
853 4042 982 4079 meo
1013 4044 1324 4097 supernum
1361 4048 1565 4085 munus
1597 4034 1849 4104 ingessit.
1885 4037 2005 4091 Ad—

319 4109 492 4176 ditur,
523 4113 674 4182 quod
723 4113 782 4167 in
812 4115 1094 4186 principio
1139 4119 1266 4171 vitae
1298 4120 1611 4189 disciplinis
1651 4124 1882 4194 optimis
1918 4125 2005 4179 iu-

320 4197 570 4265 stitutus,
617 4199 840 4254 videtur
895 4204 1169 4258 meruisse
1215 4208 1366 4276 quod
1413 4210 1654 4279 adeptus
1705 4217 1787 4266 est
1838 4229 1850 4266 :
1903 4229 2005 4266 nec

318 4285 588 4356 dignatur
621 4292 805 4343 totum
829 4289 890 4344 in
934 4307 992 4345 se
1023 4292 1298 4361 felicitati,
1333 4297 1391 4349 in
1421 4314 1534 4368 quo
1569 4305 1806 4368 possunt
1834 4301 2004 4353 etiam

318 4373 443 4428 dari
471 4376 638 4444 plura
662 4378 877 4433 virtuti.
913 4379 1142 4435 Naturae
1176 4382 1232 4435 in
1261 4383 1431 4438 decus
1457 4387 1681 4440 scholas
1708 4392 1763 4441 et
1794 4387 2006 4442 littera-

317 4479 446 4516 rum
479 4464 666 4518 studia
696 4473 1055 4535 consecutus,
1090 4475 1343 4538 paternas
1371 4475 1735 4542 perfectionis
1770 4477 2006 4529 aemula-

317 4558 430 4618 tor,
475 4553 645 4608 talem
686 4571 744 4609 se
774 4556 1052 4612 industria
1099 4576 1199 4613 sua
1242 4561 1426 4616 filium
1467 4563 1732 4628 reddidit,
1777 4564 2006 4634 qualem

319 4643 464 4696 alter
500 4642 589 4696 vix
635 4645 821 4714 potuit
863 4647 1085 4718 legisse.
1135 4650 1422 4720 Quidquid
1467 4651 1668 4716 Attica,
1722 4653 2006 4723 quidquid

319 4732 573 4786 Romana
602 4735 957 4805 praecipuum
997 4737 1169 4792 habet
1215 4740 1412 4810 lingua
1455 4742 1722 4810 cognovit
1754 4758 1766 4794 :
1801 4758 2004 4795 aurum

320 4821 733 4887 Demosthenis,
760 4829 811 4878 et
832 4824 1050 4880 ferrum
1080 4827 1364 4881 Ciceronis
1397 4830 1680 4898 expendit,
1705 4835 2004 4901 utramque

317 4908 544 4964 dicendi
575 4912 778 4968 seriem
813 4914 1044 4968 Latinus
1063 4915 1275 4969 relator
1305 4917 1576 4987 implevit.
1610 4919 2005 4973 Grammatice:

315 4998 709 5055 instructionis
739 5005 1031 5073 repagula,
1065 5008 1120 5057 et
1157 5003 1284 5056 illas
1314 5004 1536 5059 dicendi
1581 5007 1791 5078 legales
1817 5023 2006 5078 angu-

317 5088 451 5142 stias
472 5104 575 5159 pro
606 5090 868 5145 libertate
897 5091 1224 5161 complexus
1254 5098 1357 5145 est.
1385 5092 1703 5149 Oratoriam
1736 5111 2006 5166 pompam

388 5247 404 5280 ¹
435 5248 501 5321 In
522 5247 816 5321 dictandi:
836 5246 1068 5321 tegibm]
1093 5248 1236 5313 Quia
1264 5248 1538 5304 nimirum
1575 5251 1758 5307 edicta
1788 5257 1844 5307 et
1873 5270 2006 5308 con-

313 5316 646 5391 stitutiones
673 5316 920 5391 sinerdie
940 5325 1008 5391 et
1052 5316 1288 5374 consule
1324 5323 1658 5376 auctoritate
1690 5329 1905 5391 carent,
1938 5342 2004 5380 ex

310 5389 436 5459 lege
467 5393 485 5443 l
523 5390 735 5444 codicis
763 5390 1163 5444 Theodosiani.

381 5463 402 5495 ²
430 5461 758 5534 scipionum
790 5460 1099 5534 tramitem]
1134 5463 1522 5534 sceptrorum,
1565 5464 2004 5534 aquilarumque

309 5532 727 5606 consularium;
753 5537 814 5584 ut
842 5532 901 5606 in
932 5532 1288 5606 panegyrico,
1320 5532 1636 5589 Serranum
1656 5532 2006 5606 scipionibus

309 5604 514 5656 aratra
539 5605 888 5673 pepererunt
918 5617 930 5656 :
964 5609 1021 5657 et
1059 5604 1118 5656 in
1147 5605 1448 5673 Parzencsi,
1481 5610 1617 5659 ante
1634 5604 1918 5676 scipiones
1947 5611 2002 5661 et

2111 3053 2446 3107 ascribitur:
2481 3053 2524 3105 si
2551 3052 2613 3106 hi
2643 3053 2741 3123 qui
2773 3069 3005 3106 caruere
3036 3052 3306 3122 propriis,
3338 3050 3796 3121 propinquorum

2111 3143 2179 3195 ad
2213 3142 2359 3194 celsa
2386 3141 2624 3211 perduci
2667 3157 2928 3194 meruere
2972 3141 3314 3205 virtutibus;
3354 3155 3536 3192 annus
3579 3138 3683 3191 iste
3717 3137 3799 3191 fa-

2112 3230 2285 3284 milias
2332 3235 2530 3283 vestras
2561 3231 2746 3298 pariet
2787 3229 3114 3298 dignitates.
3169 3230 3309 3282 Nam
3355 3228 3401 3280 si
3446 3227 3603 3281 vobis
3647 3227 3800 3281 cordi

2111 3335 2259 3386 sum,
2295 3318 2456 3372 facile
2488 3318 2556 3371 ad
2589 3318 2874 3372 ccelestem
2901 3319 3141 3388 gratiam
3178 3321 3370 3387 optata
3401 3315 3800 3386 impetratione

2110 3407 2409 3478 perducor.
2459 3407 2699 3460 Domine.
2747 3407 2846 3473 mi,
2883 3406 3237 3460 salutationis
3286 3404 3662 3458 reverentiam
3697 3403 3800 3456 sol-

2113 3512 2268 3560 vens,
2301 3494 2524 3548 veniam
2568 3494 2794 3563 postulo
2838 3493 2906 3547 de
2945 3493 3270 3563 prolixitate
3321 3491 3624 3556 sermonis;
3667 3489 3803 3560 quia

2113 3583 2342 3638 difﬁcile
2384 3587 2468 3638 est
2499 3599 2707 3653 magna
2743 3583 3084 3653 gaudentem
3127 3598 3302 3652 parva
3333 3581 3490 3651 loqui
3519 3595 3638 3634 esse
3667 3594 3803 3632 con-

2111 3677 2354 3727 tentum.

2728 3759 3057 3814 EPISTOLA
3100 3759 3185 3812 Vl.

2694 3873 2967 3911 ENNODIUS
3005 3872 3218 3911 FAUSTO.

2188 3948 2334 4001 Deus
2364 3945 2533 4013 bone,
2565 3961 2738 4016 quam
2778 3945 2922 3998 nihil
2960 3950 3046 3998 est
3088 3945 3333 3998 arduum
3365 3960 3572 4015 magna
3604 3959 3804 3997 curan-

2115 4035 2285 4101 tibus,
2329 4039 2385 4088 ct
2427 4050 2540 4105 qua
2570 4034 2762 4103 quiete
2793 4035 3000 4087 divinas
3036 4040 3254 4087 mentes
3290 4034 3408 4086 visa
3437 4030 3798 4087 describunt!

2116 4124 2320 4195 quibus
2353 4128 2630 4177 ornantur
2675 4123 2902 4176 dotibus
2945 4122 3086 4188 loca,
3121 4139 3251 4192 qum
3291 4122 3489 4192 lingua
3532 4121 3709 4187 dives,
3748 4124 3806 4173 et

2118 4213 2338 4267 dicendi
2403 4212 2619 4282 peritus
2665 4211 2965 4281 aspexerit,
3019 4211 3068 4264 si
3121 4212 3392 4280 religioso
3457 4210 3627 4264 liceat
3684 4210 3806 4262 sine

2116 4301 2441 4355 discrimine
2475 4300 2847 4353 confessionis
2877 4316 3144 4354 enarrare
3164 4301 3479 4369 proposito!
3518 4298 3804 4362 Quasdam

2115 4391 2315 4443 mundi
2362 4389 2562 4442 artifex
2619 4390 2765 4442 Deus
2815 4389 3121 4458 provinciis
3175 4389 3472 4442 felicitates
3524 4387 3807 4457 stupenda

2115 4478 2317 4532 secreti
2346 4479 2433 4531 sui
2481 4477 2742 4546 largitate
2773 4477 3089 4530 concessit:
3127 4476 3266 4529 alias
3301 4476 3553 4540 uberius,
3603 4476 3805 4528 melius

2112 4567 2248 4619 alias
2286 4567 2481 4620 vinum
2508 4567 2676 4636 jussit
2717 4565 3010 4618 effundere
3049 4581 3061 4619 :
3098 4564 3224 4618 aliis
3273 4565 3520 4618 contulit
3567 4563 3804 4617 triticeas

2115 4655 2321 4724 segetis
2350 4671 2454 4724 ope
2481 4653 2755 4724 gratulari
2787 4669 2800 4706 :
2835 4654 3042 4707 multas
3074 4669 3376 4723 pomorum
3410 4653 3688 4706 varietate
3718 4651 3806 4704 vel

2116 4743 2358 4796 utilitate
2386 4742 2632 4794 donavit.
2681 4741 2901 4805 Quibus
2949 4742 3069 4794 base
3106 4745 3298 4795 tamen
3347 4741 3528 4810 ipsius
3583 4745 3806 4792 natura:

2113 4832 2484 4902 repugnantis
2528 4831 2729 4883 merita
2761 4847 2872 4883 non
2907 4831 3210 4896 dederunt,
3257 4830 3389 4883 fecit
3421 4846 3514 4882 eas
3566 4830 3806 4882 relatore

2113 4922 2403 4974 sublimes.
2440 4920 2560 4973 Non
2588 4925 2671 4972 est
2707 4919 2858 4972 unde
2885 4919 3085 4988 jejuna
3116 4918 3374 4972 cautibus
3407 4919 3573 4987 gleba
3607 4918 3808 4986 despe-

2113 5014 2218 5074 ret,
2258 5025 2362 5063 nec
2393 5008 2539 5061 unde
2585 5023 2698 5060 non
2747 5008 3155 5076 respondentia
3203 5006 3407 5059 cultori
3439 5021 3573 5059 arva
3617 5004 3807 5073 subja-

2113 5102 2295 5152 ceant.
2330 5097 2680 5167 Linguarum
2711 5097 2882 5167 genio
2910 5096 3076 5150 terris
3111 5095 3317 5148 merita
3348 5094 3718 5148 tribuuntur:
3754 5097 3809 5146 et

2115 5254 2342 5311 trabeas
2356 5269 2638 5324 pomposa
2649 5257 2732 5307 est
2746 5255 3025 5309 recitatio.
3044 5253 3165 5317 Quo
3181 5254 3370 5306 minus
3387 5253 3455 5306 de
3474 5251 3809 5324 Scipionum

2110 5324 2326 5379 familia
2356 5322 2731 5395 interpreter,
2775 5331 2837 5378 ut
2861 5341 3077 5395 magno
3129 5325 3252 5376 viro
3299 5325 3480 5376 visum
3524 5328 3626 5395 est,
3675 5322 3810 5374 facit

2111 5396 2400 5461 Sidonius,
2431 5391 2538 5466 qui
2577 5391 2870 5450 Gennadii'
2900 5391 3097 5449 Avieni
3140 5410 3311 5466 quem
3360 5394 3551 5466 Fausti
3586 5397 3808 5466 patrem

2111 5467 2283 5522 fuisse
2315 5463 2633 5534 docuimus,
2666 5467 2946 5536 originem
2978 5481 3096 5518 non
3125 5463 3192 5517 ad
3223 5464 3573 5534 Scipionum,
3599 5464 3696 5518 sed
3736 5463 3808 5517 ad

2111 5538 2483 5594 Corvinorum
2507 5538 2781 5591 familiam
2811 5538 2988 5591 refert
3017 5536 3117 5589 lib.
3155 5553 3189 5603 ι,
3220 5537 3357 5606 epis.
3395 5541 3448 5591 9.
