4102 6182
275 316 341 367 '21
1662 307 2154 365 EPISTOIARUM
2196 307 2321 362 LIB.
2360 307 2398 359 l.
3713 310 3779 361 2‘2

274 447 529 519 qualiter
556 447 684 519 quis
715 446 875 517 loqui
906 445 1180 516 potuerit,
1202 444 1391 500 taliter
1418 458 1540 498 rem
1570 443 1641 498 de
1662 459 1777 514 qua
1803 441 1975 496 fuerit
2012 447 2056 499 A
2083 441 2166 496 dit
2195 460 2212 497 :
2245 441 2345 513 qui
2393 440 2623 511 agnosci
2676 440 2736 495 in
2769 456 2837 495 eo
2878 456 3199 512 nunquam,
3251 440 3363 496 nisi
3408 457 3512 512 per
3550 442 3779 497 turbida

272 538 523 601 locutus,
555 535 786 591 attollit.
822 534 1084 591 Croscitis
1125 533 1430 605 provincia
1489 533 1713 587 cultura
1756 547 1973 585 sermo-

274 642 417 679 num
460 642 474 678 :
509 624 628 679 oris
657 628 763 688 est,
786 622 1066 694 quidquid
1097 622 1159 676 in
1184 622 1535 676 vobislector
1549 620 1789 691 stupuit.
1824 621 1975 674 Uber

272 714 488 778 solum,
528 718 584 766 et
611 711 885 766 divitibus
920 727 1049 781 qua
1106 716 1160 764 te
1208 711 1386 779 jactas
1416 715 1568 763 terra
1617 708 1969 780 palmitibus,

272 819 405 874 qua
423 818 528 873 per
557 800 810 855 modicos
832 800 1017 852 sulcos
1049 798 1396 868 scalpentem
1419 798 1589 851 dorsa
1610 797 1794 866 pascis
1828 796 1975 867 agri-

272 886 481 952 colam,
516 900 647 954 qua
675 898 848 936 venas
878 881 1084 936 divites
1107 882 1166 935 in
1194 880 1318 950 ipso
1341 880 1737 949 proscissionis
1767 880 1973 949 pandis

273 974 532 1039 exordio,
587 987 718 1042 qua
755 975 1020 1040 suscepta
1049 970 1311 1040 germina
1358 967 1747 1038 multiplicata
1787 983 1971 1021 messe

272 1062 560 1126 restituis;
589 1060 733 1114 nihil
765 1060 871 1114 tibi
901 1075 1206 1113 commune
1235 1074 1365 1112 cum
1398 1057 1685 1123 maximis,
1727 1056 1775 1111 si
1809 1056 1876 1110 ad
1918 1062 1972 1109 te

271 1152 523 1204 domnus
556 1151 794 1204 Faustus
818 1146 1059 1202 Romani
1094 1151 1270 1200 status
1300 1146 1517 1217 eloquii
1567 1162 1683 1200 non
1733 1160 1971 1199 serenus

271 1238 595 1292 accesserit.
628 1239 644 1274 ¹
685 1237 819 1290 Ecce
857 1236 1066 1290 Comus
1111 1235 1278 1305 pullae
1314 1234 1563 1305 quodam
1603 1249 1749 1305 pene
1784 1233 1845 1287 in
1893 1232 1967 1286 si-

271 1328 516 1382 lentium
545 1324 717 1379 missa
746 1324 1018 1389 conditio,
1047 1340 1175 1394 qua
1207 1323 1384 1387 nulla}
1407 1340 1467 1377 se
1497 1324 1770 1377 hactenus
1815 1338 1969 1376 com-

271 1416 574 1480 moditate,
605 1414 784 1480 nulla,
819 1417 881 1466 ut
900 1412 1081 1479 aiunt,
1101 1411 1719 1481 formositatejactavit,
1753 1414 1966 1482 quanto

268 1502 486 1572 gaudet
514 1501 735 1570 ingenii
757 1500 1059 1571 privilegio
1079 1500 1106 1554 ?
1134 1501 1272 1564 Qua
1298 1516 1400 1570 per
1430 1503 1718 1571 prarupta
1763 1498 1965 1553 conval

269 1592 373 1657 lia,
406 1598 463 1645 et
488 1591 715 1662 patulos
747 1590 1162 1644 coharentium
1195 1590 1385 1644 hiatus
1428 1590 1712 1644 montium
1755 1589 1966 1643 astivis

268 1680 503 1734 nivibus
526 1680 796 1733 miseram
829 1678 934 1732 scit
963 1678 1231 1733 exhibere
1279 1680 1642 1734 concordiam
1674 1695 1690 1732 :
1741 1679 1832 1732 cui
1864 1694 1965 1749 per

267 1769 527 1840 pericula
558 1767 931 1839 pendentium
959 1783 1091 1821 cum
1133 1768 1225 1821 via
1255 1768 1539 1821 cultorum
1578 1772 1709 1821 ante
1752 1772 1963 1820 terram

265 1874 374 1929 per
403 1858 672 1927 scopulos
702 1873 851 1927 opus
879 1860 963 1910 est
990 1855 1297 1922 seminare,
1331 1872 1502 1926 quam
1536 1856 1800 1926 germina
1834 1870 1847 1908 :
1873 1854 1964 1908 cui

266 1946 611 1999 calamitatis
645 1961 826 2015 genus
863 1949 968 2012 est,
1015 1944 1272 2013 riparum
1320 1943 1467 1997 Larii
1518 1943 1770 1997 confinia
1807 1943 1966 1996 canis

267 2049 511 2088 ornasse
540 2033 892 2101 nemoribus,
928 2036 991 2086 ut
1031 2032 1332 2087 subridens
1364 2032 1702 2086 illecebrosa
1748 2030 1964 2085 visione

267 2122 706 2177 dominantibus
729 2121 941 2176 blanda
966 2121 1372 2175 fecunditatem
1398 2121 1586 2175 fronte
1635 2120 1962 2187 mentiatur,

265 2218 324 2266 et
370 2212 436 2265 in
485 2210 798 2281 perniciem
845 2209 1183 2280 possessoris
1230 2209 1715 2280 pulchritudinem
1748 2208 1968 2263 nutriat

265 2298 691 2353 exsecrandam.
728 2299 835 2353 Ubi
865 2297 1119 2368 primum
1145 2296 1373 2351 fabricis
1409 2297 1525 2351 suis
1563 2312 1668 2366 per
1696 2294 1967 2367 pratoria

265 2387 491 2441 domini
524 2386 745 2441 tributa
772 2386 1108 2453 dissolvunt,
1142 2385 1279 2440 dum
1311 2384 1684 2456 antiquorum
1732 2383 1965 2437 lacunas

265 2492 440 2548 parca
478 2475 745 2529 nituntur
790 2474 1117 2544 frugalitate
1170 2488 1459 2544 reparare,
1493 2478 1549 2526 et
1594 2471 1965 2543 proﬂigantia

266 2551 682 2636 patrimonium
708 2563 908 2617 fulcire
929 2562 1198 2617 culmina.
1242 2562 1653 2632 Indigenarum
1692 2560 1855 2630 copia
1890 2560 1961 2614 ad

267 2654 373 2710 hoc
402 2656 630 2706 tantum
660 2655 900 2717 servata,
931 2656 994 2704 ut
1021 2650 1304 2705 functioni
1334 2648 1579 2720 publica
1610 2651 1631 2683 ²
1663 2665 1963 2720 peraqua-

269 2743 409 2796 toris
432 2741 608 2795 etiam
639 2744 771 2794 vota
800 2740 1211 2794 transcendens
1259 2754 1534 2793 numerus
1568 2754 1683 2792 non
1715 2738 1957 2792 deesset.

267 2831 517 2886 Piscium
559 2829 806 2900 populos
843 2844 959 2882 non
1001 2829 1067 2883 ad
1100 2828 1353 2894 delicias,
1402 2828 1498 2881 sed
1529 2827 1602 2881 ad
1656 2827 1959 2881 horrorem

266 2919 569 2974 nutriens:
618 2932 725 2987 per
768 2933 915 2987 quos
958 2916 1246 2984 discimus,
1289 2916 1425 2987 quid
1448 2915 1634 2970 laudis
1665 2921 1963 2985 captorum

2085 532 2321 597 ﬂuenta,
2373 534 2704 601 potuerunt.
2754 530 2917 585 Tanti
2966 530 3076 584 fuit
3116 529 3341 584 divitias
3388 530 3669 586 facundia
3717 530 3774 585 in

2080 619 2248 674 rebus
2278 619 2446 673 laude
2475 618 2801 672 carentibus
2831 623 3140 684 ostentare,
3175 618 3376 689 quanti
3408 635 3524 673 non
3541 619 3771 674 fuerant

2079 708 2203 762 hac
2243 707 2440 761 omnia
2488 711 2705 760 natura
2746 707 3042 774 beneﬁcia,
3076 708 3123 761 si
3163 708 3428 761 dedisset.
3482 709 3768 763 Calorum

2079 800 2273 851 tamen
2307 796 2580 850 Dominus
2612 796 2711 867 qui
2741 796 2846 849 hoc
2892 796 3051 849 vobis
3080 813 3246 866 posse
3291 797 3586 861 concessit,
3640 812 3764 850 mu-

2080 900 2219 939 nera
2248 900 2351 938 sua
2379 883 2483 937 sub
2510 881 2867 954 perennitate
2900 887 3146 936 tueatur.
3191 883 3335 947 Quia
3364 883 3484 936 hac
3515 899 3620 953 ego
3652 899 3770 937 non

2080 972 2242 1043 quasi
2275 989 2308 1026 a
2339 972 2496 1027 vobis
2528 972 2756 1026 diversa
2794 972 3044 1025 sentiens
3073 971 3272 1041 scripsi
3306 988 3321 1025 :
3347 972 3445 1025 sed
3468 976 3532 1025 ut
3552 987 3616 1025 ex
3646 970 3769 1025 istis

2079 1063 2253 1116 lector
2290 1065 2577 1132 agnoscat,
2621 1062 2859 1115 Comum
2889 1076 2993 1130 per
3030 1060 3239 1131 stylum
3265 1064 3516 1114 vestrum
3562 1060 3768 1114 melius

2078 1166 2198 1205 esse
2231 1151 2423 1221 legere
2455 1165 2625 1220 quam
2659 1148 2874 1203 videre.

2683 1237 3013 1293 EPISTOLA
3051 1236 3167 1291 VII.

2660 1342 2936 1380 ENNODIUS
2968 1341 3186 1380 FAUSTO.

2146 1416 2405 1480 Quantus
2433 1419 2516 1469 est
2563 1414 2728 1469 fascis
2775 1414 3024 1479 invidia,
3067 1429 3242 1484 quam
3305 1412 3485 1467 facilis
3525 1414 3767 1469 nocendi

2074 1502 2187 1570 via,
2216 1504 2481 1574 quotiens
2510 1502 2853 1573 pracedenti
2875 1502 3145 1572 opinione
3178 1501 3403 1555 laborat
3436 1500 3761 1571 impetitus!

2075 1593 2253 1647 Nemo
2286 1592 2424 1662 quid
2458 1591 2667 1645 factum
2699 1590 2793 1655 sit,
2820 1597 2882 1644 ut
2908 1590 3094 1657 video,
3128 1589 3334 1660 quidve
3365 1591 3640 1644 infectum
3668 1607 3766 1644 re-

2073 1679 2240 1749 spicit
2270 1696 2283 1733 :
2315 1679 2384 1732 ad
2412 1678 2867 1748 impugnationis
2900 1678 3071 1732 ﬁdem
3103 1679 3287 1731 solum
3319 1678 3625 1732 advocatur
3662 1695 3765 1749 pro

2075 1772 2217 1822 teste
2248 1767 2629 1838 propositum.
2656 1768 2804 1821 Deus
2835 1767 3200 1837 omnipotens
3224 1771 3469 1820 mutatas
3496 1767 3766 1822 ordinum

2072 1856 2222 1911 vices
2251 1860 2435 1911 vertat
2462 1856 2523 1909 in
2553 1856 2778 1921 melius,
2812 1861 2870 1909 et
2895 1871 3089 1909 rerum
3120 1859 3332 1909 statum
3354 1856 3455 1926 qui
3476 1855 3606 1909 labe
3627 1861 3767 1910 tem-

2072 1944 2229 2015 poris
2273 1950 2373 1999 aut
2412 1945 2746 1998 meritorum
2814 1949 3145 1998 nostrorum
3180 1944 3404 1998 nebulis
3467 1945 3763 2011 obsolevit,

2074 2034 2233 2088 aurei
2264 2033 2458 2087 saculi
2502 2033 2747 2087 candore
2786 2032 3110 2103 perfundat.
3144 2033 3381 2097 Quando
3426 2049 3541 2087 non
3578 2032 3765 2087 homi-

2073 2138 2211 2176 num
2246 2121 2650 2177 obscenissima
2679 2120 2920 2176 crimina
2936 2122 3260 2175 innocentis
3276 2120 3448 2175 ofﬁcii
3473 2121 3617 2177 texit
3637 2137 3766 2175 um-

2072 2211 2389 2276 braculum,
2442 2216 2498 2264 et
2542 2210 2820 2281 quidquid
2865 2226 2898 2263 a
2964 2226 3189 2264 morum
3244 2210 3395 2264 nube
3450 2210 3761 2278 descendit,

2070 2299 2311 2355 caelestis
2340 2298 2560 2353 militia
2591 2300 2864 2353 serenitas
2902 2299 3236 2354 excusavit?
3280 2302 3351 2353 At
3380 2315 3533 2352 nunc
3568 2299 3625 2352 in
3657 2315 3765 2353 au-

2071 2388 2306 2459 cupium
2335 2388 2585 2442 trahitur
2612 2388 2761 2442 male
2790 2387 3007 2441 creduli
3055 2386 3387 2457 interpretis
3444 2386 3761 2451 clericatus,

2071 2484 2128 2531 et
2156 2476 2309 2547 quod
2346 2480 2476 2529 ante
2500 2475 2823 2543 religiosam
2866 2474 3282 2544 professionem
3310 2474 3606 2529 admisisse
3648 2489 3765 2527 non

2069 2566 2274 2630 decuit,
2305 2565 2410 2619 hoc
2431 2569 2733 2634 postquam
2769 2579 2872 2634 per
2901 2563 3133 2618 titulum
3166 2562 3613 2618 ecclesiasticum
3643 2563 3764 2617 cul-

2069 2655 2157 2727 pis
2187 2653 2660 2715 renuntiavimus,
2692 2652 2815 2706 sine
2846 2650 3072 2706 honesti
3101 2653 3392 2707 credimur
3424 2651 3757 2707 considera-

2070 2744 2230 2798 tione
2261 2758 2557 2813 peragere.
2592 2741 2712 2805 Qua
2742 2757 2832 2795 me
2864 2746 3201 2811 tempestate
3259 2741 3510 2811 procella
3553 2740 3761 2795 imma-

2070 2834 2231 2888 nium
2253 2836 2615 2902 peccatorum
2658 2830 2741 2884 ire
2772 2830 2842 2883 ad
2882 2830 3165 2884 famosum
3211 2829 3465 2884 ofﬁcium
3503 2829 3761 2900 {compu-

2072 2920 2228 2975 listi?
2259 2922 2321 2974 ln
2355 2935 2469 2990 quo
2489 2934 2688 2972 omnes
2733 2934 2995 2972 errorum
3031 2918 3174 2971 rami
3216 2918 3490 2986 magistra
3536 2917 3762 2971 vivendi

271 3007 407 3061 alibi
437 3022 611 3077 sapor
644 3012 952 3061 mereatur.
983 3006 1091 3061 Ubi
1134 3023 1231 3060 aer
1258 3006 1484 3076 pluvius
1523 3006 1869 3076 perenniter,
1906 3010 1961 3059 et
2001 3021 2040 3075 ο
2074 3010 2258 3063 solent
2288 3009 2430 3062 falce
2463 3006 2738 3072 truncari,
2789 3006 2848 3059 in
2882 3022 2950 3060 eo
2980 3006 3049 3059 de
3073 3022 3165 3060 me
3196 3006 3415 3059 facinus
3442 3005 3593 3060 credi
3625 3006 3763 3059 facis

268 3095 461 3150 minax
493 3096 720 3159 calum,
754 3100 812 3149 et
843 3095 1106 3165 quadam
1138 3094 1267 3149 vita
1295 3094 1419 3148 sine
1448 3099 1569 3148 tota
1612 3095 1737 3148 luce
1775 3098 1960 3148 trans-

266 3185 438 3239 actio.
472 3184 665 3238 Dulcia
699 3183 849 3237 Larii
879 3182 1057 3237 oculis
1087 3182 1303 3237 ﬂuenta
1327 3182 1778 3249 transeuntibus,
1804 3188 1861 3236 et
1891 3181 1963 3235 ad

268 3277 528 3327 natatum
558 3288 706 3342 quos
742 3271 945 3341 perdat
982 3270 1302 3325 invitantia.
1335 3270 1473 3335 Quis
1514 3271 1661 3326 ferat
1690 3272 1961 3326 decorum

266 3361 557 3431 gurgitem
586 3361 692 3414 sub
719 3360 824 3414 hac
853 3360 1187 3429 deceptione
1235 3359 1567 3414 fallentem?
1595 3359 1743 3424 Quid
1777 3360 1959 3413 dicam

267 3449 518 3503 insulam
543 3450 825 3502 relatione
856 3447 1066 3502 factam
1088 3447 1506 3503 habitabilem?
1536 3448 1667 3518 quis
1698 3464 1815 3502 non
1849 3448 1959 3501 hoc

268 3537 553 3591 miretur?
583 3537 639 3591 in
680 3552 794 3608 qua
839 3536 1031 3591 minus
1067 3542 1294 3591 amatur
1323 3536 1439 3590 vita
1471 3536 1734 3591 servata?
1766 3537 1825 3590 in
1850 3552 1965 3606 qua

266 3627 459 3697 portio
480 3627 592 3680 fuit
627 3626 871 3680 evasisse
910 3625 1294 3680 discriminis?
1322 3625 1473 3679 circa
1507 3640 1680 3695 quam
1712 3624 1964 3695 piscibus

268 3714 573 3768 hominum
606 3713 965 3767 ministratur
992 3728 1118 3767 esca
1165 3712 1575 3768 cadaveribus?
1607 3712 1760 3766 Nulli
1808 3712 1961 3765 enim

266 3808 477 3874 praeter
506 3818 685 3872 aquas
723 3800 873 3855 Larii
896 3800 1148 3855 defuncti
1173 3800 1382 3855 ibidem
1433 3800 1695 3871 sepulcra
1738 3816 1962 3854 merue-

266 3896 422 3944 runt.
474 3889 669 3956 Maria,
709 3888 950 3943 ﬂuvium
982 3893 1003 3924 ³
1031 3888 1408 3958 Adduamque
1457 3888 1753 3953 laudastis,
1809 3888 1963 3959 quod

266 3995 370 4049 per
392 3978 663 4033 confusos
693 3977 897 4031 ductus
927 3976 1235 4031 discrimen
1270 3977 1460 4031 lacum
1487 3976 1730 4031 tumoris
1778 3981 1964 4032 osten-

336 4104 377 4155 ¹.
410 4102 565 4157 Ecce
594 4100 815 4170 Cornus]
841 4100 1339 4167 ComusEnnodio,
1362 4100 1515 4171 quod
1543 4099 1669 4154 aliis
1700 4101 1961 4165 Comum,

268 4176 324 4224 τὸ
354 4178 542 4243 Κῶμον
583 4173 811 4237 Gracis,
834 4178 969 4225 nota
1023 4172 1210 4243 plana
1257 4172 1504 4241 Liguria
1535 4172 1735 4243 civitas
1762 4172 1833 4243 ad,
1861 4173 1961 4243 La-

271 4245 419 4297 rium
452 4242 660 4309 lacum,
699 4258 803 4312 per
845 4258 1017 4313 quem
1055 4242 1322 4310 delapsus
1348 4258 1433 4313 ex
1485 4242 1724 4313 Alpibus
1762 4242 1964 4297 Addua

268 4314 478 4368 ﬂuvius
504 4315 582 4367 ita
612 4312 883 4378 decurrit,
918 4320 982 4366 ut
1010 4328 1290 4383 aquarum
1331 4312 1640 4366 discrimen
1662 4316 1952 4383 appareat.

2068 3112 2263 3149 omnes
2308 3093 2660 3149 fallentibus.
2702 3094 2799 3148 llle
2833 3092 3120 3162 mancipia
3150 3108 3253 3146 sua
3299 3107 3331 3145 a
3398 3107 3492 3146 me
3537 3092 3764 3146 sublata

2071 3183 2321 3249 deﬂexit,
2356 3189 2414 3238 et
2431 3188 2629 3237 contra
2660 3181 2974 3253 potentiam
3003 3179 3366 3234 ecclesiastici
3398 3179 3599 3234 militis
3656 3180 3761 3234 ad-

2071 3272 2382 3327 vocandam
2411 3271 2653 3326 credidit
2673 3271 2892 3340 regiam
2944 3268 3356 3324 defensionem.
3390 3269 3571 3338 Rogo,
3633 3268 3763 3340 quis

2070 3362 2179 3415 hoc
2202 3366 2622 3415 commentator
2652 3361 2737 3414 vel
2769 3360 2826 3413 in
2872 3375 3039 3413 scena
3080 3360 3414 3429 proponat?
3448 3357 3577 3427 quis
3623 3372 3761 3426 poe-

2068 3454 2256 3505 tarum
2292 3450 2555 3504 fabellam
2589 3449 2728 3503 fucis
2761 3448 3042 3501 similibus
3066 3452 3164 3500 aut
3194 3444 3599 3499 commentitiis
3629 3459 3760 3514 per-

2068 3537 2226 3592 sonis
2255 3538 2601 3592 instrueret?
2629 3536 2795 3591 Novit
2824 3536 3120 3602 Dominus,
3153 3535 3254 3606 qui
3284 3550 3454 3587 manu
3486 3531 3673 3587 valida
3704 3532 3761 3585 in

2071 3626 2356 3697 adjutorio
2388 3630 2571 3679 vestro
2591 3625 2702 3679 mei
2731 3629 3129 3696 propugnator
3153 3626 3430 3693 assurgat,
3454 3621 3630 3675 totius
3671 3636 3761 3674 me

2070 3731 2191 3769 esse
2229 3716 2452 3769 techna
2490 3713 2819 3783 hujusmodi
2856 3714 3141 3783 ignarum.
3184 3714 3330 3766 Ante
3366 3709 3584 3781 aliquid
3613 3713 3760 3764 tem-

2068 3803 2225 3874 poris
2246 3801 2407 3873 pueri
2439 3802 2573 3867 duo,
2605 3800 2704 3872 qui
2728 3801 2837 3855 sibi
2866 3817 2899 3855 a
2918 3801 3159 3871 prafato
3186 3799 3517 3854 asserebant
3556 3797 3761 3852 inferri

2069 3891 2394 3945 violentiam
2422 3895 2446 3941 ι
2474 3890 2545 3944 ad
2577 3906 2747 3961 opem
2788 3906 2846 3944 se
2877 3890 3138 3944 Ecclesia
3165 3889 3269 3943 sub
3294 3886 3760 3958 interpellatione

2069 3980 2298 4051 publica
2339 3979 2719 4033 contulerunt.
2760 3981 2958 4033 Preces
3008 3978 3336 4033 adhibuisse
3384 3976 3651 4035 memini,
3696 3980 3761 4028 ut

2070 4101 2320 4174 millium
2340 4100 2591 4174 (ransilu
2604 4100 2917 4174 hospitales
2929 4117 3066 4157 suas
3078 4104 3320 4169 tantum,
3348 4117 3452 4153 nec
3481 4097 3763 4171 largiores

2070 4189 2243 4245 quam
2275 4172 2541 4245 infulere,
2569 4172 2755 4245 aquas
2778 4173 3104 4245 evehentes.

2144 4249 2160 4281 ‘
2196 4244 2290 4299 Ad
2316 4260 2477 4314 opem
2500 4238 2797 4315 Ecclesia]
2824 4244 2963 4298 Hinc
2980 4245 3180 4313 liquet,
3200 4257 3392 4315 servos
3406 4242 3473 4294 ad
3495 4238 3760 4294 ecclesias

2066 4314 2374 4385 confugere
2400 4314 2598 4368 solitos
2627 4331 2743 4368 non
2763 4314 2949 4368 solum
2984 4314 3338 4385 declinanda
3360 4327 3542 4385 poena
3566 4325 3757 4385 causa,

270 4387 451 4455 llujus
484 4385 681 4438 laudes
710 4385 1013 4456 scripserat
1043 4378 1297 4456 Faustus.
1320 4383 1609 4456 Enn‘odius
1639 4378 1832 4456 contra
1856 4382 1963 4434 im-
2000 4384 2043 4438 D
2071 4386 2118 4456 si
2148 4378 2285 4456 quid
2318 4390 2637 4456 peccarant,
2673 4384 2771 4437 sed
2804 4385 2955 4456 juris
2995 4385 3166 4456 etiam
3208 4378 3509 4456 obtinendi
3549 4378 3757 4456 gratia,

268 4452 467 4526 parem
498 4456 659 4509 illam
691 4455 808 4508 suis
828 4454 1093 4509 laudibus
1121 4454 1389 4526 afﬁrmat.
1425 4453 1532 4508 Sed
1560 4468 1621 4505 re
1649 4468 1779 4505 vera
1794 4452 1961 4526 _joca_-

265 4522 383 4581 tur.
422 4527 566 4580 Nam
593 4525 887 4581 Comensis
917 4526 1039 4595 agri
1070 4525 1343 4594 urbisque
1373 4529 1532 4577 tanta
1560 4528 1682 4595 erat
1710 4522 1963 4595 pulchri-

264 4598 428 4665 tudo,
464 4605 529 4651 ut
555 4598 620 4651 ad
654 4594 1495 4651 deliciasinstitutavideretur:
1522 4594 1673 4665 quod
1705 4594 1773 4648 de
1789 4595 1963 4648 Como

266 4664 421 4722 inter
449 4673 654 4721 catera
698 4668 971 4737 pradicet
1026 4666 1391 4737 Cassiodorus
1425 4664 1632 4737 libari.
1667 4664 1833 4737 epist.
1874 4665 1958 4718 14.

270 4739 374 4794 Ubi
398 4739 663 4809 pluribus
693 4735 817 4791 eam
869 4736 1158 4803 describit,
1218 4741 1276 4791 et
1314 4736 1592 4790 nonnulla
1621 4735 1793 4790 habet
1836 4752 1963 4806 qua

270 4808 492 4864 faciunt
524 4808 594 4862 ad
628 4809 972 4862 Ennodium.

336 4882 359 4915 ²
389 4878 837 4950 Peraqualoris]
866 4879 1243 4950 Tributorum
1269 4875 1666 4950 moderatoris,
1691 4875 1960 4950 ἐξισωτᾳϋ.

269 4951 416 5005 Nota
448 4956 533 5003 est
554 4946 1089 5019 Gregorii’l‘heologi
1104 4948 1283 5003 oratio
1302 4948 1372 5009 εἰς
1395 4946 1666 5000 Ἰουλιανόν
1695 4947 1962 5011 ἐξισωτῆν,

269 5022 327 5075 id
357 5026 447 5074 est
486 5026 990 5092 peraquatoremi:
1042 5026 1099 5092 et
1134 5035 1343 5073 munus
1374 5019 1563 5089 ipsum
1607 5019 1963 5092 peraquatio

270 5088 745 5146 dicitur'novflﬁ
774 5091 1012 5156 Theod.,
1065 5091 1134 5144 de
1170 5106 1283 5160 quo
1330 5105 1537 5159 genere
1586 5088 1760 5142 officii
1811 5089 1963 5143 tituli

270 5168 495 5216 exstant
546 5162 605 5215 in
664 5168 906 5232 utroque
948 5159 1343 5215 codicefNam
1392 5165 1449 5213 et
1496 5159 1555 5232 in
1604 5160 1732 5232 aliis
1793 5159 1964 5232 etiam

269 5233 443 5287 rebus
472 5233 726 5303 fuerunt,
747 5229 1445 5303 iit—peraqualoresreram
1456 5229 1790 5303 vicinalium
1812 5231 1963 5301 apud

270 5304 527 5357 Cassiod.
564 5302 623 5355 in
656 5301 924 5356 Formula
960 5301 1307 5373 magisteria
1338 5301 1649 5372 dignitatis.

344 5378 366 5409 ³
394 5373 785 5444 Additamque
813 5372 1118 5442 laudaslzs]
1144 5373 1493 5426 HocPlinius
1512 5372 1661 5444 inter
1686 5387 1963 5441 aquarum

273 5444 549 5497 miracula
580 5442 837 5498 recenset
866 5445 964 5498 lib.
1018 5461 1076 5509 ιι,
1102 5460 1224 5511 cap.
1262 5445 1358 5497 l03
1389 5458 1402 5496 :
1438 5442 1704 5505 Quadam
1754 5459 1883 5497 vero
1911 5448 1968 5498 et

270 5515 467 5571 dulces
482 5514 637 5568 inter
649 5531 711 5568 se
728 5524 1093 5584 supermeant
1110 5514 1265 5567 alias
1285 5517 1343 5566 ut
1354 5512 1412 5566 in
1431 5512 1644 5566 Fucino
1660 5512 1792 5584 lacu
1803 5512 1966 5567 inve-

271 5589 393 5639 ctus
420 5584 635 5643 amnis.
668 5584 729 5637 in
760 5583 934 5639 Lario
972 5584 1265 5649 .4ddaa,in
1322 5584 1585 5637 Verbano
1619 5583 1868 5653 Ticinus,
1906 5583 1967 5637 in

274 5659 495 5711 Benaco
525 5655 804 5722 Mincius,
834 5656 896 5708 in
918 5655 1125 5711 Sevino
1141 5653 1351 5719 Ollius,
1384 5653 1446 5708 in
1475 5656 1722 5709 Lemano
1742 5654 1969 5709 Rhoda-

274 5744 399 5783 nus.
438 5727 560 5783 Hic
586 5731 756 5783 llans
772 5726 971 5799 Alpes,
998 5726 1321 5799 superiores
1340 5724 1401 5780 in
1439 5724 1624 5781 Italia
1658 5725 1968 5781 multorum

2071 4455 2118 4509 si
2148 4449 2263 4510 vim
2292 4449 2640 4526 paterentur.
2677 4457 2782 4509 Pro
2802 4449 2890 4526 bis
2910 4470 3045 4523 ergo
3062 4451 3449 4526 intercedebat
3472 4449 3717 4526 Ecclesia
3742 4466 3755 4503 :

2074 4542 2179 4581 nec
2206 4521 2337 4582 ante
2376 4527 2580 4581 abduci
2624 4526 2748 4580 illos
2792 4525 2875 4579 fas
2918 4521 3061 4592 erat,
3093 4538 3265 4593 quam
3304 4522 3373 4576 de
3415 4521 3760 4591 impunitate

2076 4603 2174 4651 aut
2197 4598 2421 4668 justitia
2450 4601 2807 4651 sacramento
2829 4613 2861 4649 a
2891 4595 3142 4668 dominis
3173 4597 3402 4668 cautum
3426 4598 3591 4668 esset.
3611 4594 3758 4668 Dato

2074 4662 2447 4735 sacramento,
2480 4669 2646 4733 servi,
2680 4684 2750 4722 ne
2775 4683 2903 4721 cum
2919 4665 3284 4719 dominorum
3302 4664 3500 4735 fraude
3520 4662 3760 4717 retineri

2074 4734 2441 4805 viderentur,
2461 4739 2531 4793 ad
2562 4738 2924 4808 obsequium,
2949 4741 3012 4789 ut
3039 4740 3127 4789 est
3156 4734 3489 4808 iniconcilio
3514 4751 3528 4787 ι
3577 4736 3757 4787 Aure-

2075 4810 2316 4863 lianensi
2344 4826 2466 4863 can.
2511 4814 2561 4875 5,
2590 4806 3162 4878 redirejubebantur.
3198 4807 3391 4878 Neque
3422 4806 3531 4878 hoc
3577 4819 3755 4878 reme-

2073 4880 2166 4934 dio
2196 4881 2369 4934 servis
2400 4874 3114 4944 duntaxatsubveniebant,
3150 4919 3162 4943 ,
3196 4877 3292 4929 sed
3306 4874 3541 4929 miseris
3572 4874 3757 4928 omni-

2076 4951 2181 5005 bus
2213 4957 2269 5006 et
2299 4951 2539 5016 afﬂictis,
2574 4950 2672 5020 qui
2704 4950 3087 5020 potentiorum
3115 4946 3641 5020 Ainjuriisgoppressi
3687 4945 3756 5011 ad

2075 5022 2339 5076 Ecclesia
2363 5037 2527 5091 opem
2563 5016 2903 5089 refugissent
2932 5036 2945 5074 :
2980 5018 3127 5091 quod
3161 5016 3597 5091 docetCregorii
3646 5032 3759 5091 ma-

2073 5094 2172 5162 gni
2212 5094 2376 5163 epist.
2403 5086 2496 5157 38,
2530 5086 2767 5163 lib._vfu,
2797 5091 2870 5163 ad
2898 5086 3234 5144 Jan—uarium
3264 5088 3598 5163 episcopum
3656 5086 3756 5139 Ca-

2075 5157 2224 5243 larit:
2247 5157 2320 5243 'ln
2352 5178 2465 5243 quo
2498 5161 2713 5243 nescias
2751 5161 3100 5242 pietatemne
3122 5175 3251 5240 cum
3298 5157 3759 5243 aquitatenvete-

2075 5233 2151 5286 ris
2184 5227 2443 5288 Ecclesia
2475 5233 2681 5287 mirere
2713 5227 2918 5302 magis,
2962 5248 3032 5284 an
3064 5230 3346 5302 maiorum
3369 5227 3531 5296 'erga
3577 5227 3761 5302 Eccle-

2074 5305 2217 5358 siam
2262 5304 2433 5359 fidem
2504 5320 2569 5357 ac
2644 5297 3043 5357 reveréntiam.
3135 5302 3244 5354 Has
3326 5297 3761 5353 intercessiones

2076 5375 2460 5454 appellabant.
2494 5374 2784 5454 Ennodius
2814 5374 2873 5427 in
2908 5372 3031 5454 Vita
3082 5370 3382 5454 Epiphanii
3415 5386 3429 5424 ε
3479 5371 3760 5451 Interces-

2071 5439 2294 5499 sionum
2311 5448 2534 5499 tantam
2546 5443 2656 5499 sibi
2681 5443 2975 5515 proposuit
2991 5439 3213 5505 curam,
3230 5443 3293 5494 ul
3308 5440 3572 5515 ipsanise
3594 5439 3762 5515 mise-

2073 5516 2155 5570 ris
2167 5517 2227 5571 in
2222 5516 2387 5585 ferre
2404 5515 2661 5570 crede’rel
2682 5510 3025 5585 molestiam,
3040 5528 3213 5585 quam
3222 5528 3330 5582 per
3347 5510 3763 5585 negligentiam

2074 5604 2105 5659 ᾳ
2122 5581 2544 5659 ᾳῑιὶὂιιεοῑιηᾳαε
2556 5581 3245 5659 ρᾳνητξείείεζςὶῃίεῗτρ.-1)ὀ
3260 5583 3356 5653 qui
3368 5585 3470 5659 bus
3484 5582 3656 5636 etiam
3670 5581 3765 5635 ibi-

2074 5653 2204 5714 dem
2236 5659 2409 5729 paulo
2441 5653 2704 5729 superius
2725 5655 2784 5710 in
2816 5653 3120 5727 Epiphanii
3140 5654 3465 5709 diaconatu.
