4102 6182
272 309 342 364 23
1498 309 1784 365 ENNODll
1826 307 2133 365 EPISCOPI
2177 307 2559 365 TlClNENSlS
3699 305 3768 361 24

279 438 427 495 circa
444 453 562 506 eos,
586 436 742 510 quod
780 437 1080 494 defunctus
1131 438 1328 505 voluit,
1380 442 1743 494 servaretur:
1796 438 1967 494 audi-
2006 442 2050 495 Α
2077 443 2302 495 nectare
2336 437 2614 511 liquentis
2660 437 2931 493 elementi
2959 437 3130 493 mella
3159 438 3477 509 componis,
3511 436 3771 510 peregri-

284 535 479 584 turum
506 544 565 583 se
596 528 937 600 deceptiosis
984 533 1042 583 et
1083 527 1306 583 blandis
1364 527 1625 598 promisit
1665 528 1970 583 illecebris.

291 618 361 672 Ut
402 617 472 670 ad
517 616 859 688 obsequium
908 620 1334 671 reverterentur
1394 616 1464 669 ad
1509 617 1662 687 quod
1717 615 1975 688 deputati

292 704 536 771 fuerant,
585 710 778 759 sancto
821 705 1085 775 episcopo
1131 709 1293 773 patre
1336 709 1521 759 vestro
1570 712 1851 775 prasente
1878 708 1978 777 qui

295 793 510 847 eisdem
544 793 836 863 prabebat
864 792 1164 857 auxilium,
1197 792 1304 847 sub
1337 792 1538 848 notitia
1564 793 1806 847 civitatis
1835 793 1977 848 hor-

295 885 443 935 tatus
465 897 613 935 snm.
655 881 797 945 Quid
826 884 1026 950 postea
1056 878 1328 944 evenerit,
1362 880 1638 951 ignoravi,
1670 881 1781 935 nisi
1802 886 1977 952 -post-

296 985 465 1039 quam
526 969 674 1023 male
710 970 723 1002 ¹
754 967 1117 1021 retentatoris
1148 985 1360 1022 nomen
1399 970 1605 1040 accepi.
1642 971 1771 1023 Hac
1810 986 1979 1023 men-

295 1058 423 1123 tior,
461 1058 567 1110 nisi
609 1056 1021 1127 impngnatoris
1054 1056 1167 1109 mei
1198 1058 1557 1111 attestatione
1587 1058 1977 1113 constiterint:

295 1146 385 1199 cui
426 1152 497 1199 ta
548 1162 617 1198 en
650 1146 874 1214 gratias!
902 1146 1109 1209 refero,
1154 1145 1287 1215 quia
1322 1146 1425 1199 sub
1458 1148 1655 1216 quavis
1687 1146 1982 1201 occasione

295 1234 510 1288 votivas
557 1233 745 1302 exegit
782 1232 1049 1303 epistolas
1083 1247 1095 1289 ε
1133 1250 1261 1304 qua
1308 1234 1451 1288 mihi
1486 1237 1728 1289 multum
1774 1235 1982 1289 doloris

290 1322 560 1393 jussionis
581 1328 781 1376 vestra
812 1322 1173 1377 dubitatione
1204 1330 1571 1393 pepererunt.
1599 1326 1677 1378 De
1708 1340 1799 1378 me
1830 1323 1983 1377 enim

297 1410 677 1465 deliberatum
708 1427 829 1465 esse
872 1411 1053 1475 video,
1088 1411 1135 1464 si
1165 1428 1281 1478 vos,
1340 1417 1531 1465 utrum
1579 1412 1810 1467 audiam
1852 1428 1984 1483 quae

289 1498 528 1568 jubetis,
564 1499 623 1553 in
674 1499 910 1569 ancipiti
959 1516 1081 1553 esse
1122 1516 1423 1570 cognosco.
1460 1501 1627 1554 Nulla
1651 1517 1744 1554 me
1791 1506 1984 1554 tamen

300 1603 403 1641 nec
436 1588 890 1659 magnitudinem
919 1594 1165 1643 vestram
1202 1605 1264 1643 ex
1291 1606 1357 1642 ea
1404 1595 1564 1659 parte
1605 1589 1758 1659 apud
1803 1590 1983 1643 Deum

2083 544 2223 583 num
2248 528 2413 583 labiis
2436 528 2579 583 meis
2597 542 2858 599 saporem
2893 526 3050 598 epuli
3083 526 3274 581 divitis
3298 526 3585 591 infudisti,
3631 528 3771 582 Her-

2084 615 2229 669 culci
2254 615 2581 670 certaminis
2626 620 2683 668 et
2722 614 3162 684 triumphalium
3193 613 3381 668 Antai
3419 628 3651 687 casuum
3696 612 3776 667 fa-

2086 703 2241 759 ciens
2270 704 2645 759 mentionem.
2683 704 2773 759 Sic
2787 719 2847 757 se
2876 704 3143 774 equidem
3177 702 3421 757 exercita
3454 702 3775 756 litterarum

2087 792 2396 863 gymnasiis
2425 796 2446 829 ⁸
2486 793 2752 862 palastra
2798 791 3138 857 dilucidant,
3184 791 3261 845 sic
3302 790 3618 845 madefacta
3654 795 3774 844 stu-

2088 881 2314 935 diorum
2345 881 2471 934 oleo
2504 882 2755 951 loqllt‘llll
2794 879 3046 933 artificiis
3077 879 3191 933 oris
3221 879 3481 933 membra
3524 878 3776 932 submit-

2088 974 2234 1024 tunt.
2273 970 2381 1024 Sed
2413 969 2743 1034 noluissem,
2791 971 2989 1035 fateor,
3039 968 3211 1036 illius,
3261 974 3325 1022 ut
3353 968 3534 1032 aiunt,
3566 983 3775 1038 pugna

2090 1058 2636 1112 commemoratione
2667 1057 2938 1111 morderi.
2962 1061 3227 1111 Antauin
3259 1056 3450 1111 fabula
3467 1057 3679 1121 senior,
3704 1072 3774 1110 ne

2093 1146 2265 1199 elisus
2306 1145 2572 1212 vinceret,
2626 1145 2824 1198 matris
2873 1145 3164 1211 solatium,
3234 1150 3538 1216 postquam
3601 1142 3778 1213 capit

2093 1250 2209 1287 non
2237 1234 2456 1298 cadere,
2492 1234 2749 1304 loquitur’
2773 1234 3103 1302 perdidisse.
3142 1234 3247 1297 Qui
3303 1250 3406 1304 per
3437 1232 3627 1287 callidi
3678 1232 3779 1285 ho-

2093 1324 2190 1376 stis
2216 1322 2488 1376 fabricam
2532 1321 2715 1376 fertur
2757 1322 2959 1376 stando
2992 1338 3114 1376 esse
3144 1330 3465 1392 superatus,
3494 1328 3549 1377 et
3586 1322 3646 1375 in
3676 1337 3778 1391 pe-

2094 1416 2247 1465 ctore
2282 1411 2532 1465 animam
2564 1411 2821 1481 posuisse
2860 1412 3148 1465 certantis.
3192 1412 3301 1465 Res
3339 1411 3552 1465 scilicet
3604 1410 3779 1478 digna

2095 1505 2436 1563 memoratu,
2472 1500 2567 1553 sed
2610 1498 2994 1575 amicitiarum
3024 1499 3264 1569 indigna
3310 1499 3627 1570 proposito.
3670 1499 3779 1552 Nos

2097 1604 2303 1658 nempe
2354 1588 2591 1641 memini
2633 1582 2863 1642 {aderis
2922 1588 3232 1641 certamina
3300 1588 3635 1657 suscepisse,
3683 1586 3779 1640 sed

299 1677 469 1746 culpa
500 1676 785 1747 respiciet,
820 1677 957 1748 quia
1001 1678 1268 1747 praefatos
1310 1694 1438 1732 mox
1483 1678 1551 1732 ad
1585 1678 1880 1733 servitium
1926 1679 1987 1732 il-
2028 1725 2067 1777 Β
2094 1693 2197 1747 per
2224 1693 2351 1747 qua
2386 1681 2598 1730 mutua
2626 1676 2919 1730 vincamus
2958 1675 3205 1731 caritatis
3250 1676 3487 1730 officiis:
3530 1680 3593 1729 ut
3644 1678 3783 1729 dum

297 1765 411 1819 lius
438 1764 578 1819 boni
608 1764 713 1818 viri
746 1766 867 1820 sine
899 1765 1140 1836 alicujus
1188 1766 1498 1821 audientia
1542 1767 1686 1821 libra
1716 1768 1797 1820 ire
1832 1782 1987 1820 com-

300 1853 442 1924 puli.
478 1854 721 1907 Domine
748 1854 849 1922 mi,
884 1855 1287 1909 salutationem
1344 1856 1724 1925 largissimam
1774 1856 1989 1923 dicens,

301 1957 475 2011 quam
515 1941 741 2009 vellem,
783 1942 830 1996 si
869 1942 991 1996 istis
1030 1943 1277 2014 negotiis
1315 1944 1556 2014 paginas
1601 1961 1716 1998 non
1748 1945 1990 2016 negetis,

300 2034 401 2083 aut
455 2035 809 2084 accusatores
863 2048 1018 2086 meos
1069 2031 1192 2101 ipse
1248 2048 1615 2103 componere,
1678 2038 1775 2088 aut
1838 2033 1993 2106 quod

301 2125 388 2172 est
410 2115 750 2173 familiarius
774 2118 1105 2189 frequenter
1126 2134 1316 2172 errare
1342 2118 1355 2172 l

895 2207 1226 2262 EPISTULA
1268 2208 1404 2261 VIII.

845 2292 868 2328 ⁸
892 2311 1115 2349 FlRMlNO
1154 2311 1444 2350 amoenus.
1490 2366 1496 2372 _

371 2381 631 2437 Jucunda
673 2387 805 2437 sunt
834 2383 1179 2438 commercia
1208 2384 1529 2437 litterarum
1572 2383 1736 2438 docto
1762 2386 1996 2438 auctore

303 2475 573 2542 concepta
604 2487 618 2525 :
651 2471 769 2539 illa,
802 2472 861 2525 in
892 2472 1100 2543 quibus
1127 2472 1198 2526 ad
1223 2488 1477 2543 unguem
1507 2472 1683 2543 'politi
1714 2473 1998 2527 sermonis

303 2560 578 2630 splendor
614 2560 943 2630 effulgurat,
993 2561 1093 2615 ubi
1130 2560 1325 2616 'oratio
1359 2562 1513 2615 dives
1557 2561 1732 2615 frenis
1774 2562 1997 2632 peritia

308 2647 658 2703 continetur.
713 2649 951 2712 Quando
989 2649 1382 2704 abundantem
1414 2650 1659 2721 loquela
1699 2666 1901 2704 venam
1935 2651 1989 2705 la

304 2735 567 2790 boriosus
616 2737 677 2790 in
708 2739 892 2792 lucem
941 2742 1222 2792 scrutator
1258 2738 1582 2805 adduxerit,
1615 2742 1753 2792 tunc
1798 2756 1995 2810 proce-

307 2824 450 2878 dunt
487 2826 675 2879 officia
709 2827 1072 2898 suscipientis
1136 2827 1432 2881 desideriis
1472 2827 1747 2898 paritura.
1794 2831 1866 2882 At
1896 2828 1997 2883 ubi

306 2913 503 2967 scaber
531 2930 720 2968 sermo
751 2915 1074 2985 angustiam
1108 2916 1380 2985 pauperis
1410 2915 1599 2986 signat
1630 2916 1871 2986 ingenii,
1893 2933 1999 2971 nec

2098 1766 2249 1820 inter
2292 1764 2623 1835 hujusmodi
2678 1764 2988 1818 luctamina
3036 1764 3291 1832 nitimur,
3325 1769 3381 1819 et
3422 1764 3570 1818 vinci
3618 1763 3786 1817 ambo

2100 1860 2363 1926 optemus
2385 1859 2442 1908 et
2469 1854 2714 1908 vincere.
2748 1852 2919 1908 Nobis
2940 1869 3044 1923 per
3068 1852 3396 1907 communia
3424 1858 3783 1924 peccatorum

2102 1948 2315 1997 secreta
2344 1943 2651 1997 vivendum
2682 1942 2892 2013 potius,
2924 1958 3098 2012 quam
3127 1943 3457 1997 obeundum
3490 1947 3611 1997 est:
3668 1957 3789 1995 ma-

2101 2032 2203 2086 tris
2225 2031 2481 2086 Ecclesia
2516 2048 2624 2102 ope
2657 2032 2889 2097 sociata,
2929 2047 3057 2102 qua
3091 2036 3383 2102 utrosque,
3429 2036 3494 2086 ut
3520 2047 3655 2085 vera
3701 2030 3793 2084 lo-

2102 2136 2368 2192 quamur,
2394 2119 2529 2174 fidei
2558 2120 2735 2174 ubere
2769 2121 2911 2174 lacte
2947 2120 3128 2190 pascit
3175 2120 3377 2174 altrici.
3411 2121 3642 2175 Cessent
3662 2118 3793 2172 ani-

2102 2209 2247 2264 lium
2273 2214 2597 2263 commenta
2628 2214 2928 2281 poetarum
2972 2225 2986 2262 :
3020 2207 3274 2263 fabulosa
3290 2210 3629 2279 repudietur
3653 2207 3796 2263 anti-

2104 2298 2290 2369 quitas
2324 2314 2335 2351 :
2372 2302 2550 2351 status
2580 2297 2855 2352 innocens
2881 2297 3063 2351 ruina
3096 2313 3461 2369 nequaquam
3488 2297 3794 2350 misceatur

2103 2386 2358 2441 alterius.
2414 2386 2607 2452 Nobis,
2648 2386 2694 2439 si
2743 2387 2929 2457 placet
2962 2387 3019 2440 in
3069 2388 3356 2441 novellum
3398 2402 3563 2440 usum
3612 2383 3794 2454 majo-

2103 2491 2233 2529 rum
2291 2476 2552 2545 exempla
2599 2491 2884 2541 revocare,
2941 2476 3132 2546 potius
3184 2475 3411 2546 Pyladis
3439 2479 3497 2529 et
3556 2473 3790 2539 Orestis,

2105 2563 2221 2619 Nisi
2252 2569 2307 2618 et
2327 2564 2575 2635 Euryali,
2606 2564 2849 2618 Pollucis
2880 2568 2937 2617 et
2966 2564 3214 2618 Castoris
3256 2564 3303 2617 si
3341 2562 3486 2617 nihil
3516 2562 3603 2617 bis
3633 2563 3794 2615 clan-

2106 2653 2460 2707 destinorum
2510 2656 2740 2706 actuum
2804 2652 3061 2722 decerpit
3121 2652 3465 2716 obscenitas,
3528 2648 3793 2704 convenit

2107 2740 2305 2812 gratia
2336 2740 2666 2793 meminisse
2688 2740 2775 2793 vel
2805 2740 2958 2793 fidei.
2993 2738 3144 2802 Quos
3173 2738 3324 2792 inter
3344 2755 3403 2792 se
3444 2738 3523 2791 ita
3560 2752 3793 2791 concors

2105 2829 2433 2883 animorum
2475 2828 2727 2882 devinxit
2769 2828 3085 2898 aqualitas,
3118 2833 3181 2881 ut
3207 2828 3412 2881 horum
3444 2827 3588 2881 duos
3617 2842 3793 2898 expe—

2106 2918 2249 2972 titus
2279 2932 2411 2971 cum
2442 2916 2884 2986 amicisjuvaret
2918 2916 3203 2982 interitus,
3237 2917 3380 2969 alter
3411 2916 3594 2970 amico
3623 2916 3799 2969 vitam

306 3008 650 3071 conceptum
680 3018 849 3057 suum
877 3002 937 3056 in
966 3003 1229 3059 ordinem
1263 3004 1579 3075 digerendo
1609 3009 1835 3059 noctem
1883 3010 1999 3059 stu-
2039 3020 2079 3075 ρ
2110 3006 2294 3078 pretio
2326 3022 2444 3060 sua
2470 3004 2671 3059 mortis
2700 3004 2948 3059 afferret.
2983 3006 3093 3057 Ista
3123 3010 3260 3059 sunt
3294 3004 3467 3075 digna
3491 3003 3796 3072 memoria,

308 3090 401 3144 dio
440 3090 783 3145 elocutionis
830 3091 1141 3159 interserit,
1187 3098 1241 3147 et
1290 3093 1582 3148 nebulosa
1651 3094 1999 3149 narrationis

308 3179 578 3248 ambiguo
603 3180 914 3250 quamdam
941 3186 1177 3251 generat
1206 3182 1276 3237 de
1307 3183 1430 3252 ipsa
1454 3183 1857 3253 explanatione
1889 3199 1997 3237 ca-

307 3266 570 3334 citateiu;
602 3267 730 3338 quis
778 3284 893 3322 non
938 3285 1196 3339 persona
1226 3270 1353 3324 talis
1387 3271 1446 3324 in
1476 3270 1819 3342 eloquentia
1872 3286 2000 3324 arce

308 3354 651 3409 constitutus
708 3361 941 3425 spernat
989 3356 1293 3411 affectum?
1346 3357 1551 3411 Gravat
1588 3357 1999 3411 conscientiam

310 3444 691 3512 perfectorum
724 3460 888 3498 amor
912 3445 1146 3500 indocti.
1200 3445 1307 3500 Sed
1333 3446 1414 3499 vis
1458 3445 1711 3499 caritatis
1756 3446 1997 3500 interna

312 3532 742 3586 necessitudinis
764 3533 1004 3587 vinculis
1047 3534 1242 3605 adjuta
1289 3549 1406 3587 non
1451 3534 1651 3588 fertur.
1685 3534 1869 3588 Nescit
1899 3551 1998 3588 ex-

311 3620 483 3690 periri
508 3622 645 3692 quid
673 3622 874 3692 possit,
903 3639 1075 3694 quem
1107 3624 1311 3677 caritas
1339 3623 1717 3677 stimulissuis
1731 3624 1998 3693 exagitat.

313 3710 512 3764 Solent
552 3715 745 3764 tamen
802 3711 1006 3783 dignos
1038 3711 1202 3766 venia
1250 3711 1510 3782 judicare
1567 3712 1822 3782 perfecti,
1857 3728 2002 3783 quos

312 3798 464 3852 inter
510 3799 841 3869 epistolares
884 3801 1003 3855 vias
1050 3801 1311 3854 nutantia
1364 3801 1668 3854 deseruere
1738 3801 1997 3870 vestigia.

315 3887 520 3942 Soletis
565 3888 701 3960 quid
759 3889 947 3943 dicere
1016 3888 1304 3941 voluimus
1356 3888 1670 3955 attendere,
1731 3890 2002 3960 quotiens

313 3992 430 4029 non
452 3978 801 4047 eloquuntur
826 3982 956 4030 vota
985 3992 1297 4030 sermones.
1337 3976 1559 4031 Idonea
1588 3982 1778 4031 tamen
1811 3980 2002 4049 ’perla-

314 4063 471 4117 tricis
509 4065 780 4119 viaticum
834 4065 1181 4135 pragravavi
1213 4084 1230 4119 :
1271 4070 1326 4117 et
1353 4081 1479 4135 qua
1506 4066 1613 4135 [me
1655 4072 2000 4137 prasentare

314 4152 453 4205 vivis
473 4154 743 4224 potuisset
764 4153 1049 4218 affatibus,
1077 4168 1143 4206 ea
1182 4152 1481 4223 epistolam
1529 4156 1836 4210 comitante
1870 4172 1998 4227 per-

314 4240 494 4295 duxi:
525 4242 717 4296 minus
763 4240 929 4294 nobis
966 4240 1207 4310 periculi
1253 4257 1375 4295 esse
1404 4243 1720 4309 conlidens,
1773 4244 1880 4297 sub
1921 4244 2004 4297 in-

314 4331 641 4383 tercessoris
676 4328 814 4383 boni
854 4345 945 4382 me
995 4330 1301 4400 prasentia
1331 4330 1660 4402 deliquisse.
1696 4332 1997 4403 Valeergo,

314 4418 396 4471 mi
423 4418 678 4483 domine,
717 4423 774 4471 et
812 4424 1101 4472 amantem
1155 4420 1327 4474 vestri
1379 4420 1765 4491 peculiaribus
1817 4420 2000 4475 fovete

314 4506 627 4562 beneficiis.
672 4507 763 4561 Sic
802 4508 1023 4579 apicem
1072 4516 1344 4577 vestrum,
1394 4509 1441 4564 si
1486 4515 1572 4564 est
1619 4526 1734 4581 quo
1788 4515 2003 4566 crescat

314 4595 501 4651 adhuc
528 4594 755 4650 divinus
783 4596 939 4651 favor
969 4599 1206 4653 attollat.

935 4688 1269 4743 EPISTOLA
1307 4688 1392 4742 IX.

858 4774 880 4809 ³
912 4790 1142 4830 οιιιιιιιο
1183 4792 1468 4831 sumemus.

386 4862 531 4917 Dum
563 4860 717 4917 favos
746 4862 1023 4934 loqueris,
1037 4870 1095 4918 et
1112 4881 1213 4935 per
1229 4866 1429 4921 domos
1444 4881 1635 4919 cereas
1656 4865 2003 4937 eloquentia

383 4986 419 5069 "
436 4989 848 5069 Retentaloris]
870 4989 1203 5069 Alienorqm
1224 4992 1441 5069 scilicet
1464 4992 1914 5069 mancipiorum_,_
1942 4997 2007 5048 ut

315 5059 377 5112 in
406 5060 531 5129 lege
564 5059 945 5114 Valentiniani
966 5061 1091 5116 cod.
1121 5062 1329 5115 Theod.
1365 5062 1435 5116 de
1468 5059 1696 5117 annona
1727 5069 1783 5117 et
1821 5062 2005 5119 tribu-

315 5129 408 5195 tis,
440 5130 957 5203 quirvagosgseruos
974 5137 1521 5202 penesserelentanl
1540 5148 1552 5188 :
1586 5150 1916 5203 quanquam
1949 5139 2003 5189 et

316 5151 408 5195 us,
440 5151 539 5201 qu:
568 5151 740 5203 vagos
765 5151 957 5186 servos
974 5151 1552 5202 penessereremam:
1629 5151 1739 5188 uan
1785 5151 1916 5188 nam
1949 5151 1999 5189 et

316 5204 378 5281 in
408 5202 660 5281 omnire
690 5201 1472 5281 alienadicit_ur.retentator.
1505 5151 1639 5281 C03.
1665 5151 1864 5259 cogem
1888 5205 1999 5281 leg.

322 5273 403 5344 l_2.
437 5270 545 5344 Qui
574 5272 739 5344 bonis
765 5289 835 5344 ex
881 5274 1002 5343 lege
1033 5274 1181 5328 Julia
1227 5275 1425 5329 cedere
1464 5276 1702 5344 possint,
1753 5281 1811 5329 et
1850 5270 2002 5344 apud

316 5341 639 5417 Ennodium
672 5342 731 5417 in
757 5343 880 5417 Yita
907 5341 1235 5417 Epiphanii,
1266 5350 1322 5400 et
1358 5345 1419 5401 in
1447 5341 1817 5417 Panegyrico.
1860 5341 2002 5401 Item

389 5502 409 5517 ι
453 5502 723 5557 nmmo]
764 5502 882 5539 mn.
912 5502 971 5551 ιι,
1003 5502 1167 5556 epist.
1202 5502 1253 5543 δ.

386 5554 409 5629 ξ
443 5553 690 5624 Olybrio]
719 5555 1012 5629 causidico
1033 5558 1160 5629 ejus
1185 5558 1307 5629 avi
1337 5556 1749 5629 disertissimo,
1769 5557 1840 5611 de
1884 5573 2001 5629 quo

316 5624 492 5698 epist.
516 5629 533 5679 l
547 5668 561 5692 ,
582 5643 711 5697 qua
725 5626 792 5698 ad
804 5624 1081 5698 Joannem
1096 5627 1312 5697 Olybrii
1337 5644 1615 5698 generum
1645 5627 1856 5697 scripta
1885 5624 1998 5683 est:

315 5695 620 5751 Neminem
634 5696 849 5752 credidi
865 5697 943 5751 ad
954 5695 1244 5767 Olybrium
1258 5695 1577 5770 pefvem're.
1595 5695 1857 5770 Ejusdem
1881 5701 1997 5752 elo-

2109 3095 2378 3167 quotiens
2419 3094 2568 3148 inter
2620 3110 2795 3148 novos
2836 3094 3159 3147 concordia
3197 3110 3393 3161 nexus,
3428 3094 3559 3161 udo,
3612 3098 3674 3148 ut
3720 3094 3799 3148 ita

2110 3185 2379 3251 dixerim,
2432 3183 2757 3237 animorum
2805 3182 2969 3249 libro,
3014 3182 3329 3253 cespitibus
3374 3182 3575 3236 validis
3610 3182 3797 3235 fetura

2107 3272 2319 3326 nobilis
2360 3271 2559 3341 juncta
2606 3271 2926 3325 maritatur.
3008 3271 3125 3325 Illa
3184 3276 3403 3325 mentes
3456 3270 3799 3340 promittunt

2107 3361 2258 3415 bona
2293 3360 2626 3425 concordia,
2659 3376 2788 3430 qua
2818 3359 2954 3430 quid
2978 3358 3035 3411 in
3066 3358 3526 3427 culturaandoris
3566 3358 3797 3427 sitopus

2109 3454 2445 3520 agnoscunt.
2479 3449 2706 3505 Gaudeo
2740 3454 2955 3513 tamen,
2988 3447 3141 3517 quod
3165 3447 3285 3516 jam
3308 3444 3811 3500 indissolubiliso;

2108 3539 2311 3593 cietate
2342 3539 2598 3593 moribus
2622 3537 2943 3609 jungimur,
2977 3541 3034 3589 et
3062 3535 3130 3588 ab
3162 3536 3305 3589 ostio
3337 3534 3648 3588 affectionis
3691 3550 3795 3605 per

2110 3626 2389 3682 examinis
2409 3627 2632 3681 lancem
2654 3624 2903 3679 caritatis
2922 3624 3277 3677 incrementa
3313 3638 3643 3694 pensamus.

2732 3712 3063 3768 EPISTOLA
3104 3713 3162 3766 Χ.

2687 3817 2961 3857 ENNODIUS
2997 3817 3210 3855 JOANNI.

2181 3892 2374 3947 Vicem
2414 3892 2735 3959 redderem,
2780 3890 2889 3944 nisi
2919 3894 3185 3943 oneraret
3225 3888 3584 3959 diligentiam
3628 3888 3798 3942 amici

2110 3982 2356 4050 pectoris
2384 3980 2647 4033 restituta
2675 3979 2928 4033 laudatio
2960 3992 2972 4031 :
3007 3994 3078 4031 ne
3108 3979 3246 4032 dum
3275 3977 3335 4031 in
3360 3976 3795 4047 praconiismu-

2109 4075 2273 4124 tuum
2302 4070 2562 4123 videmur
2579 4068 2827 4135 scabere,
2857 4067 3202 4121 adulationis
3224 4066 3548 4137 suspicione
3566 4066 3796 4135 pollua-

2110 4163 2205 4212 tur
2247 4158 2504 4224 affectio;
2552 4162 2611 4210 et
2648 4171 2812 4209 amor
2861 4161 3054 4209 currat
3100 4155 3159 4208 in
3205 4155 3426 4219 vitium,
3460 4154 3597 4208 dum
3655 4152 3799 4208 illud

2112 4246 2265 4318 quod
2296 4246 2446 4317 apud
2471 4245 2615 4299 alios
2663 4243 2938 4298 debemus
2972 4244 3179 4312 facere,
3203 4244 3368 4297 nobis
3407 4242 3797 4313 incompeten-

2044 4367 2087 4420 D
2117 4341 2205 4390 ter
2231 4334 2570 4406 ingerimus.
2611 4333 2945 4387 Amantium
2969 4332 3124 4387 enim
3157 4335 3492 4385 ornamenta
3522 4329 3676 4383 inter
3711 4330 3800 4383 fa-

2112 4426 2362 4480 miliares
2392 4423 2631 4494 paginas
2662 4422 2960 4477 retinenda
3009 4426 3164 4488 sunt,
3209 4436 3326 4475 non
3351 4419 3677 4490 loquenda;
3727 4434 3799 4471 ne

2109 4517 2337 4568 tantum
2366 4511 2743 4566 conscientias
2765 4517 2987 4562 nostras
3018 4509 3207 4562 vacuis
3235 4508 3494 4562 sensibus
3519 4507 3798 4561 relatione

2110 4601 2297 4657 laudis
2332 4601 2701 4655 honoremus.
2751 4598 2895 4651 Sunt
2942 4596 3042 4651 ubi
3084 4597 3237 4651 bona
3279 4601 3398 4661 tua,
3448 4602 3512 4649 ut
3544 4596 3693 4666 apud
3744 4602 3799 4649 te

2112 4695 2348 4762 propter
2377 4689 2643 4743 affectum
2675 4692 2917 4754 taceam,
2945 4685 3126 4740 amice
3156 4686 3571 4739 concelebrem.
3601 4686 3666 4738 In
3710 4684 3799 4738 his

2113 4795 2243 4850 qua
2272 4779 2340 4833 de
2368 4778 2623 4849 profectu
2662 4781 2759 4830 tuo
2808 4776 3012 4841 sentio,
3064 4775 3392 4845 religiosam
3420 4773 3536 4844 [tibi
3574 4777 3797 4827 tantum

2114 4868 2296 4923 debeo
2319 4866 2789 4921 taciturnitatem.
2816 4866 3048 4919 Possem
3071 4864 3324 4934 quidem,
3355 4862 3491 4916 vitia
3516 4862 3801 4932 temporis

2114 4991 2409 5062 quentiam
2437 4991 2687 5045 celebrat
2710 4990 2810 5045 lib.
2840 5006 2904 5055 ιι,
2926 4990 3092 5060 epist.
3129 4995 3159 5045 9
3190 4995 3248 5044 et
3281 4992 3362 5053 l3,
3411 4994 3466 5043 et
3521 4990 3803 5062 peculiari

2114 5061 2282 5133 opere
2309 5077 2485 5115 carm.
2513 5066 2562 5117 8.
2617 5062 2989 5133 Cassiodorus
3031 5078 3162 5115 vero
3197 5077 3471 5132 magnum
3503 5061 3800 5133 Olybrium

2112 5132 2413 5205 propterea
2444 5133 2723 5205 vocatilib.
2742 5148 2879 5205 _vm,
2904 5132 3071 5205 epist.
3101 5136 3180 5186 19.

2184 5209 2203 5241 ⁸
2221 5201 2519 5259 Ῥαίωείνα
2538 5203 2882 5273 dilucidam]
2912 5201 3235 5257 B‘asiliensis
3258 5202 3454 5267 editio,
3483 5201 3769 5273 dilucida!
3783 5216 3796 5256 :

2112 5275 2221 5329 hoc
2242 5274 2515 5328 nimirum
2551 5272 2879 5343 postulabat
2907 5290 3061 5339 usus,
3095 5283 3152 5326 et
3189 5273 3352 5342 origo
3402 5273 3550 5326 vocis
3578 5272 3801 5325 παλαίσ-

2111 5364 2238 5423 Tpa._
2252 5345 2370 5423 Sed
2403 5346 2693 5423 Ennodius
2718 5345 3077 5423 ra‘:_pa1asti;a
3099 5350 3372 5423 tanquam
3393 5344 3613 5423 plurale
3636 5360 3801 5423 usur—

2112 5414 2268 5485 pavit
2296 5416 2469 5470 etiam
2500 5416 2595 5469 lib.
2624 5433 2683 5481 ll,
2712 5416 2875 5485 epist.
2908 5414 2979 5485 ad
3018 5414 3365 5485 Pomerium,
3399 5419 3454 5467 et
3484 5414 3542 5467 in
3594 5416 3799 5485 prafe-

2111 5483 2264 5541 tione
2294 5486 2445 5541 dicta
2474 5486 2704 5542 Aratori
2727 5483 2827 5539 {et
2855 5484 3052 5538 creber
3080 5489 3166 5537 est
3212 5483 3271 5538 in
3307 5484 3483 5537 simili
3512 5483 3793 5553 enallage,

2111 5562 2175 5611 ut
2203 5574 2333 5611 cum
2366 5559 2422 5607 τὸ
2452 5558 2633 5627 ather
2655 5556 2816 5621 dicit,
2838 5559 2896 5607 τὸ
2925 5555 3213 5627 epitoma;
3246 5560 3301 5609 et
3345 5555 3464 5609 hac
3502 5556 3793 5627 lampada,

2111 5627 2362 5694 thoraca,
2395 5632 2451 5682 et
2473 5626 2587 5681 alia
2616 5626 2675 5681 id
2705 5642 2886 5698 genus
2916 5625 3221 5695 permulta.
