4054 6176
218 304 275 356 es
1558 294 2046 351 EPISTOLARUM
2087 295 2218 349 LIB.
2264 296 2303 349 1.
3596 304 3665 356 26

215 438 433 499 secutus,
478 431 669 487 laudes
708 432 832 483 tuas
873 443 1027 483 nunc
1064 427 1401 483 inexhausta
1453 427 1855 499 praedicatione
1894 429 1942 483 Α
1970 426 2292 482 humilitate
2326 426 2676 499 persolvens,
2710 444 2931 500 precor,
2966 434 3029 484 ut
3056 430 3290 486 tandem
3350 431 3663 503 aliquando

215 537 457 587 reserare,
490 525 665 574 totam
691 518 960 589 paginam
998 517 1201 572 fucatis
1257 518 1511 572 colorare
1550 516 1860 572 blanditiis.
1976 530 2088 569 non
2116 515 2480 569 immemores
2511 516 2914 570 admonitionis
2943 521 2999 572 et
3024 517 3277 586 foederis,
3309 518 3659 574 rescribatis.

217 613 309 668 Sed
335 610 467 664 absit
522 609 628 663 hoc
683 625 716 661 a
752 607 1071 678 proposito,
1127 608 1365 661 facessat
1406 624 1439 660 a
1491 607 1769 673 moribus,
1804 611 1867 661 ut
1971 603 2131 658 Circa
2159 620 2287 675 quae
2321 620 2495 675 opera
2514 605 2709 674 pigros
2738 621 2836 659 vos
2875 621 2996 660 esse
3028 623 3146 661 non
3175 607 3466 677 convenit,
3520 608 3661 679 quia

215 716 363 772 quem
390 702 574 752 mente
600 702 787 761 teneo,
833 696 939 749 ista
968 701 1190 750 tantum
1221 696 1393 750 velim
1441 712 1562 750 esse
1591 711 1862 750 remune-
1974 708 2077 746 nec
2104 693 2523 747 conversationi
2552 696 2751 747 vestrae
2773 699 2965 748 sancta
2992 695 3360 765 conscientia,
3392 712 3498 751 nec
3520 697 3665 767 uber

216 790 406 843 ratione
428 790 771 840 contentum.
809 785 936 839 Tibi
966 800 1083 839 non
1111 784 1468 839 delenilicam
1521 785 1866 850 orationem,
1974 797 2162 836 sermo
2192 786 2380 852 potest
2411 782 2607 836 deesse
2638 783 2959 853 colloquiis.

217 877 299 931 sed
325 890 504 929 vocem
536 873 714 927 debeo
758 874 1105 943 castigantis.
1141 874 1267 927 Non
1306 873 1422 943 tibi,
1446 872 1612 943 pictis
1666 872 1867 927 verbo-
2540 870 2879 925 EPISTULA
2917 872 3027 925 Xll.

221 981 326 1019 rum
352 963 587 1017 illudens
611 961 888 1029 artiﬁciis,
921 962 1018 1016 sed
1050 965 1235 1016 totum
1265 962 1548 1033 profunda
1596 966 1789 1016 mente
1814 966 1869 1016 te
2530 972 2799 1013 ENNODIUS
2838 961 2859 994 ³
2896 976 3120 1015 ΑνιεΝο.

226 1053 459 1119 retinens,
515 1067 742 1120 possem
781 1051 967 1105 dicere
1000 1066 1014 1105 :
1064 1051 1147 1105 Ad
1197 1067 1384 1105 arcem
1425 1050 1696 1117 scientiae,
1748 1051 1871 1104 sine
2049 1047 2106 1102 Si
2136 1062 2381 1118 quaeras,
2415 1062 2515 1100 cur
2544 1064 2576 1099 a
2606 1047 2833 1101 silentio
2865 1054 3045 1102 vestro
3072 1049 3312 1103 multata
3368 1066 3484 1105 non
3530 1051 3667 1104 reti-

224 1147 400 1196 teuerzr
425 1139 607 1193 astatis
636 1140 995 1210 praejudicio,
1028 1139 1335 1209 pervenisti
1366 1157 1378 1194 :
1409 1156 1694 1194 summam
1734 1156 1871 1211 per-
1980 1136 2330 1206 cetprodiga
2357 1135 2513 1188 frons
2545 1135 2807 1204 pudoris,
2845 1140 2899 1188 et
2931 1138 3079 1190 male
3110 1137 3537 1207 interpretando
3558 1139 3665 1193 im-

219 1229 445 1284 fectionis
472 1228 714 1298 adeptus
742 1246 801 1283 es
834 1245 848 1282 :
878 1229 1035 1282 nulla
1061 1228 1233 1282 debes
1262 1244 1397 1283 cura
1448 1228 1732 1298 distringi,
1777 1229 1871 1282 sed
1980 1224 2255 1295 pudentia
2281 1229 2513 1277 vocetur
2535 1223 2755 1277 affectio
2787 1241 2802 1276 :
2835 1223 2883 1276 si
2905 1226 3297 1293 garrulitatem
3332 1242 3516 1280 meam
3543 1228 3665 1280 fru-

220 1318 362 1372 bonis
396 1318 500 1371 tuis
540 1322 817 1387 tanquam
858 1318 1113 1387 locuples
1159 1333 1447 1387 possessor
1506 1318 1718 1371 ornari.
1765 1317 1871 1372 Sed
1980 1319 2075 1369 ctu
2102 1314 2255 1367 dicas
2286 1318 2536 1366 cessante
2580 1312 2841 1365 debuisse
2889 1314 3217 1383 compesci:
3274 1331 3380 1385 ego
3413 1320 3489 1380 te,
3537 1315 3666 1368 illu-

217 1407 337 1471 haac,
359 1407 493 1459 sicut
517 1405 784 1476 praedixi,
820 1422 853 1458 a
877 1422 968 1459 me
997 1406 1183 1460 aliena
1206 1409 1340 1460 sunt
1367 1423 1379 1459 :
1415 1422 1511 1459 ore
1540 1410 1593 1460 te
1621 1405 1873 1475 parentis
1983 1402 2257 1470 strissime
2287 1401 2610 1460 hominum,
2640 1400 2737 1453 illa
2762 1416 2889 1471 quas
2919 1401 2979 1453 in
2997 1402 3216 1455 familia
3244 1407 3339 1456 tua
3359 1402 3669 1457 domestica

217 1495 452 1559 stimulo;
486 1493 615 1547 dico
647 1514 660 1548 :
697 1494 813 1547 sint
842 1494 972 1548 licet
998 1495 1256 1564 grandia,
1290 1509 1418 1564 quae
1471 1493 1531 1547 in
1579 1509 1718 1547 cano
1759 1494 1875 1548 elo-
1983 1496 2068 1545 est
2103 1490 2432 1543 sinceritate
2458 1488 2767 1559 .convenio,
2800 1505 2905 1559 ego
2952 1490 3287 1544 foederatam
3339 1491 3670 1561 promissio-

218 1583 435 1653 quentiaa
458 1584 603 1636 ﬂore
636 1582 1061 1653 polliceris,ego
1090 1587 1282 1636 tamen
1311 1583 1421 1636 nisi
1461 1583 1529 1636 de
1555 1598 1738 1637 messe
1758 1599 1871 1636 non
1984 1594 2116 1631 nem
2142 1576 2301 1648 quasi
2330 1577 2583 1630 obsidem
2616 1578 2819 1631 mentis
2851 1578 3181 1648 amplector.
3222 1579 3391 1632 Doleo
3434 1578 3669 1649 quidem

215 1673 489 1743 gratulor:
524 1676 594 1725 ut
631 1672 775 1726 solet
830 1687 1032 1724 avarus
1092 1670 1499 1742 agricola,‘qui
1555 1671 1871 1725 ubertatem
1912 1728 1950 1743 ἢ
1984 1672 2316 1737 procuratas
2372 1665 2530 1735 longi
2578 1682 2772 1718 causas
2810 1666 3060 1721 silentii:
3108 1667 3243 1720 dum
3283 1671 3339 1719 et
3379 1666 3584 1719 caritas
3616 1670 3673 1719 et

214 1762 330 1816 anni
358 1761 463 1815 nisi
491 1761 556 1814 in
590 1760 808 1815 horreis
829 1776 946 1814 non
972 1760 1225 1814 metitur.
1258 1761 1383 1815 .lam
1413 1760 1472 1814 in
1509 1766 1563 1814 te
1609 1765 1664 1814 et
1693 1760 1875 1814 sinon
1914 1754 1952 1782 ⁰
1987 1755 2342 1809 necessitudo
2384 1754 2712 1824 negligitur.
2748 1754 2853 1808 Sed
2884 1754 3020 1825 quia
3052 1760 3339 1809 metotum
3372 1754 3478 1808 sibi
3508 1769 3673 1808 amor

215 1850 448 1921 gravidas
484 1850 719 1917 aristas,
744 1851 923 1903 multo
954 1854 1147 1903 tamen
1178 1848 1438 1902 videmus
1463 1849 1605 1902 lacte
1637 1854 1875 1919 turgen-
1983 1848 2115 1898 tuus
2138 1843 2405 1910 vindicat,
2441 1843 2624 1895 adhuc
2662 1843 2830 1896 credo
2874 1843 3296 1896 excusationem
3320 1858 3482 1912 posse
3530 1842 3671 1896 reci-

210 1945 298 1993 tes.
326 1940 438 1995 iam
468 1954 653 2009 prope
673 1938 743 1992 ad
773 1953 965 1991 aream
991 1941 1121 1991 vota
1154 1938 1518 2007 perveniunt.
1582 1937 1689 1991 Sed
1740 1938 1873 2006 plus
1983 1947 2118 2003 pere
2149 1932 2302 2002 quod
2346 1929 2545 1994 fecisti,
2597 1935 2651 1985 et
2700 1930 3057 2001 purgationis
3106 1937 3218 1984 tua:
3249 1932 3308 1984 in
3349 1931 3454 1984 hac
3508 1936 3672 2001 parte

210 2027 495 2081 timendum
525 2033 637 2091 est,
667 2026 938 2098 quotiens
987 2025 1269 2079 desideria
1318 2030 1509 2079 nostra
1537 2041 1666 2095 spes
1687 2025 1875 2080 vicina
1984 2036 2182 2074 causas
2232 2020 2453 2073 aestimo
2497 2035 2638 2085 esse,
2689 2035 2829 2090 quas
2869 2018 3127 2073 invenire
3165 2035 3280 2073 non
3314 2036 3563 2089 possum.
3610 2021 3673 2073 1n

210 2116 483 2170 succendit.
532 2115 760 2170 Labora
803 2114 951 2168 circa
993 2114 1201 2175 studia,
1243 2113 1429 2167 lucem
1475 2113 1535 2167 in
1574 2114 1876 2184 colloquiis
1984 2110 2133 2163 bona
2165 2114 2220 2163 te
2253 2108 2575 2162 valetudine
2605 2108 2832 2178 degere,
2881 2107 2997 2161 voti
3046 2123 3278 2179 compos
3313 2124 3538 2178 semper
3570 2124 3674 2162 au-

213 2205 382 2275 dilige,
406 2204 641 2258 lectioni
662 2204 900 2257 devotus
937 2202 1154 2268 insiste,
1192 2208 1251 2255 ut
1284 2202 1499 2256 fructus
1532 2203 1876 2273 eloquentiae
1986 2199 2101 2252 divi
2133 2214 2145 2251 :
2188 2197 2455 2251 sudorem
2491 2204 2654 2250 tuum
2677 2197 2823 2249 circa
2842 2201 3244 2249 ornamentum
3276 2198 3503 2266 generis
3523 2213 3673 2267 saepe

211 2293 906 2364 multipliciumjauctorum
922 2291 1291 2346 ventilatione
1308 2295 1607 2362 purgetur.
1633 2292 1875 2347 Pulchra
1986 2286 2305 2357 epistolaris
2327 2285 2566 2356 alloquii
2594 2285 2720 2338 luce
2743 2284 2971 2338 tersisti.
2999 2284 3149 2337 Nihil
3181 2288 3390 2355 praeter
3418 2290 3671 2339 contem-

212 2390 321 2435 sunt
348 2400 464 2453 quas
499 2382 741 2449 scribis;
778 2381 875 2435 sed
903 2397 1010 2451 ego
1042 2396 1169 2434 amo
1201 2380 1326 2451 plus
1356 2379 1526 2433 fortia
1558 2396 1571 2433 :
1611 2380 1876 2435 redimita
1984 2382 2147 2445 ptum
2172 2379 2470 2439 monstrat,
2504 2372 3133 2445 quotienstaciturnitas
3152 2390 3266 2427 non
3288 2373 3461 2428 habet
3488 2390 3675 2427 neces-

214 2475 321 2525 sunt
340 2470 606 2535 ﬁoribus;
640 2469 739 2523 sed
766 2484 937 2538 poma
965 2468 1094 2537 plus
1120 2468 1317 2538 diligo.
1349 2467 1529 2535 Salve,
1564 2468 1644 2522 mi
1695 2469 1874 2523 domi-
1985 2466 2232 2519 sitatem.
2266 2464 2382 2534 Ego
2408 2467 2601 2515 tamen
2622 2478 2784 2531 spem
2804 2462 2872 2515 de
2904 2477 3179 2531 responso
3193 2462 3425 2533 capiens
3448 2479 3675 2533 semper

215 2576 288 2625 ne,
315 2564 364 2612 et
388 2558 505 2612 haec
529 2575 606 2611 ea
640 2574 754 2628 qua
779 2556 1066 2611 insinuavi
1106 2556 1431 2611 sinceritate
1471 2558 1872 2628 complectere,
1986 2553 2212 2625 scripsi,
2244 2558 2301 2606 et
2323 2552 2429 2607 sub
2455 2552 2704 2623 quadam
2743 2551 3017 2605 claritatis
3081 2556 3195 2605 tuae
3246 2552 3557 2621 praasentia
3596 2553 3672 2607 le-

216 2652 259 2701 et
283 2664 517 2702 amorem
558 2662 754 2701 meum
803 2645 863 2699 in
924 2645 1327 2699 admonitionis
1380 2645 1493 2699 ﬁde
1558 2646 1870 2717 perpende.
1986 2644 2178 2713 genda
2209 2640 2596 2696 dictavizvisa
2627 2640 3040 2705 estmihi,dum
3064 2641 3289 2712 loquor,
3316 2640 3525 2710 pagina
3548 2656 3677 2694 mea

215 2736 337 2789 Scito
366 2736 639 2806 epistolas
669 2740 796 2788 tuas
827 2734 999 2788 nullis
1021 2734 1317 2787 doctorum
1348 2751 1379 2786 a
1413 2750 1501 2787 me
1529 2751 1651 2788 esse
1700 2736 1871 2789 dene-
1982 2736 2039 2786 te
2069 2731 2406 2795 reddidisse,
2430 2736 2484 2784 te
2515 2745 2732 2800 sapere,
2758 2729 2940 2797 ettuis
2969 2728 3488 2799 pictaimaginibus
3508 2728 3675 2781 verba

215 2823 415 2892 gandas,
439 2828 502 2877 ut
539 2822 703 2894 quod
750 2838 840 2875 me
876 2839 980 2893 per
1011 2821 1295 2876 inscitiam
1347 2822 1581 2894 fugerit,
1629 2840 1731 2893 per
1779 2840 1876 2877 eos
1985 2820 2263 2875 conferre.
2320 2820 2462 2885 Quid
2498 2823 2647 2873 esset
2688 2818 2749 2872 in
2797 2818 3039 2888 epistola
3102 2823 3200 2871 tua
3230 2817 3570 2885 dulcedinis,
3627 2818 3673 2871 si

216 2911 294 2981 qui
318 2912 380 2965 ad
411 2927 676 2982 unguem
744 2911 895 2965 docti
947 2917 1081 2964 sunt
1107 2911 1486 2966 emendetur:
1524 2917 1579 2965 et
1632 2912 1762 2966 ideo
1805 2913 1874 2967 ad
1985 2925 2111 2963 eam
2162 2909 2396 2963 daretur
2440 2906 2715 2978 accipere,
2777 2923 2970 2977 quaeso
3028 2906 3337 2976 diligenter
3396 2907 3674 2976 iexpende

217 3000 499 3071 scriptionis
540 3001 831 3054 culturam
880 3001 1060 3054 multo
1103 3000 1311 3054 sudore
1356 3005 1411 3053 te
1457 3017 1716 3071 przepara
1751 3019 1762 3055 :
1812 3008 1875 3056 ut
1914 3026 1953 3080 ρ
1986 2998 2234 3068 quando,
2271 2997 2404 3051 licet
2434 3013 2467 3049 a
2514 2994 2680 3048 nobis
2713 2994 3098 3065 procedentia,
3133 2999 3324 3046 tamen
3360 3010 3489 3064 quae
3518 2995 3586 3047 ad
3620 2999 3673 3047 te

217 3096 321 3142 vota
346 3106 464 3161 quae
494 3091 654 3144 circa
700 3094 754 3143 te
802 3105 910 3159 pro
955 3088 1265 3142 venerandi
1302 3089 1481 3158 patris
1523 3089 1606 3142 tui
1652 3088 1869 3143 meritis
1982 3086 2239 3152 veniunt,
2272 3085 2446 3139 verba
2471 3082 2927 3154 complectimur.
2954 3084 3076 3137 iam
3101 3098 3241 3152 rogo
3282 3083 3353 3136 ad
3400 3082 3664 3137 affectum

216 3194 377 3233 amore
407 3178 672 3249 concepi,
697 3178 763 3232 ad
797 3178 1059 3232 eﬁ‘ectum
1093 3177 1199 3232 sub
1228 3177 1333 3231 hac
1352 3177 1622 3232 claritatis
1640 3182 1759 3232 tuae
1790 3178 1872 3231 in-
1983 3174 2311 3245 scriptionis
2366 3174 2604 3243 erigere,
2670 3176 2725 3225 et
2777 3170 3106 3224 ariditatem
3160 3186 3350 3224 meam
3395 3171 3667 3241 colloquii

218 3268 434 3323 lentione
462 3268 831 3340 perveniant.
1984 3263 2215 3318 ﬂuentis
2245 3263 2504 3328 infunde,
2546 3267 2609 3315 ut
2653 3259 2791 3331 quid
2836 3259 3225 3313 ministerium
3269 3275 3461 3314 meum
3492 3276 3521 3313 a
3554 3260 3670 3313 Deo

793 3353 1127 3409 EPISTOLA
1164 3354 1250 3409 XI.
1983 3355 2166 3408 valeat
2193 3353 2522 3423 impetrare,
2554 3364 2915 3420 cognoscam,
2941 3348 2988 3402 si
3020 3348 3291 3419 epistolas
3324 3353 3450 3401 tuas
3500 3364 3677 3402 aemu-

593 3459 863 3498 ENNODIUS
901 3459 1155 3498 CASTOBIO
1195 3459 1256 3496 ετ
1293 3458 1484 3498 FLORO.
1986 3443 2068 3497 las
2101 3446 2352 3513 paternae
2383 3438 2745 3511 perfectionis
2776 3454 3063 3508 accepero.
3082 3438 3220 3491 Nolo
3252 3442 3493 3503 metuas,
3524 3438 3675 3508 quod

270 3533 561 3586 Amantem
615 3532 787 3585 vestri
842 3531 1026 3602 gratia
1071 3530 1353 3585 deberetis
1407 3530 1662 3585 relevare
1714 3530 1881 3585 collo-
1985 3531 2149 3585 illum
2181 3529 2604 3584 formidandum
2628 3526 2969 3581 doctissimis
2995 3526 3224 3597 loquor,
3258 3532 3314 3580 et
3356 3526 3518 3596 quasi
3549 3530 3679 3580 ante

217 3619 332 3688 quii,
364 3626 411 3675 et
442 3620 698 3674 amicam
727 3619 1085 3690 diligentiam
1120 3619 1448 3673 testimonio
1481 3635 1732 3673 reserare
1761 3635 1879 3672 ser-
1987 3621 2181 3674 oculos
2213 3619 2419 3673 tuosin
2453 3618 2778 3688 exemplum
2814 3615 3152 3670 elocutionis
3173 3615 3410 3669 adduco.
3462 3614 3677 3668 Perito-

218 3708 408 3764 mouis:
440 3709 586 3780 quia
636 3712 793 3762 muta
818 3708 1020 3762 caritas
1045 3724 1191 3778 pene
1221 3708 1440 3762 obtinet
1470 3708 1617 3762 vices
1648 3707 1878 3778 ingrati,
1986 3725 2115 3763 rum
2151 3725 2273 3762 mos
2294 3711 2378 3761 est
2407 3705 2781 3771 medicorum,
2827 3705 2887 3759 in
2916 3704 3076 3758 venis
3122 3703 3553 3774 deprehendere
3596 3703 3677 3756 vi-

217 3802 260 3849 et
285 3814 372 3868 per
392 3799 744 3869 paginarum
770 3796 1172 3851 abstinentiam
1202 3796 1564 3867 intercipitur
1594 3797 1673 3849 vis
1715 3813 1879 3850 amo-
1988 3813 2076 3851 res
2108 3812 2437 3868 corporum,
2468 3800 2523 3849 et
2552 3795 2621 3850 de
2658 3809 2918 3848 successu
2945 3791 3198 3847 hominis
3247 3791 3456 3862 digitos
3502 3791 3681 3845 inter-

220 3881 296 3935 ris.
316 3886 650 3940 Absentium
682 3885 889 3940 animis
914 3886 1032 3939 sola
1064 3886 1383 3939 litterarum
1416 3886 1680 3939 medetur
1726 3886 1881 3939 obla-
1986 3902 2207 3957 rogare.
2231 3884 2519 3955 Necjaliter
2538 3883 2919 3953 iucipientum
2943 3886 3183 3952 possunt
3210 3879 3446 3951 ingenia
3464 3896 3676 3951 cogno-

220 3972 298 4035 tio,
328 3992 445 4045 quae
476 3975 735 4046 quodam
782 3975 995 4027 mentis
1050 3974 1289 4027 artiﬁcio
1338 3974 1528 4044 pingit
1572 3974 1878 4045 scriptione
1989 3976 2089 4039 sci,
2112 3975 2535 4044 nisiutquinon
2558 3973 2765 4027 debent
2781 3979 2989 4027 tenerae
3025 3972 3209 4026 adhuc
3235 3969 3391 4024 aetati
3419 3969 3681 4027 robustas

221 4064 344 4131 quod
376 4064 652 4135 loquitur.
688 4064 816 4116 Haec
848 4062 997 4133 apud
1028 4078 1123 4116 vos
1153 4062 1588 4132 supervacuum"i
1610 4069 1879 4133 putamus
1990 4063 2453 4130 declamationes,
2485 4062 2842 4133 inquirentes
2880 4061 2951 4114 de
2979 4060 3172 4114 futura
3203 4059 3462 4113 ubertate
3501 4057 3685 4111 laetiﬁ-

220 4166 454 4220 asserere,
490 4169 641 4224 quos
682 4151 943 4205 instituta
982 4151 1195 4204 nobilia
1224 4157 1457 4217 acuunt,
1490 4151 1699 4223 quibus
1737 4168 1879 4223 pras-
1995 4156 2193 4206 centet
2220 4161 2460 4204 messem
2485 4148 2989 4219 peritiaeinzradice
3017 4148 3398 4202 manifestent.
3427 4146 3685 4215 [Domine

220 4245 288 4292 sto
314 4247 389 4295 est
416 4242 675 4312 sanguis,
711 4241 987 4303 doctrina,
1020 4240 1389 4294 consortium.
1427 4241 1575 4295 Nihil
1591 4247 1676 4295 est
1708 4243 1879 4296 bona-
1994 4246 2058 4297 ut
2086 4256 2275 4311 supra,
2308 4238 2662 4293 salutationis
2676 4238 2913 4299 honore,
2937 4236 3254 4290 reverentia
3275 4234 3463 4305 solita,
3490 4250 3681 4304 spero,

219 4343 325 4382 rum
351 4332 583 4396 artium,
619 4329 772 4400 quod
804 4330 1021 4382 nescire
1041 4329 1162 4382 sine
1194 4330 1556 4399 negligentiae
1581 4332 1749 4400 culpa
1781 4348 1877 4402 po-
1915 4331 1959 4384 D
1993 4336 2055 4385 ut
2086 4329 2193 4384 mei
2231 4334 2287 4383 te
2330 4343 2452 4382 esse
2491 4343 2805 4381 memorem
2846 4326 2893 4379 si
2932 4325 3204 4379 meritum
3245 4338 3362 4375 non
3408 4322 3678 4387 ostendit,

1912 1728 1952 1782 Β

221 4417 319 4471 sitis
362 4436 499 4490 quos
540 4424 678 4489 post
723 4418 911 4471 lucem
964 4419 1241 4471 natalium
1293 4418 1686 4473 Romanorum
1710 4421 1880 4474 decus

222 4506 429 4562 Faustus
460 4508 708 4562 institui.
741 4509 889 4577 Ergo
932 4505 1114 4578 magis
1155 4507 1447 4562 fatendum
1495 4515 1600 4575 est,
1639 4526 1729 4564 me
1768 4526 1885 4563 non

220 4598 401 4650 mereri
431 4597 592 4667 quod
634 4597 1069 4667 postulo,quam
1096 4613 1195 4649 vos
1221 4598 1437 4651 nescire
1461 4598 1598 4668 quid
1629 4598 1889 4651 debeatis

220 4684 417 4740 offerre.
456 4685 694 4741 Domini
724 4684 922 4752 ‘mihi,
941 4685 1520 4755 salutationisidebita
1549 4685 1891 4741 effusissime

277 4830 292 4862 ¹
324 4830 383 4883 In
410 4829 550 4883 edit.
585 4827 829 4894 Schotti,
868 4827 999 4882 mei.

274 4900 292 4934 ²
319 4899 557 4966 Avieno]
593 4899 784 4954 Fausti
816 4900 955 4966 tilio,
1007 4899 1077 4953 de
1107 4900 1270 4969 cujus
1297 4899 1596 4953 consulatu
1634 4898 1883 4953 vidimus

218 4972 362 5039 epist.
399 4976 449 5026 5.
488 4972 648 5024 Idem
682 4972 739 5024 in
775 4975 978 5040 quarta
1006 4971 1225 5040 synodo
1256 4972 1510 5025 Romana
1544 4970 1889 5040 Symmachi,

218 5043 341 5094 etin
371 5041 716 5097 Theodorici
742 5041 893 5111 regis
924 5041 994 5094 ad
1043 5043 1303 5095 eamdem
1361 5041 1640 5111 synodum
1691 5042 1892 5095 litteris

220 5112 395 5166 Ruiius
428 5115 670 5181 Magnus
711 5114 949 5166 Faustus
979 5112 1225 5165 Avienus
1260 5113 1527 5165 omnibus
1555 5112 1672 5164 suis
1708 5113 1890 5165 nomi-

219 5184 363 5236 nibus
393 5184 741 5254 appellatur.
777 5183 983 5236 Errant
1015 5183 1193 5250 enim,
1228 5184 1326 5253 qui
1359 5183 1604 5254 duorum
1638 5183 1716 5235 ibi
1747 5200 1889 5236 con-

218 5256 383 5307 sulum
416 5253 658 5307 nomina
690 5254 900 5321 exponi
930 5259 1135 5323 putant
1168 5270 1179 5305 :
1215 5270 1343 5306 cum
1376 5253 1546 5307 unius
1569 5255 1681 5307 sint
1720 5255 1887 5308 Avie-

219 5326 267 5376 ni
295 5341 307 5377 :
336 5326 428 5379 cui
460 5342 494 5378 a
542 5331 701 5393 patre
743 5324 955 5388 Fausti,
994 5342 1025 5377 a
1056 5329 1314 5378 materna
1345 5325 1687 5393 cognatione
1707 5323 1891 5394 Magni

220 5409 522 5465 cognomen
578 5396 843 5450 inditum.
901 5395 983 5449 Ad
1034 5395 1187 5448 hunc
1254 5396 1464 5465 ipsum,
1511 5395 1736 5465 opinor.
1768 5403 1889 5449 tum

220 5461 350 5519 inter
377 5471 674 5520 senatores
701 5466 1042 5536 primarium
1076 5461 1431 5535 multis—post
1460 5461 1625 5519 annis
1653 5466 1891 5535 scriptas

220 5541 377 5611 exstat
408 5538 735 5611 dogmatica
759 5538 990 5611 Joannis
1024 5553 1257 5611 papae“
1288 5537 1547 5611 epistola,
1580 5537 1741 5611 cujus
1772 5537 1892 5590 hzrc

221 5606 540 5677 inscriptio:
565 5611 825 5662 Joannes
848 5607 1146 5678 episc0pus
1164 5609 1458 5663 Romanus
1474 5606 1792 5678 illustribus
1823 5624 1892 5660 ac

221 5678 528 5749 magniﬁcis
558 5680 695 5734 viris
725 5677 963 5745 Avieno,
989 5677 1280 5743 senatori,
1311 5677 1560 5745 Liberio,
1600 5679 1889 5744 Seuerino,

1992 4421 2191 4475 saltem
2223 4416 2627 4490 importunitas
2658 4431 2786 4469 mea
2816 4431 2944 4485 quae.
2974 4411 3354 4466 estindefessa
3369 4409 3676 4481 signiticet.

2568 4503 2901 4558 EPISTULA
2942 4502 3089 4556 XIII.

2528 4607 2795 4647 ENNODIUS
2834 4592 2856 4624 ³
2896 4604 3147 4644 Αωιητο.

2068 4684 2208 4740 Male
2238 4688 2325 4739 est
2375 4681 2590 4749 animo,
2652 4685 2953 4752 postquam
3015 4675 3357 4747 magnitudo
3397 4681 3495 4732 tua
3522 4675 3689 4749 [aequi

1998 4828 2209 4895 Fideli,
2239 4827 2430 4895 Avito,
2465 4823 2744 4898 Opilioni,
2768 4820 3011 4890 Joanni,
3043 4821 3301 4887 Silverio,
3332 4820 3690 4875 Clemenlino

1998 4904 2054 4955 et
2082 4898 2361 4955 Ampelio.

2070 4917 2392 5042 ³Λίὶη91ἴιεέἳδ]
2411 4968 2541 5020 Viro
2572 4965 2780 5020 illustri
2798 4982 2827 5042 _:_
2839 4965 2951 5042 cui
2982 4969 3112 5042 post
3145 4963 3464 5042 palatinum
3511 4962 3689 5042 hono-

2001 5058 2120 5095 rem
2154 5034 2559 5103 Davenu’atem,
2590 5054 2763 5108 quem
2795 5037 2875 5089 illi
2910 5034 3016 5089 hoc
3047 5037 3168 5108 loco
3214 5034 3537 5108 gratulatur
3581 5034 3689 5086 En-

1999 5113 2203 5166 nodius
2234 5117 2290 5163 vi.
2322 5111 2390 5164 de
2422 5125 2535 5178 quo
2568 5105 2779 5162 it'erum
2822 5108 2918 5160 lib.
2952 5123 3027 5171 IV,
3082 5106 3247 5175 epist.
3282 5109 3333 5178 6,
3368 5105 3553 5158 delata
3605 5109 3692 5178 est

2000 5184 2173 5237 etiam
2199 5199 2227 5235 a
2255 5175 2600 5235 Theoderico
2640 5195 2774 5249 rege
2824 5179 3175 5249 praefectura
3212 5176 3454 5249 Urbana,
3494 5179 3557 5226 ut
3587 5175 3687 5249 ali-

2001 5258 2139 5325 quot
2168 5254 2289 5322 ejus
2323 5252 2579 5325 epistolaa
2613 5245 2921 5325 ostendunt
2957 5248 3114 5325 apud
3137 5245 3549 5325 ICassiodorum
3590 5245 3688 5299 lib.

2001 5316 2039 5390 ιζ
2070 5316 2216 5377 tum'
2231 5316 2581 5393 patriciatus,
2623 5326 2681 5375 et
2710 5319 2919 5393 legatio
2952 5316 3018 5372 in
3054 5318 3382 5393 Orientem,
3436 5316 3689 5393 sub_an_-

2000 5386 2161 5459 num,
2188 5386 2250 5449 ut
2279 5410 2426 5456 reor,
2459 5386 2579 5459 510,
2616 5393 2686 5446 de
2717 5386 2831 5461 qua
2859 5390 2958 5443 lib.
2991 5406 3049 5455 ιι,
3072 5388 3234 5461 epist.
3271 5389 3302 5440 6
3346 5386 3686 5461 Cassiodori.

2003 5467 2257 5535 Denique
2284 5464 2611 5518 ordinarius
2640 5460 3163 5535 consulatusanno
3199 5460 3324 5535 517,
3363 5460 3527 5535 cujus
3574 5473 3688 5511 non

2000 5529 2183 5590 soluui
2209 5542 2376 5590 testes
2408 5540 2539 5588 sunt
2563 5532 2769 5598 Fausti,
2802 5530 2900 5584 sed
2923 5531 3092 5583 etiam
3117 5529 3367 5599 synodus
3390 5529 3688 5598 Epaunen-
3716 5530 3724 5537 ”

2002 5608 2097 5672 sis,
2125 5624 2293 5677 quam
2322 5606 2563 5677 Agapito
2600 5602 2830 5657 consule
2880 5598 3241 5655 convocatam
3281 5600 3455 5654 fuisse
3484 5598 3687 5653 docent

2003 5687 2192 5732 vetera
2222 5676 2586 5746 exemplaria.
