4102 6182
306 298 369 347 27
1533 287 1819 343 ENNODII
1860 287 2181 344 EPISCOPI
2219 286 2614 344 TICINENSIS
3732 293 3798 344 â€˜28

305 421 809 479 observantissime
850 425 909 476 et
960 420 1338 475 amicitiarum
1364 423 1550 484 tenax,
1574 418 1633 472 in
1664 418 1809 497 hanc
1854 435 1997 473 mea:
2036 422 2081 474 A
2104 417 2265 488 jussa
2289 419 2557 491 respexit.
2592 420 2803 474 Pueros
2825 419 3120 489 destinavi,
3151 420 3249 491 qui
3268 420 3421 477 fideli
3456 437 3547 476 me
3573 421 3641 476 de
3671 437 3802 493 pro-

307 513 609 569 oblivionis
639 528 697 566 se
726 510 1211 577 vertitincuriam,
1231 514 1293 562 ut
1322 507 1629 579 diligentiae
1663 507 1989 575 immemor,

305 603 458 657 bona
503 600 753 656 melioris
803 600 1016 665 saeculi,
1056 615 1182 670 quae
1233 602 1590 651 accesserunt
1621 596 1690 650 de
1738 596 1989 667 profectu

308 692 594 745 honorum
622 696 877 755 tuorum,
907 690 1059 743 fama
1105 686 1292 757 potius
1326 702 1499 756 quam
1543 684 1691 739 felici
1751 686 1993 755 epistola

308 780 643 834 nuntiasset.
683 779 785 833 Ubi
818 782 950 831 sunt
979 777 1076 829 illa
1116 780 1324 828 sanctae
1367 773 1726 828 conscientias
1775 779 1888 827 tua:
1932 773 1993 826 in

307 868 744 923 conversatione
774 865 1099 919 veneranda
1145 863 1507 935 penetralia?
1546 862 1781 926 Quando
1830 862 1993 915 inve-

307 959 431 1013 nire
462 957 737 1028 potuisset
769 955 944 1009 relatu
975 954 1237 1023 digniora
1251 951 1558 1006 animusde
1589 951 1992 1005 amantishila-

274 1047 473 1102 'ritate
505 1044 819 1099 sollicitus?
853 1043 961 1098 Sed
993 1058 1295 1113 quaero,ne
1311 1039 1693 1111 malignorum
1708 1039 1993 1110 quispiam

312 1140 568 1188 austrum
596 1131 868 1197 fontibus,
900 1131 1301 1201 autpetulcum
1325 1129 1534 1182 animal
1566 1129 1770 1182 rosetis
1800 1126 1993 1181 immi-

308 1223 460 1276 serit.
514 1222 818 1291 Nunquam
861 1218 1014 1273 enim
1068 1219 1187 1272 sine
1241 1218 1456 1272 offensa
1513 1217 1710 1270 amicis
1758 1232 1997 1287 prosper

306 1314 541 1363 eventus
564 1307 936 1362 absconditur
969 1323 981 1360 :
1011 1323 1043 1359 a
1064 1306 1448 1360 commotione
1478 1305 1669 1359 evenit
1699 1305 1866 1373 longe
1896 1304 1992 1358 de-

306 1398 573 1469 gentibus
600 1403 786 1452 tacere
820 1396 973 1467 quod
1008 1395 1274 1463 gaudeas.
1308 1395 1510 1449 Procul
1541 1411 1574 1448 a
1603 1394 1859 1448 moribus
1900 1409 1995 1446 ve-

305 1488 436 1541 stris
469 1486 700 1539 malitize
727 1484 1299 1539 facessatobscenitas
1332 1503 1347 1552 ;
1374 1487 1510 1553 puto
1533 1483 1679 1536 bona
1698 1487 1884 1535 vestra
1906 1497 1995 1534 me

305 1576 580 1630 meruisse
612 1574 851 1628 nescire.
887 1574 1007 1637 Qua
1049 1572 1328 1627 sermonis
1360 1573 1682 1643 frequentia
1731 1570 1993 1643 pensabi-

304 1669 399 1719 tur
429 1665 537 1718 tale
569 1663 896 1717 silentium?
926 1663 1302 1717 Decedentem
1343 1679 1376 1716 a
1404 1662 1700 1716 desideriis
1748 1661 1995 1714 amicum

304 1753 462 1807 nulla
495 1752 735 1807 delinire
782 1757 967 1823 potest
1014 1753 1235 1807 cultura
1284 1752 1555 1806 caritatis.
1602 1753 1731 1805 Haec
1754 1753 1994 1821 quanta-

306 1842 408 1910 vis,
435 1842 513 1896 mi
536 1840 787 1905 domine,
816 1840 1105 1895 nobilibus
1125 1840 1376 1895 scientia:
1406 1846 1521 1894 tum
1552 1840 1857 1893 verborum
1874 1838 1996 1908 pin-

308 1947 408 2001 gas
434 1930 810 2000 imaginibus,
851 1946 979 1983 raro
1010 1936 1285 1983 curantur
1333 1930 1632 1983 malefacta
1674 1925 1992 1998 colloquiis,

305 2022 361 2071 et
392 2018 557 2072 dolor
588 2018 686 2089 qui
719 2034 750 2071 a
783 2023 836 2071 te
878 2017 1253 2082 descenderit,
1288 2017 1474 2069 sanari
1512 2033 1629 2069 non
1657 2014 1860 2086 poterit
1894 2029 1999 2084 per

306 2107 616 2179 loquelam.
653 2106 754 2160 Vix
778 2107 907 2173 erit,
943 2110 1003 2159 ut
1024 2106 1324 2161 scribendo
1345 2105 1532 2159 deleas
1563 2104 1717 2176 quod
1751 2103 1996 2157 scribere

306 2195 722 2265 contempsisti.
780 2195 887 2250 Sed
943 2200 1197 2249 revertor
1234 2195 1304 2248 ad
1353 2193 1739 2264 propositum,
1797 2208 1829 2245 a
1884 2206 1997 2261 quo

307 2300 601 2354 nunquam
647 2288 751 2349 est,
792 2283 839 2337 si
876 2283 1177 2337 miseretur
1229 2282 1516 2349 divinitas,
1565 2280 1993 2335 discedendum.

308 2373 422 2426 Deo
446 2372 647 2438 debeo,
695 2372 848 2443 quod
880 2387 1153 2442 prospera
1207 2375 1325 2435 tua,
1374 2376 1430 2423 te
1476 2369 1767 2424 silentium
1800 2384 1998 2438 procu-

306 2467 485 2527 rante,
512 2461 571 2514 in
602 2460 838 2533 Liguria:
868 2460 1088 2531 primus
1140 2458 1363 2530 agnovi.
1411 2457 1709 2513 Perdidisti
1747 2458 1996 2511 fructum

307 2550 576 2603 studiosa:
608 2549 1048 2603 taciturnitatis:
1082 2548 1362 2603 bonorum
1395 2548 1632 2602 felicitas
1665 2545 1865 2600 mundi
1896 2544 1999 2598 lin-

306 2652 420 2707 gua
459 2636 800 2690 celebratur.
854 2636 1112 2706 Ignorari
1152 2652 1267 2690 non
1311 2640 1499 2707 potest
1551 2635 1703 2705 quod
1758 2632 1997 2687 summis

308 2725 627 2779 accesserit.
666 2728 727 2781 In
757 2725 1093 2789 honoribus,
1122 2724 1219 2778 illa
1238 2725 1420 2794 magis
1441 2723 1835 2794 amplectenda
1865 2725 1998 2775 sunt

307 2830 435 2884 quae
469 2814 803 2868 redduntur.
837 2814 975 2868 Male
1006 2813 1075 2866 ad
1108 2813 1293 2867 fasnes
1318 2812 1617 2878 attollitur,
1650 2811 1809 2880 cujus
1838 2826 1997 2864 mens

305 2901 455 2956 inter
474 2901 647 2956 curias
680 2901 865 2955 sidera
912 2902 1053 2955 lucis
1093 2901 1368 2973 suffragia
1401 2917 1518 2955 non
1545 2900 1802 2970 agnoscit
1833 2899 1892 2953 in
1930 2901 1998 2953 ti-

306 2990 461 3045 tulis.
495 2989 661 3045 Venit
691 2990 760 3044 ad
780 3006 878 3044 vos
908 3007 1048 3044 cana
1077 2990 1326 3061 dignitas
1351 3006 1496 3053 sera,
1526 2990 1623 3044 sed
1655 2988 1864 3043 debita.
1895 2988 1998 3041 Vo-

306 3078 452 3133 cavit
480 3095 605 3132 eam
628 3078 843 3149 lingua,
882 3095 1054 3151 quam
1088 3080 1346 3150 sequitur
1379 3096 1391 3133 :
1425 3078 1614 3148 exegit
1640 3077 1991 3145 innocentia,

307 3184 481 3239 quam
517 3168 721 3221 habuit
766 3168 1055 3238 quondam
1105 3172 1270 3221 aetate
1318 3168 1702 3237 conjunctam.
1748 3166 1992 3234 Sedjam

306 3256 477 3309 redeo
498 3256 565 3309 ad
588 3254 832 3325 gratiam
866 3255 1163 3309 familiaris
1185 3255 1422 3325 alloquii
1458 3255 1626 3308 etiam
1662 3259 1786 3325 post
1818 3254 1994 3307 offen-

307 3359 448 3397 sam.
480 3344 660 3412 Salve,
698 3343 775 3397 mi
806 3343 1062 3412 domine,
1096 3349 1151 3397 et
1181 3344 1336 3415 quod
1370 3343 1429 3397 in
1481 3344 1691 3397 damno
1728 3343 1995 3414 promissi

307 3432 538 3486 fcederis
567 3432 887 3504 neglexisti,
917 3433 1149 3487 restitue
1182 3433 1442 3487 ubertate
1469 3431 1769 3486 sermonis.

903 3522 1239 3577 EPISTULA
1278 3523 1407 3576 XIV.

883 3625 1161 3666 ENNODIUS
1200 3626 1417 3664 FAUSTO.

380 3697 624 3764 Nollem,
669 3696 867 3765 fateor,
902 3714 1197 3751 morarum
1239 3713 1433 3751 causas
1482 3695 1724 3767 aperire,
1770 3711 1841 3748 ne
1875 3693 1995 3747 ani-

308 3800 436 3839 mus
457 3802 617 3840 meus
647 3802 773 3839 sera
795 3786 855 3840 in
886 3803 1085 3857 pacem
1111 3803 1241 3841 cum
1263 3786 1463 3840 laetitia
1488 3785 1773 3849 reductus,
1796 3787 1996 3837 moesta

308 3874 513 3928 iterum
552 3875 831 3929 relatione
887 3876 1171 3944 turbetur,
1199 3880 1254 3929 et
1285 3874 1525 3929 habeam
1574 3873 1820 3928 tristitie:
1852 3888 1995 3925 metu

309 3963 624 4017 redivivum
647 3963 705 4017 in
739 3964 1064 4018 narratione
1100 3964 1470 4036 principium.
1504 3965 1653 4017 Pene
1696 3961 1848 4015 enim
1889 3960 1995 4014 sibi

309 4052 479 4106 debet
508 4054 803 4122 angustias
832 4070 984 4120 suas,
1019 4053 1117 4125 qui
1148 4069 1344 4107 earum
1402 4053 1655 4122 relegere
1713 4054 1995 4104 transacta

309 4158 425 4195 non
472 4142 699 4212 refugit.
755 4143 889 4207 Quis
936 4142 1004 4197 ad
1048 4144 1255 4196 calcem
1338 4142 1639 4212 perductas
1682 4140 1993 4193 anxietath

309 4244 435 4281 suas
466 4233 694 4300 reparet
736 4228 1119 4299 intempestivi
1166 4229 1497 4283 necessitate
1528 4226 1849 4281 sermonis?
1887 4224 1993 4279 Sed

308 4316 598 4371 vobiscum
645 4317 785 4371 mihi
834 4322 891 4371 et
940 4333 1069 4371 cum
1114 4317 1408 4387 proposito
1452 4330 1644 4369 rerum
1702 4314 1841 4366 fides
1887 4315 1989 4377 est,

308 4406 516 4476 quibus
546 4406 787 4460 debetur
812 4406 870 4459 in
921 4406 1290 4475 replicatione
1326 4421 1391 4460 ex
1442 4417 1783 4475 quacunque
1827 4416 1995 4453 causa

309 4494 621 4547 sinceritas.
678 4494 871 4548 Patior
918 4494 1101 4548 libens
1151 4496 1375 4548 aculeos
1423 4490 1667 4547 revocati
1712 4489 1991 4553 maeroris,

309 4582 621 4637 dummodo
648 4583 868 4636 veritati
901 4583 1191 4654 nilpereat
1224 4599 1238 4637 :
1264 4589 1405 4637 etne
1432 4597 1534 4652 per
1552 4579 1751 4634 vitium
1783 4585 1995 4633 tenerae

308 4670 516 4725 mentis
557 4670 825 4740 paginam
869 4671 1112 4726 falsitate
1167 4654 1557 4737 dehonestï¬n,
1630 4672 1830 4739 sponte
1876 4668 1993 4720 fero

308 4760 460 4831 quod
482 4759 683 4813 refero.
714 4759 902 4813 Sancti
934 4761 1185 4832 episcopi
1219 4761 1397 4832 patris
1419 4758 1588 4813 vestri
1614 4756 1864 4828 propein
1890 4755 1992 4808 du-

309 4849 469 4903 bium
500 4851 649 4901 salus
680 4850 922 4904 deducta
962 4868 1052 4905 me
1089 4852 1275 4906 tenuit
1310 4868 1323 4905 :
1356 4850 1414 4903 in
1439 4849 1603 4919 cujus
1655 4844 1995 4915 aegritudine

216 4952 232 4967 Î¿
309 4936 567 5008 quamvis
619 4944 821 4993 cuncta
882 4939 1261 5009 illacrymaret
1318 4937 1579 5004 Ecclesia,
1644 4949 1733 4986 me
1806 4937 1997 4983 tamen

310 5024 569 5095 specialis
604 5040 815 5079 maeror
851 5026 1074 5092 afï¬‚ixit,
1117 5026 1216 5097 qui
1247 5024 1370 5094 ejus
1398 5024 1578 5077 debeo
1624 5021 1750 5090 plus
1792 5015 1993 5069 amori.

313 5112 438 5167 Vidi
481 5129 678 5185 pacem
724 5114 962 5169 civitatis
1002 5118 1244 5185 urgente
1287 5110 1568 5166 discordia
1590 5107 1745 5160 urbis
1786 5108 1996 5157 nostrae

312 5198 511 5253 limina
540 5200 1061 5266 transcendentem,
1094 5203 1151 5253 et
1182 5198 1253 5251 ab
1283 5196 1460 5250 oculis
1491 5191 1700 5247 nostris
1714 5188 1876 5260 quasi
1908 5188 1995 5242 in-

310 5293 529 5341 certum
544 5287 776 5358 aliquod
798 5293 898 5341 aut
926 5303 1134 5359 vagum
1163 5300 1374 5340 numen
1397 5284 1667 5352 elapsam.
1704 5278 1810 5332 Sed
1836 5277 1997 5330 suffi-

311 5376 420 5430 ciat
451 5376 713 5430 tristibus
758 5377 948 5430 stricta
994 5376 1261 5430 narratio.
1287 5374 1407 5427 Jam
1443 5372 1512 5424 ad
1540 5369 1752 5422 bonam
1774 5366 1996 5418 valetu-

312 5462 505 5515 dinem
540 5463 717 5516 sancti
748 5464 927 5519 Patris
954 5465 1105 5518 salus
1135 5461 1383 5534 optanda
1406 5465 1461 5514 et
1502 5454 1793 5527 diligenda
1824 5454 1997 5523 respi-

314 5554 417 5605 rat.
458 5552 597 5605 Nam
624 5551 737 5623 ubi
772 5567 930 5607 mens
961 5569 1089 5606 mea
1121 5552 1207 5606 ad
1242 5552 1545 5606 stationem
1586 5545 1769 5608 rediit,
1803 5540 1994 5594 Stal-im

2102 508 2371 578 speritate
2420 508 2686 562 culminis
2728 509 2920 571 vestri,
2972 510 3061 564 vel
3116 509 3290 563 totius
3338 515 3546 564 sanctze
3595 509 3800 563 domus

2102 597 2377 651 relatione
2408 598 2770 668 perdoceant.
2811 598 3037 651 Pendeo
3084 613 3300 663 rursus,
3352 602 3409 651 et
3438 598 3587 651 inter
3638 614 3796 668 spem

2102 690 2158 739 et
2180 690 2396 740 metum
2429 686 2601 741 dubia
2633 686 3013 741 existimatione
3047 686 3381 757 distringor,
3433 688 3523 741 cui
3568 702 3797 741 necesse

2102 779 2186 828 est
2214 775 2283 829 de
2319 775 2552 829 alterius
2590 776 2845 845 parentis
2893 792 3010 830 esse
3050 777 3430 847 prosperitate
3465 777 3795 831 sollicitum.

2102 862 2238 927 Quis
2269 863 2340 916 ad
2370 879 2529 916 curas
2564 879 2716 917 meas
2746 879 2806 918 se
2833 864 3142 934 porrigat?
3173 864 3299 934 quis
3330 869 3500 918 astus
3537 864 3793 935 aequipa-

2102 966 2228 1005 rare
2254 952 2438 1005 valeat
2467 952 2565 1005 tali
2596 952 2871 1006 divisione
2902 952 3193 1007 distracti?
3217 953 3325 1009 Sed
3356 954 3479 1007 haec
3512 953 3581 1007 ad
3618 955 3799 1007 Deum

2097 1039 2309 1110 justius
2341 1045 2738 1110 reportentur;
2774 1042 2934 1111 cujus
2965 1041 3284 1095 clementia:
3304 1046 3389 1096 est
3414 1047 3546 1095 vota
3574 1041 3799 1096 vincere

2103 1128 2552 1198 supplicantum,
2586 1135 2642 1183 et
2664 1128 3069 1184 fluctuantibus
3094 1135 3325 1200 portum
3359 1146 3561 1201 parare
3581 1128 3801 1184 deside-

2105 1216 2225 1269 riis.
2260 1217 2493 1270 Interim
2526 1218 2594 1271 ad
2627 1234 2795 1272 usum
2830 1223 3081 1272 revertor
3128 1219 3510 1289 querelarum.
3558 1217 3802 1287 Paginas

2104 1306 2316 1356 vestras
2348 1302 2499 1357 illico
2525 1320 2614 1357 me
2645 1320 2890 1374 suggero
2916 1304 3186 1374 subsequi
3218 1304 3499 1370 debuisse,
3525 1309 3581 1357 et
3610 1304 3678 1358 ad
3706 1321 3797 1358 so-

2103 1390 2306 1445 latium
2367 1407 2582 1457 meum,
2632 1393 2720 1446 vel
2778 1397 3015 1463 propter
3083 1396 3367 1446 recentem
3434 1393 3798 1462 petitionem,

2105 1478 2313 1549 scripta
2343 1495 2675 1550 prorogare,
2700 1496 2769 1533 ne
2795 1481 2854 1534 in
2868 1480 3102 1550 ancipiti
3134 1481 3201 1534 de
3232 1481 3581 1551 profectione
3610 1487 3800 1536 vestra

2105 1568 2334 1621 animus
2379 1584 2538 1621 meus
2589 1569 2953 1639 pependisset
2991 1569 3206 1622 auditu.
3268 1569 3376 1623 Sed
3421 1569 3569 1623 hanc
3627 1570 3796 1624 credo

2105 1657 2333 1726 culpam
2363 1657 2689 1727 scriptionis
2704 1657 2993 1712 emendari
3017 1674 3177 1728 posse
3203 1658 3549 1729 frequentia.
3592 1657 3800 1728 Super-

2108 1750 2191 1801 est
2222 1750 2285 1799 ut
2314 1745 2580 1799 divinitas
2612 1763 2641 1799 a
2670 1746 2828 1801 vobis
2857 1764 2925 1801 ea
2950 1746 3193 1801 indicari
3232 1746 3419 1812 faciat,
3464 1762 3591 1817 quae
3636 1746 3799 1817 juvat

2107 1833 2356 1904 agnosci.
2404 1834 2644 1889 Domine
2701 1835 2800 1903 mi,
2855 1835 3095 1890 effusam
3160 1837 3404 1890 salutem
3463 1833 3797 1889 reverentia:

2106 1927 2307 1976 vestrae
2338 1923 2549 1989 dicens,
2575 1939 2796 1992 precor,
2842 1929 2905 1977 ut
2934 1940 3064 1996 quae
3122 1924 3395 1979 mundavi
3438 1922 3798 1996 suggerenda

2108 2010 2495 2081 adipiscantur
2526 2010 2808 2065 effectum.

2710 2117 3041 2173 EPISTOLA
3079 2118 3185 2172 XV.

2631 2222 2897 2261 axxouws
2941 2208 2955 2240 á½·
2997 2222 3283 2283 FLORIANO.

2179 2309 2333 2364 Idem
2347 2313 2447 2375 est,
2474 2310 2784 2365 terminum
2818 2312 2877 2365 in
2891 2313 3223 2384 arrogantia
3244 2328 3359 2367 non
3389 2316 3608 2378 tenere,
3640 2311 3793 2382 quod

2108 2399 2167 2453 in
2220 2399 2547 2453 humilitate
2592 2401 3015 2456 transcendere.
3064 2400 3367 2472 Supereilii
3411 2401 3643 2455 affectus
3689 2404 3795 2465 est,

2102 2487 2254 2556 justo
2280 2487 2526 2555 amplius
2544 2504 2663 2542 esse
2698 2488 3035 2557 subjectum.
3080 2490 3382 2544 Familiare
3414 2494 3497 2543 est
3546 2488 3798 2559 graviter

2108 2574 2423 2642 hiantibus,
2465 2591 2640 2629 novas
2690 2576 2947 2630 invenire
2990 2578 3317 2639 blanditias,
3360 2583 3415 2631 et
3436 2577 3669 2648 grandis
3707 2593 3797 2630 co-

2106 2664 2374 2730 thurnus,
2407 2664 2467 2717 in
2502 2664 2829 2732 eloquentia
2850 2664 3119 2719 simulare
3151 2666 3542 2731 formidinem,
3564 2666 3652 2719 vel
3670 2680 3797 2719 exa-

2108 2768 2240 2805 men
2272 2757 2525 2806 metuere
2542 2752 2792 2807 delaude
2813 2770 3099 2808 securum.
3133 2755 3245 2823 Ego
3272 2770 3403 2808 vero
3435 2753 3797 2825 diligentiam

2109 2840 2397 2911 proposito
2443 2841 2857 2910 impenderam,
2904 2842 2951 2895 si
3016 2842 3287 2912 sanguini
3340 2858 3458 2896 non
3506 2843 3793 2897 deberem.

2110 2929 2341 2999 Suscepi
2373 2929 2679 2999 epistolam
2714 2932 2869 2984 tuam
2901 2930 3156 2984 Romana
3184 2930 3313 2984 dote
3347 2931 3718 3001 locupletem,
3741 2933 3799 2983 et

2108 3019 2316 3088 stylum
2346 3017 2623 3071 Latiarem
2648 3018 2705 3071 in
2740 3018 2861 3089 ipsa
2892 3020 3307 3090 principiorum
3331 3020 3453 3073 luce
3483 3024 3799 3073 monstran-

2106 3111 2242 3160 tem.
2278 3106 2380 3161 Cui
2409 3122 2499 3159 me
2532 3107 2897 3177 respondere,
2946 3115 3274 3179 opponente
3310 3124 3515 3163 manus
3548 3106 3792 3173 inscitia,

2104 3196 2291 3266 coegit
2345 3195 2564 3249 affectio
2595 3212 2763 3250 :cum
2814 3196 2911 3250 diu
2974 3203 3142 3265 esset,
3201 3198 3354 3268 quod
3403 3197 3799 3266 antiquaverat

2105 3285 2257 3356 apud
2290 3300 2380 3338 me
2409 3284 2695 3338 scribendi
2725 3286 2978 3339 studium
3012 3302 3141 3356 spes
3173 3286 3417 3351 tacendi,
3443 3292 3499 3339 et
3528 3284 3795 3338 inlocum

2104 3371 2303 3442 gloria:
2326 3370 2616 3426 silentium
2647 3373 3034 3442 computabat.
3068 3373 3174 3428 Sed
3207 3374 3317 3427 nisi
3353 3371 3791 3443 respondissem,

2107 3459 2349 3513 nescires
2375 3465 2429 3514 te
2458 3475 2577 3514 esse
2612 3460 3055 3530 deprehensum,
3081 3462 3234 3533 quod
3282 3462 3471 3515 minus
3505 3458 3792 3513 fabricatis

2104 3548 2352 3619 ingeniis
2385 3548 2588 3603 artifici
2620 3550 2902 3614 facundia,
2936 3555 3169 3605 etsucco
3199 3550 3490 3606 Romulea:
3518 3547 3794 3602 callidita-

2105 3635 2173 3690 tis
2208 3636 2475 3689 illuseris.
2512 3637 2637 3690 Non
2670 3654 2837 3708 aequa
2866 3638 2939 3691 ad
2966 3638 3277 3693 secandum
3313 3635 3490 3689 virtus
3526 3639 3610 3689 est
3643 3634 3793 3706 poli-

2104 3726 2175 3777 ta>
2210 3723 2458 3788 laminze,
2492 3728 2549 3779 et
2578 3726 2698 3794 ejus
2741 3742 2916 3796 quam
2943 3726 3147 3796 rubigo
3177 3724 3531 3797 possederit:
3560 3739 3667 3777 nec
3698 3739 3795 3794 pa-

2106 3826 2225 3863 rem
2258 3810 2585 3865 conflictum
2614 3829 2748 3867 usus
2786 3817 2974 3883 potest
2995 3819 3052 3867 et
3077 3818 3274 3885 torpor
3293 3827 3601 3867 assumere.
3636 3812 3796 3866 Nunc

2107 3901 2360 3972 epistola:
2402 3903 2677 3957 brevitate
2706 3908 3007 3959 contentus
3031 3906 3101 3959 ad
3124 3905 3482 3959 salutationis
3504 3904 3690 3959 debita
3703 3919 3795 3957 me

2106 3995 2372 4044 converto
2408 4007 2421 4044 :
2466 3991 2619 4061 quod
2658 3993 2884 4063 eloquio
2932 4010 3046 4048 non
3095 3993 3280 4063 potui,
3316 3994 3499 4064 gratia
3536 3995 3797 4063 pensatu-

2106 4092 2227 4142 rus,
2256 4077 2544 4131 reddendo
2571 4078 2877 4132 amicitiam
2910 4096 3015 4149 pro
3046 4080 3333 4134 schemate
3364 4085 3420 4133 et
3448 4095 3661 4149 pompa
3684 4092 3796 4131 ser-

2110 4181 2365 4219 monum.
2399 4166 2535 4219 Ecce
2558 4172 2842 4237 quantum
2878 4169 3242 4239 occupationi
3263 4168 3576 4223 subducere
3608 4165 3793 4237 potui,

2107 4253 2259 4308 celer
2301 4254 2526 4325 scripsi.
2573 4256 2737 4311 Dabit
2782 4257 2950 4326 Deus,
2997 4262 3063 4311 ut
3102 4256 3146 4311 si
3188 4274 3463 4328 responsa
3512 4255 3797 4311 desideras

2034 4334 2075 4386 á¿™)
2109 4359 2350 4397 vacuum
2381 4344 2531 4398 curis
2556 4345 2765 4415 pulsati
2794 4351 2992 4415 pectus
3018 4346 3296 4400 invenias.

2713 4452 3041 4507 EPISTULA
3079 4452 3188 4506 XVI

2654 4572 2925 4611 ENNODIUS
2963 4573 3250 4611 FLORIANO.

2178 4663 2323 4717 Illud
2353 4663 2678 4718 fraternitas
2700 4670 2796 4718 tua
2827 4666 3012 4720 amori
3044 4683 3171 4720 meo
3191 4665 3465 4737 potuisset
3496 4663 3796 4735 tmpende-

2104 4767 2185 4815 re,
2213 4751 2362 4821 quod
2391 4768 2522 4806 vera
2552 4753 2896 4809 liberalitate
2926 4772 3055 4810 cum
3093 4755 3398 4810 tribuentis
3451 4752 3797 4823 compendio

2104 4839 2404 4908 proficeret
2430 4844 2482 4894 et
2500 4842 2730 4910 pudori.
2758 4844 2819 4897 lu
2850 4860 2917 4898 ea
2948 4844 3162 4898 scilicet
3191 4849 3375 4915 parte,
3410 4848 3472 4897 ut
3491 4858 3621 4897 cum
3654 4841 3797 4895 indi-

2104 4942 2194 4979 ces
2217 4926 2391 4980 studii
2426 4929 2799 4985 meiJitteras
2829 4932 2951 5001 jam
2999 4938 3243 5001 teneres,
3284 4933 3355 4987 ab
3372 4930 3694 5002 scriptionis
3743 4933 3799 4983 te

2104 5030 2240 5067 cura
2287 5017 2685 5086 suspenderes.
2745 5020 3062 5091 Quisquam
3109 5037 3182 5075 ne
3244 5020 3512 5076 coloratis
3550 5020 3801 5074 frontem

2103 5101 2293 5172 pingit
2322 5103 2622 5177 illecebris,
2648 5114 2706 5162 et
2754 5110 2966 5165 famam
3001 5111 3188 5165 valida
3236 5108 3673 5180 impugnatione
3714 5107 3798 5160 la-

2104 5190 2379 5257 befactat;
2417 5210 2521 5249 nec
2552 5198 2855 5253 manifesta
2885 5200 3245 5254 excusatione
3271 5204 3593 5265 contentus,
3649 5196 3801 5251 male

2106 5278 2354 5333 credula;
2386 5285 2744 5341 conscientias
2772 5288 3031 5342 sufficere
3065 5304 3183 5341 non
3211 5286 3454 5340 aestimat
3484 5285 3639 5357 quod
3672 5299 3799 5354 pro-

2106 5365 2259 5420 Î´ÎµÎ¹Î½á½¶á¿–-
2282 5367 2309 5419 ?
2350 5370 2458 5433 Qui
2489 5374 2645 5428 vario
2677 5392 2879 5444 sapore
2910 5376 3181 5446 colloquii
3200 5375 3459 5430 edacium
3481 5373 3796 5428 amicorum

2102 5453 2296 5508 fauces
2336 5457 2543 5524 irritat,
2586 5468 2647 5515 ut
2679 5464 2815 5517 dum
2848 5464 3055 5518 blanda
3087 5463 3334 5535 subjicit,
3389 5462 3628 5518 definita
3674 5476 3802 5533 per-

2103 5546 2303 5599 mutet.
2340 5550 2479 5603 Nam
2514 5555 2819 5623 postquam
2851 5568 2941 5607 me
2980 5553 3272 5608 silentium
3311 5568 3504 5608 amare
3560 5550 3802 5620 scripse-

384 5678 401 5715 Â¹
431 5678 723 5750 Î¡Î¹Î¿Î½á½¶Î±Î·Î¿]
761 5678 889 5732 Viro
916 5696 954 5747 s,
986 5677 1234 5747 ectabili,
1269 5678 1316 5733 si
1338 5677 1574 5733 modois
1605 5685 1688 5737 est
1712 5686 1777 5741 ad
1810 5700 1979 5757 quem
2019 5680 2401 5742 Theodericus
2431 5694 2530 5735 rex
2561 5677 2757 5734 scribit
2791 5677 2943 5751 apud
2970 5677 3395 5745 Cassiodorum,
3420 5676 3518 5731 lib.
3555 5692 3591 5743 Î¹,
3620 5690 3710 5746 ep.
3745 5678 3799 5729 5.
