4102 6182
260 321 327 375 29
555 386 561 391 ,
1643 326 2133 384 EPISTOLARUM
2173 329 2299 384 LIB.
2343 332 2385 385 1.
3693 341 3758 389 sn

254 472 401 526 ram,
432 456 597 529 quasi
622 473 732 529 pro
759 458 1116 530 allegationis
1145 475 1441 531 responso,
1482 461 1827 533 prolixiores
1852 478 1955 533 pa-
1990 464 2038 518 A

254 546 417 617 ginas
440 546 771 617 impetravi,
808 552 865 601 et
887 547 985 602 diu
1014 547 1160 603 forte
1198 550 1513 620 repositum
1541 557 1668 622 post
1696 551 1951 622 negatio-

255 650 385 688 nem
441 650 633 689 meam
692 636 909 706 eloquii
968 636 1112 692 uber
1158 638 1346 692 elicui.
1405 640 1552 703 Quid
1608 640 1841 707 faceres,
1903 639 1951 694 si

252 722 571 777 certamina
597 724 1010 794 promisissem,
1044 724 1090 778 si
1132 726 1451 780 studiorum
1486 733 1718 782 tuorum
1767 728 1952 781 fervo-

250 827 369 865 rem
401 827 750 882 quocunque
781 813 951 865 dente
990 812 1252 868 incautus
1290 815 1652 884 attingerem,
1695 832 1799 869 nec
1836 815 1950 871 mei

249 899 489 954 idoneus
510 901 826 954 aestimator
837 902 1151 971 penetralia
1166 906 1284 955 tuta
1306 919 1590 958 servarem
1606 904 1632 957 ‘?
1662 904 1948 972 Adhibita,

250 988 437 1054 credo,
474 988 748 1042 adversus
778 1004 868 1042 me
896 988 1093 1043 fuisset
1120 990 1365 1044 Tulliani
1420 992 1783 1062 profunditas
1818 1009 1949 1065 gur-

250 1075 399 1146 gitis,
433 1077 739 1147 Chrysippi
784 1077 1122 1148 proprietas,
1158 1079 1429 1133 Varronis
1460 1081 1749 1151 elegantia
1784 1098 1796 1136 :
1850 1098 1954 1136 nec

248 1164 305 1216 in
336 1164 457 1217 ulla
493 1164 843 1218 invenissem
901 1166 1062 1235 parte
1116 1165 1457 1232 subsidium,
1520 1166 1613 1221 cui
1660 1184 1766 1221 nec
1805 1168 1951 1223 illud

251 1252 494 1322 profuit,
524 1252 675 1323 quod
714 1252 1000 1306 scribendi
1030 1254 1426 1308 contentiones
1467 1271 1589 1323 nec,
1632 1272 1762 1310 cum
1815 1257 1952 1310 reti-

252 1356 442 1394 cerem
475 1341 792 1407 lacessitus,
826 1340 1022 1411 effugi.
1057 1341 1139 1396 Me
1189 1341 1291 1395 etsi
1335 1342 1557 1411 peritia:
1585 1344 1952 1413 conscientia,

248 1432 303 1482 et
324 1428 552 1482 dicendi
587 1429 748 1498 vigor
796 1430 1115 1497 attolleret;
1156 1436 1288 1500 post
1332 1431 1556 1485 diversa
1602 1433 1952 1488 scribentum

251 1517 608 1585 discrimina,
642 1516 870 1572 laudem
911 1534 1084 1589 quam
1132 1521 1312 1573 multo
1352 1520 1559 1574 sudore
1602 1538 1700 1575 vos
1738 1523 1950 1592 petitis,

254 1605 645 1660 formidarem.
694 1608 813 1662 Huc
858 1606 1095 1673 accedit,
1152 1608 1305 1678 quod
1352 1609 1694 1664 rhetoricam
1754 1610 1814 1664 in
1862 1627 1954 1666 me

256 1694 448 1748 dixisti
474 1710 597 1749 esse
637 1696 942 1749 versutiam
979 1712 992 1749 :
1036 1712 1165 1749 cum
1209 1696 1309 1750 diu
1345 1697 1420 1751 sit
1452 1698 1603 1768 quod
1637 1699 1953 1753 oratorium

250 1784 486 1836 schema
498 1783 733 1837 affectus
756 1799 791 1835 a
820 1800 911 1837 me
924 1783 1200 1838 orationis
1224 1784 1548 1853 absciderit,
1573 1792 1631 1842 et
1658 1787 1954 1859 Inequeam

250 1871 524 1941 occupari
554 1871 861 1926 verborum
894 1872 1342 1943 floribus,quem
1370 1874 1439 1927 ad
1462 1875 1711 1945 gemitus
1744 1882 1801 1930 et
1827 1893 1953 1947 pre-

252 1974 342 2012 ces
376 1963 577 2012 evocat
610 1959 824 2013 clamor
856 1959 1045 2014 ofﬁcii.
1064 1960 1374 2014 Delenitica
1391 1978 1527 2032 ergo
1550 1967 1605 2017 et
1627 1966 1958 2019 malesuada

249 2063 555 2117 compesce
586 2048 889 2119 colloquia.
915 2048 974 2103 Si
1005 2048 1134 2103 ficta
1165 2054 1297 2103 sunt
1324 2066 1453 2120 quos
1501 2051 1720 2119 scribis,
1753 2058 1811 2107 et
1854 2069 1955 2124 pe-

250 2136 446 2190 niculo
469 2136 760 2207 decorata\
776 2136 1078 2201 mendacii,
1110 2143 1269 2191 muta
1302 2139 1681 2209 propositum,
1710 2142 1796 2195 vel
1856 2158 1955 2212 po-

249 2230 372 2279 stea
409 2241 586 2296 quam
633 2225 792 2279 vides
829 2228 1127 2296 (mentem)
1175 2226 1490 2281 innotuisse
1548 2245 1676 2300 quas
1732 2230 1953 2284 feceris.

252 2313 310 2367 Si
344 2329 485 2367 vera
505 2318 660 2378 sunt,
693 2319 750 2366 et
772 2329 804 2365 a
830 2313 1036 2383 judicii
1064 2314 1224 2367 lance
1247 2314 1624 2383 descendunt,
1665 2318 1953 2388 profundo

254 2418 315 2454 ea
348 2401 604 2471 pectoris
643 2401 874 2455 include
904 2408 1139 2469 secreto,
1189 2407 1253 2457 ut
1291 2407 1670 2459 reverentiam
1705 2406 1956 2476 diligen-

254 2490 371 2557 tiae,
398 2490 540 2543 dum
580 2489 767 2543 amico
813 2506 903 2544 res
940 2491 1194 2561 integras
1224 2508 1435 2559 servas,
1490 2493 1774 2548 exhibeas.
1828 2494 1958 2548 Mihi

254 2578 619 2632 immutabile
644 2594 744 2632 cor
772 2579 1120 2645 custodiens,
1164 2579 1305 2634 alios
1336 2582 1595 2636 demulce
1626 2583 1948 2654 colloquiis.

255 2667 392 2720 Ecce
418 2667 679 2737 epistolae
712 2668 971 2731 modum,
1003 2668 1140 2723 dum
1169 2670 1468 2739 productas
1513 2672 1741 2742 paginas
1786 2672 1954 2743 cupio

252 2756 629 2825 respondere,
668 2757 1015 2811 transcendi.
1069 2757 1177 2811 Sed
1224 2774 1341 2812 non
1371 2764 1455 2813 est
1501 2760 1671 2830 culpa
1721 2761 1956 2830 speciali

254 2844 555 2913 plectenda
585 2845 885 2915 supplicio,
920 2861 1048 2916 quae
1081 2845 1141 2899 in
1194 2847 1394 2901 erratis
1429 2847 1602 2903 habet
1643 2854 1952 2905 auctorem.

254 2933 501 2987 Domine
530 2932 631 2997 mi,
655 2933 1060 2988 salutationem
1105 2934 1424 2990 debendum
1470 2938 1797 3004 restituens,
1826 2955 1954 3009 pre-

256 3037 365 3087 cor,
404 3026 469 3074 ut
501 3022 548 3075 si
580 3021 879 3075 desideriis
905 3022 1046 3076 meis
1069 3040 1197 3094 quas
1217 3024 1286 3078 de
1320 3041 1511 3079 amore
1546 3026 1950 3081 taciturnitatis
1988 3059 2031 3115 α

253 3110 521 3180 concepi,
596 3110 803 3180 pernix
887 3116 942 3166 te
1014 3118 1294 3167 scrutator
1347 3114 1658 3183 interseris,
1743 3117 1946 3171 saltem

254 3192 731 3261 occupationibus
761 3192 972 3264 quibus
999 3193 1374 3266 impedimur,
1398 3197 1681 3267 ignoscas.

847 3280 1182 3337 EPISTOLA
1218 3282 1377 3338 XVII.

844 3386 1113 3424 ENNODIUS
1152 3387 1369 3426 FAUSTO.

325 3457 379 3511 Si
418 3474 451 3511 a
481 3458 894 3513 consuetudine
922 3459 1240 3513 ofﬁciorum
1272 3466 1553 3532 temperet
1580 3478 1742 3516 mens
1763 3479 1956 3518 aman-

259 3548 349 3610 tis,
368 3548 553 3616 ipsam
574 3548 944 3601 cessationem
964 3548 1258 3603 sinistrum
1272 3565 1391 3603 esse
1413 3555 1578 3619 putat
1598 3552 1917 3622 auspicium
1936 3570 1948 3607 :

257 3637 524 3689 mceroris
543 3636 699 3689 enim
732 3637 852 3706 ipse
877 3636 983 3690 sibi
1002 3653 1171 3691 causa
1203 3643 1305 3704 est,
1349 3638 1447 3709 qui
1490 3656 1604 3693 non
1640 3657 1865 3711 semper
1892 3641 1953 3695 in

256 3726 459 3779 vicinis
504 3726 750 3779 aestimat
788 3726 1044 3781 habitare
1094 3728 1246 3798 quod
1284 3728 1489 3799 diligit.
1536 3729 1851 3801 Quisquam
1882 3747 1953 3785 ne

260 3814 554 3885 digressus
573 3815 647 3869 ad
678 3816 997 3886 longinqua
1025 3821 1273 3884 censeat,
1297 3833 1471 3887 quem
1501 3823 1692 3872 mente
1732 3820 1955 3873 contin:

258 3904 388 3974 git?
421 3904 566 3957 Nam
607 3902 657 3957 si
700 3904 935 3974 spiritus
989 3919 1080 3959 res
1114 3910 1199 3959 est
1228 3906 1541 3959 divinitatis
1584 3908 1642 3960 in
1700 3908 1951 3971 homine,

256 3992 617 4062 prolixarum
650 3992 861 4047 sentire
892 4009 1001 4047 usu
1038 3998 1224 4064 potest
1247 3994 1456 4049 damna
1484 3999 1784 4050 terrarum.
1832 3996 1955 4051 Dixi

257 4096 509 4147 causam,
535 4097 663 4151 qua:
692 4097 781 4135 me
814 4082 1225 4153 faciatiscripta
1271 4084 1583 4155 porrigere.
1634 4086 1829 4140 Reddo
1866 4095 1954 4148 sa:
1982 4123 1991 4137 .

258 4169 556 4222 lutationis
587 4169 884 4241 obsequia,
924 4175 1159 4241 propter
1188 4186 1317 4241 quas
1372 4172 1812 4242 promulgantur
1840 4170 1957 4244 epi-
1984 4181 2001 4217 τ

257 4258 417 4309 stolae
441 4272 456 4310 :
492 4258 610 4311 Deo
640 4259 971 4328 supplicans
1000 4264 1062 4312 ut
1078 4258 1755 4329 cmlestisdispensatioue
1778 4260 1954 4314 bene-

258 4344 394 4411 ticii,
411 4345 469 4399 in
481 4347 636 4400 bona
658 4348 884 4401 valetud
900 4363 969 4401 ne
992 4347 1542 4419 degentiprassentia
1568 4346 2027 4427 magnitudinis;

258 4438 459 4488 vestrae
484 4435 656 4489 verba
683 4436 1016 4491 reddantur.
1052 4436 1215 4501 Quod
1262 4437 1499 4507 recipiat
1526 4419 1972 4507 tamen-portis~
1995 4420 2036 4486 Ε
2070 4421 2083 4427 ’

258 4528 369 4589 tor,
404 4524 506 4595 qui
532 4524 773 4595 alloquii
801 4527 1159 4580 occasionem
1180 4525 1469 4597 prtestitit,
1496 4542 1631 4580 ame
1666 4542 1767 4596 pro
1798 4525 1958 4581 vicis-

261 4613 518 4667 situdine
546 4614 1001 4669 commendatur.

329 4742 344 4774 ¹
382 4746 573 4794 Auum
604 4739 853 4804 nomine,
880 4742 1115 4811 patrem
1142 4737 1433 4810 doctrina]
1454 4738 1656 4793 Avieni
1684 4755 1821 4793 avus
1850 4738 1959 4793 fuit

262 4811 591 4865 Gennadius
638 4811 906 4877 Avienus,
967 4812 1154 4865 Fausti
1212 4816 1389 4880 pater,
1442 4826 1613 4880 quem
1667 4826 1818 4863 anno
1853 4812 1959 4865 450

260 4884 556 4935 consulem
610 4882 783 4935 fuisse
832 4882 1187 4943 monuimus,
1228 4882 1297 4935 de
1327 4896 1441 4951 quo
1483 4881 1748 4935 Sidonius
1781 4882 1880 4935 lib.
1918 4898 1956 4947 1,

258 4954 428 5022 epist.
461 4956 512 5005 9.
548 4953 615 5005 Et
654 4958 877 5021 patrem
910 4958 967 5005 et
1016 4969 1184 5006 avum
1217 4953 1451 5006 nomine
1484 4952 1695 5006 referre
1728 4952 1959 5005 videba-

255 5028 350 5076 tur
381 5024 655 5087 Avienus,
705 5039 836 5076 nam
893 5025 1129 5077 Faustus
1183 5024 1426 5077 Avienus
1474 5023 1798 5077 vocabatur.
1850 5023 1957 5077 Sed

257 5094 393 5163 quia
430 5109 634 5157 unum,
682 5099 746 5146 ut
787 5094 1107 5158 docuimus,
1154 5110 1352 5147 verum
1380 5093 1767 5165 cujusqueac
1822 5109 1957 5163 pro-

255 5168 453 5235 prium
484 5179 696 5216 nomen
720 5169 841 5217 erat
873 5165 1024 5235 quod
1051 5164 1342 5231 ultimum,
1373 5164 1587 5219 idcirco
1615 5164 1702 5218 avi
1734 5169 1958 5218 tantum

254 5233 458 5289 Avieni
501 5251 716 5288 nomen
746 5233 1035 5289 reddebat.

319 5314 344 5348 ³
381 5305 690 5430 Det-ueriolj'I
708 5306 769 5359 V.
804 5306 860 5360 S.
903 5305 1316 5372 Grammatico,
1347 5311 1407 5360 ut
1435 5310 1517 5359 est
1544 5304 1603 5357 in
1648 5304 1960 5385 epigraphe

319 5393 534 5430 rminis
562 5379 615 5429 ‘2.
697 5392 763 5430 oc
791 5377 973 5430 igitur
1010 5381 1115 5430 est.
1149 5377 1300 5430 auod
1330 5376 1620 5430 doctorem
1645 5382 1953 5430 ontimum.

256 5376 534 5430 carminis
562 5379 615 5429 ‘2.
648 5376 763 5430 Hoc
791 5377 973 5447 igitur
1010 5381 1115 5443 est,
1149 5377 1300 5448 quod
1330 5376 1620 5431 doctorem
1645 5376 1953 5446 optimum.

320 5468 335 5483 '
364 5466 551 5514 Petrus
582 5466 919 5515 Burmannus
951 5464 1017 5514 ad
1044 5464 1455 5515 Henricil’alesz‘i
1483 5464 1573 5513 lib.
1606 5479 1621 5513 1
1653 5463 1715 5513 de
1743 5464 1955 5513 Critica.

256 5541 377 5637 ἕλε.
417 5529 523 5599 ibi.
547 5527 892 5599 admittenda
926 5542 1038 5577 csse
1078 5528 1362 5600 arbitratur
1399 5527 1777 5598 correctionem
1820 5526 1956 5575 Petri

305 5604 453 5637 annu
484 5589 768 5637 Miscellan.
796 5590 885 5637 lib.
919 5604 948 5637 x
974 5604 1089 5637 can.
1122 5591 1165 5637 4.
1200 5591 1288 5637 11111
1318 5603 1381 5637 ex
1414 5594 1647 5637 vestmus
1680 5593 1955 5637 scripturas

305 5589 453 5637 annii
484 5589 768 5638 Miscellan.
796 5590 885 5637 lib.
919 5604 948 5637 x
974 5604 1089 5652 cap.
1122 5591 1165 5639 4.
1200 5590 1288 5638 ubi
1318 5603 1381 5652 ex
1414 5589 1647 5652 vestigiis
1680 5589 1955 5652 scripturas

258 5652 450 5715 veteris
471 5652 881 5715 compendiaria:
908 5649 1102 5715 codicis
1130 5651 1460 5715 bibliotheca;
1476 5649 1874 5715 Eginondianae,
1899 5651 1953 5699 in

258 5727 366 5775 quo
396 5712 797 5763 hunceumdem
821 5714 1032 5762 titulum
1050 5714 1305 5762 Martiano
1320 5712 1659 5775 praeﬁxumse
1688 5712 1953 5775 invenisse

262 5773 441 5832 (radit,
474 5775 759 5840 legendum
789 5776 1006 5840 conjicit
1030 5791 1040 5823 :
1069 5774 1214 5825 Felix
1242 5773 1417 5838 Asper,
1446 5788 1606 5823 comes
1630 5773 1949 5831 Consislorii,

2641 467 2880 525 EPISTO
2890 467 2973 527 LA
3013 472 3196 526 XVIII.

2637 591 2907 631 ENNODIUS
2946 594 3165 632 AVIENO.

2132 678 2312 743 Quam
2346 678 2490 733 bene
2527 680 2683 750 quod
2729 683 3048 736 verecunde
3096 683 3310 751 renuis,
3344 684 3587 739 feliciter
3616 684 3752 737 Inri-

2061 767 2218 831 taris,
2243 772 2299 820 et
2329 767 2465 821 dum
2510 768 2835 822 difﬁcilibus
2879 771 3335 839 magnitudinem
3375 777 3535 826 tuam
3566 790 3755 828 exem—

2060 855 2169 925 plis
2200 856 2411 926 quaeris
2444 855 2688 924 incitari,
2722 859 2989 911 narrandi
3018 876 3287 930 pompam
3310 878 3484 932 quam
3506 868 3758 917 assertor

2060 944 2303 997 idoneus
2370 943 2605 1015 refugis,
2691 944 3020 998 ostendisti!
3080 949 3407 1017 Amplector
3452 950 3757 1005 amabilem

2061 1033 2463 1102 allegationem
2511 1033 2858 1100 formidinis,
2906 1051 3079 1105 quam
3122 1036 3181 1089 in
3225 1041 3278 1089 te
3322 1038 3540 1107 ingenii
3568 1039 3761 1093 divitis

2061 1137 2204 1175 vena
2248 1122 2629 1175 commendat.
2681 1121 2823 1175 Nolo
2860 1122 3165 1177 colendum
3212 1124 3378 1177 bonis
3427 1130 3647 1195 patrem
3694 1126 3758 1180 in

2062 1208 2474 1263 adhortationis
2513 1216 2623 1263 tua!
2675 1209 2929 1280 positum
2986 1227 3248 1280 pavescas
3296 1213 3617 1282 exemplis:
3688 1214 3760 1267 ab

2062 1299 2187 1369 ipso
2211 1298 2447 1352 veniunt
2476 1298 2583 1352 ista
2626 1315 2754 1369 quae
2796 1299 3066 1369 loqueris.
3096 1299 3217 1353 Scio
3258 1316 3386 1371 qua:
3423 1318 3626 1355 aurum
3658 1318 3760 1372 pa-

2062 1388 2171 1441 riat
2188 1394 2337 1440 terra
2382 1387 2627 1440 nobilius
2662 1387 2862 1457 :cujus
2902 1387 3008 1441 soli
3040 1388 3256 1441 nutrita
3290 1388 3508 1443 sinibus
3528 1391 3764 1444 metalla.

2062 1478 2192 1547 plus
2216 1476 2466 1529 rutilent.
2506 1475 2666 1546 Saepe
2714 1476 2857 1530 mihi
2898 1476 3057 1530 labor
3087 1477 3286 1531 efficax
3323 1478 3644 1548 inquirenti
3674 1480 3760 1532 al-

2062 1565 2225 1620 tricia
2248 1570 2405 1635 terga
2433 1565 2571 1618 fulvi
2604 1565 2853 1619 ostendit
2873 1566 3164 1620 elementi.
3212 1566 3337 1620 Scio
3371 1582 3498 1637 quae
3531 1567 3764 1621 conchae

2065 1655 2337 1725 superbas
2366 1654 2549 1723 pretio
2579 1669 2835 1721 gemmas
2858 1653 3155 1707 includant
3187 1670 3200 1708 :
3231 1654 3381 1708 unde
3404 1653 3597 1709 veniat
3619 1655 3761 1726 lapis

1994 1760 2036 1815 Β
2067 1743 2324 1813 imperiis
2361 1742 2595 1813 genium
2630 1742 2961 1796 collaturus.
2986 1742 3107 1795 Non
3138 1742 3443 1812 imperitiae.
3476 1743 3627 1813 quod
3656 1743 3765 1797 feci

2064 1832 2331 1902 applices,
2368 1846 2483 1884 non
2514 1829 2713 1884 errori.
2758 1829 2875 1883 Viri
2918 1829 3078 1884 fontis
3107 1830 3413 1902 progenies
3469 1847 3763 1885 armorum

2063 1920 2265 1973 faciem
2286 1919 2438 1973 inter
2467 1919 2644 1989 patris
2675 1918 2933 1989 agnoscit
2955 1919 3272 1989 amplexus,
3298 1924 3353 1972 et
3373 1919 3509 1973 dum
3542 1924 3766 1974 naturae

2065 2008 2421 2079 obsequitur,
2454 2008 2619 2061 discit
2655 2023 2847 2061 amare
2907 2012 3205 2062 terrorem.
3254 2010 3562 2062 Doctorum
3607 2009 3767 2063 radix

2063 2098 2233 2164 Maro,
2276 2096 2450 2150 vestri
2487 2096 2766 2151 formator
2827 2096 3063 2167 eloquii,
3105 2097 3183 2149 sic
3222 2096 3542 2149 animatum
3578 2096 3767 2150 verbis

2062 2185 2239 2255 patris
2290 2184 2472 2238 ﬁlium
2518 2188 2817 2249 memorat,
2852 2189 2915 2237 ut
2949 2185 3135 2238 dicat:
3182 2184 3364 2253 Disce,
3397 2201 3558 2255 puer,
3591 2184 3767 2238 virtu-

2063 2276 2176 2327 tem
2205 2289 2272 2327 ex
2297 2289 2388 2327 me
2440 2290 2452 2327 :
2485 2279 2543 2325 et
2586 2272 2741 2337 alibi,
2795 2275 2864 2326 Et
2892 2275 3059 2344 pater
3090 2273 3331 2328 Encas.
3368 2272 3638 2344 Nunquid
3669 2272 3766 2326 ille

2056 2362 2178 2431 jam
2231 2362 2469 2416 fortibus
2506 2361 2577 2415 ad
2628 2361 2941 2414 certamina
2980 2361 3226 2415 brachiis
3257 2362 3618 2431 assurgebat,
3669 2364 3767 2414 aut

2063 2450 2216 2504 virili
2250 2449 2573 2504 valetudine
2620 2448 2984 2503 imminentia
3041 2450 3352 2519 putabatur
3382 2449 3533 2503 bella
3569 2453 3759 2519 gestu-

2064 2540 2205 2595 rus?
2238 2539 2344 2593 Sed
2367 2539 2572 2592 melius
2604 2538 2781 2591 virtus
2811 2538 3135 2592 recentibus
3166 2538 3444 2607 exemplis
3488 2538 3761 2604 animata,

2064 2644 2237 2698 quam
2267 2626 2520 2693 monitis,
2553 2626 2872 2696 profectum
2892 2626 3148 2696 corporis
3163 2626 3545 2696 exspectabat.
3565 2626 3760 2680 Scien-

2062 2720 2145 2769 tes
2196 2731 2387 2768 rerum
2433 2715 2655 2785 aquilas
2701 2715 2894 2768 ferunt
2940 2714 3132 2784 pullos
3183 2731 3313 2767 suos
3362 2714 3423 2768 in
3469 2714 3592 2785 ipso
3632 2714 3764 2768 vita:

2062 2803 2282 2872 limine,
2314 2819 2679 2874 quoovorum
2700 2802 2906 2857 tunicis
2932 2808 3238 2870 exuuntur,
3271 2803 3341 2857 ad
3373 2802 3510 2856 solis
3530 2804 3761 2873 [ponere

2064 2893 2251 2948 radios
2282 2897 2340 2947 et
2363 2893 2549 2946 lucem
2570 2891 2804 2945 seminis
2826 2891 2912 2945 sui
2940 2892 3208 2945 immensi
3238 2890 3562 2961 splendoris
3591 2890 3761 2960 obje-

2062 2982 2247 3036 ctione
2291 2996 2652 3051 cognoscere.
2710 2979 2976 3049 Nunquid
3010 2984 3093 3031 est
3149 2979 3206 3032 in
3250 2978 3508 3033 districta
3550 2979 3762 3048 proba-

2061 3070 2214 3124 tione
2259 3069 2543 3139 impietas,
2602 3084 2733 3122 cum
2785 3073 2937 3121 recta
2990 3067 3064 3121 sit
3110 3067 3315 3138 judicii
3364 3067 3425 3120 in
3476 3066 3756 3121 electione

2062 3156 2385 3212 sententia?
2420 3158 2633 3212 Nolunt
2662 3171 3012 3227 quemquam
3044 3156 3233 3225 perire
3262 3155 3331 3209 de
3380 3154 3611 3223 fetibus,
3663 3155 3763 3209 sed

2062 3263 2190 3301 suos
2211 3263 2361 3300 essse
2392 3246 2492 3317 qui
2523 3244 2814 3311 cesserint,
2847 3261 2962 3298 non
2992 3248 3333 3315 agnoscunt.
3380 3244 3551 3298 Recte
3606 3243 3761 3297 enim

2060 3334 2157 3389 illa
2184 3336 2332 3389 inter
2383 3351 2512 3388 aves
2567 3333 2912 3400 sublimitas,
2942 3332 3190 3404 genitrix
3244 3337 3483 3403 putatur
3530 3348 3650 3386 esse
3685 3332 3763 3386 vi-

2060 3428 2302 3479 ctorum.
2339 3425 2498 3478 Nunc
2531 3439 2667 3493 ergo
2686 3428 2768 3491 tu,
2803 3422 2965 3476 dulce
2995 3437 3208 3487 meum,
3241 3421 3387 3475 bene
3417 3422 3760 3492 cmpta'per-

2059 3529 2326 3584 sequere;
2360 3518 2416 3567 et
2443 3513 2667 3567 favente
2696 3513 2831 3579 Deo,
2880 3512 2977 3565 ut1
3011 3527 3182 3564 avum
3222 3510 3477 3579 nomine,
3522 3510 3600 3565 ita
3627 3512 3762 3581 |pa-

2056 3606 2204 3656 trem
2252 3602 2422 3656 redde
2454 3600 2731 3655 doctrina.
2776 3600 2901 3654 Non
2942 3599 3190 3654 aestimes
3238 3615 3409 3668 grave
3441 3615 3565 3653 esse
3606 3599 3763 3670 quod

2060 3706 2287 3744 moneo.
2315 3691 2377 3744 Et
2399 3690 2533 3761 quia
2559 3705 2666 3759 ego
2697 3693 2751 3743 te
2775 3688 2843 3743 de
2874 3688 3133 3758 germine
3179 3705 3400 3754 censeo,
3438 3692 3499 3742 tu
3533 3688 3601 3741 de
3637 3686 3761 3756 pri-

2061 3779 2299 3833 mordiis
2321 3795 2434 3833 non
2465 3794 2729 3849 pavescas
2763 3776 2988 3849 :fuitlet
3019 3778 3115 3831 ille
3144 3776 3424 3848 incipiens
3453 3775 3554 3847 qui
3592 3775 3763 3829 time-

2061 3872 2193 3921 tur:
2224 3872 2279 3920 et
2309 3867 2577 3937 quotiens
2596 3867 2883 3937 scalpente
2910 3872 3120 3920 terram
3144 3866 3323 3936 digito
3353 3866 3555 3920 ductus
3597 3880 3763 3935 aquae

2061 3972 2166 4027 per
2226 3956 2514 4025 pulverem
2566 3954 2833 4021 trahitur,
2876 3954 3171 4009 turbidum
3218 3954 3347 4009 ﬂuit
3384 3970 3555 4008 omne
3606 3952 3762 4023 quod

2063 4044 2317 4116 primum
2349 4049 2453 4098 est.
2481 4046 2558 4097 De
2593 4044 2815 4115 reliquo
2837 4044 2981 4109 vale,
3008 4044 3086 4097 mi
3116 4044 3368 4109 domine,
3392 4048 3449 4096 et
3468 4047 3759 4095 amantem

2062 4136 2147 4188 tu:
2178 4117 2767 4215 frequentibusmolq
2788 4119 3008 4201 ξῃῖιᾷὶὶἰς,
3030 4132 3356 4187 litterarum
3388 4146 3400 4186 :
3437 4130 3585 4184 circa
3632 4146 3762 4201 quae

2066 4214 2351 4286 studia,si
2380 4220 2496 4274 mei
2524 4237 2763 4274 'm'emor
2787 4214 3142 4292 «esrpigwm
3192 4225 3247 4275 te
3287 4235 3408 4274 esse
3456 4234 3573 4271 non
3623 4233 3760 4271 con-

2068 4309 2242 4395 venit.
2326 4369 2415 4388 ,δ
2547 4378 2819 4397 λ

2355 4438 2382 4507 ε·
2511 4428 2591 4507 ς’,
2624 4412 2991 4507 ’,ιξιτειεῖτρωξ
3030 4414 3167 4505 m-

2548 4506 2557 4521 ’
2599 4496 2870 4575 annotinis
2892 4500 2933 4555 ί
2972 4501 3233 4574 nahreaio

2137 4629 2319 4694 Quam
2346 4628 2516 4683 velim
2550 4645 2700 4700 saepe
2731 4627 2983 4683 ofﬁcium
3014 4624 3349 4680 visitationis
3374 4624 3659 4689 omittere,
3716 4624 3763 4679 si

2067 4754 2338 4825 appellat,
2372 4758 2429 4807 et
2450 4753 2507 4807 in
2534 4752 2967 4823 epigrammatis
2999 4750 3593 4825 magistrumsij‘elicis
3631 4748 3761 4825 rhe-

2066 4820 2179 4879 tori
2210 4825 2451 4881 Romani
2488 4820 2677 4878 fuerat
2727 4824 2971 4877 auditor.
3029 4824 3076 4876 Is
3106 4820 3273 4876 enim
3328 4821 3554 4874 videtur
3601 4820 3765 4888 cujus

2066 4896 2127 4950 in
2176 4894 2466 4951 Parmensi
2513 4895 2704 4947 codice
2746 4892 3003 4947 Martiani
3044 4893 3289 4963 Capella:
3323 4892 3385 4944 fit
3428 4892 3641 4945 mentio
3675 4892 3764 4945 his

2066 4968 2300 5021 verbis:
2370 4966 2730 5021 SECURUS
2802 4965 3096 5018 ΜΕΜΟΗ
3185 4963 3431 5018 FELIX
3514 4965 3576 5017 V.
3650 4963 3759 5016 SP.

2069 5039 2241 5094 ΟΟΜ.
2276 5037 2542 5092 CONSIS
2552 5038 2615 5090 Τ.
2644 5036 2865 5090 Rhelor
2892 5038 2957 5091 R.
2992 5051 3061 5088 ex
3101 5032 3554 5090 mendosissz'mis
3582 5049 3764 5088 exem-

2064 5108 2342 5180 plaribus
2404 5106 2798 5180 emendabam,
2861 5106 3318 5180 contralegentep
3359 5105 3764 5180 DE_UTERIO

2064 5176 2430 5249 scholastica,
2449 5176 2731 5249 discipulo
2741 5193 2880 5231 meo.
2902 5176 3176 5231 Romcead
3185 5178 3419 5249 portam
3435 5177 3760 5249 Rapenam,

2065 5267 2178 5305 cos.
2233 5248 2466 5304 Paulini
2502 5265 2553 5303 v.
2594 5244 2646 5303 'c.
2687 5248 2803 5309 ,εαὸ
2851 5251 2912 5303 D.
2943 5264 3076 5303 non.
3126 5244 3481 5301 Martiarum
3530 5244 3761 5301 Christo

2067 5321 2398 5390 adjuvante.

2065 5464 2240 5512 rhetor
2268 5462 2411 5513 urbis
2442 5464 2698 5518 Romanae,
2722 5466 2843 5519 etc.,
2866 5465 3046 5511 contra
3071 5461 3270 5524 legente
3290 5458 3571 5524 Eleuterio.
3602 5458 3759 5507 Recte

2065 5527 2222 5574 etiam
2253 5526 2644 5574 eruditissimus
2666 5524 3051 5573 Fontaninilib.
3080 5537 3095 5571 1
3120 5522 3190 5571 ὶίε
3217 5522 3394 5586 Antiq.
3428 5523 3616 5586 Hortae,
3645 5533 3760 5586 cap.

2064 5591 2227 5651 3png.
2262 5590 2372 5645 231,
2405 5588 2655 5651 produxit
2678 5586 2821 5635 hunc
2845 5587 2894 5633 iu
2926 5586 3142 5651 modum
3177 5600 3188 5632 :
3223 5581 3643 5651 Secui'nsnlelio:
3674 5581 3760 5629 Feo

2066 5603 2091 5637 ὅ
2115 5603 2173 5649 pn
2223 5628 2227 5632 .
2263 5603 2372 5645 2M,
2405 5603 2655 5651 prouuxit
2680 5603 2821 5635 nunc
2845 5603 2894 5633 lu
2926 5603 3142 5633 umqum
3177 5603 3188 5632 :
3223 5603 3643 5634 oecurusxucuur
3674 5603 3755 5629 re-

2066 5649 2140 5698 liJ:
2159 5603 2334 5717 Agper,
2358 5655 2633 5717 et_c.,__nam_
2676 5661 2947 5717 perperam
2984 5646 3543 5717 §irmondu_s_exhibet
3572 5645 3755 5695 :Secu-

2063 5726 2151 5761 rus
2176 5707 2369 5761 Memor
2390 5711 2537 5761 Felix
2593 5711 2645 5759 V.
2677 5707 2949 5775 'Spfquasi
2984 5709 3071 5759 Vir
3094 5707 3404 5775 spectabilis.
