  <div class='ocr_page' id='page_1' title='image "/cluster/home/n/w/nwhite01/storage/ocr_20150623/63/hvd.32044073498800/021.png"; bbox 0 0 4102 6182; ppageno 0'>
   <div class='ocr_carea' id='block_1_1' title="bbox 292 248 3790 324">
    <p class='ocr_par' dir='ltr' id='par_1_1' title="bbox 292 248 3790 324">
     <span class='ocr_line' id='line_1_1' title="bbox 292 248 3790 324; baseline -0.001 -3"><span class='ocrx_word' id='word_1_1' title='bbox 292 271 350 321; x_wconf 73' lang='grc'>31</span> <span class='ocrx_word' id='word_1_2' title='bbox 1224 248 1229 255; x_wconf 86' lang='grc'><strong>’</strong></span> <span class='ocrx_word' id='word_1_3' title='bbox 1498 268 1791 323; x_wconf 78' lang='lat' dir='ltr'>ENNOlltl</span> <span class='ocrx_word' id='word_1_4' title='bbox 1834 267 2143 324; x_wconf 76' lang='lat' dir='ltr'>EPISCOPI</span> <span class='ocrx_word' id='word_1_5' title='bbox 2185 267 2571 323; x_wconf 74' lang='lat' dir='ltr'>&#39;ruziNENsls</span> <span class='ocrx_word' id='word_1_6' title='bbox 3722 269 3790 320; x_wconf 79' lang='lat'>32</span> 
     </span>
    </p>
   </div>
   <div class='ocr_carea' id='block_1_2' title="bbox 292 395 3787 470">
    <p class='ocr_par' dir='ltr' id='par_1_2' title="bbox 292 395 3787 470">
     <span class='ocr_line' id='line_1_2' title="bbox 292 395 3787 470; baseline 0 -19"><span class='ocrx_word' id='word_1_7' title='bbox 292 397 515 451; x_wconf 87' lang='lat' dir='ltr'>dulcem</span> <span class='ocrx_word' id='word_1_8' title='bbox 535 395 738 451; x_wconf 78' lang='lat' dir='ltr'>tribuit</span> <span class='ocrx_word' id='word_1_9' title='bbox 766 396 933 467; x_wconf 90' lang='lat' dir='ltr'>culpa</span> <span class='ocrx_word' id='word_1_10' title='bbox 971 396 1296 452; x_wconf 82' lang='lat' dir='ltr'>mercedem</span> <span class='ocrx_word' id='word_1_11' title='bbox 1328 412 1343 451; x_wconf 95' lang='lat'>:</span> <span class='ocrx_word' id='word_1_12' title='bbox 1370 400 1427 450; x_wconf 87' lang='lat' dir='ltr'>et</span> <span class='ocrx_word' id='word_1_13' title='bbox 1448 396 1690 450; x_wconf 76' lang='lat' dir='ltr'>ctelestis</span> <span class='ocrx_word' id='word_1_14' title='bbox 1720 396 1979 451; x_wconf 82' lang='lat' dir='ltr'>mandati</span> <span class='ocrx_word' id='word_1_15' title='bbox 2015 400 2060 451; x_wconf 84' lang='grc' dir='ltr'><strong>Α</strong></span> <span class='ocrx_word' id='word_1_16' title='bbox 2090 414 2263 468; x_wconf 87' lang='lat' dir='ltr'>quem</span> <span class='ocrx_word' id='word_1_17' title='bbox 2293 398 2355 451; x_wconf 92' lang='lat' dir='ltr'>in</span> <span class='ocrx_word' id='word_1_18' title='bbox 2387 396 2574 452; x_wconf 90' lang='lat' dir='ltr'>dubiis</span> <span class='ocrx_word' id='word_1_19' title='bbox 2587 395 2782 451; x_wconf 86' lang='lat' dir='ltr'>tulisse</span> <span class='ocrx_word' id='word_1_20' title='bbox 2805 396 3113 468; x_wconf 85' lang='lat' dir='ltr'>probamus</span> <span class='ocrx_word' id='word_1_21' title='bbox 3140 397 3421 452; x_wconf 81' lang='lat' dir='ltr'>auxilium</span> <span class='ocrx_word' id='word_1_22' title='bbox 3453 414 3465 452; x_wconf 93' lang='lat'>:</span> <span class='ocrx_word' id='word_1_23' title='bbox 3502 414 3787 470; x_wconf 81' lang='lat' dir='ltr'>rogemus</span> 
     </span>
    </p>
   </div>
   <div class='ocr_carea' id='block_1_3' title="bbox 292 484 1994 556">
    <p class='ocr_par' dir='ltr' id='par_1_3' title="bbox 292 484 1994 556">
     <span class='ocr_line' id='line_1_3' title="bbox 292 484 1994 556; baseline 0.001 -18"><span class='ocrx_word' id='word_1_24' title='bbox 292 484 634 539; x_wconf 89' lang='lat' dir='ltr'>sententiam</span> <span class='ocrx_word' id='word_1_25' title='bbox 683 484 868 538; x_wconf 90' lang='lat' dir='ltr'>sciens</span> <span class='ocrx_word' id='word_1_26' title='bbox 908 485 1274 556; x_wconf 87' lang='lat' dir='ltr'>prudensque</span> <span class='ocrx_word' id='word_1_27' title='bbox 1328 485 1641 554; x_wconf 82' lang='lat' dir='ltr'>negligere,</span> <span class='ocrx_word' id='word_1_28' title='bbox 1683 485 1730 539; x_wconf 90' lang='lat' dir='ltr'><strong>si</strong></span> <span class='ocrx_word' id='word_1_29' title='bbox 1777 485 1994 539; x_wconf 89' lang='lat' dir='ltr'>deside-</span> 
     </span>
    </p>
   </div>
   <div class='ocr_carea' id='block_1_4' title="bbox 294 572 1993 644">
    <p class='ocr_par' dir='ltr' id='par_1_4' title="bbox 294 572 1993 644">
     <span class='ocr_line' id='line_1_4' title="bbox 294 572 1993 644; baseline 0 -19"><span class='ocrx_word' id='word_1_30' title='bbox 294 573 394 626; x_wconf 86' lang='lat' dir='ltr'><strong>riis</strong></span> <span class='ocrx_word' id='word_1_31' title='bbox 422 573 647 642; x_wconf 89' lang='lat' dir='ltr'>copiam</span> <span class='ocrx_word' id='word_1_32' title='bbox 691 573 1036 628; x_wconf 90' lang='lat' dir='ltr'>vindicanda</span> <span class='ocrx_word' id='word_1_33' title='bbox 1079 572 1408 627; x_wconf 80' lang='lat' dir='ltr'>conciliant!</span> <span class='ocrx_word' id='word_1_34' title='bbox 1444 572 1578 626; x_wconf 86' lang='lat' dir='ltr'><strong>Mihi</strong></span> <span class='ocrx_word' id='word_1_35' title='bbox 1614 574 1713 627; x_wconf 92' lang='lat' dir='ltr'>uni</span> <span class='ocrx_word' id='word_1_36' title='bbox 1752 574 1993 644; x_wconf 85' lang='lat' dir='ltr'><strong>contigit</strong></span> 
     </span>
    </p>
   </div>
   <div class='ocr_carea' id='block_1_5' title="bbox 292 660 1988 731">
    <p class='ocr_par' dir='ltr' id='par_1_5' title="bbox 292 660 1988 731">
     <span class='ocr_line' id='line_1_5' title="bbox 292 660 1988 731; baseline 0.001 -17"><span class='ocrx_word' id='word_1_37' title='bbox 292 661 360 714; x_wconf 90' lang='lat' dir='ltr'>de</span> <span class='ocrx_word' id='word_1_38' title='bbox 383 660 714 715; x_wconf 83' lang='lat' dir='ltr'>offensionis</span> <span class='ocrx_word' id='word_1_39' title='bbox 736 662 941 715; x_wconf 90' lang='lat' dir='ltr'>merito</span> <span class='ocrx_word' id='word_1_40' title='bbox 980 660 1233 714; x_wconf 87' lang='lat' dir='ltr'>evenisse</span> <span class='ocrx_word' id='word_1_41' title='bbox 1269 660 1419 730; x_wconf 90' lang='lat' dir='ltr'>quod</span> <span class='ocrx_word' id='word_1_42' title='bbox 1448 661 1729 731; x_wconf 83' lang='lat' dir='ltr'>gaudeam</span> <span class='ocrx_word' id='word_1_43' title='bbox 1769 678 1781 716; x_wconf 92' lang='lat'>:</span> <span class='ocrx_word' id='word_1_44' title='bbox 1817 662 1988 716; x_wconf 87' lang='lat' dir='ltr'><strong>didici</strong></span> 
     </span>
    </p>
   </div>
   <div class='ocr_carea' id='block_1_6' title="bbox 296 748 1992 804">
    <p class='ocr_par' dir='ltr' id='par_1_6' title="bbox 296 748 1992 804">
     <span class='ocr_line' id='line_1_6' title="bbox 296 748 1992 804; baseline 0.001 -2"><span class='ocrx_word' id='word_1_45' title='bbox 296 765 448 802; x_wconf 91' lang='lat' dir='ltr'>nunc</span> <span class='ocrx_word' id='word_1_46' title='bbox 490 749 589 802; x_wconf 89' lang='lat' dir='ltr'>tali</span> <span class='ocrx_word' id='word_1_47' title='bbox 639 748 1102 804; x_wconf 86' lang='lat' dir='ltr'>remuneratione</span> <span class='ocrx_word' id='word_1_48' title='bbox 1149 752 1336 801; x_wconf 89' lang='lat' dir='ltr'>errata</span> <span class='ocrx_word' id='word_1_49' title='bbox 1410 750 1631 803; x_wconf 89' lang='lat' dir='ltr'>sectari.</span> <span class='ocrx_word' id='word_1_50' title='bbox 1693 751 1815 804; x_wconf 86' lang='lat' dir='ltr'>Non</span> <span class='ocrx_word' id='word_1_51' title='bbox 1860 756 1992 804; x_wconf 91' lang='lat' dir='ltr'>sunt</span> 
     </span>
    </p>
   </div>
   <div class='ocr_carea' id='block_1_7' title="bbox 294 835 1990 910">
    <p class='ocr_par' dir='ltr' id='par_1_7' title="bbox 294 835 1990 910">
     <span class='ocr_line' id='line_1_7' title="bbox 294 835 1990 910; baseline 0.001 -20"><span class='ocrx_word' id='word_1_52' title='bbox 294 838 546 902; x_wconf 89' lang='lat' dir='ltr'>adversa,</span> <span class='ocrx_word' id='word_1_53' title='bbox 582 838 781 892; x_wconf 85' lang='lat' dir='ltr'>doctor</span> <span class='ocrx_word' id='word_1_54' title='bbox 811 837 1045 908; x_wconf 91' lang='lat' dir='ltr'>optime,</span> <span class='ocrx_word' id='word_1_55' title='bbox 1089 835 1471 890; x_wconf 86' lang='lat' dir='ltr'>amicitiarum</span> <span class='ocrx_word' id='word_1_56' title='bbox 1520 838 1807 908; x_wconf 87' lang='lat' dir='ltr'>religioni,</span> <span class='ocrx_word' id='word_1_57' title='bbox 1861 855 1990 910; x_wconf 70' lang='lat' dir='ltr'>quas</span> 
     </span>
    </p>
   </div>
   <div class='ocr_carea' id='block_1_8' title="bbox 293 923 1985 994">
    <p class='ocr_par' dir='ltr' id='par_1_8' title="bbox 293 923 1985 994">
     <span class='ocr_line' id='line_1_8' title="bbox 293 923 1985 994; baseline 0.001 -16"><span class='ocrx_word' id='word_1_58' title='bbox 293 924 518 994; x_wconf 91' lang='lat' dir='ltr'>profero</span> <span class='ocrx_word' id='word_1_59' title='bbox 556 930 778 979; x_wconf 89' lang='lat' dir='ltr'>coactus</span> <span class='ocrx_word' id='word_1_60' title='bbox 822 925 881 976; x_wconf 92' lang='lat' dir='ltr'>in</span> <span class='ocrx_word' id='word_1_61' title='bbox 914 923 1189 977; x_wconf 89' lang='lat' dir='ltr'>medium.</span> <span class='ocrx_word' id='word_1_62' title='bbox 1222 923 1339 976; x_wconf 88' lang='lat' dir='ltr'>lmo</span> <span class='ocrx_word' id='word_1_63' title='bbox 1398 930 1634 994; x_wconf 89' lang='lat' dir='ltr'>propter</span> <span class='ocrx_word' id='word_1_64' title='bbox 1674 927 1985 980; x_wconf 84' lang='lat' dir='ltr'>confessio-</span> 
     </span>
    </p>
   </div>
   <div class='ocr_carea' id='block_1_9' title="bbox 295 1011 1987 1085">
    <p class='ocr_par' dir='ltr' id='par_1_9' title="bbox 295 1011 1987 1085">
     <span class='ocr_line' id='line_1_9' title="bbox 295 1011 1987 1085; baseline 0.001 -18"><span class='ocrx_word' id='word_1_65' title='bbox 295 1029 429 1067; x_wconf 88' lang='lat' dir='ltr'>nem</span> <span class='ocrx_word' id='word_1_66' title='bbox 447 1013 678 1082; x_wconf 89' lang='lat' dir='ltr'>dignam</span> <span class='ocrx_word' id='word_1_67' title='bbox 697 1011 987 1081; x_wconf 88' lang='lat' dir='ltr'>proposito</span> <span class='ocrx_word' id='word_1_68' title='bbox 1010 1012 1349 1065; x_wconf 87' lang='lat' dir='ltr'>valetudinis</span> <span class='ocrx_word' id='word_1_69' title='bbox 1365 1016 1479 1066; x_wconf 71' lang='lat' dir='ltr'>tuae</span> <span class='ocrx_word' id='word_1_70' title='bbox 1494 1014 1677 1080; x_wconf 48' lang='lat' dir='ltr'>dubia;</span> <span class='ocrx_word' id='word_1_71' title='bbox 1691 1031 1987 1085; x_wconf 86' lang='lat' dir='ltr'>nunquam</span> 
     </span>
    </p>
   </div>
   <div class='ocr_carea' id='block_1_10' title="bbox 296 1099 1985 1171">
    <p class='ocr_par' dir='ltr' id='par_1_10' title="bbox 296 1099 1985 1171">
     <span class='ocr_line' id='line_1_10' title="bbox 296 1099 1985 1171; baseline 0.003 -20"><span class='ocrx_word' id='word_1_72' title='bbox 296 1102 450 1154; x_wconf 85' lang='lat' dir='ltr'>velut</span> <span class='ocrx_word' id='word_1_73' title='bbox 502 1105 761 1169; x_wconf 81' lang='lat' dir='ltr'>ingratus</span> <span class='ocrx_word' id='word_1_74' title='bbox 792 1099 985 1170; x_wconf 90' lang='lat' dir='ltr'>optavi</span> <span class='ocrx_word' id='word_1_75' title='bbox 1016 1115 1029 1152; x_wconf 95' lang='lat'>:</span> <span class='ocrx_word' id='word_1_76' title='bbox 1078 1099 1218 1169; x_wconf 91' lang='lat' dir='ltr'>quin</span> <span class='ocrx_word' id='word_1_77' title='bbox 1260 1099 1453 1165; x_wconf 90' lang='lat' dir='ltr'>etiam,</span> <span class='ocrx_word' id='word_1_78' title='bbox 1498 1107 1776 1171; x_wconf 89' lang='lat' dir='ltr'>quantum</span> <span class='ocrx_word' id='word_1_79' title='bbox 1807 1103 1866 1155; x_wconf 91' lang='lat' dir='ltr'>in</span> <span class='ocrx_word' id='word_1_80' title='bbox 1898 1118 1985 1156; x_wconf 90' lang='lat' dir='ltr'>me</span> 
     </span>
    </p>
   </div>
   <div class='ocr_carea' id='block_1_11' title="bbox 296 1187 1989 1258">
    <p class='ocr_par' dir='ltr' id='par_1_11' title="bbox 296 1187 1989 1258">
     <span class='ocr_line' id='line_1_11' title="bbox 296 1187 1989 1258; baseline 0.002 -18"><span class='ocrx_word' id='word_1_81' title='bbox 296 1188 422 1254; x_wconf 89' lang='lat' dir='ltr'>fuit,</span> <span class='ocrx_word' id='word_1_82' title='bbox 477 1192 672 1240; x_wconf 88' lang='lat' dir='ltr'>contra</span> <span class='ocrx_word' id='word_1_83' title='bbox 740 1187 1074 1258; x_wconf 88' lang='lat' dir='ltr'>ingruentes</span> <span class='ocrx_word' id='word_1_84' title='bbox 1146 1187 1249 1241; x_wconf 84' lang='lat' dir='ltr'>tibi</span> <span class='ocrx_word' id='word_1_85' title='bbox 1298 1188 1715 1258; x_wconf 69' lang='lat' dir='ltr'>inaequalitates</span> <span class='ocrx_word' id='word_1_86' title='bbox 1757 1207 1989 1258; x_wconf 79' lang='lat' dir='ltr'>precum</span> 
     </span>
    </p>
   </div>
   <div class='ocr_carea' id='block_1_12' title="bbox 296 1275 1985 1346">
    <p class='ocr_par' dir='ltr' id='par_1_12' title="bbox 296 1275 1985 1346">
     <span class='ocr_line' id='line_1_12' title="bbox 296 1275 1985 1346; baseline 0.003 -19"><span class='ocrx_word' id='word_1_87' title='bbox 296 1290 497 1328; x_wconf 89' lang='lat' dir='ltr'>manus</span> <span class='ocrx_word' id='word_1_88' title='bbox 547 1275 807 1346; x_wconf 91' lang='lat' dir='ltr'>opposui.</span> <span class='ocrx_word' id='word_1_89' title='bbox 868 1275 973 1330; x_wconf 86' lang='lat' dir='ltr'>Sed</span> <span class='ocrx_word' id='word_1_90' title='bbox 1007 1290 1131 1329; x_wconf 90' lang='lat' dir='ltr'>ecce</span> <span class='ocrx_word' id='word_1_91' title='bbox 1164 1291 1337 1345; x_wconf 91' lang='lat' dir='ltr'>quam</span> <span class='ocrx_word' id='word_1_92' title='bbox 1394 1279 1579 1330; x_wconf 82' lang='lat' dir='ltr'>alacer</span> <span class='ocrx_word' id='word_1_93' title='bbox 1634 1294 1831 1331; x_wconf 85' lang='lat' dir='ltr'>sensus</span> <span class='ocrx_word' id='word_1_94' title='bbox 1868 1284 1985 1345; x_wconf 41' lang='lat' dir='ltr'>jest,</span> 
     </span>
    </p>
   </div>
   <div class='ocr_carea' id='block_1_13' title="bbox 296 1364 1989 1433">
    <p class='ocr_par' dir='ltr' id='par_1_13' title="bbox 296 1364 1989 1433">
     <span class='ocr_line' id='line_1_13' title="bbox 296 1364 1989 1433; baseline 0.003 -17"><span class='ocrx_word' id='word_1_95' title='bbox 296 1379 410 1416; x_wconf 90' lang='lat' dir='ltr'>non</span> <span class='ocrx_word' id='word_1_96' title='bbox 442 1364 501 1417; x_wconf 92' lang='lat' dir='ltr'>in</span> <span class='ocrx_word' id='word_1_97' title='bbox 534 1380 805 1433; x_wconf 90' lang='lat' dir='ltr'>prospera</span> <span class='ocrx_word' id='word_1_98' title='bbox 829 1364 1216 1418; x_wconf 89' lang='lat' dir='ltr'>membrorum</span> <span class='ocrx_word' id='word_1_99' title='bbox 1254 1366 1434 1419; x_wconf 89' lang='lat' dir='ltr'>salute</span> <span class='ocrx_word' id='word_1_100' title='bbox 1474 1365 1708 1420; x_wconf 88' lang='lat' dir='ltr'>fundata</span> <span class='ocrx_word' id='word_1_101' title='bbox 1740 1367 1989 1421; x_wconf 84' lang='lat' dir='ltr'>ostendit</span> 
     </span>
    </p>
   </div>
   <div class='ocr_carea' id='block_1_14' title="bbox 296 1452 1985 1525">
    <p class='ocr_par' dir='ltr' id='par_1_14' title="bbox 296 1452 1985 1525">
     <span class='ocr_line' id='line_1_14' title="bbox 296 1452 1985 1525; baseline 0.002 -21"><span class='ocrx_word' id='word_1_102' title='bbox 296 1452 526 1521; x_wconf 90' lang='lat' dir='ltr'>pagina,</span> <span class='ocrx_word' id='word_1_103' title='bbox 574 1453 633 1505; x_wconf 90' lang='lat' dir='ltr'>in</span> <span class='ocrx_word' id='word_1_104' title='bbox 677 1469 791 1522; x_wconf 90' lang='lat' dir='ltr'>qua</span> <span class='ocrx_word' id='word_1_105' title='bbox 838 1457 1078 1522; x_wconf 90' lang='lat' dir='ltr'>utraque</span> <span class='ocrx_word' id='word_1_106' title='bbox 1133 1452 1257 1506; x_wconf 91' lang='lat' dir='ltr'>luce</span> <span class='ocrx_word' id='word_1_107' title='bbox 1322 1453 1547 1507; x_wconf 86' lang='lat' dir='ltr'>fulsisti.</span> <span class='ocrx_word' id='word_1_108' title='bbox 1592 1454 1728 1521; x_wconf 90' lang='lat' dir='ltr'>Tua,</span> <span class='ocrx_word' id='word_1_109' title='bbox 1771 1470 1985 1525; x_wconf 66' lang='lat' dir='ltr'>quaeso,</span> 
     </span>
    </p>
   </div>
   <div class='ocr_carea' id='block_1_15' title="bbox 296 1540 1990 1612">
    <p class='ocr_par' dir='ltr' id='par_1_15' title="bbox 296 1540 1990 1612">
     <span class='ocr_line' id='line_1_15' title="bbox 296 1540 1990 1612; baseline 0.002 -19"><span class='ocrx_word' id='word_1_110' title='bbox 296 1540 515 1593; x_wconf 89' lang='lat' dir='ltr'>lumina</span> <span class='ocrx_word' id='word_1_111' title='bbox 572 1541 722 1593; x_wconf 88' lang='lat' dir='ltr'>nube</span> <span class='ocrx_word' id='word_1_112' title='bbox 766 1540 979 1593; x_wconf 91' lang='lat' dir='ltr'>doloris</span> <span class='ocrx_word' id='word_1_113' title='bbox 1026 1540 1386 1609; x_wconf 78' lang='lat' dir='ltr'>hebetentur,</span> <span class='ocrx_word' id='word_1_114' title='bbox 1442 1542 1601 1612; x_wconf 83' lang='lat' dir='ltr'>cujus</span> <span class='ocrx_word' id='word_1_115' title='bbox 1670 1551 1780 1597; x_wconf 90' lang='lat' dir='ltr'>tam</span> <span class='ocrx_word' id='word_1_116' title='bbox 1839 1543 1990 1597; x_wconf 90' lang='lat' dir='ltr'>clara</span> 
     </span>
    </p>
   </div>
   <div class='ocr_carea' id='block_1_16' title="bbox 297 1629 1984 1701">
    <p class='ocr_par' dir='ltr' id='par_1_16' title="bbox 297 1629 1984 1701">
     <span class='ocr_line' id='line_1_16' title="bbox 297 1629 1984 1701; baseline 0.001 -18"><span class='ocrx_word' id='word_1_117' title='bbox 297 1634 431 1683; x_wconf 84' lang='lat' dir='ltr'>sunt</span> <span class='ocrx_word' id='word_1_118' title='bbox 452 1629 708 1682; x_wconf 85' lang='lat' dir='ltr'>carmina</span> <span class='ocrx_word' id='word_1_119' title='bbox 728 1629 755 1683; x_wconf 77' lang='lat'><strong>?</strong></span> <span class='ocrx_word' id='word_1_120' title='bbox 787 1634 843 1682; x_wconf 91' lang='lat' dir='ltr'>et</span> <span class='ocrx_word' id='word_1_121' title='bbox 865 1630 962 1699; x_wconf 90' lang='lat' dir='ltr'>qui</span> <span class='ocrx_word' id='word_1_122' title='bbox 985 1630 1166 1683; x_wconf 90' lang='lat' dir='ltr'>lucem</span> <span class='ocrx_word' id='word_1_123' title='bbox 1200 1631 1472 1701; x_wconf 89' lang='lat' dir='ltr'>loqueris,</span> <span class='ocrx_word' id='word_1_124' title='bbox 1506 1632 1573 1685; x_wconf 91' lang='lat' dir='ltr'>de</span> <span class='ocrx_word' id='word_1_125' title='bbox 1607 1631 1819 1686; x_wconf 82' lang='lat' dir='ltr'>visione</span> <span class='ocrx_word' id='word_1_126' title='bbox 1850 1648 1984 1685; x_wconf 88' lang='lat' dir='ltr'>cau-</span> 
     </span>
    </p>
   </div>
   <div class='ocr_carea' id='block_1_17' title="bbox 297 1714 1991 1788">
    <p class='ocr_par' dir='ltr' id='par_1_17' title="bbox 297 1714 1991 1788">
     <span class='ocr_line' id='line_1_17' title="bbox 297 1714 1991 1788; baseline 0.003 -20"><span class='ocrx_word' id='word_1_127' title='bbox 297 1714 484 1770; x_wconf 85' lang='lat' dir='ltr'>saris?</span> <span class='ocrx_word' id='word_1_128' title='bbox 514 1717 694 1780; x_wconf 87' lang='lat' dir='ltr'>Quam</span> <span class='ocrx_word' id='word_1_129' title='bbox 729 1716 921 1784; x_wconf 92' lang='lat' dir='ltr'>timeo,</span> <span class='ocrx_word' id='word_1_130' title='bbox 955 1734 1027 1771; x_wconf 92' lang='lat' dir='ltr'>ne</span> <span class='ocrx_word' id='word_1_131' title='bbox 1068 1734 1270 1788; x_wconf 90' lang='lat' dir='ltr'>parcus</span> <span class='ocrx_word' id='word_1_132' title='bbox 1302 1718 1361 1771; x_wconf 87' lang='lat' dir='ltr'>in</span> <span class='ocrx_word' id='word_1_133' title='bbox 1396 1718 1616 1772; x_wconf 90' lang='lat' dir='ltr'>meritis</span> <span class='ocrx_word' id='word_1_134' title='bbox 1656 1719 1767 1773; x_wconf 87' lang='lat' dir='ltr'>tuis</span> <span class='ocrx_word' id='word_1_135' title='bbox 1796 1720 1991 1774; x_wconf 87' lang='lat' dir='ltr'>lauda-</span> 
     </span>
    </p>
   </div>
   <div class='ocr_carea' id='block_1_18' title="bbox 298 1804 1992 1875">
    <p class='ocr_par' dir='ltr' id='par_1_18' title="bbox 298 1804 1992 1875">
     <span class='ocr_line' id='line_1_18' title="bbox 298 1804 1992 1875; baseline 0.002 -17"><span class='ocrx_word' id='word_1_136' title='bbox 298 1811 388 1859; x_wconf 88' lang='lat' dir='ltr'>tor</span> <span class='ocrx_word' id='word_1_137' title='bbox 443 1804 717 1858; x_wconf 75' lang='lat' dir='ltr'>inveniat.</span> <span class='ocrx_word' id='word_1_138' title='bbox 799 1806 923 1860; x_wconf 90' lang='lat' dir='ltr'>Tibi</span> <span class='ocrx_word' id='word_1_139' title='bbox 983 1811 1133 1859; x_wconf 90' lang='lat' dir='ltr'>recte</span> <span class='ocrx_word' id='word_1_140' title='bbox 1188 1807 1508 1875; x_wconf 88' lang='lat' dir='ltr'>ascribitur,</span> <span class='ocrx_word' id='word_1_141' title='bbox 1574 1808 1791 1861; x_wconf 89' lang='lat' dir='ltr'>cunctis</span> <span class='ocrx_word' id='word_1_142' title='bbox 1858 1809 1992 1863; x_wconf 87' lang='lat' dir='ltr'>dare</span> 
     </span>
    </p>
   </div>
   <div class='ocr_carea' id='block_1_19' title="bbox 299 1893 1993 1969">
    <p class='ocr_par' dir='ltr' id='par_1_19' title="bbox 299 1893 1993 1969">
     <span class='ocr_line' id='line_1_19' title="bbox 299 1893 1993 1969; baseline 0.004 -23"><span class='ocrx_word' id='word_1_143' title='bbox 299 1893 517 1959; x_wconf 89' lang='lat' dir='ltr'>oculos,</span> <span class='ocrx_word' id='word_1_144' title='bbox 582 1899 639 1947; x_wconf 90' lang='lat' dir='ltr'>et</span> <span class='ocrx_word' id='word_1_145' title='bbox 692 1894 934 1948; x_wconf 89' lang='lat' dir='ltr'>obscura</span> <span class='ocrx_word' id='word_1_146' title='bbox 993 1895 1275 1949; x_wconf 87' lang='lat' dir='ltr'>mentium</span> <span class='ocrx_word' id='word_1_147' title='bbox 1335 1896 1641 1967; x_wconf 88' lang='lat' dir='ltr'>peregrino</span> <span class='ocrx_word' id='word_1_148' title='bbox 1689 1897 1993 1969; x_wconf 89' lang='lat' dir='ltr'>splendore</span> 
     </span>
    </p>
   </div>
   <div class='ocr_carea' id='block_1_20' title="bbox 299 1980 1995 2057">
    <p class='ocr_par' dir='ltr' id='par_1_20' title="bbox 299 1980 1995 2057">
     <span class='ocr_line' id='line_1_20' title="bbox 299 1980 1995 2057; baseline 0.004 -22"><span class='ocrx_word' id='word_1_149' title='bbox 299 1980 541 2035; x_wconf 87' lang='lat' dir='ltr'>radiare.</span> <span class='ocrx_word' id='word_1_150' title='bbox 590 1983 734 2053; x_wconf 88' lang='lat' dir='ltr'>Ergo</span> <span class='ocrx_word' id='word_1_151' title='bbox 783 1990 949 2053; x_wconf 89' lang='lat' dir='ltr'>putas</span> <span class='ocrx_word' id='word_1_152' title='bbox 982 1984 1084 2037; x_wconf 88' lang='lat' dir='ltr'>tibi</span> <span class='ocrx_word' id='word_1_153' title='bbox 1131 1985 1378 2038; x_wconf 91' lang='lat' dir='ltr'>validum</span> <span class='ocrx_word' id='word_1_154' title='bbox 1410 2001 1527 2039; x_wconf 89' lang='lat' dir='ltr'>non</span> <span class='ocrx_word' id='word_1_155' title='bbox 1563 2003 1682 2039; x_wconf 89' lang='lat' dir='ltr'>esse</span> <span class='ocrx_word' id='word_1_156' title='bbox 1722 1987 1875 2057; x_wconf 94' lang='lat' dir='ltr'>quod</span> <span class='ocrx_word' id='word_1_157' title='bbox 1896 1987 1995 2041; x_wconf 89' lang='lat' dir='ltr'>tri-</span> 
     </span>
    </p>
   </div>
   <div class='ocr_carea' id='block_1_21' title="bbox 298 2069 1995 2143">
    <p class='ocr_par' dir='ltr' id='par_1_21' title="bbox 298 2069 1995 2143">
     <span class='ocr_line' id='line_1_21' title="bbox 298 2069 1995 2143; baseline 0.003 -21"><span class='ocrx_word' id='word_1_158' title='bbox 298 2069 460 2123; x_wconf 84' lang='lat' dir='ltr'>buis?</span> <span class='ocrx_word' id='word_1_159' title='bbox 492 2071 663 2138; x_wconf 90' lang='lat' dir='ltr'>Pelle,</span> <span class='ocrx_word' id='word_1_160' title='bbox 696 2087 914 2141; x_wconf 69' lang='lat' dir='ltr'>quaeso,</span> <span class='ocrx_word' id='word_1_161' title='bbox 950 2072 1143 2126; x_wconf 91' lang='lat' dir='ltr'>animo</span> <span class='ocrx_word' id='word_1_162' title='bbox 1180 2088 1343 2127; x_wconf 88' lang='lat' dir='ltr'>curas</span> <span class='ocrx_word' id='word_1_163' title='bbox 1375 2074 1714 2143; x_wconf 87' lang='lat' dir='ltr'>superfluas,</span> <span class='ocrx_word' id='word_1_164' title='bbox 1756 2075 1995 2129; x_wconf 82' lang='lat' dir='ltr'>forsitan</span> 
     </span>
    </p>
   </div>
   <div class='ocr_carea' id='block_1_22' title="bbox 280 2158 1997 2233">
    <p class='ocr_par' dir='ltr' id='par_1_22' title="bbox 280 2158 1997 2233">
     <span class='ocr_line' id='line_1_22' title="bbox 280 2158 1997 2233; baseline 0.005 -23"><span class='ocrx_word' id='word_1_165' title='bbox 280 2158 682 2216; x_wconf 83' lang='lat' dir='ltr'>sollicitudine</span> <span class='ocrx_word' id='word_1_166' title='bbox 717 2166 816 2214; x_wconf 90' lang='lat' dir='ltr'>aut</span> <span class='ocrx_word' id='word_1_167' title='bbox 842 2161 1104 2215; x_wconf 85' lang='lat' dir='ltr'>cautione</span> <span class='ocrx_word' id='word_1_168' title='bbox 1143 2168 1461 2233; x_wconf 89' lang='lat' dir='ltr'>conceptas.</span> <span class='ocrx_word' id='word_1_169' title='bbox 1510 2164 1679 2218; x_wconf 90' lang='lat' dir='ltr'>Dabit</span> <span class='ocrx_word' id='word_1_170' title='bbox 1719 2167 1888 2229; x_wconf 86' lang='lat' dir='ltr'>Deus,</span> <span class='ocrx_word' id='word_1_171' title='bbox 1931 2170 1997 2219; x_wconf 90' lang='lat' dir='ltr'>ut</span> 
     </span>
    </p>
   </div>
   <div class='ocr_carea' id='block_1_23' title="bbox 308 2245 1995 2321">
    <p class='ocr_par' dir='ltr' id='par_1_23' title="bbox 308 2245 1995 2321">
     <span class='ocr_line' id='line_1_23' title="bbox 308 2245 1995 2321; baseline 0.005 -21"><span class='ocrx_word' id='word_1_172' title='bbox 308 2245 589 2318; x_wconf 88' lang='lat' dir='ltr'>quidquid</span> <span class='ocrx_word' id='word_1_173' title='bbox 618 2250 931 2319; x_wconf 84' lang='lat' dir='ltr'>corporalis</span> <span class='ocrx_word' id='word_1_174' title='bbox 958 2251 1193 2305; x_wconf 90' lang='lat' dir='ltr'>accessit</span> <span class='ocrx_word' id='word_1_175' title='bbox 1219 2252 1589 2321; x_wconf 90' lang='lat' dir='ltr'>incommodi,</span> <span class='ocrx_word' id='word_1_176' title='bbox 1636 2253 1756 2307; x_wconf 83' lang='lat' dir='ltr'>vice</span> <span class='ocrx_word' id='word_1_177' title='bbox 1787 2254 1995 2308; x_wconf 68' lang='lat' dir='ltr'>anima:</span> 
     </span>
    </p>
   </div>
   <div class='ocr_carea' id='block_1_24' title="bbox 301 2337 1645 2407">
    <p class='ocr_par' dir='ltr' id='par_1_24' title="bbox 301 2337 1645 2407">
     <span class='ocr_line' id='line_1_24' title="bbox 301 2337 1645 2407; baseline 0.004 -17"><span class='ocrx_word' id='word_1_178' title='bbox 301 2343 413 2390; x_wconf 62' lang='lat' dir='ltr'>tua:</span> <span class='ocrx_word' id='word_1_179' title='bbox 446 2352 545 2407; x_wconf 90' lang='lat' dir='ltr'>per</span> <span class='ocrx_word' id='word_1_180' title='bbox 573 2337 779 2392; x_wconf 89' lang='lat' dir='ltr'>sudum</span> <span class='ocrx_word' id='word_1_181' title='bbox 820 2339 1076 2393; x_wconf 87' lang='lat' dir='ltr'>rutilanti</span> <span class='ocrx_word' id='word_1_182' title='bbox 1102 2341 1281 2393; x_wconf 90' lang='lat' dir='ltr'>nitore</span> <span class='ocrx_word' id='word_1_183' title='bbox 1314 2342 1645 2396; x_wconf 90' lang='lat' dir='ltr'>mundetur.</span> 
     </span>
    </p>
   </div>
   <div class='ocr_carea' id='block_1_25' title="bbox 910 2428 1381 2484">
    <p class='ocr_par' dir='ltr' id='par_1_25' title="bbox 910 2428 1381 2484">
     <span class='ocr_line' id='line_1_25' title="bbox 910 2428 1381 2484; baseline 0.002 -3"><span class='ocrx_word' id='word_1_184' title='bbox 910 2428 1240 2484; x_wconf 79' lang='lat' dir='ltr'>EPISTOLA</span> <span class='ocrx_word' id='word_1_185' title='bbox 1280 2430 1381 2482; x_wconf 78' lang='grc' dir='ltr'>ΧΧ.</span> 
     </span>
    </p>
   </div>
   <div class='ocr_carea' id='block_1_26' title="bbox 888 2532 1412 2572">
    <p class='ocr_par' dir='ltr' id='par_1_26' title="bbox 888 2532 1412 2572">
     <span class='ocr_line' id='line_1_26' title="bbox 888 2532 1412 2572; baseline 0.004 -3"><span class='ocrx_word' id='word_1_186' title='bbox 888 2532 1153 2571; x_wconf 72' lang='lat' dir='ltr'>ENNODIUS</span> <span class='ocrx_word' id='word_1_187' title='bbox 1192 2534 1412 2572; x_wconf 80' lang='lat' dir='ltr'>FAUSTO.</span> 
     </span>
    </p>
   </div>
   <div class='ocr_carea' id='block_1_27' title="bbox 371 2602 1994 2677">
    <p class='ocr_par' dir='ltr' id='par_1_27' title="bbox 371 2602 1994 2677">
     <span class='ocr_line' id='line_1_27' title="bbox 371 2602 1994 2677; baseline 0.005 -23"><span class='ocrx_word' id='word_1_188' title='bbox 371 2602 510 2657; x_wconf 84' lang='lat' dir='ltr'>Vere</span> <span class='ocrx_word' id='word_1_189' title='bbox 558 2603 770 2673; x_wconf 83' lang='lat' dir='ltr'>gratias</span> <span class='ocrx_word' id='word_1_190' title='bbox 817 2605 1079 2659; x_wconf 91' lang='lat' dir='ltr'>Trinitati</span> <span class='ocrx_word' id='word_1_191' title='bbox 1131 2622 1304 2677; x_wconf 88' lang='lat' dir='ltr'>quam</span> <span class='ocrx_word' id='word_1_192' title='bbox 1364 2623 1702 2661; x_wconf 85' lang='lat' dir='ltr'>veneramur</span> <span class='ocrx_word' id='word_1_193' title='bbox 1758 2612 1815 2661; x_wconf 92' lang='lat' dir='ltr'>et</span> <span class='ocrx_word' id='word_1_194' title='bbox 1856 2609 1994 2663; x_wconf 90' lang='lat' dir='ltr'>coli—</span> 
     </span>
    </p>
   </div>
   <div class='ocr_carea' id='block_1_28' title="bbox 302 2692 1995 2764">
    <p class='ocr_par' dir='ltr' id='par_1_28' title="bbox 302 2692 1995 2764">
     <span class='ocr_line' id='line_1_28' title="bbox 302 2692 1995 2764; baseline 0.005 -21"><span class='ocrx_word' id='word_1_195' title='bbox 302 2706 452 2755; x_wconf 91' lang='lat' dir='ltr'>mus,</span> <span class='ocrx_word' id='word_1_196' title='bbox 486 2692 602 2745; x_wconf 90' lang='lat' dir='ltr'>Deo</span> <span class='ocrx_word' id='word_1_197' title='bbox 636 2696 851 2758; x_wconf 91' lang='lat' dir='ltr'>nostro,</span> <span class='ocrx_word' id='word_1_198' title='bbox 900 2710 1027 2763; x_wconf 67' lang='lat' dir='ltr'>qua:</span> <span class='ocrx_word' id='word_1_199' title='bbox 1075 2694 1179 2748; x_wconf 89' lang='lat' dir='ltr'>sub</span> <span class='ocrx_word' id='word_1_200' title='bbox 1216 2711 1590 2764; x_wconf 88' lang='lat' dir='ltr'>personarum</span> <span class='ocrx_word' id='word_1_201' title='bbox 1628 2696 1995 2752; x_wconf 77' lang='lat' dir='ltr'>distinctione</span> 
     </span>
    </p>
   </div>
   <div class='ocr_carea' id='block_1_29' title="bbox 301 2780 1996 2856">
    <p class='ocr_par' dir='ltr' id='par_1_29' title="bbox 301 2780 1996 2856">
     <span class='ocr_line' id='line_1_29' title="bbox 301 2780 1996 2856; baseline 0.005 -24"><span class='ocrx_word' id='word_1_202' title='bbox 301 2784 358 2832; x_wconf 91' lang='lat' dir='ltr'>et</span> <span class='ocrx_word' id='word_1_203' title='bbox 386 2780 713 2850; x_wconf 80' lang='lat' dir='ltr'>aequalitate</span> <span class='ocrx_word' id='word_1_204' title='bbox 764 2780 1033 2849; x_wconf 91' lang='lat' dir='ltr'>mirabili,</span> <span class='ocrx_word' id='word_1_205' title='bbox 1077 2799 1251 2837; x_wconf 89' lang='lat' dir='ltr'>unam</span> <span class='ocrx_word' id='word_1_206' title='bbox 1296 2800 1398 2836; x_wconf 87' lang='lat' dir='ltr'>nos</span> <span class='ocrx_word' id='word_1_207' title='bbox 1428 2785 1522 2855; x_wconf 86' lang='lat' dir='ltr'>pie</span> <span class='ocrx_word' id='word_1_208' title='bbox 1563 2785 1732 2856; x_wconf 88' lang='lat' dir='ltr'>jussit</span> <span class='ocrx_word' id='word_1_209' title='bbox 1783 2788 1996 2841; x_wconf 90' lang='lat' dir='ltr'>sentire</span> 
     </span>
    </p>
   </div>
   <div class='ocr_carea' id='block_1_30' title="bbox 307 2867 1991 2943">
    <p class='ocr_par' dir='ltr' id='par_1_30' title="bbox 307 2867 1991 2943">
     <span class='ocr_line' id='line_1_30' title="bbox 307 2867 1991 2943; baseline 0.005 -23"><span class='ocrx_word' id='word_1_210' title='bbox 307 2872 362 2920; x_wconf 88' lang='lat' dir='ltr'>et</span> <span class='ocrx_word' id='word_1_211' title='bbox 391 2867 630 2922; x_wconf 89' lang='lat' dir='ltr'>adorare</span> <span class='ocrx_word' id='word_1_212' title='bbox 657 2868 1066 2935; x_wconf 85' lang='lat' dir='ltr'>substantiam;</span> <span class='ocrx_word' id='word_1_213' title='bbox 1103 2888 1233 2941; x_wconf 61' lang='lat' dir='ltr'>quas</span> <span class='ocrx_word' id='word_1_214' title='bbox 1255 2872 1551 2943; x_wconf 91' lang='lat' dir='ltr'>planctum</span> <span class='ocrx_word' id='word_1_215' title='bbox 1582 2878 1842 2928; x_wconf 89' lang='lat' dir='ltr'>nostrum</span> <span class='ocrx_word' id='word_1_216' title='bbox 1867 2892 1991 2929; x_wconf 86' lang='lat' dir='ltr'>ver-</span> 
     </span>
    </p>
   </div>
   <div class='ocr_carea' id='block_1_31' title="bbox 299 2955 1995 3034">
    <p class='ocr_par' dir='ltr' id='par_1_31' title="bbox 299 2955 1995 3034">
     <span class='ocr_line' id='line_1_31' title="bbox 299 2955 1995 3034; baseline 0.006 -26"><span class='ocrx_word' id='word_1_217' title='bbox 299 2955 369 3009; x_wconf 89' lang='lat' dir='ltr'>tit</span> <span class='ocrx_word' id='word_1_218' title='bbox 394 2956 453 3009; x_wconf 93' lang='lat' dir='ltr'><strong>in</strong></span> <span class='ocrx_word' id='word_1_219' title='bbox 484 2957 795 3025; x_wconf 88' lang='lat' dir='ltr'>gaudium;</span> <span class='ocrx_word' id='word_1_220' title='bbox 830 2974 957 3029; x_wconf 75' lang='lat' dir='ltr'>quae</span> <span class='ocrx_word' id='word_1_221' title='bbox 984 2959 1247 3014; x_wconf 90' lang='lat' dir='ltr'>dolorum</span> <span class='ocrx_word' id='word_1_222' title='bbox 1278 2961 1516 3014; x_wconf 89' lang='lat' dir='ltr'>comites</span> <span class='ocrx_word' id='word_1_223' title='bbox 1556 2963 1627 3016; x_wconf 92' lang='lat' dir='ltr'>ad</span> <span class='ocrx_word' id='word_1_224' title='bbox 1658 2962 1995 3034; x_wconf 89' lang='lat' dir='ltr'>obsequium</span> 
     </span>
    </p>
   </div>
   <div class='ocr_carea' id='block_1_32' title="bbox 299 3044 1995 3122">
    <p class='ocr_par' dir='ltr' id='par_1_32' title="bbox 299 3044 1995 3122">
     <span class='ocr_line' id='line_1_32' title="bbox 299 3044 1995 3122; baseline 0.004 -25"><span class='ocrx_word' id='word_1_225' title='bbox 299 3045 509 3100; x_wconf 71' lang='lat' dir='ltr'>laetitize</span> <span class='ocrx_word' id='word_1_226' title='bbox 533 3046 808 3116; x_wconf 81' lang='lat' dir='ltr'>lacrymas</span> <span class='ocrx_word' id='word_1_227' title='bbox 837 3044 1220 3103; x_wconf 79' lang='lat' dir='ltr'>’commutavit</span> <span class='ocrx_word' id='word_1_228' title='bbox 1247 3065 1259 3103; x_wconf 97' lang='lat'>:</span> <span class='ocrx_word' id='word_1_229' title='bbox 1285 3055 1349 3104; x_wconf 90' lang='lat' dir='ltr'>ut</span> <span class='ocrx_word' id='word_1_230' title='bbox 1377 3066 1507 3103; x_wconf 87' lang='lat' dir='ltr'>vere</span> <span class='ocrx_word' id='word_1_231' title='bbox 1546 3067 1675 3104; x_wconf 89' lang='lat' dir='ltr'>cum</span> <span class='ocrx_word' id='word_1_232' title='bbox 1714 3051 1995 3122; x_wconf 87' lang='lat' dir='ltr'>Propheta</span> 
     </span>
    </p>
   </div>
   <div class='ocr_carea' id='block_1_33' title="bbox 300 3122 1995 3208">
    <p class='ocr_par' dir='ltr' id='par_1_33' title="bbox 300 3122 1995 3208">
     <span class='ocr_line' id='line_1_33' title="bbox 300 3122 1995 3208; baseline 0.004 -22"><span class='ocrx_word' id='word_1_233' title='bbox 300 3134 518 3187; x_wconf 90' lang='lat' dir='ltr'>dicam:</span> <span class='ocrx_word' id='word_1_234' title='bbox 554 3136 694 3201; x_wconf 74' lang='lat' dir='ltr'>Quis</span> <span class='ocrx_word' id='word_1_235' title='bbox 732 3122 893 3191; x_wconf 70' lang='lat' dir='ltr'>dabit</span> <span class='ocrx_word' id='word_1_236' title='bbox 920 3136 1101 3207; x_wconf 78' lang='lat' dir='ltr'>capili</span> <span class='ocrx_word' id='word_1_237' title='bbox 1150 3154 1270 3191; x_wconf 89' lang='lat' dir='ltr'>meo</span> <span class='ocrx_word' id='word_1_238' title='bbox 1301 3155 1530 3208; x_wconf 83' lang='lat' dir='ltr'>aquam,</span> <span class='ocrx_word' id='word_1_239' title='bbox 1565 3141 1620 3191; x_wconf 74' lang='lat' dir='ltr'>el</span> <span class='ocrx_word' id='word_1_240' title='bbox 1650 3135 1827 3193; x_wconf 66' lang='lat' dir='ltr'>oculis</span> <span class='ocrx_word' id='word_1_241' title='bbox 1853 3139 1995 3193; x_wconf 79' lang='lat' dir='ltr'>meis</span> 
     </span>
    </p>
   </div>
   <div class='ocr_carea' id='block_1_34' title="bbox 284 3222 1993 3294">
    <p class='ocr_par' dir='ltr' id='par_1_34' title="bbox 284 3222 1993 3294">
     <span class='ocr_line' id='line_1_34' title="bbox 284 3222 1993 3294; baseline 0.005 -19"><span class='ocrx_word' id='word_1_242' title='bbox 284 3222 783 3293; x_wconf 75' lang='lat' dir='ltr'>fontemﬂeluum</span> <span class='ocrx_word' id='word_1_243' title='bbox 815 3226 1048 3293; x_wconf 85' lang='lat' dir='ltr'>(Jerem.</span> <span class='ocrx_word' id='word_1_244' title='bbox 1097 3241 1168 3291; x_wconf 78' lang='lat' dir='ltr'>1x,</span> <span class='ocrx_word' id='word_1_245' title='bbox 1209 3225 1301 3294; x_wconf 80' lang='lat' dir='ltr'>t)?</span> <span class='ocrx_word' id='word_1_246' title='bbox 1332 3231 1391 3278; x_wconf 92' lang='lat' dir='ltr'><strong>ut</strong></span> <span class='ocrx_word' id='word_1_247' title='bbox 1425 3226 1832 3281; x_wconf 85' lang='lat' dir='ltr'>beneﬁciorum</span> <span class='ocrx_word' id='word_1_248' title='bbox 1882 3244 1993 3283; x_wconf 75' lang='lat' dir='ltr'>cos-</span> 
     </span>
    </p>
   </div>
   <div class='ocr_carea' id='block_1_35' title="bbox 302 3294 1988 3385">
    <p class='ocr_par' dir='ltr' id='par_1_35' title="bbox 302 3294 1988 3385">
     <span class='ocr_line' id='line_1_35' title="bbox 302 3294 1988 3385; baseline 0.005 -22"><span class='ocrx_word' id='word_1_249' title='bbox 302 3309 529 3364; x_wconf 88' lang='lat' dir='ltr'>lestium</span> <span class='ocrx_word' id='word_1_250' title='bbox 554 3312 946 3381; x_wconf 84' lang='lat' dir='ltr'>magnitudini</span> <span class='ocrx_word' id='word_1_251' title='bbox 970 3313 1073 3365; x_wconf 91' lang='lat' dir='ltr'>sub</span> <span class='ocrx_word' id='word_1_252' title='bbox 1104 3313 1208 3366; x_wconf 89' lang='lat' dir='ltr'>hac</span> <span class='ocrx_word' id='word_1_253' title='bbox 1239 3294 1539 3367; x_wconf 70' lang='lat' dir='ltr'>devotione</span> <span class='ocrx_word' id='word_1_254' title='bbox 1570 3316 1988 3385; x_wconf 80' lang='lat' dir='ltr'>respondeam:</span> 
     </span>
    </p>
   </div>
   <div class='ocr_carea' id='block_1_36' title="bbox 275 3398 1995 3474">
    <p class='ocr_par' dir='ltr' id='par_1_36' title="bbox 275 3398 1995 3474">
     <span class='ocr_line' id='line_1_36' title="bbox 275 3398 1995 3474; baseline 0.004 -22"><span class='ocrx_word' id='word_1_255' title='bbox 275 3398 394 3471; x_wconf 84' lang='lat' dir='ltr'>cui</span> <span class='ocrx_word' id='word_1_256' title='bbox 437 3399 679 3469; x_wconf 89' lang='lat' dir='ltr'>contigit</span> <span class='ocrx_word' id='word_1_257' title='bbox 720 3406 848 3453; x_wconf 89' lang='lat' dir='ltr'>ante</span> <span class='ocrx_word' id='word_1_258' title='bbox 894 3401 1148 3471; x_wconf 89' lang='lat' dir='ltr'>accipere</span> <span class='ocrx_word' id='word_1_259' title='bbox 1192 3401 1443 3456; x_wconf 71' lang='lat' dir='ltr'>coelestia</span> <span class='ocrx_word' id='word_1_260' title='bbox 1471 3402 1639 3471; x_wconf 89' lang='lat' dir='ltr'>dona,</span> <span class='ocrx_word' id='word_1_261' title='bbox 1690 3419 1861 3474; x_wconf 90' lang='lat' dir='ltr'>quam</span> <span class='ocrx_word' id='word_1_262' title='bbox 1890 3422 1995 3474; x_wconf 89' lang='lat' dir='ltr'>po-</span> 
     </span>
    </p>
   </div>
   <div class='ocr_carea' id='block_1_37' title="bbox 302 3488 1993 3562">
    <p class='ocr_par' dir='ltr' id='par_1_37' title="bbox 302 3488 1993 3562">
     <span class='ocr_line' id='line_1_37' title="bbox 302 3488 1993 3562; baseline 0.005 -23"><span class='ocrx_word' id='word_1_263' title='bbox 302 3503 477 3557; x_wconf 87' lang='lat' dir='ltr'>scere,</span> <span class='ocrx_word' id='word_1_264' title='bbox 512 3493 569 3541; x_wconf 90' lang='lat' dir='ltr'>et</span> <span class='ocrx_word' id='word_1_265' title='bbox 595 3488 749 3557; x_wconf 91' lang='lat' dir='ltr'>prius</span> <span class='ocrx_word' id='word_1_266' title='bbox 781 3490 919 3559; x_wconf 91' lang='lat' dir='ltr'>quid</span> <span class='ocrx_word' id='word_1_267' title='bbox 945 3490 1081 3543; x_wconf 90' lang='lat' dir='ltr'>boni</span> <span class='ocrx_word' id='word_1_268' title='bbox 1108 3491 1617 3561; x_wconf 47' lang='lat' dir='ltr'>evenisset‘legere,</span> <span class='ocrx_word' id='word_1_269' title='bbox 1653 3508 1826 3562; x_wconf 91' lang='lat' dir='ltr'>quam</span> <span class='ocrx_word' id='word_1_270' title='bbox 1855 3493 1993 3562; x_wconf 88' lang='lat' dir='ltr'>quid</span> 
     </span>
    </p>
   </div>
   <div class='ocr_carea' id='block_1_38' title="bbox 306 3576 1989 3653">
    <p class='ocr_par' dir='ltr' id='par_1_38' title="bbox 306 3576 1989 3653">
     <span class='ocr_line' id='line_1_38' title="bbox 306 3576 1989 3653; baseline 0.004 -25"><span class='ocrx_word' id='word_1_271' title='bbox 306 3576 441 3628; x_wconf 91' lang='lat' dir='ltr'>mali</span> <span class='ocrx_word' id='word_1_272' title='bbox 483 3576 839 3631; x_wconf 90' lang='lat' dir='ltr'>minarentur</span> <span class='ocrx_word' id='word_1_273' title='bbox 868 3584 1096 3648; x_wconf 88' lang='lat' dir='ltr'>peccata</span> <span class='ocrx_word' id='word_1_274' title='bbox 1132 3580 1358 3632; x_wconf 90' lang='lat' dir='ltr'>sentire.</span> <span class='ocrx_word' id='word_1_275' title='bbox 1394 3581 1579 3633; x_wconf 93' lang='lat' dir='ltr'>Tuum</span> <span class='ocrx_word' id='word_1_276' title='bbox 1606 3585 1707 3647; x_wconf 90' lang='lat' dir='ltr'>est,</span> <span class='ocrx_word' id='word_1_277' title='bbox 1757 3581 1989 3653; x_wconf 86' lang='lat' dir='ltr'>dispen-</span> 
     </span>
    </p>
   </div>
   <div class='ocr_carea' id='block_1_39' title="bbox 304 3666 1995 3740">
    <p class='ocr_par' dir='ltr' id='par_1_39' title="bbox 304 3666 1995 3740">
     <span class='ocr_line' id='line_1_39' title="bbox 304 3666 1995 3740; baseline 0.005 -23"><span class='ocrx_word' id='word_1_278' title='bbox 304 3670 457 3718; x_wconf 88' lang='lat' dir='ltr'>sator</span> <span class='ocrx_word' id='word_1_279' title='bbox 488 3666 874 3737; x_wconf 88' lang='lat' dir='ltr'>omnipotens,</span> <span class='ocrx_word' id='word_1_280' title='bbox 942 3669 1094 3733; x_wconf 90' lang='lat' dir='ltr'>quod</span> <span class='ocrx_word' id='word_1_281' title='bbox 1126 3668 1195 3722; x_wconf 93' lang='lat' dir='ltr'>de</span> <span class='ocrx_word' id='word_1_282' title='bbox 1252 3670 1469 3722; x_wconf 88' lang='lat' dir='ltr'>serenis</span> <span class='ocrx_word' id='word_1_283' title='bbox 1530 3669 1887 3740; x_wconf 89' lang='lat' dir='ltr'>pignoribus,</span> <span class='ocrx_word' id='word_1_284' title='bbox 1940 3675 1995 3725; x_wconf 90' lang='lat' dir='ltr'>et</span> 
     </span>
    </p>
   </div>
   <div class='ocr_carea' id='block_1_40' title="bbox 303 3753 1995 3828">
    <p class='ocr_par' dir='ltr' id='par_1_40' title="bbox 303 3753 1995 3828">
     <span class='ocr_line' id='line_1_40' title="bbox 303 3753 1995 3828; baseline 0.004 -22"><span class='ocrx_word' id='word_1_285' title='bbox 303 3753 511 3807; x_wconf 61' lang='lat' dir='ltr'>futurae</span> <span class='ocrx_word' id='word_1_286' title='bbox 543 3753 883 3810; x_wconf 85' lang='lat' dir='ltr'>innocentiae</span> <span class='ocrx_word' id='word_1_287' title='bbox 910 3755 1264 3823; x_wconf 61' lang='lat' dir='ltr'>haereditate,</span> <span class='ocrx_word' id='word_1_288' title='bbox 1300 3756 1358 3810; x_wconf 92' lang='lat' dir='ltr'>in</span> <span class='ocrx_word' id='word_1_289' title='bbox 1411 3756 1508 3810; x_wconf 91' lang='lat' dir='ltr'>illa</span> <span class='ocrx_word' id='word_1_290' title='bbox 1538 3774 1668 3828; x_wconf 81' lang='lat' dir='ltr'>quae</span> <span class='ocrx_word' id='word_1_291' title='bbox 1700 3760 1995 3828; x_wconf 63' lang='lat' dir='ltr'>praecessit</span> 
     </span>
    </p>
   </div>
   <div class='ocr_carea' id='block_1_41' title="bbox 304 3842 1993 3916">
    <p class='ocr_par' dir='ltr' id='par_1_41' title="bbox 304 3842 1993 3916">
     <span class='ocr_line' id='line_1_41' title="bbox 304 3842 1993 3916; baseline 0.005 -23"><span class='ocrx_word' id='word_1_292' title='bbox 304 3842 591 3896; x_wconf 83' lang='lat' dir='ltr'>anxietate</span> <span class='ocrx_word' id='word_1_293' title='bbox 619 3860 734 3897; x_wconf 91' lang='lat' dir='ltr'>non</span> <span class='ocrx_word' id='word_1_294' title='bbox 764 3844 931 3898; x_wconf 90' lang='lat' dir='ltr'>timui</span> <span class='ocrx_word' id='word_1_295' title='bbox 962 3861 974 3898; x_wconf 94' lang='lat'>:</span> <span class='ocrx_word' id='word_1_296' title='bbox 1011 3846 1110 3916; x_wconf 90' lang='lat' dir='ltr'>qui</span> <span class='ocrx_word' id='word_1_297' title='bbox 1143 3846 1391 3899; x_wconf 59' lang='lat' dir='ltr'>reductae</span> <span class='ocrx_word' id='word_1_298' title='bbox 1422 3846 1593 3900; x_wconf 90' lang='lat' dir='ltr'>etiam</span> <span class='ocrx_word' id='word_1_299' title='bbox 1646 3852 1857 3901; x_wconf 87' lang='lat' dir='ltr'>statum</span> <span class='ocrx_word' id='word_1_300' title='bbox 1892 3865 1993 3901; x_wconf 91' lang='lat' dir='ltr'>va-</span> 
     </span>
    </p>
   </div>
   <div class='ocr_carea' id='block_1_42' title="bbox 305 3929 1995 4006">
    <p class='ocr_par' dir='ltr' id='par_1_42' title="bbox 305 3929 1995 4006">
     <span class='ocr_line' id='line_1_42' title="bbox 305 3929 1995 4006; baseline 0.005 -24"><span class='ocrx_word' id='word_1_301' title='bbox 305 3929 579 3984; x_wconf 89' lang='lat' dir='ltr'>letudinis</span> <span class='ocrx_word' id='word_1_302' title='bbox 638 3933 801 4003; x_wconf 90' lang='lat' dir='ltr'>quasi</span> <span class='ocrx_word' id='word_1_303' title='bbox 861 3934 1206 4003; x_wconf 85' lang='lat' dir='ltr'>stupefactus</span> <span class='ocrx_word' id='word_1_304' title='bbox 1256 3935 1467 4006; x_wconf 87' lang='lat' dir='ltr'>accepi,</span> <span class='ocrx_word' id='word_1_305' title='bbox 1523 3936 1587 3989; x_wconf 87' lang='lat' dir='ltr'>in</span> <span class='ocrx_word' id='word_1_306' title='bbox 1645 3937 1995 3991; x_wconf 85' lang='lat' dir='ltr'>confusionis</span> 
     </span>
    </p>
   </div>
   <div class='ocr_carea' id='block_1_43' title="bbox 2099 485 3786 557">
    <p class='ocr_par' dir='ltr' id='par_1_43' title="bbox 2099 485 3786 557">
     <span class='ocr_line' id='line_1_43' title="bbox 2099 485 3786 557; baseline 0.001 -18"><span class='ocrx_word' id='word_1_307' title='bbox 2099 501 2252 553; x_wconf 90' lang='lat' dir='ltr'>eum,</span> <span class='ocrx_word' id='word_1_308' title='bbox 2286 485 2387 557; x_wconf 89' lang='lat' dir='ltr'>qui</span> <span class='ocrx_word' id='word_1_309' title='bbox 2421 485 2525 540; x_wconf 90' lang='lat' dir='ltr'>scit</span> <span class='ocrx_word' id='word_1_310' title='bbox 2572 501 2779 555; x_wconf 90' lang='lat' dir='ltr'>nempe</span> <span class='ocrx_word' id='word_1_311' title='bbox 2825 501 3048 539; x_wconf 88' lang='lat' dir='ltr'>servare</span> <span class='ocrx_word' id='word_1_312' title='bbox 3088 486 3244 557; x_wconf 88' lang='lat' dir='ltr'>quod</span> <span class='ocrx_word' id='word_1_313' title='bbox 3275 487 3555 556; x_wconf 76' lang='lat' dir='ltr'>praestitit,</span> <span class='ocrx_word' id='word_1_314' title='bbox 3591 492 3647 542; x_wconf 92' lang='lat' dir='ltr'>et</span> <span class='ocrx_word' id='word_1_315' title='bbox 3678 488 3786 541; x_wconf 87' lang='lat' dir='ltr'>vir-</span> 
     </span>
    </p>
   </div>
   <div class='ocr_carea' id='block_1_44' title="bbox 2099 574 3785 645">
    <p class='ocr_par' dir='ltr' id='par_1_44' title="bbox 2099 574 3785 645">
     <span class='ocr_line' id='line_1_44' title="bbox 2099 574 3785 645; baseline 0.001 -17"><span class='ocrx_word' id='word_1_316' title='bbox 2099 578 2288 631; x_wconf 90' lang='lat' dir='ltr'>tutum</span> <span class='ocrx_word' id='word_1_317' title='bbox 2311 590 2545 629; x_wconf 90' lang='lat' dir='ltr'>suarum</span> <span class='ocrx_word' id='word_1_318' title='bbox 2576 575 2701 628; x_wconf 91' lang='lat' dir='ltr'>viva</span> <span class='ocrx_word' id='word_1_319' title='bbox 2729 574 3058 629; x_wconf 89' lang='lat' dir='ltr'>testimonia</span> <span class='ocrx_word' id='word_1_320' title='bbox 3080 574 3141 629; x_wconf 92' lang='lat' dir='ltr'>in</span> <span class='ocrx_word' id='word_1_321' title='bbox 3172 575 3412 645; x_wconf 91' lang='lat' dir='ltr'>longum</span> <span class='ocrx_word' id='word_1_322' title='bbox 3451 576 3785 645; x_wconf 88' lang='lat' dir='ltr'>producere.</span> 
     </span>
    </p>
   </div>
   <div class='ocr_carea' id='block_1_45' title="bbox 2098 664 3788 737">
    <p class='ocr_par' dir='ltr' id='par_1_45' title="bbox 2098 664 3788 737">
     <span class='ocr_line' id='line_1_45' title="bbox 2098 664 3788 737; baseline 0.001 -20"><span class='ocrx_word' id='word_1_323' title='bbox 2098 664 2253 717; x_wconf 89' lang='lat' dir='ltr'>Talia</span> <span class='ocrx_word' id='word_1_324' title='bbox 2273 669 2406 718; x_wconf 91' lang='lat' dir='ltr'>sunt</span> <span class='ocrx_word' id='word_1_325' title='bbox 2449 679 2674 717; x_wconf 88' lang='lat' dir='ltr'>mecum</span> <span class='ocrx_word' id='word_1_326' title='bbox 2722 666 2871 717; x_wconf 89' lang='lat' dir='ltr'>circa</span> <span class='ocrx_word' id='word_1_327' title='bbox 2915 680 3011 718; x_wconf 86' lang='lat' dir='ltr'>vos</span> <span class='ocrx_word' id='word_1_328' title='bbox 3050 664 3359 717; x_wconf 90' lang='lat' dir='ltr'>venerandi</span> <span class='ocrx_word' id='word_1_329' title='bbox 3391 668 3520 717; x_wconf 89' lang='lat' dir='ltr'>vota</span> <span class='ocrx_word' id='word_1_330' title='bbox 3563 665 3788 737; x_wconf 89' lang='lat' dir='ltr'>collegii</span> 
     </span>
    </p>
   </div>
   <div class='ocr_carea' id='block_1_46' title="bbox 2098 752 3793 823">
    <p class='ocr_par' dir='ltr' id='par_1_46' title="bbox 2098 752 3793 823">
     <span class='ocr_line' id='line_1_46' title="bbox 2098 752 3793 823; baseline 0.002 -18"><span class='ocrx_word' id='word_1_331' title='bbox 2098 768 2201 822; x_wconf 88' lang='lat' dir='ltr'>per</span> <span class='ocrx_word' id='word_1_332' title='bbox 2231 757 2409 806; x_wconf 89' lang='lat' dir='ltr'>totam</span> <span class='ocrx_word' id='word_1_333' title='bbox 2446 752 2733 823; x_wconf 89' lang='lat' dir='ltr'>Liguriam</span> <span class='ocrx_word' id='word_1_334' title='bbox 2767 752 3203 806; x_wconf 87' lang='lat' dir='ltr'>consistentium</span> <span class='ocrx_word' id='word_1_335' title='bbox 3233 768 3527 807; x_wconf 90' lang='lat' dir='ltr'>servorum</span> <span class='ocrx_word' id='word_1_336' title='bbox 3554 758 3611 808; x_wconf 92' lang='lat' dir='ltr'>et</span> <span class='ocrx_word' id='word_1_337' title='bbox 3652 756 3793 809; x_wconf 84' lang='lat' dir='ltr'>ami-</span> 
     </span>
    </p>
   </div>
   <div class='ocr_carea' id='block_1_47' title="bbox 2098 840 3792 912">
    <p class='ocr_par' dir='ltr' id='par_1_47' title="bbox 2098 840 3792 912">
     <span class='ocr_line' id='line_1_47' title="bbox 2098 840 3792 912; baseline 0.002 -19"><span class='ocrx_word' id='word_1_338' title='bbox 2098 856 2292 894; x_wconf 91' lang='lat' dir='ltr'>corum</span> <span class='ocrx_word' id='word_1_339' title='bbox 2326 841 2446 895; x_wconf 88' lang='lat' dir='ltr'>Dei.</span> <span class='ocrx_word' id='word_1_340' title='bbox 2481 840 2601 895; x_wconf 87' lang='lat' dir='ltr'>Tali</span> <span class='ocrx_word' id='word_1_341' title='bbox 2624 841 2824 894; x_wconf 88' lang='lat' dir='ltr'>nititur</span> <span class='ocrx_word' id='word_1_342' title='bbox 2853 841 3058 894; x_wconf 90' lang='lat' dir='ltr'>domus</span> <span class='ocrx_word' id='word_1_343' title='bbox 3101 846 3294 895; x_wconf 89' lang='lat' dir='ltr'>sancta</span> <span class='ocrx_word' id='word_1_344' title='bbox 3323 841 3627 911; x_wconf 80' lang='lat' dir='ltr'>suffragio:</span> <span class='ocrx_word' id='word_1_345' title='bbox 3666 858 3792 912; x_wconf 91' lang='lat' dir='ltr'>pre-</span> 
     </span>
    </p>
   </div>
   <div class='ocr_carea' id='block_1_48' title="bbox 2097 929 3789 1000">
    <p class='ocr_par' dir='ltr' id='par_1_48' title="bbox 2097 929 3789 1000">
     <span class='ocr_line' id='line_1_48' title="bbox 2097 929 3789 1000; baseline 0.002 -18"><span class='ocrx_word' id='word_1_346' title='bbox 2097 944 2188 982; x_wconf 91' lang='lat' dir='ltr'>ces</span> <span class='ocrx_word' id='word_1_347' title='bbox 2212 945 2315 998; x_wconf 89' lang='lat' dir='ltr'>pro</span> <span class='ocrx_word' id='word_1_348' title='bbox 2341 929 2555 983; x_wconf 90' lang='lat' dir='ltr'>serenis</span> <span class='ocrx_word' id='word_1_349' title='bbox 2585 929 2918 1000; x_wconf 88' lang='lat' dir='ltr'>pignoribus</span> <span class='ocrx_word' id='word_1_350' title='bbox 2950 929 3072 983; x_wconf 91' lang='lat' dir='ltr'>sine</span> <span class='ocrx_word' id='word_1_351' title='bbox 3100 930 3416 984; x_wconf 88' lang='lat' dir='ltr'>cessatione</span> <span class='ocrx_word' id='word_1_352' title='bbox 3449 931 3789 986; x_wconf 90' lang='lat' dir='ltr'>funduntur.</span> 
     </span>
    </p>
   </div>
   <div class='ocr_carea' id='block_1_49' title="bbox 2097 1018 3793 1091">
    <p class='ocr_par' dir='ltr' id='par_1_49' title="bbox 2097 1018 3793 1091">
     <span class='ocr_line' id='line_1_49' title="bbox 2097 1018 3793 1091; baseline 0.003 -22"><span class='ocrx_word' id='word_1_353' title='bbox 2097 1018 2305 1071; x_wconf 87' lang='lat' dir='ltr'>Verum</span> <span class='ocrx_word' id='word_1_354' title='bbox 2332 1033 2423 1071; x_wconf 92' lang='lat' dir='ltr'>me</span> <span class='ocrx_word' id='word_1_355' title='bbox 2449 1018 2657 1081; x_wconf 86' lang='lat' dir='ltr'>dicere,</span> <span class='ocrx_word' id='word_1_356' title='bbox 2684 1018 2843 1072; x_wconf 87' lang='lat' dir='ltr'>testis</span> <span class='ocrx_word' id='word_1_357' title='bbox 2874 1024 2956 1071; x_wconf 91' lang='lat' dir='ltr'>est</span> <span class='ocrx_word' id='word_1_358' title='bbox 2994 1018 3282 1085; x_wconf 87' lang='lat' dir='ltr'>divinitas,</span> <span class='ocrx_word' id='word_1_359' title='bbox 3326 1036 3454 1091; x_wconf 70' lang='lat' dir='ltr'>quas</span> <span class='ocrx_word' id='word_1_360' title='bbox 3484 1020 3637 1091; x_wconf 86' lang='lat' dir='ltr'>quod</span> <span class='ocrx_word' id='word_1_361' title='bbox 3668 1022 3793 1091; x_wconf 88' lang='lat' dir='ltr'>ipsa</span> 
     </span>
    </p>
   </div>
   <div class='ocr_carea' id='block_1_50' title="bbox 2096 1103 3793 1176">
    <p class='ocr_par' dir='ltr' id='par_1_50' title="bbox 2096 1103 3793 1176">
     <span class='ocr_line' id='line_1_50' title="bbox 2096 1103 3793 1176; baseline 0.003 -20"><span class='ocrx_word' id='word_1_362' title='bbox 2096 1108 2202 1170; x_wconf 87' lang='lat' dir='ltr'>est,</span> <span class='ocrx_word' id='word_1_363' title='bbox 2238 1103 2535 1156; x_wconf 87' lang='lat' dir='ltr'>veritatem</span> <span class='ocrx_word' id='word_1_364' title='bbox 2583 1104 2802 1174; x_wconf 87' lang='lat' dir='ltr'>diligit;</span> <span class='ocrx_word' id='word_1_365' title='bbox 2841 1103 3107 1157; x_wconf 89' lang='lat' dir='ltr'>omnibus</span> <span class='ocrx_word' id='word_1_366' title='bbox 3154 1104 3252 1174; x_wconf 88' lang='lat' dir='ltr'>qui</span> <span class='ocrx_word' id='word_1_367' title='bbox 3285 1105 3353 1158; x_wconf 93' lang='lat' dir='ltr'>de</span> <span class='ocrx_word' id='word_1_368' title='bbox 3395 1106 3524 1159; x_wconf 75' lang='lat' dir='ltr'>vita:</span> <span class='ocrx_word' id='word_1_369' title='bbox 3555 1114 3793 1176; x_wconf 88' lang='lat' dir='ltr'>possunt</span> 
     </span>
    </p>
   </div>
   <div class='ocr_carea' id='block_1_51' title="bbox 2097 1191 3791 1262">
    <p class='ocr_par' dir='ltr' id='par_1_51' title="bbox 2097 1191 3791 1262">
     <span class='ocr_line' id='line_1_51' title="bbox 2097 1191 3791 1262; baseline 0.001 -18"><span class='ocrx_word' id='word_1_370' title='bbox 2097 1191 2426 1245; x_wconf 88' lang='lat' dir='ltr'>innocentia</span> <span class='ocrx_word' id='word_1_371' title='bbox 2469 1196 2524 1245; x_wconf 79' lang='lat' dir='ltr'>et</span> <span class='ocrx_word' id='word_1_372' title='bbox 2606 1192 2937 1262; x_wconf 89' lang='lat' dir='ltr'>integritate</span> <span class='ocrx_word' id='word_1_373' title='bbox 2995 1192 3298 1258; x_wconf 81' lang='lat' dir='ltr'>confidere,</span> <span class='ocrx_word' id='word_1_374' title='bbox 3331 1198 3577 1246; x_wconf 83' lang='lat' dir='ltr'>vestram</span> <span class='ocrx_word' id='word_1_375' title='bbox 3619 1193 3791 1247; x_wconf 89' lang='lat' dir='ltr'>nimis</span> 
     </span>
    </p>
   </div>
   <div class='ocr_carea' id='block_1_52' title="bbox 2096 1280 3784 1351">
    <p class='ocr_par' dir='ltr' id='par_1_52' title="bbox 2096 1280 3784 1351">
     <span class='ocr_line' id='line_1_52' title="bbox 2096 1280 3784 1351; baseline 0.001 -18"><span class='ocrx_word' id='word_1_376' title='bbox 2096 1296 2348 1334; x_wconf 88' lang='lat' dir='ltr'>amaram</span> <span class='ocrx_word' id='word_1_377' title='bbox 2377 1297 2497 1333; x_wconf 88' lang='lat' dir='ltr'>esse</span> <span class='ocrx_word' id='word_1_378' title='bbox 2529 1282 2876 1335; x_wconf 69' lang='lat' dir='ltr'>mmstitiam.</span> <span class='ocrx_word' id='word_1_379' title='bbox 2914 1280 3022 1335; x_wconf 92' lang='lat' dir='ltr'>Sed</span> <span class='ocrx_word' id='word_1_380' title='bbox 3055 1296 3209 1334; x_wconf 91' lang='lat' dir='ltr'>nunc</span> <span class='ocrx_word' id='word_1_381' title='bbox 3233 1280 3302 1334; x_wconf 91' lang='lat' dir='ltr'>ad</span> <span class='ocrx_word' id='word_1_382' title='bbox 3331 1282 3583 1351; x_wconf 74' lang='lat' dir='ltr'>epistolae</span> <span class='ocrx_word' id='word_1_383' title='bbox 3619 1298 3784 1335; x_wconf 91' lang='lat' dir='ltr'>usum</span> 
     </span>
    </p>
   </div>
   <div class='ocr_carea' id='block_1_53' title="bbox 2097 1368 3788 1441">
    <p class='ocr_par' dir='ltr' id='par_1_53' title="bbox 2097 1368 3788 1441">
     <span class='ocr_line' id='line_1_53' title="bbox 2097 1368 3788 1441; baseline 0.001 -19"><span class='ocrx_word' id='word_1_384' title='bbox 2097 1375 2369 1423; x_wconf 90' lang='lat' dir='ltr'>revertor.</span> <span class='ocrx_word' id='word_1_385' title='bbox 2398 1369 2578 1437; x_wconf 87' lang='lat' dir='ltr'>Salve,</span> <span class='ocrx_word' id='word_1_386' title='bbox 2616 1368 2690 1423; x_wconf 90' lang='lat' dir='ltr'>mi</span> <span class='ocrx_word' id='word_1_387' title='bbox 2732 1370 2986 1437; x_wconf 87' lang='lat' dir='ltr'>domine,</span> <span class='ocrx_word' id='word_1_388' title='bbox 3028 1374 3083 1423; x_wconf 91' lang='lat' dir='ltr'>et</span> <span class='ocrx_word' id='word_1_389' title='bbox 3122 1370 3383 1441; x_wconf 89' lang='lat' dir='ltr'>gerulum</span> <span class='ocrx_word' id='word_1_390' title='bbox 3421 1371 3788 1441; x_wconf 69' lang='lat' dir='ltr'>praesentium</span> 
     </span>
    </p>
   </div>
   <div class='ocr_carea' id='block_1_54' title="bbox 2095 1459 3790 1530">
    <p class='ocr_par' dir='ltr' id='par_1_54' title="bbox 2095 1459 3790 1530">
     <span class='ocr_line' id='line_1_54' title="bbox 2095 1459 3790 1530; baseline 0 -17"><span class='ocrx_word' id='word_1_391' title='bbox 2095 1460 2331 1513; x_wconf 88' lang='lat' dir='ltr'>Bassum</span> <span class='ocrx_word' id='word_1_392' title='bbox 2352 1459 2411 1512; x_wconf 91' lang='lat' dir='ltr'>V.</span> <span class='ocrx_word' id='word_1_393' title='bbox 2446 1460 2504 1514; x_wconf 73' lang='grc' dir='ltr'>Ε.</span> <span class='ocrx_word' id='word_1_394' title='bbox 2537 1460 2636 1512; x_wconf 89' lang='lat' dir='ltr'>illa</span> <span class='ocrx_word' id='word_1_395' title='bbox 2666 1475 2779 1530; x_wconf 78' lang='lat' dir='ltr'>qua</span> <span class='ocrx_word' id='word_1_396' title='bbox 2798 1474 2956 1512; x_wconf 89' lang='lat' dir='ltr'>caros</span> <span class='ocrx_word' id='word_1_397' title='bbox 2984 1475 3141 1513; x_wconf 90' lang='lat' dir='ltr'>meos</span> <span class='ocrx_word' id='word_1_398' title='bbox 3171 1460 3382 1528; x_wconf 87' lang='lat' dir='ltr'>soletis,</span> <span class='ocrx_word' id='word_1_399' title='bbox 3453 1460 3790 1530; x_wconf 89' lang='lat' dir='ltr'>dignatione</span> 
     </span>
    </p>
   </div>
   <div class='ocr_carea' id='block_1_55' title="bbox 2096 1546 3785 1618">
    <p class='ocr_par' dir='ltr' id='par_1_55' title="bbox 2096 1546 3785 1618">
     <span class='ocr_line' id='line_1_55' title="bbox 2096 1546 3785 1618; baseline 0 -17"><span class='ocrx_word' id='word_1_400' title='bbox 2096 1546 2362 1617; x_wconf 89' lang='lat' dir='ltr'>suscipite</span> <span class='ocrx_word' id='word_1_401' title='bbox 2395 1564 2408 1601; x_wconf 93' lang='lat'>:</span> <span class='ocrx_word' id='word_1_402' title='bbox 2435 1548 2570 1618; x_wconf 89' lang='lat' dir='ltr'>quia</span> <span class='ocrx_word' id='word_1_403' title='bbox 2592 1548 2743 1601; x_wconf 88' lang='lat' dir='ltr'>inter</span> <span class='ocrx_word' id='word_1_404' title='bbox 2766 1564 2964 1601; x_wconf 88' lang='lat' dir='ltr'>omnes</span> <span class='ocrx_word' id='word_1_405' title='bbox 2995 1548 3205 1618; x_wconf 89' lang='lat' dir='ltr'>quibus</span> <span class='ocrx_word' id='word_1_406' title='bbox 3227 1548 3463 1603; x_wconf 76' lang='lat' dir='ltr'>affectus</span> <span class='ocrx_word' id='word_1_407' title='bbox 3487 1553 3570 1602; x_wconf 90' lang='lat' dir='ltr'>est</span> <span class='ocrx_word' id='word_1_408' title='bbox 3598 1564 3785 1602; x_wconf 90' lang='lat' dir='ltr'>meam</span> 
     </span>
    </p>
   </div>
   <div class='ocr_carea' id='block_1_56' title="bbox 2097 1635 3791 1708">
    <p class='ocr_par' dir='ltr' id='par_1_56' title="bbox 2097 1635 3791 1708">
     <span class='ocr_line' id='line_1_56' title="bbox 2097 1635 3791 1708; baseline 0.002 -20"><span class='ocrx_word' id='word_1_409' title='bbox 2097 1642 2331 1707; x_wconf 86' lang='lat' dir='ltr'>propter</span> <span class='ocrx_word' id='word_1_410' title='bbox 2360 1653 2459 1689; x_wconf 89' lang='lat' dir='ltr'>vos</span> <span class='ocrx_word' id='word_1_411' title='bbox 2504 1635 2818 1690; x_wconf 86' lang='lat' dir='ltr'>amicitiam</span> <span class='ocrx_word' id='word_1_412' title='bbox 2859 1637 3164 1703; x_wconf 87' lang='lat' dir='ltr'>custodire,</span> <span class='ocrx_word' id='word_1_413' title='bbox 3226 1638 3537 1708; x_wconf 87' lang='lat' dir='ltr'>quamdam</span> <span class='ocrx_word' id='word_1_414' title='bbox 3578 1638 3791 1708; x_wconf 77' lang='lat' dir='ltr'>praedi-</span> 
     </span>
    </p>
   </div>
   <div class='ocr_carea' id='block_1_57' title="bbox 2103 1724 3792 1797">
    <p class='ocr_par' dir='ltr' id='par_1_57' title="bbox 2103 1724 3792 1797">
     <span class='ocr_line' id='line_1_57' title="bbox 2103 1724 3792 1797; baseline 0.001 -19"><span class='ocrx_word' id='word_1_415' title='bbox 2103 1729 2224 1779; x_wconf 90' lang='lat' dir='ltr'>ctus</span> <span class='ocrx_word' id='word_1_416' title='bbox 2250 1740 2440 1779; x_wconf 91' lang='lat' dir='ltr'>arcem</span> <span class='ocrx_word' id='word_1_417' title='bbox 2471 1724 2738 1794; x_wconf 87' lang='lat' dir='ltr'>puritatis</span> <span class='ocrx_word' id='word_1_418' title='bbox 2782 1726 3052 1779; x_wconf 88' lang='lat' dir='ltr'>ascendit.</span> <span class='ocrx_word' id='word_1_419' title='bbox 3091 1727 3288 1780; x_wconf 87' lang='lat' dir='ltr'>Juvate</span> <span class='ocrx_word' id='word_1_420' title='bbox 3322 1743 3458 1797; x_wconf 90' lang='lat' dir='ltr'>ergo</span> <span class='ocrx_word' id='word_1_421' title='bbox 3486 1727 3792 1797; x_wconf 89' lang='lat' dir='ltr'>petitiones</span> 
     </span>
    </p>
   </div>
   <div class='ocr_carea' id='block_1_58' title="bbox 2100 1813 3791 1887">
    <p class='ocr_par' dir='ltr' id='par_1_58' title="bbox 2100 1813 3791 1887">
     <span class='ocr_line' id='line_1_58' title="bbox 2100 1813 3791 1887; baseline 0.002 -21"><span class='ocrx_word' id='word_1_422' title='bbox 2100 1813 2244 1882; x_wconf 90' lang='lat' dir='ltr'>ejus,</span> <span class='ocrx_word' id='word_1_423' title='bbox 2264 1819 2327 1867; x_wconf 90' lang='lat' dir='ltr'>ut</span> <span class='ocrx_word' id='word_1_424' title='bbox 2351 1813 2601 1868; x_wconf 87' lang='lat' dir='ltr'>fructum</span> <span class='ocrx_word' id='word_1_425' title='bbox 2633 1814 2702 1868; x_wconf 90' lang='lat' dir='ltr'>de</span> <span class='ocrx_word' id='word_1_426' title='bbox 2732 1814 3009 1885; x_wconf 89' lang='lat' dir='ltr'>impensis</span> <span class='ocrx_word' id='word_1_427' title='bbox 3054 1814 3286 1885; x_wconf 90' lang='lat' dir='ltr'>capiens</span> <span class='ocrx_word' id='word_1_428' title='bbox 3307 1816 3379 1870; x_wconf 87' lang='lat' dir='ltr'>ad</span> <span class='ocrx_word' id='word_1_429' title='bbox 3394 1816 3617 1887; x_wconf 89' lang='lat' dir='ltr'>potiora</span> <span class='ocrx_word' id='word_1_430' title='bbox 3640 1832 3791 1886; x_wconf 67' lang='lat' dir='ltr'>pras-</span> 
     </span>
    </p>
   </div>
   <div class='ocr_carea' id='block_1_59' title="bbox 2103 1906 2355 1973">
    <p class='ocr_par' dir='ltr' id='par_1_59' title="bbox 2103 1906 2355 1973">
     <span class='ocr_line' id='line_1_59' title="bbox 2103 1906 2355 1973; baseline 0 -17"><span class='ocrx_word' id='word_1_431' title='bbox 2103 1906 2355 1973; x_wconf 89' lang='lat' dir='ltr'>paretur.</span> 
     </span>
    </p>
   </div>
   <div class='ocr_carea' id='block_1_60' title="bbox 2700 1990 3202 2047">
    <p class='ocr_par' dir='ltr' id='par_1_60' title="bbox 2700 1990 3202 2047">
     <span class='ocr_line' id='line_1_60' title="bbox 2700 1990 3202 2047; baseline -0.002 -3"><span class='ocrx_word' id='word_1_432' title='bbox 2700 1990 3034 2046; x_wconf 81' lang='lat' dir='ltr'>EPISTOLA</span> <span class='ocrx_word' id='word_1_433' title='bbox 3072 1992 3202 2047; x_wconf 85' lang='lat' dir='ltr'>XXI.</span> 
     </span>
    </p>
   </div>
   <div class='ocr_carea' id='block_1_61' title="bbox 2686 2095 3209 2134">
    <p class='ocr_par' dir='ltr' id='par_1_61' title="bbox 2686 2095 3209 2134">
     <span class='ocr_line' id='line_1_61' title="bbox 2686 2095 3209 2134; baseline 0.004 -2"><span class='ocrx_word' id='word_1_434' title='bbox 2686 2095 2953 2134; x_wconf 79' lang='lat' dir='ltr'>ENNODIUS</span> <span class='ocrx_word' id='word_1_435' title='bbox 2993 2096 3209 2134; x_wconf 76' lang='lat' dir='ltr'>FAUSTO.</span> 
     </span>
    </p>
   </div>
   <div class='ocr_carea' id='block_1_62' title="bbox 2176 2167 3795 2240">
    <p class='ocr_par' dir='ltr' id='par_1_62' title="bbox 2176 2167 3795 2240">
     <span class='ocr_line' id='line_1_62' title="bbox 2176 2167 3795 2240; baseline 0 -17"><span class='ocrx_word' id='word_1_436' title='bbox 2176 2167 2284 2223; x_wconf 91' lang='lat' dir='ltr'>Diu</span> <span class='ocrx_word' id='word_1_437' title='bbox 2332 2183 2506 2238; x_wconf 90' lang='lat' dir='ltr'>super</span> <span class='ocrx_word' id='word_1_438' title='bbox 2560 2167 2803 2221; x_wconf 91' lang='lat' dir='ltr'>adventu</span> <span class='ocrx_word' id='word_1_439' title='bbox 2855 2168 3251 2239; x_wconf 86' lang='lat' dir='ltr'>amplitudinis</span> <span class='ocrx_word' id='word_1_440' title='bbox 3320 2172 3521 2223; x_wconf 83' lang='lat' dir='ltr'>vestrae</span> <span class='ocrx_word' id='word_1_441' title='bbox 3560 2169 3795 2240; x_wconf 89' lang='lat' dir='ltr'>ancipiti</span> 
     </span>
    </p>
   </div>
   <div class='ocr_carea' id='block_1_63' title="bbox 2102 2256 3796 2329">
    <p class='ocr_par' dir='ltr' id='par_1_63' title="bbox 2102 2256 3796 2329">
     <span class='ocr_line' id='line_1_63' title="bbox 2102 2256 3796 2329; baseline -0.001 -18"><span class='ocrx_word' id='word_1_442' title='bbox 2102 2272 2266 2311; x_wconf 91' lang='lat' dir='ltr'>mens</span> <span class='ocrx_word' id='word_1_443' title='bbox 2298 2272 2425 2310; x_wconf 90' lang='lat' dir='ltr'>mea</span> <span class='ocrx_word' id='word_1_444' title='bbox 2448 2256 2724 2326; x_wconf 89' lang='lat' dir='ltr'>pependit</span> <span class='ocrx_word' id='word_1_445' title='bbox 2755 2256 2985 2310; x_wconf 90' lang='lat' dir='ltr'>indicio.</span> <span class='ocrx_word' id='word_1_446' title='bbox 3006 2258 3110 2312; x_wconf 89' lang='lat' dir='ltr'>Sed</span> <span class='ocrx_word' id='word_1_447' title='bbox 3143 2261 3446 2329; x_wconf 88' lang='lat' dir='ltr'>postquam</span> <span class='ocrx_word' id='word_1_448' title='bbox 3472 2274 3563 2312; x_wconf 90' lang='lat' dir='ltr'>me</span> <span class='ocrx_word' id='word_1_449' title='bbox 3604 2258 3796 2313; x_wconf 89' lang='lat' dir='ltr'>divina</span> 
     </span>
    </p>
   </div>
   <div class='ocr_carea' id='block_1_64' title="bbox 2104 2344 3795 2414">
    <p class='ocr_par' dir='ltr' id='par_1_64' title="bbox 2104 2344 3795 2414">
     <span class='ocr_line' id='line_1_64' title="bbox 2104 2344 3795 2414; baseline 0 -15"><span class='ocrx_word' id='word_1_450' title='bbox 2104 2344 2493 2399; x_wconf 89' lang='lat' dir='ltr'>misericordia</span> <span class='ocrx_word' id='word_1_451' title='bbox 2545 2344 2615 2398; x_wconf 90' lang='lat' dir='ltr'>ab</span> <span class='ocrx_word' id='word_1_452' title='bbox 2655 2345 2985 2414; x_wconf 92' lang='lat' dir='ltr'>hujusmodi</span> <span class='ocrx_word' id='word_1_453' title='bbox 3030 2345 3313 2400; x_wconf 85' lang='lat' dir='ltr'>anxietate</span> <span class='ocrx_word' id='word_1_454' title='bbox 3345 2346 3568 2413; x_wconf 80' lang='lat' dir='ltr'>laxavit,</span> <span class='ocrx_word' id='word_1_455' title='bbox 3605 2347 3795 2399; x_wconf 89' lang='lat' dir='ltr'>statim</span> 
     </span>
    </p>
   </div>
   <div class='ocr_carea' id='block_1_65' title="bbox 2105 2432 3799 2505">
    <p class='ocr_par' dir='ltr' id='par_1_65' title="bbox 2105 2432 3799 2505">
     <span class='ocr_line' id='line_1_65' title="bbox 2105 2432 3799 2505; baseline 0 -17"><span class='ocrx_word' id='word_1_456' title='bbox 2105 2435 2174 2489; x_wconf 89' lang='lat' dir='ltr'>ad</span> <span class='ocrx_word' id='word_1_457' title='bbox 2206 2437 2474 2487; x_wconf 88' lang='lat' dir='ltr'>consueta</span> <span class='ocrx_word' id='word_1_458' title='bbox 2506 2432 2693 2487; x_wconf 82' lang='lat' dir='ltr'>ofﬁcia</span> <span class='ocrx_word' id='word_1_459' title='bbox 2712 2434 3029 2487; x_wconf 89' lang='lat' dir='ltr'>mecontuli</span> <span class='ocrx_word' id='word_1_460' title='bbox 3062 2450 3075 2488; x_wconf 91' lang='lat'>:</span> <span class='ocrx_word' id='word_1_461' title='bbox 3102 2451 3430 2505; x_wconf 87' lang='lat' dir='ltr'>quanquam</span> <span class='ocrx_word' id='word_1_462' title='bbox 3455 2434 3799 2505; x_wconf 90' lang='lat' dir='ltr'>paginarum</span> 
     </span>
    </p>
   </div>
   <div class='ocr_carea' id='block_1_66' title="bbox 2104 2522 3795 2594">
    <p class='ocr_par' dir='ltr' id='par_1_66' title="bbox 2104 2522 3795 2594">
     <span class='ocr_line' id='line_1_66' title="bbox 2104 2522 3795 2594; baseline -0.001 -17"><span class='ocrx_word' id='word_1_463' title='bbox 2104 2522 2381 2593; x_wconf 90' lang='lat' dir='ltr'>obsequia</span> <span class='ocrx_word' id='word_1_464' title='bbox 2419 2538 2523 2576; x_wconf 91' lang='lat' dir='ltr'>nec</span> <span class='ocrx_word' id='word_1_465' title='bbox 2578 2522 2835 2591; x_wconf 89' lang='lat' dir='ltr'>digresso</span> <span class='ocrx_word' id='word_1_466' title='bbox 2878 2522 2948 2576; x_wconf 87' lang='lat' dir='ltr'>ad</span> <span class='ocrx_word' id='word_1_467' title='bbox 2996 2523 3308 2593; x_wconf 91' lang='lat' dir='ltr'>longinqua</span> <span class='ocrx_word' id='word_1_468' title='bbox 3356 2524 3795 2594; x_wconf 88' lang='lat' dir='ltr'>suppresserim.</span> 
     </span>
    </p>
   </div>
   <div class='ocr_carea' id='block_1_67' title="bbox 2107 2611 3799 2682">
    <p class='ocr_par' dir='ltr' id='par_1_67' title="bbox 2107 2611 3799 2682">
     <span class='ocr_line' id='line_1_67' title="bbox 2107 2611 3799 2682; baseline -0.001 -17"><span class='ocrx_word' id='word_1_469' title='bbox 2107 2612 2200 2666; x_wconf 87' lang='lat' dir='ltr'>His</span> <span class='ocrx_word' id='word_1_470' title='bbox 2243 2627 2380 2682; x_wconf 90' lang='lat' dir='ltr'>ergo</span> <span class='ocrx_word' id='word_1_471' title='bbox 2422 2611 2803 2664; x_wconf 86' lang='lat' dir='ltr'>valetudinem</span> <span class='ocrx_word' id='word_1_472' title='bbox 2858 2612 3364 2679; x_wconf 74' lang='lat' dir='ltr'>meamfindicans,</span> <span class='ocrx_word' id='word_1_473' title='bbox 3399 2611 3799 2681; x_wconf 79' lang='lat' dir='ltr'>aegritudinem</span> 
     </span>
    </p>
   </div>
   <div class='ocr_carea' id='block_1_68' title="bbox 2105 2699 3800 2769">
    <p class='ocr_par' dir='ltr' id='par_1_68' title="bbox 2105 2699 3800 2769">
     <span class='ocr_line' id='line_1_68' title="bbox 2105 2699 3800 2769; baseline 0 -16"><span class='ocrx_word' id='word_1_474' title='bbox 2105 2700 2283 2753; x_wconf 91' lang='lat' dir='ltr'>animi</span> <span class='ocrx_word' id='word_1_475' title='bbox 2312 2699 2708 2769; x_wconf 89' lang='lat' dir='ltr'>refero,quam</span> <span class='ocrx_word' id='word_1_476' title='bbox 2730 2700 2799 2753; x_wconf 91' lang='lat' dir='ltr'>de</span> <span class='ocrx_word' id='word_1_477' title='bbox 2831 2716 3082 2753; x_wconf 66' lang='lat' dir='ltr'>maerore</span> <span class='ocrx_word' id='word_1_478' title='bbox 3110 2700 3386 2754; x_wconf 84' lang='lat' dir='ltr'>contraxi.</span> <span class='ocrx_word' id='word_1_479' title='bbox 3413 2702 3490 2755; x_wconf 91' lang='lat' dir='ltr'>De</span> <span class='ocrx_word' id='word_1_480' title='bbox 3513 2701 3800 2754; x_wconf 91' lang='lat' dir='ltr'>luminum</span> 
     </span>
    </p>
   </div>
   <div class='ocr_carea' id='block_1_69' title="bbox 2102 2786 3802 2851">
    <p class='ocr_par' dir='ltr' id='par_1_69' title="bbox 2102 2786 3802 2851">
     <span class='ocr_line' id='line_1_69' title="bbox 2102 2786 3802 2851; baseline 0 -10"><span class='ocrx_word' id='word_1_481' title='bbox 2102 2792 2430 2841; x_wconf 90' lang='lat' dir='ltr'>nostrorum</span> <span class='ocrx_word' id='word_1_482' title='bbox 2458 2787 2639 2840; x_wconf 90' lang='lat' dir='ltr'>salute</span> <span class='ocrx_word' id='word_1_483' title='bbox 2669 2786 2959 2851; x_wconf 89' lang='lat' dir='ltr'>sollicitor,</span> <span class='ocrx_word' id='word_1_484' title='bbox 3003 2786 3059 2839; x_wconf 91' lang='lat' dir='ltr'>in</span> <span class='ocrx_word' id='word_1_485' title='bbox 3094 2802 3161 2840; x_wconf 90' lang='lat' dir='ltr'>eo</span> <span class='ocrx_word' id='word_1_486' title='bbox 3195 2787 3303 2840; x_wconf 91' lang='lat' dir='ltr'>loci</span> <span class='ocrx_word' id='word_1_487' title='bbox 3359 2787 3700 2841; x_wconf 89' lang='lat' dir='ltr'>constitutus</span> <span class='ocrx_word' id='word_1_488' title='bbox 3730 2787 3802 2842; x_wconf 90' lang='lat' dir='ltr'>ad</span> 
     </span>
    </p>
   </div>
   <div class='ocr_carea' id='block_1_70' title="bbox 2103 2874 3796 2944">
    <p class='ocr_par' dir='ltr' id='par_1_70' title="bbox 2103 2874 3796 2944">
     <span class='ocr_line' id='line_1_70' title="bbox 2103 2874 3796 2944; baseline 0.002 -17"><span class='ocrx_word' id='word_1_489' title='bbox 2103 2880 2293 2944; x_wconf 87' lang='lat' dir='ltr'>quem&#39;</span> <span class='ocrx_word' id='word_1_490' title='bbox 2333 2874 2566 2928; x_wconf 86' lang='lat' dir='ltr'>ditficile</span> <span class='ocrx_word' id='word_1_491' title='bbox 2620 2874 2856 2927; x_wconf 90' lang='lat' dir='ltr'>nuntius</span> <span class='ocrx_word' id='word_1_492' title='bbox 2908 2881 3236 2943; x_wconf 86' lang='lat' dir='ltr'>expectatus</span> <span class='ocrx_word' id='word_1_493' title='bbox 3283 2876 3567 2930; x_wconf 85' lang='lat' dir='ltr'>allabitur.</span> <span class='ocrx_word' id='word_1_494' title='bbox 3638 2876 3796 2940; x_wconf 86' lang='lat' dir='ltr'>Quod</span> 
     </span>
    </p>
   </div>
   <div class='ocr_carea' id='block_1_71' title="bbox 2037 2963 3799 3032">
    <p class='ocr_par' dir='ltr' id='par_1_71' title="bbox 2037 2963 3799 3032">
     <span class='ocr_line' id='line_1_71' title="bbox 2037 2963 3799 3032; baseline 0.002 -17"><span class='ocrx_word' id='word_1_495' title='bbox 2037 2972 2077 3028; x_wconf 69' lang='grc' dir='ltr'>α</span> <span class='ocrx_word' id='word_1_496' title='bbox 2109 2964 2167 3015; x_wconf 90' lang='grc'>111</span> <span class='ocrx_word' id='word_1_497' title='bbox 2198 2963 2402 3016; x_wconf 89' lang='lat' dir='ltr'>solatio</span> <span class='ocrx_word' id='word_1_498' title='bbox 2424 2967 2529 3027; x_wconf 87' lang='lat' dir='ltr'>est,</span> <span class='ocrx_word' id='word_1_499' title='bbox 2574 2964 2752 3016; x_wconf 90' lang='lat' dir='ltr'>Deum</span> <span class='ocrx_word' id='word_1_500' title='bbox 2805 2978 3021 3032; x_wconf 92' lang='lat' dir='ltr'>precor,</span> <span class='ocrx_word' id='word_1_501' title='bbox 3057 2972 3115 3015; x_wconf 88' lang='lat' dir='ltr'>ut</span> <span class='ocrx_word' id='word_1_502' title='bbox 3165 2965 3325 3017; x_wconf 90' lang='lat' dir='ltr'>nulla</span> <span class='ocrx_word' id='word_1_503' title='bbox 3367 2980 3595 3018; x_wconf 90' lang='lat' dir='ltr'>servum</span> <span class='ocrx_word' id='word_1_504' title='bbox 3632 2981 3799 3019; x_wconf 90' lang='lat' dir='ltr'>suum</span> 
     </span>
    </p>
   </div>
   <div class='ocr_carea' id='block_1_72' title="bbox 2104 3050 3800 3121">
    <p class='ocr_par' dir='ltr' id='par_1_72' title="bbox 2104 3050 3800 3121">
     <span class='ocr_line' id='line_1_72' title="bbox 2104 3050 3800 3121; baseline 0 -16"><span class='ocrx_word' id='word_1_505' title='bbox 2104 3051 2356 3121; x_wconf 87' lang='lat' dir='ltr'>patiatur</span> <span class='ocrx_word' id='word_1_506' title='bbox 2401 3052 2646 3121; x_wconf 88' lang='lat' dir='ltr'>amplius</span> <span class='ocrx_word' id='word_1_507' title='bbox 2720 3067 2854 3104; x_wconf 91' lang='lat' dir='ltr'>cura</span> <span class='ocrx_word' id='word_1_508' title='bbox 2887 3050 3198 3118; x_wconf 88' lang='lat' dir='ltr'>macerari;</span> <span class='ocrx_word' id='word_1_509' title='bbox 3259 3053 3358 3106; x_wconf 86' lang='lat' dir='ltr'>sed</span> <span class='ocrx_word' id='word_1_510' title='bbox 3430 3055 3499 3106; x_wconf 90' lang='lat' dir='ltr'>de</span> <span class='ocrx_word' id='word_1_511' title='bbox 3568 3054 3800 3107; x_wconf 89' lang='lat' dir='ltr'>reducta</span> 
     </span>
    </p>
   </div>
   <div class='ocr_carea' id='block_1_73' title="bbox 2106 3139 3799 3210">
    <p class='ocr_par' dir='ltr' id='par_1_73' title="bbox 2106 3139 3799 3210">
     <span class='ocr_line' id='line_1_73' title="bbox 2106 3139 3799 3210; baseline 0.002 -18"><span class='ocrx_word' id='word_1_512' title='bbox 2106 3155 2365 3193; x_wconf 89' lang='lat' dir='ltr'>meorum</span> <span class='ocrx_word' id='word_1_513' title='bbox 2392 3139 2451 3193; x_wconf 92' lang='lat' dir='ltr'>in</span> <span class='ocrx_word' id='word_1_514' title='bbox 2481 3139 2724 3193; x_wconf 89' lang='lat' dir='ltr'>solidum</span> <span class='ocrx_word' id='word_1_515' title='bbox 2760 3140 3137 3210; x_wconf 88' lang='lat' dir='ltr'>prosperitate</span> <span class='ocrx_word' id='word_1_516' title='bbox 3167 3142 3398 3195; x_wconf 60' lang='lat' dir='ltr'>aestibus</span> <span class='ocrx_word' id='word_1_517' title='bbox 3449 3142 3591 3196; x_wconf 90' lang='lat' dir='ltr'>meis</span> <span class='ocrx_word' id='word_1_518' title='bbox 3630 3143 3799 3196; x_wconf 90' lang='lat' dir='ltr'>celeri</span> 
     </span>
    </p>
   </div>
   <div class='ocr_carea' id='block_1_74' title="bbox 2104 3227 3795 3300">
    <p class='ocr_par' dir='ltr' id='par_1_74' title="bbox 2104 3227 3795 3300">
     <span class='ocr_line' id='line_1_74' title="bbox 2104 3227 3795 3300; baseline 0.001 -19"><span class='ocrx_word' id='word_1_519' title='bbox 2104 3229 2327 3282; x_wconf 88' lang='lat' dir='ltr'>medela</span> <span class='ocrx_word' id='word_1_520' title='bbox 2361 3227 2679 3280; x_wconf 85' lang='lat' dir='ltr'>subveniat.</span> <span class='ocrx_word' id='word_1_521' title='bbox 2726 3229 2991 3282; x_wconf 88' lang='lat' dir='ltr'>Salutans</span> <span class='ocrx_word' id='word_1_522' title='bbox 3018 3229 3205 3283; x_wconf 89' lang='lat' dir='ltr'>debita</span> <span class='ocrx_word' id='word_1_523' title='bbox 3238 3230 3525 3297; x_wconf 87' lang='lat' dir='ltr'>servitute,</span> <span class='ocrx_word' id='word_1_524' title='bbox 3576 3246 3795 3300; x_wconf 88' lang='lat' dir='ltr'>precor,</span> 
     </span>
    </p>
   </div>
   <div class='ocr_carea' id='block_1_75' title="bbox 2105 3317 3790 3387">
    <p class='ocr_par' dir='ltr' id='par_1_75' title="bbox 2105 3317 3790 3387">
     <span class='ocr_line' id='line_1_75' title="bbox 2105 3317 3790 3387; baseline 0.001 -17"><span class='ocrx_word' id='word_1_525' title='bbox 2105 3321 2167 3370; x_wconf 89' lang='lat' dir='ltr'>ut</span> <span class='ocrx_word' id='word_1_526' title='bbox 2185 3317 2431 3387; x_wconf 86' lang='lat' dir='ltr'>cognitis</span> <span class='ocrx_word' id='word_1_527' title='bbox 2461 3317 2550 3369; x_wconf 89' lang='lat' dir='ltr'>his</span> <span class='ocrx_word' id='word_1_528' title='bbox 2566 3317 2633 3369; x_wconf 90' lang='lat' dir='ltr'>de</span> <span class='ocrx_word' id='word_1_529' title='bbox 2665 3317 2872 3385; x_wconf 90' lang='lat' dir='ltr'>quibus</span> <span class='ocrx_word' id='word_1_530' title='bbox 2902 3318 3126 3370; x_wconf 91' lang='lat' dir='ltr'>animus</span> <span class='ocrx_word' id='word_1_531' title='bbox 3157 3334 3318 3372; x_wconf 91' lang='lat' dir='ltr'>meus</span> <span class='ocrx_word' id='word_1_532' title='bbox 3356 3318 3512 3371; x_wconf 90' lang='lat' dir='ltr'>varia</span> <span class='ocrx_word' id='word_1_533' title='bbox 3542 3318 3790 3372; x_wconf 79' lang='lat' dir='ltr'>aestima-</span> 
     </span>
    </p>
   </div>
   <div class='ocr_carea' id='block_1_76' title="bbox 2103 3405 3792 3475">
    <p class='ocr_par' dir='ltr' id='par_1_76' title="bbox 2103 3405 3792 3475">
     <span class='ocr_line' id='line_1_76' title="bbox 2103 3405 3792 3475; baseline 0.002 -17"><span class='ocrx_word' id='word_1_534' title='bbox 2103 3406 2260 3461; x_wconf 84' lang='lat' dir='ltr'>tione</span> <span class='ocrx_word' id='word_1_535' title='bbox 2288 3406 2555 3475; x_wconf 86' lang='lat' dir='ltr'>jactatur,</span> <span class='ocrx_word' id='word_1_536' title='bbox 2602 3405 2799 3458; x_wconf 88' lang='lat' dir='ltr'>sedulo</span> <span class='ocrx_word' id='word_1_537' title='bbox 2832 3406 2975 3459; x_wconf 91' lang='lat' dir='ltr'>mihi</span> <span class='ocrx_word' id='word_1_538' title='bbox 3024 3406 3375 3461; x_wconf 86' lang='lat' dir='ltr'>hilaritatem</span> <span class='ocrx_word' id='word_1_539' title='bbox 3415 3407 3792 3461; x_wconf 88' lang='lat' dir='ltr'>deferentium</span> 
     </span>
    </p>
   </div>
   <div class='ocr_carea' id='block_1_77' title="bbox 2100 3493 3125 3549">
    <p class='ocr_par' dir='ltr' id='par_1_77' title="bbox 2100 3493 3125 3549">
     <span class='ocr_line' id='line_1_77' title="bbox 2100 3493 3125 3549; baseline -0.002 0"><span class='ocrx_word' id='word_1_540' title='bbox 2100 3495 2422 3549; x_wconf 89' lang='lat' dir='ltr'>litterarum</span> <span class='ocrx_word' id='word_1_541' title='bbox 2454 3493 2729 3548; x_wconf 85' lang='lat' dir='ltr'>beneficio</span> <span class='ocrx_word' id='word_1_542' title='bbox 2760 3495 3125 3547; x_wconf 88' lang='lat' dir='ltr'>succurratis.</span> 
     </span>
    </p>
   </div>
   <div class='ocr_carea' id='block_1_78' title="bbox 2680 3583 3211 3638">
    <p class='ocr_par' dir='ltr' id='par_1_78' title="bbox 2680 3583 3211 3638">
     <span class='ocr_line' id='line_1_78' title="bbox 2680 3583 3211 3638; baseline 0.002 -2"><span class='ocrx_word' id='word_1_543' title='bbox 2680 3583 3003 3638; x_wconf 84' lang='lat' dir='ltr'>EPISTOLA</span> <span class='ocrx_word' id='word_1_544' title='bbox 3045 3584 3211 3638; x_wconf 84' lang='lat' dir='ltr'>XXII.</span> 
     </span>
    </p>
   </div>
   <div class='ocr_carea' id='block_1_79' title="bbox 2629 3673 3260 3727">
    <p class='ocr_par' dir='ltr' id='par_1_79' title="bbox 2629 3673 3260 3727">
     <span class='ocr_line' id='line_1_79' title="bbox 2629 3673 3260 3727; baseline -0.002 -2"><span class='ocrx_word' id='word_1_545' title='bbox 2629 3687 2901 3727; x_wconf 76' lang='lat' dir='ltr'>ENNODIUS</span> <span class='ocrx_word' id='word_1_546' title='bbox 2942 3673 2957 3706; x_wconf 87' lang='grc'>¹</span> <span class='ocrx_word' id='word_1_547' title='bbox 3002 3687 3260 3726; x_wconf 53' lang='grc' dir='ltr'>091111οΝ1.</span> 
     </span>
    </p>
   </div>
   <div class='ocr_carea' id='block_1_80' title="bbox 2173 3759 3791 3832">
    <p class='ocr_par' dir='ltr' id='par_1_80' title="bbox 2173 3759 3791 3832">
     <span class='ocr_line' id='line_1_80' title="bbox 2173 3759 3791 3832; baseline -0.001 -17"><span class='ocrx_word' id='word_1_548' title='bbox 2173 3760 2434 3831; x_wconf 63' lang='lat' dir='ltr'>Coeperat</span> <span class='ocrx_word' id='word_1_549' title='bbox 2491 3759 2828 3830; x_wconf 90' lang='lat' dir='ltr'>parvitatem</span> <span class='ocrx_word' id='word_1_550' title='bbox 2877 3776 3064 3813; x_wconf 90' lang='lat' dir='ltr'>meam</span> <span class='ocrx_word' id='word_1_551' title='bbox 3111 3760 3446 3832; x_wconf 87' lang='lat' dir='ltr'>magnitudo</span> <span class='ocrx_word' id='word_1_552' title='bbox 3474 3766 3660 3815; x_wconf 86' lang='lat' dir='ltr'>vestra</span> <span class='ocrx_word' id='word_1_553' title='bbox 3691 3776 3791 3831; x_wconf 89' lang='lat' dir='ltr'>spe</span> 
     </span>
    </p>
   </div>
   <div class='ocr_carea' id='block_1_81' title="bbox 2101 3847 3791 3919">
    <p class='ocr_par' dir='ltr' id='par_1_81' title="bbox 2101 3847 3791 3919">
     <span class='ocr_line' id='line_1_81' title="bbox 2101 3847 3791 3919; baseline 0 -17"><span class='ocrx_word' id='word_1_554' title='bbox 2101 3865 2229 3919; x_wconf 76' lang='lat' dir='ltr'>quae</span> <span class='ocrx_word' id='word_1_555' title='bbox 2261 3853 2388 3901; x_wconf 88' lang='lat' dir='ltr'>vota</span> <span class='ocrx_word' id='word_1_556' title='bbox 2426 3848 2714 3913; x_wconf 86' lang='lat' dir='ltr'>transiret,</span> <span class='ocrx_word' id='word_1_557' title='bbox 2767 3847 3116 3919; x_wconf 90' lang='lat' dir='ltr'>dignationis</span> <span class='ocrx_word' id='word_1_558' title='bbox 3153 3850 3431 3917; x_wconf 90' lang='lat' dir='ltr'>attollere,</span> <span class='ocrx_word' id='word_1_559' title='bbox 3464 3853 3520 3903; x_wconf 91' lang='lat' dir='ltr'>et</span> <span class='ocrx_word' id='word_1_560' title='bbox 3551 3850 3791 3904; x_wconf 69' lang='lat' dir='ltr'>caelestis</span> 
     </span>
    </p>
   </div>
   <div class='ocr_carea' id='block_1_82' title="bbox 2101 3936 3790 4003">
    <p class='ocr_par' dir='ltr' id='par_1_82' title="bbox 2101 3936 3790 4003">
     <span class='ocr_line' id='line_1_82' title="bbox 2101 3936 3790 4003; baseline 0.002 -14"><span class='ocrx_word' id='word_1_561' title='bbox 2101 3936 2345 3990; x_wconf 89' lang='lat' dir='ltr'>instituti</span> <span class='ocrx_word' id='word_1_562' title='bbox 2393 3952 2569 4003; x_wconf 91' lang='lat' dir='ltr'>more,</span> <span class='ocrx_word' id='word_1_563' title='bbox 2640 3936 2885 3990; x_wconf 89' lang='lat' dir='ltr'>clariora</span> <span class='ocrx_word' id='word_1_564' title='bbox 2934 3938 3116 3991; x_wconf 87' lang='lat' dir='ltr'>facere</span> <span class='ocrx_word' id='word_1_565' title='bbox 3158 3938 3435 3992; x_wconf 88' lang='lat' dir='ltr'>beneﬁcia</span> <span class='ocrx_word' id='word_1_566' title='bbox 3487 3954 3605 4003; x_wconf 90' lang='lat' dir='ltr'>sua,</span> <span class='ocrx_word' id='word_1_567' title='bbox 3652 3938 3790 3992; x_wconf 92' lang='lat' dir='ltr'>dum</span> 
     </span>
    </p>
   </div>
   <div class='ocr_carea' id='block_1_83' title="bbox 305 4017 3791 4116">
    <p class='ocr_par' dir='ltr' id='par_1_83' title="bbox 305 4017 3791 4116">
     <span class='ocr_line' id='line_1_83' title="bbox 305 4017 3791 4116; baseline 0.003 -46"><span class='ocrx_word' id='word_1_568' title='bbox 305 4017 681 4074; x_wconf 89' lang='lat' dir='ltr'>similitudine</span> <span class='ocrx_word' id='word_1_569' title='bbox 738 4022 1061 4090; x_wconf 89' lang='lat' dir='ltr'>collocatus,</span> <span class='ocrx_word' id='word_1_570' title='bbox 1085 4039 1243 4116; x_wconf 47' lang='grc' dir='ltr'>Αιυῇ</span> <span class='ocrx_word' id='word_1_571' title='bbox 1270 4039 1444 4109; x_wconf 56' lang='lat' dir='ltr'>supra</span> <span class='ocrx_word' id='word_1_572' title='bbox 1483 4022 2001 4116; x_wconf 47' lang='lat' dir='ltr'>meritum-apeupt</span> <span class='ocrx_word' id='word_1_573' title='bbox 2263 4025 2464 4079; x_wconf 85' lang='lat' dir='ltr'>merita</span> <span class='ocrx_word' id='word_1_574' title='bbox 2496 4025 2870 4095; x_wconf 88' lang='lat' dir='ltr'>nullajudicii</span> <span class='ocrx_word' id='word_1_575' title='bbox 2902 4026 3061 4079; x_wconf 87' lang='lat' dir='ltr'>lance</span> <span class='ocrx_word' id='word_1_576' title='bbox 3086 4026 3391 4096; x_wconf 89' lang='lat' dir='ltr'>pensabat;</span> <span class='ocrx_word' id='word_1_577' title='bbox 3427 4027 3509 4080; x_wconf 89' lang='lat' dir='ltr'>vel</span> <span class='ocrx_word' id='word_1_578' title='bbox 3536 4042 3791 4080; x_wconf 69' lang='lat' dir='ltr'>censura:</span> 
     </span>
    </p>
   </div>
   <div class='ocr_carea' id='block_1_84' title="bbox 304 4098 3792 4195">
    <p class='ocr_par' dir='ltr' id='par_1_84' title="bbox 304 4098 3792 4195">
     <span class='ocr_line' id='line_1_84' title="bbox 304 4098 3792 4195; baseline 0.002 -35"><span class='ocrx_word' id='word_1_579' title='bbox 304 4108 576 4161; x_wconf 88' lang='lat' dir='ltr'>collocata</span> <span class='ocrx_word' id='word_1_580' title='bbox 618 4114 751 4161; x_wconf 88' lang='lat' dir='ltr'>sunt</span> <span class='ocrx_word' id='word_1_581' title='bbox 806 4098 1403 4195; x_wconf 47' lang='lat' dir='ltr'>prospei&#39;QZ&#39;evgcériEsseg</span> <span class='ocrx_word' id='word_1_582' title='bbox 2030 4098 2400 4184; x_wconf 50' lang='lat' dir='ltr'>E&#39;ile&#39;éligens</span> <span class='ocrx_word' id='word_1_583' title='bbox 2431 4113 2565 4167; x_wconf 89' lang='lat' dir='ltr'>dare</span> <span class='ocrx_word' id='word_1_584' title='bbox 2597 4113 2845 4183; x_wconf 90' lang='lat' dir='ltr'>pretium</span> <span class='ocrx_word' id='word_1_585' title='bbox 2889 4114 3246 4181; x_wconf 89' lang='lat' dir='ltr'>muneribus,</span> <span class='ocrx_word' id='word_1_586' title='bbox 3304 4131 3430 4185; x_wconf 74' lang='lat' dir='ltr'>qum</span> <span class='ocrx_word' id='word_1_587' title='bbox 3479 4131 3597 4167; x_wconf 90' lang='lat' dir='ltr'>esse</span> <span class='ocrx_word' id='word_1_588' title='bbox 3627 4130 3792 4168; x_wconf 88' lang='lat' dir='ltr'>mon-</span> 
     </span>
    </p>
   </div>
   <div class='ocr_carea' id='block_1_85' title="bbox 305 4179 1997 4265">
    <p class='ocr_par' dir='ltr' id='par_1_85' title="bbox 305 4179 1997 4265">
     <span class='ocr_line' id='line_1_85' title="bbox 305 4179 1997 4265; baseline 0.003 -17"><span class='ocrx_word' id='word_1_589' title='bbox 305 4211 567 4265; x_wconf 71' lang='lat' dir='ltr'>supernre</span> <span class='ocrx_word' id='word_1_590' title='bbox 599 4194 1074 4252; x_wconf 72' lang='lat' dir='ltr'>remunerationis</span> <span class='ocrx_word' id='word_1_591' title='bbox 1106 4185 1329 4253; x_wconf 66' lang='lat' dir='ltr'>divifias</span> <span class='ocrx_word' id='word_1_592' title='bbox 1355 4179 1605 4254; x_wconf 62' lang='lat' dir='ltr'>h’dxifa’dé</span> <span class='ocrx_word' id='word_1_593' title='bbox 1627 4179 1789 4254; x_wconf 73' lang='lat' dir='ltr'>mens</span> <span class='ocrx_word' id='word_1_594' title='bbox 1816 4201 1997 4254; x_wconf 90' lang='lat' dir='ltr'>nescit</span> 
     </span>
    </p>
   </div>
   <div class='ocr_carea' id='block_1_86' title="bbox 2104 4201 3792 4273">
    <p class='ocr_par' dir='ltr' id='par_1_86' title="bbox 2104 4201 3792 4273">
     <span class='ocr_line' id='line_1_86' title="bbox 2104 4201 3792 4273; baseline 0.001 -19"><span class='ocrx_word' id='word_1_595' title='bbox 2104 4202 2317 4256; x_wconf 88' lang='lat' dir='ltr'>strabat</span> <span class='ocrx_word' id='word_1_596' title='bbox 2346 4201 2635 4255; x_wconf 88' lang='lat' dir='ltr'>indebita:</span> <span class='ocrx_word' id='word_1_597' title='bbox 2660 4201 2934 4272; x_wconf 89' lang='lat' dir='ltr'>quoniam</span> <span class='ocrx_word' id='word_1_598' title='bbox 2964 4201 3186 4256; x_wconf 83' lang='lat' dir='ltr'>affectio</span> <span class='ocrx_word' id='word_1_599' title='bbox 3208 4219 3336 4273; x_wconf 63' lang='lat' dir='ltr'>quae</span> <span class='ocrx_word' id='word_1_600' title='bbox 3365 4204 3515 4256; x_wconf 90' lang='lat' dir='ltr'>circa</span> <span class='ocrx_word' id='word_1_601' title='bbox 3542 4202 3792 4257; x_wconf 91' lang='lat' dir='ltr'>humiles</span> 
     </span>
    </p>
   </div>
   <div class='ocr_carea' id='block_1_87' title="bbox 305 4268 1992 4377">
    <p class='ocr_par' dir='ltr' id='par_1_87' title="bbox 305 4284 1992 4377">
     <span class='ocr_line' id='line_1_87' title="bbox 305 4284 1992 4377; baseline 0.004 -41"><span class='ocrx_word' id='word_1_602' title='bbox 305 4284 642 4352; x_wconf 83' lang='lat' dir='ltr'>expendere.</span> <span class='ocrx_word' id='word_1_603' title='bbox 673 4286 761 4339; x_wconf 90' lang='lat' dir='ltr'>Sic</span> <span class='ocrx_word' id='word_1_604' title='bbox 791 4286 990 4356; x_wconf 78' lang='lat' dir='ltr'>animq</span> <span class='ocrx_word' id='word_1_605' title='bbox 1020 4287 1249 4372; x_wconf 48' lang='lat' dir='ltr'>fragiles</span> <span class='ocrx_word' id='word_1_606' title='bbox 1274 4289 1992 4377; x_wconf 51' lang='lat' dir='ltr'>tepwe_raqtur,-.qt-§si§ps</span> 
     </span>
    </p>
   </div>
   <div class='ocr_carea' id='block_1_88' title="bbox 2105 4268 3793 4377">
    <p class='ocr_par' dir='ltr' id='par_1_88' title="bbox 2105 4284 3793 4377">
     <span class='ocr_line' id='line_1_88' title="bbox 2105 4284 3793 4377; baseline 0.001 -32"><span class='ocrx_word' id='word_1_607' title='bbox 2105 4284 2424 4377; x_wconf 53' lang='grc' dir='ltr'>ξχμςορὶξιτ,</span> <span class='ocrx_word' id='word_1_608' title='bbox 2456 4306 2571 4344; x_wconf 86' lang='grc'>11011</span> <span class='ocrx_word' id='word_1_609' title='bbox 2602 4291 2774 4345; x_wconf 90' lang='lat' dir='ltr'>habet</span> <span class='ocrx_word' id='word_1_610' title='bbox 2802 4291 3215 4357; x_wconf 89' lang='lat' dir='ltr'>necessitatem,</span> <span class='ocrx_word' id='word_1_611' title='bbox 3259 4298 3315 4345; x_wconf 89' lang='lat' dir='ltr'>et</span> <span class='ocrx_word' id='word_1_612' title='bbox 3352 4293 3594 4362; x_wconf 90' lang='lat' dir='ltr'>speciem</span> <span class='ocrx_word' id='word_1_613' title='bbox 3631 4308 3793 4346; x_wconf 87' lang='lat' dir='ltr'>suam</span> 
     </span>
    </p>
   </div>
   <div class='ocr_carea' id='block_1_89' title="bbox 305 4358 2027 4462">
    <p class='ocr_par' dir='ltr' id='par_1_89' title="bbox 305 4358 2027 4462">
     <span class='ocr_line' id='line_1_89' title="bbox 305 4358 2027 4462; baseline 0.005 -38"><span class='ocrx_word' id='word_1_614' title='bbox 305 4372 611 4426; x_wconf 87' lang='lat' dir='ltr'>stationem</span> <span class='ocrx_word' id='word_1_615' title='bbox 646 4373 875 4428; x_wconf 88' lang='lat' dir='ltr'>videant</span> <span class='ocrx_word' id='word_1_616' title='bbox 1504 4358 1757 4462; x_wconf 54' lang='lat' dir='ltr'>:iticerta.&quot;</span> 
     </span>
    </p>
   </div>
   <div class='ocr_carea' id='block_1_90' title="bbox 305 4447 1994 4535">
    <p class='ocr_par' dir='ltr' id='par_1_90' title="bbox 305 4447 1994 4535">
     <span class='ocr_line' id='line_1_90' title="bbox 305 4447 1994 4535; baseline 0.002 -20"><span class='ocrx_word' id='word_1_617' title='bbox 305 4461 577 4515; x_wconf 90' lang='lat' dir='ltr'>hendant.</span> <span class='ocrx_word' id='word_1_618' title='bbox 616 4463 763 4516; x_wconf 89' lang='lat' dir='ltr'>Deus</span> <span class='ocrx_word' id='word_1_619' title='bbox 822 4447 997 4518; x_wconf 78' lang='lat' dir='ltr'>borié‘l</span> <span class='ocrx_word' id='word_1_620' title='bbox 1036 4447 1113 4518; x_wconf 70' lang='lat' dir='ltr'>&#39;ni</span> <span class='ocrx_word' id='word_1_621' title='bbox 1152 4447 1563 4534; x_wconf 30' lang='lat' dir='ltr'>quio°abr°upto</span> <span class='ocrx_word' id='word_1_622' title='bbox 1614 4447 1994 4535; x_wconf 76' lang='lat' dir='ltr'>pependimus</span> 
     </span>
    </p>
   </div>
   <div class='ocr_carea' id='block_1_91' title="bbox 306 4554 1993 4624">
    <p class='ocr_par' dir='ltr' id='par_1_91' title="bbox 306 4554 1993 4624">
     <span class='ocr_line' id='line_1_91' title="bbox 306 4554 1993 4624; baseline 0.004 -23"><span class='ocrx_word' id='word_1_623' title='bbox 306 4554 462 4616; x_wconf 91' lang='lat' dir='ltr'>tunc,</span> <span class='ocrx_word' id='word_1_624' title='bbox 494 4565 625 4603; x_wconf 92' lang='lat' dir='ltr'>cum</span> <span class='ocrx_word' id='word_1_625' title='bbox 655 4556 913 4620; x_wconf 84' lang='lat' dir='ltr'>potentia</span> <span class='ocrx_word' id='word_1_626' title='bbox 955 4554 1216 4621; x_wconf 73' lang='lat' dir='ltr'>cmlestis,</span> <span class='ocrx_word' id='word_1_627' title='bbox 1253 4560 1311 4605; x_wconf 91' lang='lat' dir='ltr'><strong>ut</strong></span> <span class='ocrx_word' id='word_1_628' title='bbox 1342 4554 1575 4623; x_wconf 87' lang='lat' dir='ltr'>plenum</span> <span class='ocrx_word' id='word_1_629' title='bbox 1608 4558 1756 4608; x_wconf 88' lang='lat' dir='ltr'>esset</span> <span class='ocrx_word' id='word_1_630' title='bbox 1784 4570 1993 4624; x_wconf 87' lang='lat' dir='ltr'>parvu-</span> 
     </span>
    </p>
   </div>
   <div class='ocr_carea' id='block_1_92' title="bbox 307 4637 1997 4713">
    <p class='ocr_par' dir='ltr' id='par_1_92' title="bbox 307 4637 1997 4713">
     <span class='ocr_line' id='line_1_92' title="bbox 307 4637 1997 4713; baseline 0.004 -23"><span class='ocrx_word' id='word_1_631' title='bbox 307 4637 493 4692; x_wconf 89' lang='lat' dir='ltr'>lorum</span> <span class='ocrx_word' id='word_1_632' title='bbox 540 4639 601 4692; x_wconf 92' lang='lat' dir='ltr'>in</span> <span class='ocrx_word' id='word_1_633' title='bbox 656 4641 890 4695; x_wconf 90' lang='lat' dir='ltr'>reducta</span> <span class='ocrx_word' id='word_1_634' title='bbox 951 4641 1591 4713; x_wconf 60' lang='lat' dir='ltr'>saluteltestimonium,</span> <span class='ocrx_word' id='word_1_635' title='bbox 1625 4644 1752 4713; x_wconf 90' lang='lat' dir='ltr'>plus</span> <span class='ocrx_word' id='word_1_636' title='bbox 1782 4647 1866 4696; x_wconf 91' lang='lat' dir='ltr'>est</span> <span class='ocrx_word' id='word_1_637' title='bbox 1899 4659 1997 4697; x_wconf 92' lang='lat' dir='ltr'>no-</span> 
     </span>
    </p>
   </div>
   <div class='ocr_carea' id='block_1_93' title="bbox 308 4727 1997 4801">
    <p class='ocr_par' dir='ltr' id='par_1_93' title="bbox 308 4727 1997 4801">
     <span class='ocr_line' id='line_1_93' title="bbox 308 4727 1997 4801; baseline 0.004 -22"><span class='ocrx_word' id='word_1_638' title='bbox 308 4731 489 4781; x_wconf 92' lang='lat' dir='ltr'>strum</span> <span class='ocrx_word' id='word_1_639' title='bbox 546 4727 877 4784; x_wconf 90' lang='lat' dir='ltr'>labefactata</span> <span class='ocrx_word' id='word_1_640' title='bbox 934 4747 1029 4800; x_wconf 82' lang='lat' dir='ltr'>per</span> <span class='ocrx_word' id='word_1_641' title='bbox 1083 4731 1390 4785; x_wconf 83' lang='lat' dir='ltr'>meritum?</span> <span class='ocrx_word' id='word_1_642' title='bbox 1452 4731 1581 4785; x_wconf 91' lang='lat' dir='ltr'>Dico</span> <span class='ocrx_word' id='word_1_643' title='bbox 1632 4731 1876 4801; x_wconf 83' lang='lat' dir='ltr'>integre,</span> <span class='ocrx_word' id='word_1_644' title='bbox 1939 4737 1997 4786; x_wconf 92' lang='lat' dir='ltr'>et</span> 
     </span>
    </p>
   </div>
   <div class='ocr_carea' id='block_1_94' title="bbox 308 4820 1995 4889">
    <p class='ocr_par' dir='ltr' id='par_1_94' title="bbox 308 4820 1995 4889">
     <span class='ocr_line' id='line_1_94' title="bbox 308 4820 1995 4889; baseline 0.005 -22"><span class='ocrx_word' id='word_1_645' title='bbox 308 4831 503 4869; x_wconf 90' lang='lat' dir='ltr'>vocem</span> <span class='ocrx_word' id='word_1_646' title='bbox 547 4833 719 4887; x_wconf 87' lang='lat' dir='ltr'>quam</span> <span class='ocrx_word' id='word_1_647' title='bbox 766 4820 1061 4889; x_wconf 86' lang='lat' dir='ltr'>proposito</span> <span class='ocrx_word' id='word_1_648' title='bbox 1104 4820 1303 4887; x_wconf 86' lang='lat' dir='ltr'>debeo,</span> <span class='ocrx_word' id='word_1_649' title='bbox 1341 4821 1498 4874; x_wconf 90' lang='lat' dir='ltr'>nulla</span> <span class='ocrx_word' id='word_1_650' title='bbox 1528 4820 1813 4874; x_wconf 90' lang='lat' dir='ltr'>mendacii</span> <span class='ocrx_word' id='word_1_651' title='bbox 1842 4821 1995 4875; x_wconf 90' lang='lat' dir='ltr'>nube</span> 
     </span>
    </p>
   </div>
   <div class='ocr_carea' id='block_1_95' title="bbox 309 4904 1996 4977">
    <p class='ocr_par' dir='ltr' id='par_1_95' title="bbox 309 4904 1996 4977">
     <span class='ocr_line' id='line_1_95' title="bbox 309 4904 1996 4977; baseline 0.003 -21"><span class='ocrx_word' id='word_1_652' title='bbox 309 4904 584 4958; x_wconf 88' lang='lat' dir='ltr'>concludo</span> <span class='ocrx_word' id='word_1_653' title='bbox 616 4905 927 4975; x_wconf 80' lang='lat' dir='ltr'>(confundo</span> <span class='ocrx_word' id='word_1_654' title='bbox 962 4906 1137 4960; x_wconf 89' lang='lat' dir='ltr'>verba</span> <span class='ocrx_word' id='word_1_655' title='bbox 1174 4907 1539 4977; x_wconf 89' lang='lat' dir='ltr'>singultibus,</span> <span class='ocrx_word' id='word_1_656' title='bbox 1579 4913 1643 4961; x_wconf 89' lang='lat' dir='ltr'>ut</span> <span class='ocrx_word' id='word_1_657' title='bbox 1669 4908 1773 4961; x_wconf 91' lang='lat' dir='ltr'>sub</span> <span class='ocrx_word' id='word_1_658' title='bbox 1817 4907 1996 4961; x_wconf 89' lang='lat' dir='ltr'>solida</span> 
     </span>
    </p>
   </div>
   <div class='ocr_carea' id='block_1_96' title="bbox 309 4993 1995 5067">
    <p class='ocr_par' dir='ltr' id='par_1_96' title="bbox 309 4993 1995 5067">
     <span class='ocr_line' id='line_1_96' title="bbox 309 4993 1995 5067; baseline 0.004 -22"><span class='ocrx_word' id='word_1_659' title='bbox 309 4993 713 5062; x_wconf 79' lang='lat' dir='ltr'>gratulatione,</span> <span class='ocrx_word' id='word_1_660' title='bbox 738 4994 1097 5049; x_wconf 87' lang='lat' dir='ltr'>uberioribus</span> <span class='ocrx_word' id='word_1_661' title='bbox 1134 4995 1193 5047; x_wconf 91' lang='lat' dir='ltr'>in</span> <span class='ocrx_word' id='word_1_662' title='bbox 1234 4995 1432 5049; x_wconf 87' lang='lat' dir='ltr'>fletum</span> <span class='ocrx_word' id='word_1_663' title='bbox 1480 4997 1677 5064; x_wconf 90' lang='lat' dir='ltr'>oculis)</span> <span class='ocrx_word' id='word_1_664' title='bbox 1723 5012 1874 5067; x_wconf 76' lang='lat' dir='ltr'>saepe</span> <span class='ocrx_word' id='word_1_665' title='bbox 1904 5012 1995 5050; x_wconf 89' lang='lat' dir='ltr'>me</span> 
     </span>
    </p>
   </div>
   <div class='ocr_carea' id='block_1_97' title="bbox 311 5081 1995 5154">
    <p class='ocr_par' dir='ltr' id='par_1_97' title="bbox 311 5081 1995 5154">
     <span class='ocr_line' id='line_1_97' title="bbox 311 5081 1995 5154; baseline 0.002 -21"><span class='ocrx_word' id='word_1_666' title='bbox 311 5081 590 5152; x_wconf 89' lang='lat' dir='ltr'>respicere</span> <span class='ocrx_word' id='word_1_667' title='bbox 639 5084 790 5154; x_wconf 91' lang='lat' dir='ltr'>quod</span> <span class='ocrx_word' id='word_1_668' title='bbox 839 5083 1007 5137; x_wconf 89' lang='lat' dir='ltr'>evasi.</span> <span class='ocrx_word' id='word_1_669' title='bbox 1062 5083 1302 5137; x_wconf 89' lang='lat' dir='ltr'>Ubinam</span> <span class='ocrx_word' id='word_1_670' title='bbox 1338 5085 1595 5153; x_wconf 89' lang='lat' dir='ltr'>gentium</span> <span class='ocrx_word' id='word_1_671' title='bbox 1642 5085 1899 5140; x_wconf 82' lang='lat' dir='ltr'>fuimus?</span> <span class='ocrx_word' id='word_1_672' title='bbox 1928 5086 1995 5140; x_wconf 91' lang='lat' dir='ltr'>de</span> 
     </span>
    </p>
   </div>
   <div class='ocr_carea' id='block_1_98' title="bbox 311 5172 1998 5240">
    <p class='ocr_par' dir='ltr' id='par_1_98' title="bbox 311 5172 1998 5240">
     <span class='ocr_line' id='line_1_98' title="bbox 311 5172 1998 5240; baseline 0.004 -17"><span class='ocrx_word' id='word_1_673' title='bbox 311 5185 422 5240; x_wconf 82' lang='lat' dir='ltr'>qua</span> <span class='ocrx_word' id='word_1_674' title='bbox 455 5187 558 5224; x_wconf 90' lang='lat' dir='ltr'>nos</span> <span class='ocrx_word' id='word_1_675' title='bbox 584 5172 650 5225; x_wconf 91' lang='lat' dir='ltr'>ad</span> <span class='ocrx_word' id='word_1_676' title='bbox 682 5172 994 5225; x_wconf 89' lang='lat' dir='ltr'>humanam</span> <span class='ocrx_word' id='word_1_677' title='bbox 1021 5172 1506 5227; x_wconf 88' lang='lat' dir='ltr'>conversationem</span> <span class='ocrx_word' id='word_1_678' title='bbox 1545 5174 1710 5228; x_wconf 89' lang='lat' dir='ltr'>ruina</span> <span class='ocrx_word' id='word_1_679' title='bbox 1754 5176 1998 5229; x_wconf 88' lang='lat' dir='ltr'>clemen-</span> 
     </span>
    </p>
   </div>
   <div class='ocr_carea' id='block_1_99' title="bbox 310 5259 1996 5331">
    <p class='ocr_par' dir='ltr' id='par_1_99' title="bbox 310 5259 1996 5331">
     <span class='ocr_line' id='line_1_99' title="bbox 310 5259 1996 5331; baseline 0.002 -19"><span class='ocrx_word' id='word_1_680' title='bbox 310 5259 389 5312; x_wconf 92' lang='lat' dir='ltr'>tia</span> <span class='ocrx_word' id='word_1_681' title='bbox 428 5276 677 5330; x_wconf 89' lang='lat' dir='ltr'>superna</span> <span class='ocrx_word' id='word_1_682' title='bbox 730 5260 1016 5314; x_wconf 83' lang='lat' dir='ltr'>restituit?</span> <span class='ocrx_word' id='word_1_683' title='bbox 1057 5262 1389 5315; x_wconf 83' lang='lat' dir='ltr'>Rcferamus</span> <span class='ocrx_word' id='word_1_684' title='bbox 1436 5277 1570 5331; x_wconf 91' lang='lat' dir='ltr'>ergo</span> <span class='ocrx_word' id='word_1_685' title='bbox 1618 5263 1996 5319; x_wconf 89' lang='lat' dir='ltr'>strictioribus</span> 
     </span>
    </p>
   </div>
   <div class='ocr_carea' id='block_1_100' title="bbox 310 5347 1993 5423">
    <p class='ocr_par' dir='ltr' id='par_1_100' title="bbox 310 5347 1993 5423">
     <span class='ocr_line' id='line_1_100' title="bbox 310 5347 1993 5423; baseline 0.005 -26"><span class='ocrx_word' id='word_1_686' title='bbox 310 5347 497 5401; x_wconf 87' lang='lat' dir='ltr'>verbis</span> <span class='ocrx_word' id='word_1_687' title='bbox 529 5348 700 5417; x_wconf 88' lang='lat' dir='ltr'>hujus</span> <span class='ocrx_word' id='word_1_688' title='bbox 750 5348 889 5401; x_wconf 89' lang='lat' dir='ltr'>boni</span> <span class='ocrx_word' id='word_1_689' title='bbox 917 5348 1177 5419; x_wconf 86' lang='lat' dir='ltr'>largitori</span> <span class='ocrx_word' id='word_1_690' title='bbox 1209 5349 1445 5420; x_wconf 83' lang='lat' dir='ltr'>prolixis</span> <span class='ocrx_word' id='word_1_691' title='bbox 1496 5350 1803 5419; x_wconf 87' lang='lat' dir='ltr'>gemitibus</span> <span class='ocrx_word' id='word_1_692' title='bbox 1843 5351 1993 5423; x_wconf 90' lang='lat' dir='ltr'>quod</span> 
     </span>
    </p>
   </div>
   <div class='ocr_carea' id='block_1_101' title="bbox 310 5435 1991 5507">
    <p class='ocr_par' dir='ltr' id='par_1_101' title="bbox 310 5435 1991 5507">
     <span class='ocr_line' id='line_1_101' title="bbox 310 5435 1991 5507; baseline 0.003 -19"><span class='ocrx_word' id='word_1_693' title='bbox 310 5435 608 5489; x_wconf 84' lang='lat' dir='ltr'>debemus:</span> <span class='ocrx_word' id='word_1_694' title='bbox 643 5436 945 5491; x_wconf 89' lang='lat' dir='ltr'>invitemus</span> <span class='ocrx_word' id='word_1_695' title='bbox 977 5437 1045 5491; x_wconf 89' lang='lat' dir='ltr'>ad</span> <span class='ocrx_word' id='word_1_696' title='bbox 1063 5436 1380 5492; x_wconf 88' lang='lat' dir='ltr'>custodiam</span> <span class='ocrx_word' id='word_1_697' title='bbox 1394 5454 1701 5493; x_wconf 88' lang='lat' dir='ltr'>munerum</span> <span class='ocrx_word' id='word_1_698' title='bbox 1732 5456 1991 5507; x_wconf 91' lang='lat' dir='ltr'>suorum,</span> 
     </span>
    </p>
   </div>
   <div class='ocr_carea' id='block_1_102' title="bbox 384 5611 1183 5683">
    <p class='ocr_par' dir='ltr' id='par_1_102' title="bbox 384 5611 1183 5683">
     <span class='ocr_line' id='line_1_102' title="bbox 384 5611 1183 5683; baseline 0.005 -21"><span class='ocrx_word' id='word_1_699' title='bbox 384 5612 397 5642; x_wconf 89' lang='grc'>¹</span> <span class='ocrx_word' id='word_1_700' title='bbox 432 5611 707 5680; x_wconf 59' lang='lat' dir='ltr'>Opiliom&quot;~</span> <span class='ocrx_word' id='word_1_701' title='bbox 744 5612 859 5665; x_wconf 77' lang='lat' dir='ltr'>Lib.</span> <span class='ocrx_word' id='word_1_702' title='bbox 894 5630 922 5663; x_wconf 92' lang='lat' dir='ltr'>v</span> <span class='ocrx_word' id='word_1_703' title='bbox 956 5614 1110 5683; x_wconf 74' lang='lat' dir='ltr'>epist.</span> <span class='ocrx_word' id='word_1_704' title='bbox 1135 5618 1183 5666; x_wconf 88' lang='lat'>3.</span> 
     </span>
    </p>
   </div>
   <div class='ocr_carea' id='block_1_103' title="bbox 2058 4361 3793 4453">
    <p class='ocr_par' dir='ltr' id='par_1_103' title="bbox 2058 4361 3793 4453">
     <span class='ocr_line' id='line_1_103' title="bbox 2058 4361 3793 4453; baseline -0.001 -18"><span class='ocrx_word' id='word_1_705' title='bbox 2230 4361 2443 4433; x_wconf 55' lang='lat' dir='ltr'>and&#39;um</span> <span class='ocrx_word' id='word_1_706' title='bbox 2482 4379 2742 4433; x_wconf 84' lang='lat' dir='ltr'>rutilanti</span> <span class='ocrx_word' id='word_1_707' title='bbox 2791 4380 3096 4449; x_wconf 91' lang='lat' dir='ltr'>splendore</span> <span class='ocrx_word' id='word_1_708' title='bbox 3152 4361 3452 4451; x_wconf 80' lang='lat' dir='ltr'>significat.</span> <span class='ocrx_word' id='word_1_709' title='bbox 3495 4382 3602 4435; x_wconf 90' lang='lat' dir='ltr'>Diu</span> <span class='ocrx_word' id='word_1_710' title='bbox 3657 4397 3793 4453; x_wconf 89' lang='lat' dir='ltr'>ergo</span> 
     </span>
    </p>
   </div>
   <div class='ocr_carea' id='block_1_104' title="bbox 2104 4468 3794 4540">
    <p class='ocr_par' dir='ltr' id='par_1_104' title="bbox 2104 4468 3794 4540">
     <span class='ocr_line' id='line_1_104' title="bbox 2104 4468 3794 4540; baseline 0 -18"><span class='ocrx_word' id='word_1_711' title='bbox 2104 4469 2202 4522; x_wconf 89' lang='lat' dir='ltr'>tati</span> <span class='ocrx_word' id='word_1_712' title='bbox 2231 4469 2407 4522; x_wconf 90' lang='lat' dir='ltr'>fultus</span> <span class='ocrx_word' id='word_1_713' title='bbox 2438 4473 2566 4538; x_wconf 88' lang='lat' dir='ltr'>post</span> <span class='ocrx_word' id='word_1_714' title='bbox 2590 4469 2766 4522; x_wconf 90' lang='lat' dir='ltr'>Deum</span> <span class='ocrx_word' id='word_1_715' title='bbox 2788 4469 3387 4537; x_wconf 59' lang='lat' dir='ltr'>praesumptionemon</span> <span class='ocrx_word' id='word_1_716' title='bbox 3420 4469 3586 4522; x_wconf 88' lang='lat' dir='ltr'>timui</span> <span class='ocrx_word' id='word_1_717' title='bbox 3620 4468 3794 4540; x_wconf 89' lang='lat' dir='ltr'>quid-</span> 
     </span>
    </p>
   </div>
   <div class='ocr_carea' id='block_1_105' title="bbox 2104 4553 3794 4627">
    <p class='ocr_par' dir='ltr' id='par_1_105' title="bbox 2104 4553 3794 4627">
     <span class='ocr_line' id='line_1_105' title="bbox 2104 4553 3794 4627; baseline 0.001 -19"><span class='ocrx_word' id='word_1_718' title='bbox 2104 4556 2242 4627; x_wconf 88' lang='lat' dir='ltr'>quid</span> <span class='ocrx_word' id='word_1_719' title='bbox 2276 4555 2707 4626; x_wconf 92' lang='lat' dir='ltr'>obloquentium</span> <span class='ocrx_word' id='word_1_720' title='bbox 2736 4553 2935 4623; x_wconf 67' lang='lat' dir='ltr'>ltoxica</span> <span class='ocrx_word' id='word_1_721' title='bbox 2977 4556 3401 4625; x_wconf 90' lang='lat' dir='ltr'>promittebant.</span> <span class='ocrx_word' id='word_1_722' title='bbox 3435 4560 3537 4611; x_wconf 76' lang='lat' dir='ltr'>Ast</span> <span class='ocrx_word' id='word_1_723' title='bbox 3572 4557 3671 4610; x_wconf 89' lang='lat' dir='ltr'>ubi</span> <span class='ocrx_word' id='word_1_724' title='bbox 3704 4573 3794 4610; x_wconf 91' lang='lat' dir='ltr'>me</span> 
     </span>
    </p>
   </div>
   <div class='ocr_carea' id='block_1_106' title="bbox 2106 4644 3794 4717">
    <p class='ocr_par' dir='ltr' id='par_1_106' title="bbox 2106 4644 3794 4717">
     <span class='ocr_line' id='line_1_106' title="bbox 2106 4644 3794 4717; baseline -0.001 -18"><span class='ocrx_word' id='word_1_725' title='bbox 2106 4645 2175 4699; x_wconf 91' lang='lat' dir='ltr'>ad</span> <span class='ocrx_word' id='word_1_726' title='bbox 2197 4644 2494 4715; x_wconf 90' lang='lat' dir='ltr'>antiquum</span> <span class='ocrx_word' id='word_1_727' title='bbox 2514 4644 2810 4714; x_wconf 89' lang='lat' dir='ltr'>pulverem</span> <span class='ocrx_word' id='word_1_728' title='bbox 2840 4644 3008 4698; x_wconf 89' lang='lat' dir='ltr'>vestri</span> <span class='ocrx_word' id='word_1_729' title='bbox 3036 4645 3261 4699; x_wconf 84' lang='lat' dir='ltr'>reduxit</span> <span class='ocrx_word' id='word_1_730' title='bbox 3290 4645 3498 4700; x_wconf 86' lang='lat' dir='ltr'>oblivio</span> <span class='ocrx_word' id='word_1_731' title='bbox 3547 4646 3700 4717; x_wconf 86' lang='lat' dir='ltr'>quod</span> <span class='ocrx_word' id='word_1_732' title='bbox 3735 4644 3794 4698; x_wconf 90' lang='lat' dir='ltr'>in</span> 
     </span>
    </p>
   </div>
   <div class='ocr_carea' id='block_1_107' title="bbox 2105 4731 3793 4804">
    <p class='ocr_par' dir='ltr' id='par_1_107' title="bbox 2105 4731 3793 4804">
     <span class='ocr_line' id='line_1_107' title="bbox 2105 4731 3793 4804; baseline 0 -19"><span class='ocrx_word' id='word_1_733' title='bbox 2105 4733 2307 4787; x_wconf 86' lang='lat' dir='ltr'>solatio</span> <span class='ocrx_word' id='word_1_734' title='bbox 2355 4732 2521 4787; x_wconf 89' lang='lat' dir='ltr'>debet</span> <span class='ocrx_word' id='word_1_735' title='bbox 2580 4732 2809 4786; x_wconf 85' lang='lat' dir='ltr'>nudatis</span> <span class='ocrx_word' id='word_1_736' title='bbox 2884 4734 3182 4789; x_wconf 90' lang='lat' dir='ltr'>defensore</span> <span class='ocrx_word' id='word_1_737' title='bbox 3221 4735 3571 4803; x_wconf 85' lang='lat' dir='ltr'>contingere,</span> <span class='ocrx_word' id='word_1_738' title='bbox 3631 4731 3793 4804; x_wconf 91' lang='lat' dir='ltr'>quasi</span> 
     </span>
    </p>
   </div>
   <div class='ocr_carea' id='block_1_108' title="bbox 2106 4820 3797 4892">
    <p class='ocr_par' dir='ltr' id='par_1_108' title="bbox 2106 4820 3797 4892">
     <span class='ocr_line' id='line_1_108' title="bbox 2106 4820 3797 4892; baseline -0.001 -18"><span class='ocrx_word' id='word_1_739' title='bbox 2106 4821 2469 4892; x_wconf 89' lang='lat' dir='ltr'>querelarum</span> <span class='ocrx_word' id='word_1_740' title='bbox 2499 4820 2832 4890; x_wconf 89' lang='lat' dir='ltr'>perlatrices</span> <span class='ocrx_word' id='word_1_741' title='bbox 2856 4820 3071 4875; x_wconf 89' lang='lat' dir='ltr'>litteras</span> <span class='ocrx_word' id='word_1_742' title='bbox 3099 4821 3421 4891; x_wconf 86' lang='lat' dir='ltr'>prorogavi,</span> <span class='ocrx_word' id='word_1_743' title='bbox 3454 4822 3797 4890; x_wconf 85' lang='lat' dir='ltr'>promittens</span> 
     </span>
    </p>
   </div>
   <div class='ocr_carea' id='block_1_109' title="bbox 2106 4909 3798 4979">
    <p class='ocr_par' dir='ltr' id='par_1_109' title="bbox 2106 4909 3798 4979">
     <span class='ocr_line' id='line_1_109' title="bbox 2106 4909 3798 4979; baseline -0.002 -15"><span class='ocrx_word' id='word_1_744' title='bbox 2106 4909 2247 4964; x_wconf 91' lang='lat' dir='ltr'>mihi</span> <span class='ocrx_word' id='word_1_745' title='bbox 2280 4910 2349 4963; x_wconf 92' lang='lat' dir='ltr'>de</span> <span class='ocrx_word' id='word_1_746' title='bbox 2407 4925 2607 4963; x_wconf 91' lang='lat' dir='ltr'>earum</span> <span class='ocrx_word' id='word_1_747' title='bbox 2657 4910 3094 4979; x_wconf 89' lang='lat' dir='ltr'>importunitate</span> <span class='ocrx_word' id='word_1_748' title='bbox 3122 4910 3505 4979; x_wconf 69' lang='lat' dir='ltr'>{responsum.</span> <span class='ocrx_word' id='word_1_749' title='bbox 3551 4909 3660 4963; x_wconf 89' lang='lat' dir='ltr'>Sed</span> <span class='ocrx_word' id='word_1_750' title='bbox 3692 4924 3798 4979; x_wconf 89' lang='lat' dir='ltr'>per</span> 
     </span>
    </p>
   </div>
   <div class='ocr_carea' id='block_1_110' title="bbox 2106 4993 3799 5067">
    <p class='ocr_par' dir='ltr' id='par_1_110' title="bbox 2106 4993 3799 5067">
     <span class='ocr_line' id='line_1_110' title="bbox 2106 4993 3799 5067; baseline -0.001 -19"><span class='ocrx_word' id='word_1_751' title='bbox 2106 4993 2543 5065; x_wconf 88' lang='lat' dir='ltr'>occupationum</span> <span class='ocrx_word' id='word_1_752' title='bbox 2573 4994 2811 5048; x_wconf 88' lang='lat' dir='ltr'>forsitan</span> <span class='ocrx_word' id='word_1_753' title='bbox 2851 4995 3168 5067; x_wconf 90' lang='lat' dir='ltr'>amplitudo</span> <span class='ocrx_word' id='word_1_754' title='bbox 3201 4999 3385 5049; x_wconf 91' lang='lat' dir='ltr'>vestra</span> <span class='ocrx_word' id='word_1_755' title='bbox 3431 4994 3799 5065; x_wconf 68' lang='lat' dir='ltr'>praepedien—</span> 
     </span>
    </p>
   </div>
   <div class='ocr_carea' id='block_1_111' title="bbox 2107 5084 3798 5156">
    <p class='ocr_par' dir='ltr' id='par_1_111' title="bbox 2107 5084 3798 5156">
     <span class='ocr_line' id='line_1_111' title="bbox 2107 5084 3798 5156; baseline 0 -19"><span class='ocrx_word' id='word_1_756' title='bbox 2107 5085 2249 5138; x_wconf 91' lang='lat' dir='ltr'>tium</span> <span class='ocrx_word' id='word_1_757' title='bbox 2278 5084 2629 5139; x_wconf 88' lang='lat' dir='ltr'>incrementa</span> <span class='ocrx_word' id='word_1_758' title='bbox 2682 5084 2968 5156; x_wconf 83' lang='lat' dir='ltr'>significat</span> <span class='ocrx_word' id='word_1_759' title='bbox 3013 5087 3084 5140; x_wconf 92' lang='lat' dir='ltr'>ad</span> <span class='ocrx_word' id='word_1_760' title='bbox 3110 5087 3232 5141; x_wconf 58' lang='lat' dir='ltr'>haec</span> <span class='ocrx_word' id='word_1_761' title='bbox 3288 5102 3387 5140; x_wconf 92' lang='lat' dir='ltr'>vos</span> <span class='ocrx_word' id='word_1_762' title='bbox 3435 5084 3620 5139; x_wconf 81' lang='lat' dir='ltr'>officia</span> <span class='ocrx_word' id='word_1_763' title='bbox 3679 5100 3798 5137; x_wconf 91' lang='lat' dir='ltr'>non</span> 
     </span>
    </p>
   </div>
   <div class='ocr_carea' id='block_1_112' title="bbox 2105 5172 3805 5246">
    <p class='ocr_par' dir='ltr' id='par_1_112' title="bbox 2105 5172 3805 5246">
     <span class='ocr_line' id='line_1_112' title="bbox 2105 5172 3805 5246; baseline -0.001 -20"><span class='ocrx_word' id='word_1_764' title='bbox 2105 5174 2316 5227; x_wconf 89' lang='lat' dir='ltr'>venire.</span> <span class='ocrx_word' id='word_1_765' title='bbox 2362 5172 2688 5244; x_wconf 83' lang='lat' dir='ltr'>Replicabo,</span> <span class='ocrx_word' id='word_1_766' title='bbox 2749 5176 2885 5246; x_wconf 88' lang='lat' dir='ltr'>quia</span> <span class='ocrx_word' id='word_1_767' title='bbox 2939 5175 3092 5229; x_wconf 90' lang='lat' dir='ltr'>idem</span> <span class='ocrx_word' id='word_1_768' title='bbox 3159 5179 3335 5229; x_wconf 87' lang='lat' dir='ltr'>status</span> <span class='ocrx_word' id='word_1_769' title='bbox 3376 5174 3483 5228; x_wconf 86' lang='lat' dir='ltr'>fuit</span> <span class='ocrx_word' id='word_1_770' title='bbox 3532 5173 3805 5227; x_wconf 90' lang='lat' dir='ltr'>culminis</span> 
     </span>
    </p>
   </div>
   <div class='ocr_carea' id='block_1_113' title="bbox 2105 5262 3803 5334">
    <p class='ocr_par' dir='ltr' id='par_1_113' title="bbox 2105 5262 3803 5334">
     <span class='ocr_line' id='line_1_113' title="bbox 2105 5262 3803 5334; baseline -0.001 -18"><span class='ocrx_word' id='word_1_771' title='bbox 2105 5263 2274 5316; x_wconf 85' lang='lat' dir='ltr'>vestri</span> <span class='ocrx_word' id='word_1_772' title='bbox 2297 5262 2515 5316; x_wconf 92' lang='lat' dir='ltr'>dudum</span> <span class='ocrx_word' id='word_1_773' title='bbox 2548 5264 2787 5334; x_wconf 87' lang='lat' dir='ltr'>paginas</span> <span class='ocrx_word' id='word_1_774' title='bbox 2840 5263 3194 5317; x_wconf 88' lang='lat' dir='ltr'>destinantis.</span> <span class='ocrx_word' id='word_1_775' title='bbox 3228 5263 3313 5317; x_wconf 85' lang='lat' dir='ltr'>Ad</span> <span class='ocrx_word' id='word_1_776' title='bbox 3346 5278 3562 5316; x_wconf 90' lang='lat' dir='ltr'>morem</span> <span class='ocrx_word' id='word_1_777' title='bbox 3607 5267 3803 5316; x_wconf 89' lang='lat' dir='ltr'>tamen</span> 
     </span>
    </p>
   </div>
   <div class='ocr_carea' id='block_1_114' title="bbox 2106 5351 3802 5423">
    <p class='ocr_par' dir='ltr' id='par_1_114' title="bbox 2106 5351 3802 5423">
     <span class='ocr_line' id='line_1_114' title="bbox 2106 5351 3802 5423; baseline -0.001 -18"><span class='ocrx_word' id='word_1_778' title='bbox 2106 5351 2428 5422; x_wconf 88' lang='lat' dir='ltr'>scriptionis</span> <span class='ocrx_word' id='word_1_779' title='bbox 2459 5352 2801 5422; x_wconf 71' lang='lat' dir='ltr'>epistolariae</span> <span class='ocrx_word' id='word_1_780' title='bbox 2855 5368 2945 5405; x_wconf 90' lang='lat' dir='ltr'>me</span> <span class='ocrx_word' id='word_1_781' title='bbox 2973 5353 3207 5415; x_wconf 89' lang='lat' dir='ltr'>reduco,</span> <span class='ocrx_word' id='word_1_782' title='bbox 3242 5368 3311 5405; x_wconf 90' lang='lat' dir='ltr'>ne</span> <span class='ocrx_word' id='word_1_783' title='bbox 3368 5352 3542 5406; x_wconf 91' lang='lat' dir='ltr'>addat</span> <span class='ocrx_word' id='word_1_784' title='bbox 3572 5351 3802 5423; x_wconf 80' lang='lat' dir='ltr'>prolixi-</span> 
     </span>
    </p>
   </div>
   <div class='ocr_carea' id='block_1_115' title="bbox 2106 5440 3803 5512">
    <p class='ocr_par' dir='ltr' id='par_1_115' title="bbox 2106 5440 3803 5512">
     <span class='ocr_line' id='line_1_115' title="bbox 2106 5440 3803 5512; baseline -0.001 -17"><span class='ocrx_word' id='word_1_785' title='bbox 2106 5446 2193 5495; x_wconf 87' lang='lat' dir='ltr'>tas</span> <span class='ocrx_word' id='word_1_786' title='bbox 2221 5440 2442 5510; x_wconf 90' lang='lat' dir='ltr'>ingesta</span> <span class='ocrx_word' id='word_1_787' title='bbox 2467 5440 2776 5507; x_wconf 85' lang='lat' dir='ltr'>fastidium,</span> <span class='ocrx_word' id='word_1_788' title='bbox 2810 5447 2868 5495; x_wconf 90' lang='lat' dir='ltr'>et</span> <span class='ocrx_word' id='word_1_789' title='bbox 2896 5440 3168 5509; x_wconf 85' lang='lat' dir='ltr'>denegari</span> <span class='ocrx_word' id='word_1_790' title='bbox 3195 5440 3432 5512; x_wconf 86' lang='lat' dir='ltr'>paginas</span> <span class='ocrx_word' id='word_1_791' title='bbox 3476 5441 3649 5495; x_wconf 89' lang='lat' dir='ltr'>faciat</span> <span class='ocrx_word' id='word_1_792' title='bbox 3680 5457 3803 5494; x_wconf 86' lang='lat' dir='ltr'>ma-</span> 
     </span>
    </p>
   </div>
  </div>
