4102 6182
386 269 459 325 33
1772 266 2254 328 EPISTOLARUM
2295 268 2423 326 LIB.
2470 268 2511 325 I.
3824 273 3891 333 34

384 403 474 477 gis
503 400 774 476 allegatio
802 418 934 475 quas
983 400 1267 475 poposcit.
1318 400 1557 459 Domine
1588 400 1689 472 mi,
1725 400 2080 458 salutationis
2119 406 2165 459 Α
2196 407 2389 458 tamen
2414 401 2567 475 quod
2611 400 2764 457 inter
2805 400 2917 457 loci
2963 400 3118 458 illius
3148 400 3371 459 frenata
3413 404 3593 476 glacie
3628 404 3889 473 ﬂumina,

387 495 734 566 obsequium
783 496 963 560 solvo,
1014 500 1071 548 et
1098 495 1167 548 de
1201 493 1527 548 Valetudine
1560 498 1745 548 vestra
1777 498 1837 548 ut
1882 494 2077 547 animo

382 586 669 655 obligatus
702 585 1016 653 interrogo,
1050 583 1289 653 cupiens
1318 583 1610 637 relationis
1636 583 1847 637 indicio
1873 584 1944 637 ad
1988 600 2081 654 ge-

385 674 545 727 mina
577 672 864 727 desideria
891 672 1210 743 pervenire.

958 761 1292 816 EPISTULA
1331 760 1519 814 XXIII.

937 866 1209 903 nummus
1252 848 1271 880 ⁸
1312 864 1558 903 summo.

452 937 651 991 Perdit
680 937 901 992 affectio
937 937 1325 991 valetudinem
1370 937 1580 991 silentii
1632 937 1924 992 debilitata
1965 943 2083 993 tor-

379 1043 523 1097 pore
556 1043 571 1080 :
607 1043 713 1081 nec
743 1027 811 1081 ad
846 1043 1013 1081 usum
1039 1042 1208 1080 suum
1242 1026 1553 1097 diligentiae
1571 1043 1768 1080 cursus
1789 1028 2080 1094 exuberat,

380 1116 425 1169 si
458 1116 714 1169 nudetur
744 1115 1148 1169 communione
1183 1114 1474 1184 colloquii.
1509 1116 1660 1169 Muta
1691 1114 1894 1169 caritas
1935 1132 2082 1186 pene

381 1209 763 1275 repraesentat
781 1203 1031 1275 speciem
1072 1220 1189 1257 non
1209 1204 1480 1271 amantis,
1523 1210 1578 1257 et
1606 1204 1869 1258 odiorum
1901 1205 2083 1258 simu-

382 1293 605 1347 lacrum
636 1299 723 1347 est
770 1310 887 1347 non
939 1292 1162 1362 aperire
1210 1292 1365 1362 quod
1410 1292 1613 1363 diligas
1665 1294 2083 1347 contestatione

381 1383 694 1436 sermonis.
744 1383 856 1435 Ista
898 1381 1237 1435 sublimitati
1291 1386 1405 1434 tuae
1448 1397 1639 1435 coram
1679 1382 1897 1451 positus
1934 1381 2085 1451 finti-

385 1471 559 1538 mavi,
595 1486 727 1523 cum
781 1471 849 1523 ad
901 1470 1168 1523 Solatium
1202 1469 1473 1524 absentia:
1506 1487 1648 1523 mere
1694 1471 1913 1523 litteras
1952 1487 2081 1539 pro-

386 1559 673 1613 mittebas.
708 1562 780 1611 At
809 1575 960 1611 nunc
983 1575 1111 1628 qua:
1143 1558 1401 1612 animum
1430 1558 1700 1625 (vestrum
1732 1558 1846 1611 mei
1882 1558 2087 1611 invasit

377 1648 616 1714 oblivio,
666 1652 729 1700 ut
760 1648 945 1700 nullas
1000 1663 1101 1717 per
1130 1652 1290 1699 tanta
1320 1652 1646 1716 temporum
1706 1646 1911 1717 spatia,
1943 1648 2083 1717 {qum

374 1735 593 1789 bonam
652 1734 1036 1788 valetudinem
1091 1739 1335 1787 vestram
1417 1735 1821 1805 signiﬁcarent,
1866 1736 2081 1789 litteras

371 1824 792 1894 suscepissem?
850 1840 920 1877 ne
953 1824 1021 1876 de
1062 1824 1292 1889 amoris,
1342 1823 1533 1890 credo,
1585 1824 1915 1889 testimonio
1950 1822 2075 1877 ani-

371 1930 607 1967 morum
654 1913 868 1967 iudices
921 1913 1190 1982 epistolas
1239 1913 1625 1966 convenirem.
1679 1913 2078 1983 Irreligiosum

371 2019 513 2071 ergo
550 2003 700 2055 circa
747 2008 1038 2055 amantem
1082 2001 1167 2054 tui
1215 2001 1275 2053 in
1325 2001 1624 2061 meliorem
1656 2008 1879 2072 partem
1923 2008 2078 2055 verte

368 2089 762 2158 propositum,
798 2095 855 2142 et
887 2089 952 2142 ad
988 2090 1323 2142 memoriam
1372 2089 1666 2158 promissas
1691 2090 1828 2143 ﬁdei
1870 2089 2079 2159 scripta

368 2177 718 2230 transmitte.
759 2177 999 2231 Domine
1053 2178 1150 2245 mi,
1197 2177 1554 2231 salutationis
1607 2178 1798 2231 debita
1831 2179 2075 2245 solvens,

368 2282 594 2336 precor,
632 2272 694 2319 ut
749 2267 797 2319 si
847 2282 942 2320 vos
999 2266 1059 2320 in
1105 2267 1360 2336 antiquae
1406 2267 1554 2320 circa
1602 2282 1693 2320 me
1724 2266 2076 2337 dignationis

370 2361 526 2408 statu
572 2354 785 2425 pagina
837 2355 1049 2408 directa
1097 2355 1398 2424 repererit,
1434 2371 1711 2425 responsa
1740 2362 2069 2410 mereatur:

375 2444 512 2513 quia
548 2450 691 2514 puto
740 2443 891 2497 inter
922 2460 1021 2497 nos
1070 2444 1304 2513 gemina
1356 2443 1582 2497 vincula
1620 2443 1904 2515 disrumpi
1954 2461 2071 2499 non

374 2549 565 2603 posse,
603 2532 856 2587 caritatis
886 2537 942 2585 et
968 2533 1284 2601 sanguinis.

965 2619 1301 2674 EPISTOLA
1338 2620 1509 2674 XXIV.

930 2725 1201 2762 ENNODIUS
1240 2712 1261 2743 ²
1297 2725 1545 2763 Αδτυιιιο.

446 2797 607 2863 Quae,
630 2795 873 2851 malum!
908 2796 1052 2850 ratio
1084 2802 1185 2862 est,
1219 2800 1283 2850 ut
1310 2796 1389 2850 ita
1418 2797 1493 2849 sis
1522 2812 1727 2867 parcus
1762 2795 1824 2850 in
1867 2795 2075 2866 gratia,

373 2885 654 2957 prodigus
693 2885 755 2939 in
803 2885 1059 2955 querela,
1092 2888 1148 2939 et
1196 2884 1390 2956 exigas
1430 2885 1816 2956 frequentiam
1855 2885 2074 2939 littera-

2188 497 2245 544 et
2273 491 2395 545 sine
2435 492 2787 545 successione
2844 491 3045 561 frigus,
3084 491 3168 546 tui
3217 493 3421 563 jecoris
3481 494 3712 548 ﬂamma
3763 497 3892 565 plus

2187 585 2407 647 aestuat,
2464 597 2566 634 nec
2628 581 2881 651 aliquam
2933 581 3171 634 sortitur
3224 586 3421 652 pectus
3479 582 3548 636 de
3588 584 3890 637 mansione

2189 668 2550 738 temperiem.
2586 672 2737 724 Aitas
2769 670 3105 723 defervescit
3148 670 3205 723 in
3237 671 3461 725 senium
3493 688 3505 724 :
3555 678 3640 726 est
3686 674 3891 727 domus

2192 774 2318 827 quae
2346 758 2610 827 lymphas
2639 757 2697 811 in
2731 759 2958 812 metalla
2981 760 3279 825 convertit,
3312 766 3369 813 et
3398 765 3598 814 contra
3622 767 3885 817 naturam

2191 846 2514 917 gurgitibus
2549 862 2651 899 sua
2680 848 2805 916 lege
2846 847 3175 900 dominatur
3207 864 3220 901 :
3256 854 3319 901 tu
3368 854 3557 903 tamen
3590 850 3741 904 inter
3784 852 3893 906 ista

2191 935 2270 988 sic
2314 934 2502 989 vivere
2549 935 2775 1000 diceris,
2824 935 2988 1005 quasi
3041 935 3192 1002 ignis
3241 939 3375 989 tuus
3417 938 3628 1007 algoris
3662 939 3891 1008 pabulis

2189 1022 2465 1077 irritetur.
2499 1023 2616 1092 Ego
2656 1029 2712 1076 te
2744 1040 2841 1076 oro
2892 1024 3142 1093 parentis
3200 1024 3451 1087 stimulo,
3515 1026 3649 1095 quia
3680 1028 3780 1081 tibi
3838 1034 3894 1083 et

2189 1111 2481 1181 proposito
2501 1127 2625 1164 meo
2660 1110 2839 1164 debeo
2870 1127 3067 1164 vocem
3093 1113 3440 1181 castigantis.
3483 1112 3756 1168 'Vestrum
3810 1123 3893 1170 est

2191 1204 2318 1270 post
2346 1199 2487 1266 hzec,
2525 1200 2572 1251 si
2602 1198 2813 1269 eligitis
2845 1199 3062 1253 litteras
3090 1215 3245 1253 meas
3280 1200 3556 1271 accipere,
3584 1200 3671 1269 Ide
3703 1204 3892 1257 admo-

2194 1286 2412 1339 nitione
2451 1285 2745 1355 gratulari.
2811 1286 2924 1354 Ego
2973 1291 3165 1339 autem
3207 1293 3418 1355 praeter
3464 1287 3571 1342 ista
3614 1305 3746 1343 cum
3778 1291 3888 1343 ho—

2193 1390 2331 1427 nore
2360 1374 2617 1439 salutari,
2642 1390 2775 1443 quas.
2820 1373 3066 1427 scribere
3098 1374 3313 1444 possim
3350 1375 3445 1429 illa
3471 1378 3659 1432 carnis
3717 1394 3890 1448 quam

2193 1469 2253 1516 tu
2277 1462 2490 1533 diligis,
2526 1462 2737 1516 ellubie
2764 1462 3104 1528 viventibus,
3128 1479 3242 1516 non
3274 1463 3488 1517 inveni.

2778 1556 3115 1611 EPISTOLA
3156 1556 3312 1611 XXV.

2555 1660 2830 1698 ENNODIUS
2870 1660 3101 1697 OLYBItIO
3147 1659 3208 1697 ET
3246 1659 3532 1699 EUGENETI.

2265 1732 2557 1786 Desiderio
2622 1733 2964 1803 paginarum
3030 1736 3345 1786 vestrarum
3399 1732 3545 1787 facta
3618 1740 3703 1790 est
3747 1738 3887 1791 mihi

2191 1820 2431 1891 prodiga
2460 1822 2587 1875 fons
2612 1821 2877 1890 pudoris;
2907 1826 2983 1894 .et
3022 1822 3160 1874 dum
3201 1823 3395 1875 tabula
3425 1824 3706 1893 promittit
3753 1842 3883 1895 pro-

2192 1911 2447 1979 mulgata
2509 1926 2867 1980 responsum,
2924 1910 3075 1963 intra
3140 1912 3524 1965 verecundum
3587 1917 3882 1982 penetrale

2191 2015 2469 2052 annosam
2485 1999 2777 2053 continere
2801 1999 3309 2053 nescitinfantiam.
3346 2000 3624 2055 Deberem
3652 2003 3884 2073 quidem

2191 2088 2459 2157 sanguini
2506 2093 2561 2141 et
2587 2088 2884 2158 proposito
2942 2086 3157 2141 silentii
3188 2092 3885 2162 venustatem,postquam

2189 2177 2311 2248 spei
2358 2193 2501 2230 meae
2539 2176 2788 2230 fructum
2829 2177 3018 2247 prima
3078 2192 3357 2245 negavero
3419 2179 3724 2249 colloquia.
3777 2181 3883 2235 Sed

2192 2265 2383 2320 nescio
2412 2271 2608 2319 utrum
2647 2266 2795 2319 male
2837 2265 3099 2335 pertinax
3133 2264 3426 2334 judicetur
3468 2266 3729 2337 intentio,
3754 2286 3883 2339 qum

2188 2356 2309 2409 sine
2331 2355 2567 2408 alterius
2597 2354 2912 2424 dispendiis
2965 2353 3222 2406 sollicitat
3257 2369 3359 2423 per
3407 2370 3661 2409 amorem
3702 2374 3878 2429 expe-

2188 2443 2413 2497 rientiae
2442 2442 2698 2513 pericula
2744 2442 3106 2513 multiplicat.
3147 2441 3359 2507 Valete,
3391 2442 3413 2475 ³
3459 2444 3537 2498 mi
3566 2445 3805 2513 domini,
3829 2455 3885 2503 et

2190 2533 2257 2585 ad
2290 2530 2617 2601 scriptionis
2637 2547 2859 2586 mecum
2892 2534 3144 2585 remeate
3175 2531 3559 2600 concordiam,
3582 2550 3652 2588 ne
3684 2542 3879 2591 contra

2188 2621 2481 2691 Evangelii
2531 2620 2749 2693 faciatis
2788 2620 3027 2688 monita,
3062 2620 3105 2674 si
3138 2624 3192 2672 et
3223 2620 3646 2691 importunitati
3695 2625 3875 2679 dene-

2190 2709 2356 2779 getis,
2388 2708 2542 2780 quod
2566 2708 2721 2780 juste
2749 2710 2987 2764 forsitan
3013 2709 3374 2778 impetrasset
3399 2710 3638 2766 affectio.

2757 2798 3083 2853 EPISTULA
3128 2797 3311 2851 XXVI.

2774 2902 3044 2940 ENNODIUS
3083 2900 3300 2938 FAUSTO.

372 2989 505 3027 rum
535 2990 712 3045 quam
760 2975 878 3044 ipse
938 2991 1056 3028 non
1105 2974 1334 3043 tribuis,
1378 2974 1651 3045 viperinis
1694 2973 1875 3027 oculis
1933 2974 2077 3028 illud
2118 2974 2156 3028 C
2255 2972 2411 3026 Votis
2459 2978 2517 3028 et
2589 2974 2886 3028 desideriis
2945 2974 3220 3030 satisfacit
3273 2973 3505 3045 pagina,
3560 2993 3688 3048 qua:
3728 2978 3880 3048 apud

372 3062 532 3134 quod
560 3064 705 3117 alter
733 3063 977 3134 deliquit
996 3063 1328 3134 inspiciens,
1351 3068 1477 3116 tuas
1510 3064 1704 3134 culpas
1735 3064 1892 3117 nulla
1936 3063 2079 3117 falce

374 3151 724 3207 resecando?
746 3151 894 3206 Anni
937 3153 1133 3222 plures
1189 3157 1342 3221 sunt,
1394 3168 1463 3205 ex
1511 3168 1624 3222 quo
1673 3152 1912 3222 Alpibus
1942 3151 2079 3205 vici-

376 3258 515 3296 nam
548 3242 963 3295 habitationem
1032 3241 1314 3311 delegisti,
1360 3246 1588 3295 senator
1617 3245 1675 3294 et
1707 3240 1923 3294 doctus.
1975 3240 2081 3293 Ubi

375 3331 481 3398 ibi,
506 3331 645 3384 dum
679 3333 955 3401 pruinosa
980 3330 1215 3400 respicis
1239 3330 1400 3400 juga,
1426 3328 2080 3400 apparuit6inauspicata

375 3420 473 3474 nix
527 3420 775 3491 capitis:
836 3419 937 3474 ubi
988 3420 1162 3474 etiam
1205 3419 1409 3488 glande
1467 3422 1521 3472 te
1566 3417 1714 3471 vesci
1769 3417 2080 3488 scriptione

373 3509 637 3579 signasti.
670 3509 843 3579 Cujus
868 3508 975 3577 'jrei
1024 3508 1197 3562 ﬁdem
1245 3507 1567 3561 litterarum
1614 3510 1845 3559 tuarum
1879 3505 2081 3559 decora

372 3597 656 3662 fecerunt,
689 3614 820 3651 cum
865 3597 972 3651 sibi
1012 3597 1185 3666 hujus
1232 3593 1615 3665 signiﬁcantia
1654 3594 1716 3647 in
1749 3598 1914 3647 ructu
1957 3598 2077 3646 tur-

375 3687 499 3756 gidi
545 3688 814 3757 pectoris,
873 3694 930 3741 et
975 3685 1167 3756 Alpini
1207 3684 1485 3738 sermonis
1533 3681 1843 3754 (apparuit.
1910 3680 2082 3737 Miror

454 3809 856 3879 ‘SenariojiDe
877 3825 991 3879 quo
1013 3808 1111 3863 lib.
1144 3825 1224 3875 ιιι,
1258 3808 1425 3878 epist.
1471 3809 1546 3879 ll.

449 3881 474 3914 ²
520 3875 779 3952 Astra-io]
839 3875 1098 3952 Diversus
1155 3875 1379 3952 videtur
1412 3877 1513 3952 ab
1562 3875 1791 3952 Asturio
1848 3875 2080 3952 consule

376 3954 602 4023 collega
643 3947 1105 4023 Prae-sidiiianno
1157 3950 1280 4023 4942
1313 3949 1496 4023 cujus
1548 3947 2081 4023 autiqutepietatis

374 4017 807 4078 monimentum
826 4022 1108 4092 hodieque
1134 4021 1284 4091 apud
1312 4017 1581 4092 LeOdicos
1621 4017 1844 4092 servari
1873 4018 2083 4071 dicitur

377 4097 438 4148 in
480 4095 735 4148 eburneo
775 4093 917 4147 sacri
950 4089 1388 4163 Ev—ange‘liorum
1437 4090 1570 4143 libri
1617 4089 1907 4159 operculo,
1949 4104 2081 4142 cum

377 4168 486 4220 hac
540 4164 964 4235 inscriptione:
1027 4164 1118 4217 FL.
1176 4167 1443 4217 Asruruus
1473 4177 1523 4215 v.
1566 4176 1638 4235 c._
1672 4176 1733 4213 ET
1790 4175 1898 4235 1_NL.
1949 4175 2077 4235 coit.

380 4255 445 4291 ET
508 4253 635 4290 με.
718 4230 963 4296 ῘΠἘΙΗΞΟ.
1027 4235 1147 4287 MiL.
1199 4250 1351 4287 cons.
1409 4248 1533 4287 oan.
1594 4231 1732 4284 Nam
1792 4230 2081 4284 Ennodius

380 4315 712 4362 senatorem
743 4308 892 4360 hunc
922 4312 1148 4359 tantum
1174 4309 1358 4368 vocat,
1391 4319 1509 4356 non
1545 4303 1922 4355 consularem.
1972 4300 2078 4355 Sed
2120 4299 2163 4352 D

380 4396 501 4433 non
549 4378 799 4437 minore,
846 4393 972 4430 mea
1017 4376 1249 4447 quidem
1292 4373 1929 4447 sententia,__in_error_e
1957 4387 2081 4423 ver-

384 4454 604 4513 santur,
630 4449 729 4520 qui
748 4448 1015 4520 Turcium
1034 4442 1278 4501 Fuﬁum
1299 4444 1584 4520 Asterium
1603 4443 1665 4496 V.
1700 4444 1759 4497 Ο.
1797 4447 1853 4520 et
1869 4442 2081 4520 Aipsurn

381 4512 684 4576 consulem
739 4519 1096 4594 ordinarium
1142 4523 1312 4594 atque
1356 4515 1681 4594 patricium,
1727 4513 1826 4593 qui
1860 4512 2082 4594 Sedulii

383 4598 575 4663 poetae
608 4607 801 4644 versus
833 4596 961 4663 post
991 4590 1114 4663 ejus
1145 4584 1391 4663 mortem
1418 4602 1482 4639 ex
1529 4584 1651 4663 ejus
1704 4584 1924 4663 scriniis
1975 4584 2085 4663 col:

384 4655 565 4718 lectos
646 4655 1276 4725 recensuisse_dicitur,
1339 4673 1469 4711 cum
1546 4656 1775 4709 Asturio
1854 4655 2083 4725 Praesidi

380 4736 608 4803 collega
655 4732 1046 4797 confundunt;
1093 4746 1223 4803 cum
1255 4729 1324 4782 ad
1373 4728 1537 4803 illum
1589 4725 1890 4803 Asterium
1953 4724 2076 4777 haec

380 4797 678 4876 pertinere
708 4803 1028 4876 videantur,
1074 4801 1177 4876 qui
1190 4872 1200 4876 Δ
1213 4800 1426 4876 consul
1449 4798 1556 4852 fuit
1588 4813 1719 4876 cum
1768 4797 2081 4876 Protegene

384 4868 682 4941 annois“),
716 4879 833 4928 tum
851 4872 989 4943 quia
1016 4868 1140 4925 huic
1166 4871 1251 4943 illi
1275 4870 1514 4943 nomina
1533 4868 1723 4943 potius
1737 4870 2082 4936 congruunt,

381 4953 510 5001 tum
544 4940 682 5016 quia
709 4945 767 4997 id
789 4940 1020 5016 tempus
1037 4959 1167 5016 cum
1191 4941 1586 5016 Seduliiobitu
1601 4940 1874 5016 cohaeret,
1911 4952 2085 5016 quem

382 5034 448 5071 ex
494 5009 736 5086 integris
792 5009 1072 5069 Genhadii
1125 5011 1544 5086 exemplaribus
1600 5009 1916 5086 Theodosio
1955 5009 2079 5086 _.lu-

382 5089 568 5153 niore,
620 5078 721 5140 cui
781 5103 925 5157 opus
992 5100 1161 5138 suum
1219 5078 1520 5157 dedicavit,
1574 5086 1630 5157 et
1686 5078 2085 5157 Valentiniano

382 5150 763 5228 regnantibus
794 5150 906 5210 vita
928 5158 1189 5228 functum
1212 5154 1535 5228 didicimus.
1581 5150 1837 5228 Denique
1854 5164 2085 5228 omnem

381 5219 803 5283 dubitationem
836 5228 1038 5281 adimit
1065 5226 1247 5297 ipsius
1277 5224 1483 5279 Asterii
1513 5219 1889 5293 epigramma,
1935 5219 2087 5290 quod

444 5338 468 5361 ⁴
506 5334 718 5383 Veracia
748 5333 890 5382 dicta
915 5334 1101 5396 poene]
1140 5333 1215 5381 Ex
1242 5330 1434 5381 scheda
1460 5327 1841 5396 vetustissima,
1894 5326 2087 5374 veracis

383 5397 529 5446 dicta
520 5400 727 5507 foetae.
756 5394 964 5467 Bantia},
991 5394 1268 5467 Adversar.
1298 5408 1417 5457 pag.
1453 5395 1564 5442 705.

447 5462 495 5485 ”
565 5456 705 5507 dita]
736 5457 941 5506 Dzdzta.
972 5456 1075 5507 Iu..
1102 5456 1232 5505 lbld.

448 5475 494 5485 ’⁷
520 5475 683 5507 naua
736 5475 941 5506 uzaua.
972 5475 1075 5516 10.,
1103 5475 1232 5505 lDlU.

447 5522 522 5547 ”’
554 5475 1153 5585 Celegrent_per_secula
1184 5516 1562 5585 ngtﬂj‘astus
1590 5528 1717 5585 vero
1749 5512 2089 5585 disertissime

388 5585 442 5633 in
470 5590 655 5633 nostra
681 5576 875 5631 scheda
897 5582 1098 5630 editum
1111 5585 1206 5629 est.
1222 5576 1458 5628 Fastibus
1473 5592 1565 5641 pro
1582 5578 1740 5642 fastis
1763 5576 1957 5642 dixisse
1992 5588 2087 5622 no-

389 5652 480 5707 tat,
508 5647 562 5694 ni
589 5647 746 5694 fallor
769 5638 1558 5708 coryphteusgrammaticorum
1582 5638 1902 5689 Priscianus.
1923 5638 2088 5686 Locus

2189 3066 2478 3116 amantem
2500 3064 2671 3116 vestri
2720 3064 3150 3120 necessitatibus
3203 3067 3401 3121 alienis
3452 3072 3686 3137 praestat
3717 3068 3881 3122 obse-

2190 3151 2411 3222 quium.
2454 3153 2636 3216 Quam
2683 3152 2963 3220 vellem,si
3048 3157 3415 3228 propositum
3469 3172 3586 3210 non
3645 3161 3879 3221 vetaret,

2187 3241 2502 3294 multorum
2525 3257 2676 3311 saepe
2707 3242 2901 3312 quieta
2931 3242 3194 3310 titubare,
3223 3252 3283 3300 ut
3304 3246 3440 3300 dum
3474 3244 3661 3299 dubiis
3685 3262 3879 3300 vocem

2187 3328 2399 3394 tribuo,
2433 3330 2688 3383 debitum
2717 3331 2940 3385 obnixae
2990 3334 3239 3388 caritatis
3275 3335 3591 3388 exsolvam!
3652 3334 3881 3388 Domini

2188 3417 2320 3483 mei,
2377 3418 2553 3487 patris
2616 3420 2783 3472 vestri
2824 3419 3179 3490 jussionibus
3246 3423 3519 3493 impendo
3586 3422 3884 3492 praesentis

2188 3506 2514 3575 scriptionis
2542 3507 2796 3562 ofﬁcium
2829 3525 2841 3561 :
2882 3510 3044 3580 cujus
3065 3511 3293 3565 animus
3331 3512 3470 3565 dum
3502 3512 3761 3566 omnium
3793 3528 3881 3566 se-

2187 3594 2415 3647 curitati
2456 3596 2732 3665 providet,
2767 3613 2932 3651 suam
2973 3598 3225 3669 quietem
3264 3600 3368 3654 sub
3399 3599 3505 3653 hac
3552 3599 3878 3654 intentione

2186 3684 2522 3737 contemnit.
2560 3684 2669 3749 Qui
2691 3685 2828 3739 dum
2857 3687 3008 3740 mala
3053 3687 3325 3758 Ligurum
3359 3695 3377 3725 ³
3404 3692 3529 3758 post
3574 3688 3883 3743 Mauricelli

2185 3808 2244 3862 in
2276 3809 2402 3881 cod.
2436 3810 2872 3881 Remensi,post
2924 3810 3223 3881 epistolam
3270 3812 3483 3867 Sedulii
3514 3813 3585 3868 ad
3617 3814 3882 3868 eumdem

2189 3880 2582 3934 Macedonium
2608 3880 2884 3951 scriptum
2906 3880 3150 3953 legimus
3175 3883 3265 3938 his
3293 3885 3479 3937 verbis
3510 3900 3523 3938 :

2311 3968 2492 4044 Sufme,
2520 3970 2905 4044 sacernmeritis,
2937 3972 2959 3995 ’
2991 3973 3196 4044 veracia
3224 3970 3365 4044 dicta
3393 3976 3580 4044 poetm,

2376 4030 2504 4088 Quse
2532 4031 2903 4095 sineﬁgmenti
2924 4034 3138 4082 conditu
3163 4038 3289 4083 sunt
3316 4030 3462 4083 vitio.

2312 4100 2427 4156 Quo
2448 4098 2590 4141 curet
2608 4094 2746 4158 alma
2783 4094 2924 4151 ﬁdes,
2958 4110 3061 4158 quo
3091 4097 3258 4158 sancti
3280 4096 3448 4158 gratia
3473 4096 3681 4157 Christi,

2378 4160 2473 4207 Per
2501 4169 2658 4217 quam
2679 4156 2856 4218 justus
2880 4158 2954 4205 ait
2972 4156 3107 4205 'talia
3136 4156 3399 4206 Sedulius.

2312 4219 2612 4281 Asterisque
2628 4218 2703 4266 tui
2734 4232 2940 4281 semper
2964 4220 3266 4268 meminisse
3287 4220 3489 4281 jubeto,

2377 4281 2538 4344 Cujus
2554 4294 2651 4342 ope
2676 4284 2727 4344 et
2751 4295 2878 4328 cura
2911 4283 2960 4344 ’ὲ
2990 4281 3134 4344 edita
3160 4285 3286 4329 sunt
3314 4281 3539 4343 populis,

2318 4340 2486 4403 Quem
2511 4340 2750 4405 quamvis
2762 4342 3035 4405 summi'"
3064 4340 3330 4405 celebrent
3350 4340 3442 4404 per
3466 4340 3660 4389 saecula
3682 4340 3820 4401 fasti,

2379 4407 2501 4455 Plus
2522 4404 2700 4454 tamen
2729 4404 2794 4453 ad
2815 4406 3062 4453 meritum
3092 4409 3189 4460 est,
3212 4405 3255 4451 si
3283 4404 3421 4465 viget
3449 4417 3539 4452 ore
3566 4408 3675 4452 tuo.

2195 4492 3308 4565 Epigrammativerolprcemittiturrhtec
3366 4492 3703 4565 adnotatio:
3751 4493 3888 4565 Hoc

2191 4563 2333 4636 opus
2358 4567 2625 4621 Sedulius
2640 4563 2808 4619 inter"
2818 4566 3118 4620 chartulas
3128 4564 3449 4636 dispersum
3461 4563 3605 4634 reliq
3613 4566 3695 4636 ui!
3703 4605 3713 4617 .
3733 4564 3887 4636 Quod

2189 4633 2561 4694 recollectam
2591 4637 2722 4693 adu-1
2737 4639 3049 4707 natumque
3070 4635 3147 4707 ad
3178 4633 3397 4707 oinnem
3423 4633 3773 4707 elegantiam
3803 4634 3885 4707 di-

2191 4707 2485 4775 vulgalum
2515 4711 2597 4764 est
2637 4724 2675 4760 a
2706 4706 2910 4759 Turcio
2954 4706 3114 4771 Rufio
3161 4706 3392 4762 Asteria
3427 4706 3523 4763 ν(
3557 4708 3614 4763 C.
3654 4706 3885 4760 consule

2192 4776 2486 4834 ordinario
2506 4783 2677 4847 atque
2707 4775 2972 4847 patricio.

2324 4869 2362 4905 n
2405 4851 2546 4904 edit.
2578 4846 2822 4904 Schotti.
2853 4846 2988 4901 mei.

2262 4931 2284 4963 ι
2316 4924 2451 4977 Post
2507 4916 2842 4987 Mauricelli
2896 4917 3131 4988 obitum]
3185 4917 3293 4982 Qui
3343 4917 3713 4972 advocatione
3762 4918 3886 4973 ﬁsci

2193 4999 2438 5064 fungens
2470 4989 3100 5064 Ligurizeprovinciam
3136 4988 3612 5064 ﬁsci_colu_mniis
3652 5006 3886 5064 oppres-

2195 5060 2345 5122 serat
2382 5080 2396 5118 :
2425 5060 2620 5116 contra
2646 5060 2818 5114 ofﬁcii
2849 5060 3115 5114 videlicet
3161 5061 3613 5115 moderationem
3666 5061 3889 5131 legibus

2194 5135 2620 5209 praescriptam._
2642 5132 2763 5209 Qua
2794 5132 2863 5209 de
2906 5148 2968 5186 re
3010 5132 3430 5209 gratissima‘et
3461 5132 3889 5209 elegantissima

2195 5203 2330 5264 Sunt
2347 5203 2681 5259 Theodorici
2728 5204 2880 5273 regis
2906 5209 3194 5274 praecepta
3239 5205 3309 5256 ad
3345 5203 3668 5274 Marcellum
3713 5204 3888 5257 advo-

2196 5287 2387 5334 catum
2412 5276 2550 5343 ﬁsci,
2584 5275 2733 5346 apud
2761 5273 3161 5329 Cassi’odoru’m
3192 5274 3291 5329 lib.
3336 5289 3375 5339 ι,
3411 5273 3580 5343 epist.
3612 5277 3703 5329 22.

2197 5392 2274 5436 est
2304 5386 2398 5434 lib.
2427 5398 2481 5444 x,
2503 5381 2592 5431 ubi
2614 5381 2849 5444 loquitur
2874 5380 3048 5429 Cresar
3076 5394 3086 5428 :

2258 5448 2360 5496 Nec
2379 5439 2518 5494 meus
2547 5439 2755 5491 Eudoxi
2779 5444 3013 5490 vincetur
3032 5439 3261 5505 fastibus
3290 5454 3459 5489 annus

2200 5512 2359 5560 Porro
2385 5506 2654 5567 inscriptio
2682 5504 2981 5567 Seduliiita
3010 5504 3063 5552 iu
3098 5517 3177 5552 ms
3192 5509 3461 5567 ‘coucepta
3489 5506 3568 5567 est
3600 5518 3611 5552 :
3663 5505 3885 5567 Domina

2198 5587 2307 5620 meo
2337 5564 2658 5631 sanctissimo
2679 5581 2739 5615 ac
2764 5566 3055 5631 beatissimo
3074 5564 3764 5631 pubi-igMacedoniopresbyl.
3797 5568 3884 5615 Se-

2199 5633 2375 5684 dulius
2406 5633 2459 5680 in
2492 5629 2695 5679 Christo
2716 5627 2955 5676 salutem.
2991 5627 3087 5689 10.,
3116 5628 3248 5677 Ibid.
