4102 6182
257 316 325 367 35
1464 307 1761 366 ENNODII
1800 306 2113 365 EPISCOPI
2154 308 2537 365 TICINENSIS
3693 314 3759 365 36

259 447 483 502 obitum
513 445 770 501 nondum
815 443 1285 509 vidit'occidisse,
1313 441 1702 495 confunditur.
1731 440 1954 495 Recidi-
1989 443 2035 495 A
2064 441 2293 495 evenire
2313 456 2479 511 posse
2502 440 2655 510 quod
2706 439 2929 494 metuit.
2976 440 3128 493 Hanc
3158 456 3190 492 a
3226 440 3437 495 domno
3460 457 3589 496 meo
3638 442 3763 513 epi—

257 537 341 591 vis
372 536 524 590 enim
557 533 853 606 provincia
896 538 1112 598 nostra,
1159 531 1321 602 quasi
1359 530 1663 600 praefatum
1698 530 1959 600 sepulcra

260 642 375 681 non
421 630 634 692 tenent,
724 624 946 677 laborat
1004 620 1244 675 insidiis.
1314 619 1757 673 Advocationem
1838 619 1958 673 ﬁsci

258 715 395 769 dum
427 714 605 784 aliqui
630 729 732 783 per
760 712 991 782 iniquos
1021 709 1281 763 homines
1345 709 1610 762 nituntur
1674 707 1953 772 obtinere,

261 809 391 857 ante
421 805 683 856 votorum
714 800 937 870 copiam
976 797 1112 868 quid
1144 797 1201 850 in
1236 812 1301 850 ea
1354 796 1708 851 meditantur
1756 803 1958 851 osten-

259 892 423 947 dunt.
458 892 572 959 Ego
604 889 834 961 quidem
883 885 1357 940 deliberationem
1408 885 1827 955 magnitudinis
1861 902 1955 940 ve-

261 985 392 1034 stra
424 979 492 1033 de
522 979 670 1032 bono
702 975 928 1046 publico
965 990 1084 1029 non
1116 973 1313 1039 celavi,
1360 990 1614 1027 asserens
1652 990 1752 1028 vos
1808 990 1959 1044 pra-

260 1067 432 1122 fatam
490 1065 825 1136 dignitatem
873 1063 1019 1116 nulli
1091 1062 1385 1117 vobiscum
1467 1063 1582 1117 Deo
1634 1062 1954 1132 adnitente,

262 1155 639 1210 committere.
672 1152 779 1208 Sed
794 1152 1048 1206 anxietas
1078 1151 1511 1221 provincialium
1542 1154 1724 1206 totum
1755 1150 1956 1207 credit.

2068 546 2240 600 scopo
2283 529 2642 600 allegationis
2686 530 2910 600 suscepi
2950 529 3326 601 provinciam,
3373 536 3435 584 ut
3465 532 3756 585 conscien-

2068 619 2208 673 tiam
2238 622 2483 671 vestram
2513 617 2788 688 obsequio
2814 618 3040 688 pagina
3070 618 3460 680 convenirem,
3499 635 3570 672 ne
3601 620 3763 688 cujus

2069 708 2362 779 subreptio
2408 709 2476 761 ad
2556 706 2728 777 hujus
2777 707 2857 760 rei
2917 709 3264 778 perducatur
3321 708 3605 763 effectum.
3657 710 3764 763 Vos

2069 797 2403 851 ﬁdissimam
2434 796 2912 867 pollicitationem
2951 797 3175 851 solliciti
3210 797 3490 851 custodite
3529 798 3765 868 integri-

2066 888 2183 940 tate
2214 885 2510 957 propositi.
2547 886 2663 956 Ego
2688 884 3049 939 salutationis
3074 885 3262 940 ofﬁcia
3284 886 3612 957 dependens
3635 902 3765 957 qua

2069 989 2431 1044 susceperam
2484 974 2803 1044 alleganda,
2856 978 3095 1028 testatus
3146 990 3293 1030 sum.
3354 975 3532 1045 Spero
3570 980 3765 1029 tamen

2068 1067 2152 1129 ut,
2181 1062 2321 1133 quid
2350 1062 2421 1117 de
2451 1078 2518 1117 ea
2534 1066 2696 1134 parte
2728 1062 3105 1117 deliberatum
3137 1062 3229 1130 sit,
3277 1063 3531 1117 instruar
3568 1062 3762 1118 ofﬁcio

2068 1152 2411 1206 litterarum.

1382 1382 1810 1476 LIBER
1905 1378 2650 1476 SECUNDUS.

1850 1554 2185 1567 -η

824 1647 1155 1703 EPISTOLA
1193 1646 1429 1701 PRIMA.

564 1774 879 1827 ‘mvnomus
918 1787 1160 1825 “nemo
1200 1783 1670 1824 cousouroamu.

340 1896 467 1963 Diu,
518 1896 693 1952 frater
731 1895 1042 1961 carissime,
1104 1895 1405 1949 festinante
1453 1897 1585 1946 voto
1630 1893 1960 1947 consolato-

267 1985 412 2039 riam
446 1986 513 2040 ad
546 1990 597 2039 te
637 1986 908 2056 paginam
941 1984 1078 2037 dum
1130 1983 1278 2049 misi,
1313 1999 1384 2036 ne
1418 1988 1656 2053 putarer
1703 1982 1790 2035 vel
1821 1980 1963 2035 mihi

268 2075 582 2128 subducere
607 2074 796 2137 ﬂetus,
847 2090 965 2127 non
996 2073 1167 2126 verba
1199 2088 1504 2143 compono,
1555 2076 1612 2125 et
1654 2071 1714 2124 in
1745 2071 1961 2124 lamen-

265 2163 500 2217 tationis
547 2162 862 2233 dispendiis
917 2162 1100 2215 facere
1144 2161 1211 2216 de
1241 2160 1551 2232 gemitibus
1610 2160 1814 2215 decora
1848 2174 1965 2211 ser-

268 2267 533 2320 monum,
564 2251 822 2306 debitum
877 2251 1168 2320 planctum
1224 2265 1327 2319 per
1373 2248 1613 2319 loquela:
1678 2248 1967 2300 schemata

267 2340 582 2411 dissipare:
646 2356 774 2395 cum
825 2346 1026 2393 contra
1085 2338 1462 2392 amicitiarum
1511 2336 1851 2403 religionem
1910 2340 1968 2388 et

267 2428 789 2499 consanguinitatis
816 2427 1064 2494 vincula,
1116 2431 1401 2480 secretum
1450 2425 1815 2479 conscientia
1866 2440 1964 2494 pa—

268 2524 445 2573 tescat
505 2518 750 2582 hostilis,
801 2517 851 2570 si
905 2532 1033 2570 cum
1090 2516 1270 2587 possis
1301 2514 1607 2586 dupliciter
1635 2514 1968 2568 defunctum

270 2609 427 2673 flere,
460 2624 577 2662 non
603 2607 775 2661 facias
804 2622 817 2660 :
852 2604 908 2660 id
943 2611 1051 2674 est,
1081 2605 1125 2658 si
1158 2605 1455 2658 oculorum
1501 2602 1819 2657 ministerio
1860 2616 1969 2655 ne-

269 2710 560 2768 quaquam
607 2694 817 2766 jungas
864 2694 980 2748 oris
1051 2692 1323 2747 ofﬁcium.
1370 2691 1495 2752 Ubi,
1554 2691 1690 2745 dum
1748 2689 1970 2745 lumina

271 2785 522 2839 stimulis
570 2789 693 2838 acta
730 2783 942 2837 doloris
996 2782 1376 2853 illacrymant,
1409 2780 1613 2834 feriata
1632 2785 1767 2835 sunt
1795 2780 1970 2833 verba

269 2872 631 2944 plangentis?
684 2872 791 2927 Sed
851 2887 976 2943 ego,
1041 2870 1348 2925 hominum
1405 2868 1817 2935 sincerissime,
1871 2867 1969 2937 qui

268 2960 513 3015 tristitia
544 2965 659 3014 tua
700 2958 1041 3029 obsequium
1085 2958 1145 3011 in
1177 2957 1337 3011 omni
1390 2956 1569 3010 debeo
1609 2960 1777 3027 parte
1809 2954 1965 3025 quod

271 3051 449 3117 valeo,
481 3064 789 3104 maerorem
818 3062 1010 3102 meum
1044 3046 1120 3114 int
1138 3061 1251 3117 quo
1282 3044 1387 3099 tibi
1415 3061 1605 3099 comes
1630 3060 1780 3113 sum,
1812 3044 1969 3098 volui

2076 1629 2199 1697 ejus
2227 1628 2399 1683 verba
2432 1630 2719 1695 converte,
2754 1626 2853 1698 qui
2886 1627 2991 1681 tibi
3036 1627 3179 1682 ﬂens
3232 1628 3550 1686 consolator
3575 1645 3769 1685 occur-

2072 1717 2166 1771 rit.
2201 1717 2472 1771 Amisisse
2498 1722 2554 1770 te
2612 1715 2793 1770 tilium
2832 1732 2979 1787 pene
3012 1716 3244 1771 unicum
3296 1723 3352 1772 et
3392 1718 3560 1773 bona
3593 1719 3768 1774 indo-

2002 1845 2041 1898 B
2072 1805 2161 1873 lis,
2191 1806 2341 1875 quod
2373 1804 2562 1875 patria
2590 1820 2707 1858 non
2725 1804 3428 1876 minusrequiritaﬁ‘ectio,
3457 1807 3765 1878 provincia

2070 1893 2324 1947 ululatus
2356 1892 2623 1957 ostendit,
2652 1907 2782 1946 cum
2813 1893 2881 1946 ad
2910 1893 3174 1947 solatium
3195 1894 3517 1964 gemituum
3534 1899 3767 1949 tuorum

2072 1998 2201 2035 suos
2221 1982 2489 2052 jungens,
2524 1982 2659 2051 quid
2692 1981 2761 2035 de
2793 1998 2858 2034 eo
2901 1986 3176 2049 censeret,
3224 1986 3466 2037 testatur
3493 1984 3771 2038 universi-

2072 2074 2178 2122 tas.
2212 2071 2294 2124 Tu
2320 2076 2516 2124 tamen
2556 2070 2706 2123 inter
2736 2069 2841 2123 ista
2876 2069 3039 2140 quasi
3061 2068 3322 2139 specialis
3352 2070 3489 2124 mali
3538 2087 3770 2141 pressus

2072 2174 2211 2212 nece
2251 2159 2627 2225 concluderis,
2678 2158 2931 2212 nesciens
2987 2159 3424 2229 temperandum
3467 2161 3624 2230 quod
3663 2175 3769 2230 per

2072 2247 2392 2301 multorum
2442 2247 2763 2317 dispersum
2837 2247 3010 2301 corda
3058 2263 3360 2301 commune
3421 2254 3525 2302 est.
3582 2248 3770 2311 Quare

2074 2351 2211 2405 ergo
2239 2335 2536 2406 propriam
2564 2335 2812 2390 astimes
2861 2336 3228 2403 anxietatem,
3262 2352 3431 2407 quam
3470 2352 3631 2391 suam
3666 2352 3773 2407 per

2075 2424 2342 2479 affectum
2374 2428 2537 2478 tuum
2569 2424 2754 2478 fecere
2810 2424 3260 2495 quamplurimi?
3308 2426 3539 2491 Tecum,
3593 2430 3651 2479 ut
3699 2425 3770 2479 de

2075 2518 2321 2584 cognata
2350 2517 2520 2583 gente
2537 2516 2773 2579 taceam,
2806 2512 3023 2566 Gothus
3044 2512 3354 2582 affligitur;
3388 2516 3443 2566 et
3470 2516 3532 2566 tu
3564 2512 3767 2580 adhuc,

2076 2602 2240 2674 quasi
2298 2603 2448 2656 solus
2498 2602 2748 2673 propriis
2798 2601 3032 2655 aestibus
3080 2602 3378 2671 subjacens
3436 2600 3768 2656 inclinaris?

2076 2693 2364 2747 lnstruant
2387 2696 2462 2760 te,
2508 2708 2721 2763 quaso,
2767 2694 3023 2745 veterum
3063 2696 3403 2745 ornamenta
3428 2690 3765 2761 fmajorum:

2078 2786 2134 2836 et
2165 2799 2197 2835 a
2226 2781 2482 2835 maroris
2516 2781 2587 2834 ad
2610 2782 2820 2835 bonam
2846 2779 3233 2834 valetudinem
3261 2778 3585 2834 intentione
3608 2780 3770 2834 resti-

2077 2875 2261 2924 tuant.
2313 2870 2335 2903 ³
2392 2869 2682 2926 Abraham
2737 2869 2973 2923 unicum
3018 2868 3199 2923 tilium
3243 2869 3412 2923 morti
3474 2869 3769 2940 quasipius

2076 2964 2262 3030 pater,
2293 2959 2447 3030 quod
2479 2959 2660 3029 majus
2690 2962 2795 3027 est,
2827 2958 2991 3012 latus
3035 2958 3313 3023 exhibuit,
3362 2962 3420 3013 et
3468 2960 3535 3013 ad
3572 2973 3766 3013 necem

2078 3049 2181 3103 ﬁlii
2233 3064 2567 3102 mucronem
2623 3048 2854 3118 genitor
2906 3047 3231 3101 misericors
3270 3048 3630 3118 praparavit.
3686 3048 3766 3103 Tu

268 3138 572 3209 scriptione
600 3138 796 3192 testari
832 3153 845 3191 :
882 3152 952 3191 ne
984 3135 1045 3188 in
1074 3151 1187 3189 una
1221 3138 1389 3188 atate
1420 3133 1733 3188 effusal‘um
1781 3133 1958 3186 inter—
1998 3143 2039 3199 C
2069 3139 2412 3193 translatum
2460 3137 2673 3191 calesti
2708 3136 2949 3206 judicio,
3002 3136 3165 3206 quasi
3195 3137 3446 3203 orbatus,
3486 3136 3768 3207 inquiris:

269 3228 557 3297 ciperetur
587 3224 865 3278 memoria
905 3224 1307 3291 lacrymarnm,
1376 3223 1464 3275 vel
1519 3221 1827 3275 aestimaret
1866 3235 1969 3290 p0-

271 3314 495 3368 steritas
528 3328 619 3365 me
652 3312 713 3365 in
743 3309 851 3364 ﬁlii
873 3310 956 3364 tui
980 3315 1164 3364 morte
1195 3309 1301 3364 hoc
1328 3310 1511 3363 solum
1530 3308 1793 3362 debuisse
1816 3308 1967 3379 quod

272 3401 413 3455 solvi
450 3416 463 3455 :
498 3400 715 3455 habens
766 3399 826 3453 in
890 3398 996 3452 hac
1049 3397 1142 3451 via
1206 3398 1662 3452 venerandorum
1710 3396 1970 3466 exempla

270 3489 631 3562 pontiﬁcum,
666 3503 914 3560 quorum
947 3486 1273 3541 imitatione
1295 3486 1694 3553 nobilitantur,
1728 3501 1871 3556 quos
1906 3484 1970 3538 in

273 3578 536 3632 umbram
607 3579 812 3631 merita
865 3576 1290 3630 concluserunt.
1375 3574 1706 3629 Ambrosius
1774 3579 1971 3628 noster

266 3671 288 3703 ³
328 3668 696 3722 decedentem
729 3680 1072 3736 germanum
1100 3669 1243 3718 teste
1273 3663 1601 3717 afﬂictionis
1629 3677 1745 3717 sua
1774 3662 1969 3716 libello

272 3760 610 3827 prosecutus
661 3760 765 3809 est.
818 3755 997 3819 Quem
1045 3770 1175 3807 cum
1226 3757 1481 3807 recenset
1514 3756 1707 3806 secuta
1761 3752 1970 3822 proles,

273 3849 331 3900 et
361 3844 655 3916 scriptoris
700 3843 847 3898 bene
883 3841 1168 3909 meminit,
1219 3846 1276 3895 et
1320 3841 1367 3895 si
1421 3839 1605 3911 Satyri
1637 3840 1828 3893 fratris
1850 3839 1973 3909 ejus

275 3933 437 3989 obitu
466 3934 722 3987 lamenta
750 3931 1052 4001 conjungit
1079 3948 1092 3985 :
1125 3930 1262 4001 quia
1291 3930 1414 4000 ejus
1465 3928 1792 3999 provisione
1836 3944 1972 3982 con-

274 4022 405 4091 tigit
436 4026 725 4075 recentem
755 4021 1013 4075 dolorem
1045 4023 1331 4073 ostentare
1388 4018 1525 4071 dum
1585 4017 1861 4088 loquitur,
1920 4021 1975 4071 et

276 4114 407 4163 ante
433 4110 752 4180 legentium
812 4108 1004 4162 oculos
1064 4123 1292 4177 semper
1338 4106 1666 4161 exhalantia
1705 4107 1974 4178 spiritum

270 4198 391 4270 jam
413 4199 507 4253 diu
555 4198 807 4253 defuncti
851 4197 1112 4252 membra
1164 4201 1520 4265 monstrare;
1578 4213 1683 4251 nec
1716 4211 1974 4267 unquam

275 4286 394 4358 pati
424 4291 771 4342 veterescere
803 4285 1097 4341 relationis
1148 4287 1258 4341 fide
1304 4286 1496 4348 funus,
1531 4287 1682 4357 quod
1716 4285 1851 4339 anni
1876 4301 1973 4355 po-

2078 3233 2136 3283 et
2176 3243 2348 3297 quem
2379 3242 2496 3280 non
2526 3226 2801 3280 obtulisse
2834 3225 3193 3295 sacrilegium
3222 3225 3348 3291 fuit,
3388 3225 3539 3280 hunc
3570 3242 3773 3279 oneras

2078 3315 2304 3369 fletibus
2350 3321 2666 3368 evocatum.
2702 3315 2766 3368 In
2806 3330 2919 3383 qua
2967 3330 3134 3367 causa
3161 3314 3489 3367 Davidicum
3527 3314 3631 3367 tibi
3673 3330 3774 3368 oc-

2077 3408 2267 3459 currat
2296 3402 2642 3473 exemplum,
2677 3402 2779 3473 qui
2823 3404 3097 3457 feretrum
3154 3402 3259 3457 filii
3312 3418 3507 3469 ovans,
3565 3406 3620 3456 et
3654 3405 3771 3457 Deo

2078 3493 2331 3547 referens
2372 3491 2584 3564 gratias
2642 3492 2967 3559 antecessit,
3016 3491 3170 3562 quod
3210 3490 3468 3559 dignatio
3519 3506 3771 3560 superna

2080 3583 2149 3636 de
2174 3580 2485 3635 venerandi
2516 3579 2809 3651 propheta
2839 3579 3079 3645 semine,
3114 3594 3285 3648 quem
3316 3578 3460 3632 forte
3491 3594 3771 3635 munera-

2082 3674 2257 3737 retur,
2301 3670 2599 3725 acciverat.
2623 3670 2704 3724 Tu
2734 3669 2782 3722 si
2813 3669 2937 3739 ejus
2967 3669 3271 3722 aemulator
3294 3684 3407 3722 non
3439 3668 3770 3739 prorumpis

2080 3760 2139 3813 in
2169 3759 2465 3830 gaudium,
2491 3763 2643 3813 certe
2674 3762 2934 3828 tempera
2964 3758 3069 3812 sub
3127 3756 3321 3827 aliqua
3360 3757 3622 3827 pradicti
3654 3757 3777 3812 imi-

2080 3849 2294 3903 tatione
2323 3848 2670 3902 mastitiam.
2702 3847 3023 3918 Replicabis
3056 3846 3315 3915 forsitan,
3353 3846 3439 3899 vix
3473 3845 3581 3900 ista
3610 3847 3777 3919 agris

2079 3935 2270 3990 animo
2306 3952 2473 4006 posse
2517 3937 2765 4003 suaderi,
2798 3940 2854 3990 et
2882 3935 2942 3989 in
2973 3935 3133 4006 gravi
3171 3935 3550 3990 tribulatione
3584 3936 3775 3989 locum

2081 4023 2672 4079 nonhabereconsilia
2702 4024 3004 4079 :orbatum
3030 4040 3149 4078 non
3179 4025 3462 4095 respicere
3493 4023 3776 4096 quidquid

2082 4112 2346 4167 hortatur
2377 4113 2446 4167 ad
2478 4114 2652 4167 vitam
2685 4129 2697 4167 :
2730 4113 2961 4166 unicum
3003 4112 3290 4167 desolatos
3318 4113 3529 4167 habere
3562 4112 3623 4166 in
3653 4128 3779 4167 evo-

2081 4202 2263 4256 canda
2292 4206 2473 4257 morte
2503 4201 2845 4256 subsidium.
2882 4202 2977 4255 His
3002 4201 3196 4263 addas,
3230 4202 3385 4273 quod
3416 4201 3570 4271 frugi
3591 4199 3783 4255 ’sobo-

2083 4293 2217 4359 lem,
2243 4297 2301 4345 et
2325 4307 2440 4362 quo
2489 4296 2746 4345 teneram
2797 4295 3025 4345 atatem
3051 4291 3325 4356 vinceret,
3358 4306 3582 4345 morum
3649 4306 3778 4344 mo-

276 4380 514 4474 tuerunt
557 4376 800 4474 sepelire
837 4375 1124 4474 transacti.
1194 4375 1288 4429 His
1341 4375 1435 4474 'ita
1491 4391 1550 4429 se
1612 4373 1972 4474 habentibus,
2012 4420 2055 4474 D
2085 4378 2264 4433 destia
2292 4378 2588 4449 perdidisti
2619 4395 2633 4432 :
2664 4379 2918 4449 allegans
2944 4378 3398 4449 juvenemtuum
3429 4377 3773 4474 imnmaturos

276 4465 578 4519 oculorum
608 4464 850 4519 ﬂumina
882 4463 1125 4531 refrena,
1172 4470 1229 4518 et
1260 4464 1542 4531 animum,
1584 4462 1630 4517 si
1659 4464 1861 4533 placet,
1897 4462 1965 4517 ad

352 4593 365 4625 ¹
402 4588 703 4646 Ennodius
730 4589 1011 4644 Armenio
1037 4586 1603 4653 consolatoriamﬂta
1632 4587 1693 4640 in
1724 4585 1976 4657 antiquis

280 4662 602 4732 concipitur
622 4660 713 4713 hic
746 4661 963 4732 titulus,
996 4661 1167 4732 verbo
1189 4657 1646 4732 suppresso._Qni
1665 4674 1789 4732 mos
1812 4658 1975 4732 illum

279 4750 393 4787 non
439 4729 774 4801 infrequens
823 4730 881 4782 in
932 4729 1314 4800 epistolarum’
1373 4729 1860 4801 inscriptionibus,
1917 4729 1976 4781 in

281 4804 491 4873 quibus
536 4799 708 4856 etiam
758 4799 1560 4873 ipsum’argumentiigenus
1624 4799 1973 4873 indicabant.

282 4870 430 4928 Talis
467 4878 552 4928 est
597 4870 894 4941 inscriptio
947 4872 1219 4924 carminis
1265 4870 1565 4926 Sidoniani
1591 4871 1662 4926 ad
1693 4870 1976 4935 Thaliam,

283 4945 433 5014 q'zrui
475 4944 753 4998 insertum
783 4947 870 4995 est
900 4941 1154 5012 epistola
1192 4944 1244 4995 ll
1292 4943 1391 4996 lib.
1424 4958 1540 4996 vni.

530 5031 746 5101 gilecta
774 5030 933 5078 nimis
963 5033 1015 5078 et
1041 5028 1335 5101 peculiari“
1395 5090 1427 5101 η

533 5093 766 5143 Phoebus
791 5090 1256 5141 commonitorium
1281 5090 1479 5140 Thalia

282 5177 326 5226 Υ
419 5173 567 5229 :min
596 5171 816 5228 Sidonii
846 5172 1089 5243 vulgatis
1138 5171 1485 5243 editionibus
1513 5170 1597 5243 bi_
1624 5185 1818 5224 versus
1846 5183 1978 5243 cum

282 5263 339 5300 re
403 5246 520 5316 piis
540 5245 734 5316 inepte
764 5240 1075 5316 cobarent,
1098 5258 1228 5316 cum
1258 5242 1483 5316 sejungi
1512 5241 1778 5316 debeant,
1840 5240 1979 5316 quia

284 5320 323 5369 ti
402 5310 519 5370 Cum
566 5310 805 5383 faciunt,
844 5314 1091 5368 similem
1125 5314 1281 5368 illius
1311 5310 1463 5383 apud
1508 5311 1842 5383 Gregorium
1879 5310 1975 5383 lib.

284 5405 341 5443 in
382 5388 620 5456 ,)ialog.,
680 5379 807 5456 cap.
851 5389 969 5440 1οε-
1009 5383 1256 5440 Sabinus
1298 5379 1524 5456 Domini
1550 5379 1982 5456 iglésu‘Christi

283 5474 476 5512 servus
506 5452 997 5511 commonitorium
1030 5456 1229 5523 Pado;
1258 5460 1313 5508 et
1344 5454 1515 5522 hujus
1546 5452 1752 5523 Zosimi
1777 5466 1938 5523 papa
1964 5466 1975 5505 :

286 5530 338 5581 Ζ
342 5527 561 5583 osimus
579 5527 882 5598 episcopus
903 5521 1393 5583 commonitorium
1406 5521 1761 5596 presbyteris
1777 5525 1832 5576 et
1852 5521 1978 5575 dia-

286 5598 519 5653 oom'bus
533 5596 634 5669 qui
648 5596 932 5652 Ravenna
948 5601 1098 5651 sunt.

361 5674 383 5706 ²
413 5666 636 5724 ιλιι-ὀρ.
659 5668 818 5722 obitu
843 5669 1027 5737 Satyri
1058 5666 1264 5721 lratris.

358 5741 380 5775 ³
427 5739 719 5795 Abraham
772 5732 1019 5807 unicum]
1087 5738 1293 5791 Iisdem
1354 5734 1598 5790 Abraha
1645 5735 1704 5789 et
1758 5732 1982 5788 Davidis

2084 4483 2283 4535 annos,
2313 4468 2412 4538 qui
2441 4468 2687 4538 peccatis
2719 4467 2889 4522 amici
2946 4471 3097 4533 sunt,
3132 4471 3153 4503 ι
3204 4467 3457 4537 glorioso
3487 4464 3605 4520 ﬁne
3636 4466 3786 4521 clau-

2087 4592 2363 4662 exemplis
2440 4592 2623 4646 utitur
2695 4590 3137 4662 Commodianus
3195 4589 3474 4662 antiquus
3521 4589 3782 4662 scriptor,

2086 4660 2545 4733 cujus—meminit
2600 4661 2946 4729 Gennadius,
2997 4661 3097 4716 lib.
3134 4677 3171 4715 n
3212 4661 3687 4728 lnstructionum,
3720 4660 3783 4714 in

2087 4751 2155 4788 ea
2186 4749 2317 4804 qua
2347 4733 2678 4787 inscribitur
2707 4733 2872 4787 Filios
2902 4749 3017 4786 non
3052 4733 3348 4803 lugendos.

2210 4814 2323 4862 Non
2355 4812 2521 4875 pudet
2546 4812 2807 4875 infrenem
2830 4811 3097 4873 gentiliter
3124 4812 3372 4875 plangere
3398 4812 3593 4875 natos?

2214 4875 2281 4937 0s
2307 4874 2523 4937 laceras,
2556 4874 2728 4937 laudis
2754 4879 2954 4937 pectus,
2989 4874 3299 4937 vestimenta
3318 4874 3554 4923 deducis.

2211 4936 2314 4987 Nec
2343 4936 2535 4985 metuis
2569 4936 2877 4997 Dominum,
2916 4936 3068 5000 cujus
3115 4940 3265 5000 Optas
3293 4949 3514 4999 regnum
3560 4936 3786 4986 videre?

2088 5018 2157 5073 Et
2183 5021 2314 5087 post
2339 5015 2487 5068 alia:
3501 5030 3504 5033 λ

2212 5093 2317 5157 Ιξῐεᾳ
2338 5092 2519 5143 dolore
2548 5093 2702 5143 duxit
2729 5098 2877 5157 pater
2899 5093 3065 5142 filium
3096 5093 3439 5143 mactandum
3465 5093 3531 5142 ad
3560 5106 3725 5153 aram,

2214 5154 2405 5205 Dolore
2437 5169 2535 5205 nec
2561 5160 2704 5206 vates
2730 5154 2901 5205 filium
2918 5156 3072 5205 duxit
3091 5156 3419 5204 defunctum.

2160 5239 2182 5271 ‘
2222 5234 2479 5291 Glorioso
2520 5232 2660 5304 line]
2720 5234 2804 5289 Ob
2860 5240 3042 5289 actam
3101 5232 3523 5305 paenitentiam,
3559 5233 3628 5305 de
3678 5249 3793 5304 qua

2090 5322 2245 5372 mox,
2279 5311 2334 5359 et
2362 5306 2420 5359 in
2448 5303 2702 5359 carmine
2734 5305 2822 5371 34,
2852 5306 2954 5359 ubi
2976 5303 3171 5359 tabula
3201 5303 3546 5358 describitur
3576 5304 3636 5359 in
3678 5303 3792 5375 qua

2089 5376 2281 5448 angeli
2310 5375 2464 5448 hunc
2510 5376 3008 5448 Armeniirﬁlium
3065 5375 3162 5448 qui
3202 5374 3621 5448 paenitentiam
3670 5374 3793 5448 egit

2091 5444 2314 5502 Christo
2359 5446 2695 5517 offerebant.
2754 5447 2868 5500 Nec
2917 5444 3463 5517 enim‘dubitabaut
3506 5447 3652 5517 quin
3696 5444 3783 5517 ad

2089 5518 2315 5572 beatam
2349 5516 2521 5570 vitam
2549 5516 2842 5571 evolarent
2862 5516 2961 5587 qui
2989 5516 3345 5586 pauitantia
3373 5516 3545 5571 sacris
3577 5516 3792 5587 expiati

2093 5588 2448 5642 excederent.
2485 5588 2644 5641 Unde
2678 5588 2824 5641 sicut
2874 5588 2945 5642 de
3003 5588 3307 5658 neophytis
3364 5603 3562 5642 recens
3605 5586 3792 5658 bapti-

2093 5659 2254 5725 zatis,
2287 5657 2363 5712 ita
2395 5658 2564 5729 deiiis
2594 5658 2692 5728 qui
2726 5663 2856 5729 post
2917 5657 3313 5729 panitentiam
3373 5658 3637 5729 obibant,
3685 5657 3793 5711 hoc

2092 5746 2241 5800 sape
2262 5728 2635 5800 usurpabant,
2664 5735 2727 5783 ut
2761 5728 2893 5783 iisse
2920 5728 3024 5784 aut
3054 5729 3327 5798 migrasse
3356 5729 3425 5782 ad
3476 5728 3790 5782 Dominum
