4102 6182
261 259 330 309 37
1638 250 2123 308 EPISTOLARUM
2164 251 2290 305 LIB.
2335 252 2404 306 Il.

3700 256 3767 308 38

256 385 420 451 sisse,
452 388 509 437 et
538 383 596 437 in
628 381 813 436 atatis
840 380 1140 453 naufragio
1179 381 1249 436 ab
1295 397 1363 436 eo
1407 381 1477 436 de
1522 386 1695 453 portu
1744 382 1952 436 anima
1991 390 2037 443 Α
2060 382 2222 453 plum
2254 386 2458 435 sancta
2499 382 2944 437 conversationis
2974 382 3032 436 in
3062 383 3302 454 longum
3323 383 3671 455 producere,
3710 390 3767 440 et

258 473 433 527 fuisse
464 478 790 526 tractatum.
816 471 1027 535 Quibus
1049 488 1154 542 ego
1186 472 1450 525 dolorum
1474 476 1705 525 tuorum
1735 471 1956 524 fomen«

260 564 328 616 tis
376 563 515 615 licet
571 566 828 625 maestus,
882 577 1192 631 opponam.
1244 560 1426 613 Minus
1478 560 1753 630 peccavit,
1804 558 1956 629 quod

257 651 605 703 immaturus
645 649 928 719 abruptus
965 649 1277 702 est.Junxit
1315 648 1384 702 ad
1418 649 1588 701 vitam
1622 653 1957 719 perpetuam

255 739 518 793 melioris
549 738 743 791 saculi
795 738 950 808 quod
1002 738 1061 791 in
1117 739 1225 791 ista
1264 738 1552 791 servavit:
1622 736 1961 807 poenitentia

256 844 431 899 quam
464 843 599 880 eum
631 826 815 896 egisse
848 826 1118 896 loqueris,
1162 826 1336 879 etiam
1377 826 1423 878 si
1457 826 1516 879 in
1546 825 1669 895 ipso
1710 842 1824 878 non
1866 825 1959 877 in-

254 917 504 969 venisset
534 915 687 986 quod
719 914 985 982 dilueret,
1014 915 1310 968 invenerat
1342 915 1493 985 quod
1525 918 1753 968 ornaret
1787 931 1799 967 :
1831 928 1958 983 qua

265 1004 485 1075 quoties
518 1002 919 1056 innocentibus
954 1002 1140 1069 datur,
1174 1017 1447 1056 coronam
1478 1018 1581 1073 pro
1621 1000 1961 1056 humilitatis

264 1092 562 1146 alfectione
625 1092 906 1145 conciliat.
956 1091 1040 1145 Ad
1080 1090 1202 1145 hac
1253 1091 1638 1162 respondeas:
1679 1090 1801 1155 Quo
1870 1104 1960 1143 me

258 1185 502 1245 vertam,
538 1179 731 1244 frater,
764 1178 865 1249 qui
895 1183 1105 1248 prater
1138 1178 1416 1248 lacrymas
1444 1178 1502 1231 in
1534 1177 1805 1249 praesenti
1834 1177 1960 1230 luce

251 1268 404 1321 nihil
460 1265 691 1320 habeo?
729 1266 1031 1336 Adjiciam,
1084 1267 1184 1320 Dei
1234 1266 1661 1338 proximitatem
1704 1264 1960 1319 invenire

250 1371 420 1426 posse
444 1356 764 1422 hominem,
799 1354 899 1425 qui
929 1355 999 1409 de
1030 1356 1267 1409 homine
1299 1372 1415 1410 non
1450 1357 1699 1410 latatur.
1743 1358 1807 1411 In
1839 1356 1960 1408 loco

257 1444 364 1497 ﬁlii
395 1443 700 1496 succedere
734 1459 899 1513 posse
939 1444 1370 1510 conscientiam,
1411 1461 1539 1515 qua
1580 1450 1806 1498 sanctos
1835 1444 1959 1514 ejus

256 1530 523 1585 haredes
571 1531 845 1584 inveniat.
897 1532 1019 1585 Non
1050 1548 1221 1585 unam
1264 1548 1401 1603 ergo
1448 1534 1617 1600 viam,
1664 1533 1711 1587 si
1762 1533 1959 1586 audire

256 1619 538 1689 digneris,
571 1621 685 1672 vita
714 1619 964 1673 melioris
997 1622 1290 1674 ostendam
1328 1637 1342 1675 :
1376 1621 1508 1675 licet
1534 1626 1630 1676 tua
1653 1638 1766 1675 non
1799 1626 1961 1692 egeat

254 1709 543 1761 monitore
577 1707 883 1776 perfectio:
936 1724 1039 1760 nec
1069 1708 1343 1777 magistro
1375 1724 1518 1778 opus
1567 1710 1637 1762 sit
1682 1709 1735 1763 ei
1786 1726 1957 1780 quem

250 1797 518 1850 fecerunt
558 1800 787 1849 actuum
833 1811 1069 1849 suorum
1109 1797 1541 1851 emendationes
1587 1803 1645 1851 et
1685 1798 1955 1852 honesta-

249 1891 449 1939 menta
502 1885 931 1954 conspicuum:
994 1885 1106 1938 nisi
1157 1891 1379 1939 tantum
1418 1893 1482 1940 ut
1541 1887 1955 1940 adhortationis

250 1990 426 2045 quam
460 1974 702 2026 consilio
734 1978 830 2027 tuo
852 1980 908 2026 et
937 1973 1256 2043 prudentize
1289 1974 1476 2039 debes,
1509 1974 1681 2027 ﬁdem
1710 1974 1953 2044 diligen-

244 2068 337 2116 ter
365 2062 690 2132 expendas;
719 2067 774 2114 et
804 2062 869 2115 ad
904 2063 1215 2116 caelestium
1250 2079 1558 2116 munerum
1599 2064 1866 2117 atl'ectum
1899 2068 1954 2116 te

244 2167 507 2215 revoces,
543 2151 692 2205 unde
734 2151 928 2205 vitales
958 2167 1125 2205 auras
1151 2156 1206 2205 et
1235 2153 1546 2222 accipimus
1577 2157 1631 2205 et
1662 2167 1949 2218 amamus;

248 2244 306 2293 et
356 2245 589 2310 gratum
640 2240 804 2293 nobis
847 2240 919 2293 sit
968 2240 1331 2301 benelicium,
1398 2242 1559 2311 cujus
1604 2242 1842 2295 colimus
1896 2246 1951 2295 te

246 2344 598 2382 veneramur
627 2334 942 2383 auctorem.
976 2328 1090 2382 Ista
1126 2333 1278 2396 sunt,
1314 2345 1443 2400 qua
1492 2329 1648 2383 brevi
1690 2345 1951 2383 sermone

252 2415 451 2469 dolens
501 2432 712 2484 magna
756 2416 1051 2483 contexui;
1109 2422 1337 2486 ruptam
1386 2418 1734 2488 singultibus
1760 2423 1950 2471 conte-

259 2504 564 2556 stationem
594 2519 698 2573 pro
736 2505 868 2573 styli
901 2505 1157 2559 ubertate
1189 2506 1470 2576 dirigens,
1509 2507 1648 2561 dum
1681 2511 1839 2561 muto
1871 2508 1951 2561 la-

256 2598 451 2646 menta
479 2592 803 2662 colloquiis.

880 2680 1220 2738 EPISTOLA
1259 2684 1331 2738 ΙΙ.

785 2784 1058 2825 srmonws
1090 2772 1103 2804 ί
1138 2787 1429 2827 ερεειοειιζ.

326 2857 633 2912 Silentium
682 2874 877 2912 meum
916 2859 1083 2913 dolor
1111 2861 1310 2931 exigit,
1346 2862 1447 2931 qui
1478 2878 1678 2932 passus
1707 2867 1792 2917 est
1820 2877 1949 2917 cre-

256 2961 436 3014 scere,
477 2947 616 3000 dum
647 2947 716 2999 de
766 2946 1015 3001 vindicta
1052 2949 1287 3017 cogitat,
1339 2948 1639 3018 dispendia
1673 2944 1944 3002 caritatis.
1991 2987 2030 3041 Ο

253 3034 400 3099 Quid
433 3034 589 3088 enim
629 3035 756 3088 ﬁeri
783 3036 991 3105 potuit,
1043 3036 1150 3090 nisi
1197 3041 1259 3089 ut
1290 3037 1530 3090 tacendo
1561 3038 1740 3091 vicem
1781 3037 1949 3091 resti-

251 3129 482 3177 tuerem
510 3124 729 3177 litteras
762 3124 907 3178 dene
921 3125 1107 3194 genti;
1141 3131 1207 3179 ut
1252 3131 1617 3196 contemptus
1661 3126 1811 3179 circa
1842 3140 1953 3192 me,

253 3211 360 3283 qui
400 3228 504 3282 per
553 3212 956 3267 abstinentiam
1005 3214 1315 3268 venerandi
1360 3216 1638 3268 sermonis
1679 3214 1954 3283 innotuit,

251 3302 399 3354 dum
426 3299 684 3355 subduco
704 3303 1008 3374 colloquia,
1034 3303 1156 3373 pari
1178 3319 1453 3357 mucrone
1471 3302 1775 3357 feriretur?
1796 3304 1957 3357 Dicas

252 3388 541 3454 forsitam,
592 3390 907 3444 vindictam
960 3391 1252 3445 inimicam
1301 3408 1425 3446 esse
1478 3391 1794 3462 proposito.
1851 3391 1956 3445 Sed

254 3478 454 3531 omnia
483 3484 672 3532 errata
700 3479 779 3532 ita
809 3485 1103 3550 computo,
1136 3480 1301 3551 quasi
1328 3480 1470 3551 legis
1499 3480 1864 3550 obsequium,
1898 3479 1959 3533 in

258 3567 475 3637 quibus
536 3583 630 3621 vos
685 3583 807 3622 esse
887 3570 1171 3639 contingit
1232 3571 1513 3623 auctores.
1570 3569 1958 3639 Quisquamne

257 3655 493 3726 culpam
552 3660 713 3725 putet
776 3656 962 3711 facere
1032 3658 1184 3728 quod
1241 3657 1445 3726 fecisti,
1493 3663 1550 3711 et
1589 3658 1957 3727 plectendum

252 3744 477 3813 judicio
527 3745 721 3798 divino
793 3750 1032 3809 censeat,
1087 3746 1242 3816 quod
1296 3763 1327 3799 a
1376 3752 1429 3799 te
1476 3745 1813 3816 processisse
1863 3763 1956 3800 co-

255 3831 536 3904 gnoscat?
554 3834 732 3904 Equo
753 3850 890 3904 ergo
909 3834 1104 3887 animo
1127 3833 1345 3887 sustine
1362 3835 1518 3904 quod
1540 3834 1760 3905 deliqui
1784 3851 1797 3889 :
1818 3835 1957 3890 dum

258 3938 327 3974 ea
376 3920 437 3973 in
482 3936 545 3973 re
590 3922 883 3990 pracedis,
918 3922 1018 3975 lux
1059 3923 1339 3989 Ecclesia,
1391 3923 1513 3992 ipsa
1554 3922 1805 3977 voluisti.
1840 3924 1957 3993 Ego

257 4025 428 4063 servo
476 4008 755 4074 animum,
798 4026 969 4080 quem
1019 4010 1283 4081 promisi,
1348 4016 1410 4065 ut
1449 4012 1508 4064 in
1555 4012 1855 4078 universis,
1912 4012 1960 4064 si

260 4114 516 4163 mereor,
549 4099 845 4152 amulator
890 4100 1148 4153 existam.
1208 4099 1381 4171 Cujus
1436 4100 1520 4154 rei
1576 4099 1767 4165 ﬁdem,
1820 4099 1957 4154 dum

257 4187 586 4242 tacentibus
610 4188 768 4241 vobis
800 4192 979 4248 taceo,
1005 4192 1060 4241 et
1089 4189 1243 4260 quod
1277 4194 1329 4243 et
1350 4188 1719 4259 loquentibus
1749 4189 1958 4259 loquor

260 4275 535 4328 ostendit.
568 4276 653 4329 Ad
702 4277 1028 4347 scriptionis
1058 4293 1195 4348 ergo
1227 4278 1502 4345 ofﬁcium,
1531 4283 1840 4349 postquam
1871 4278 1953 4333 vi-
1993 4315 2038 4370 Β

260 4380 359 4417 sus
392 4379 544 4429 sum,
578 4380 667 4418 me
700 4366 1049 4436 reduxi;qui
1077 4366 1354 4421 hactenus
1387 4367 1540 4421 intra
1569 4368 1955 4422 verecundum

258 4453 580 4523 penetrale,
615 4470 743 4524 qua
779 4470 896 4508 non
927 4456 1289 4525 amabantur,
1333 4456 1505 4511 verba
1533 4456 1826 4523 continui;
1881 4457 1954 4511 si-

264 4541 390 4595 mili
415 4542 478 4595 in
506 4543 732 4613 paginis
748 4544 1042 4614 pariturus
1064 4545 1361 4617 obsequio.
1384 4546 1564 4612 Salve,
1595 4544 1675 4600 mi
1698 4546 1957 4613 domina,

262 4630 435 4686 bona
481 4632 750 4703 splendor
796 4634 918 4688 sine
956 4634 1109 4689 nube
1149 4635 1532 4704 conscientia,
1577 4642 1630 4689 et
1660 4635 1732 4690 ad
1759 4651 1959 4691 exem-

261 4794 543 4849 dicerent.
574 4795 637 4849 In
669 4812 800 4850 arca
832 4797 1138 4867 sepulcrali
1184 4798 1404 4864 Roma,
1434 4799 1559 4852 JUN.
1596 4800 1796 4853 Bassus
1821 4815 1872 4851 v.
1908 4815 1956 4853 c.

262 4880 359 4925 QUI
416 4881 561 4919 \‘IXIT
603 4882 767 4921 ANNIS
820 4884 931 4922 XLI.
979 4885 1144 4923 IENS.
1213 4886 1269 4922 II.
1317 4885 1371 4923 IN
1426 4885 1541 4923 [PSA
1601 4884 1961 4924 PREFECTURA

266 4952 393 4989 UBBI
440 4953 700 4993 NEOFITUS
747 4954 819 4992 IIT
870 4956 937 4993 ΔΙ)
987 4941 1141 4993 Πεωι
1184 4957 1277 4993 VIII
1326 4955 1445 4993 ΚΑΒ.
1504 4955 1804 4993 SEPTEMBR.
1854 4942 1961 4994 EU-

260 5022 431 5081 seeio
471 5024 530 5060 ετ
570 5010 807 5081 ῌγιξΑτιρ
871 5026 1011 5063 coss.
1070 5013 1132 5081 Et
1195 5013 1373 5064 altera
1431 5012 1728 5081 inscriptio
1787 5012 1962 5081 Aquis

257 5076 514 5131 Sextiis:
566 5080 719 5152 Heio
765 5079 826 5133 in
850 5096 993 5152 pace
1014 5080 1260 5152 quiescit
1304 5076 1964 5152 Adjulorﬁ'juiposl'ac-

256 5152 493 5218 ceptum
502 5150 897 5218 paenitentiam
909 5150 1176 5223 migravit
1185 5151 1263 5205 ad
1279 5150 1587 5223 Dominum
1602 5150 1772 5208 εὐὶαἱίι
1783 5169 1964 5207 annos

257 5233 387 5293 I_.xv.
452 5235 611 5273 IBNS.
663 5237 757 5275 vn.
804 5239 941 5293 iDlES
992 5222 1084 5275 xv.
1138 5222 1444 5293 Depositus
1495 5240 1539 5276 s.
1584 5239 1636 5276 ι).
1678 5239 1795 5277 νιιι.
1841 5240 1960 5280 κΑι.

256 5290 493 5344 ιΑιευΑη.
528 5292 847 5347 Anastasio
894 5294 958 5347 V.
1018 5293 1076 5347 Ο.
1109 5290 1359 5347 consule.
1409 5295 1693 5348 Caeterum
1730 5296 1790 5349 ι).
1849 5299 1963 5349 Λυ-

254 5362 483 5434 gustini
514 5364 802 5434 sententia
829 5364 959 5427 fuit,
991 5370 1057 5417 ut
1099 5364 1389 5418 Possidius
1410 5365 1471 5417 in
1514 5364 1639 5434 ejus
1676 5365 1799 5419 Vita
1827 5365 1965 5419 scri-

257 5430 370 5509 bit,
402 5432 579 5486 etiam
613 5433 873 5488 laudatos
898 5434 1255 5509 Christianos
1294 5440 1351 5489 et
1388 5430 1713 5509 sacerdotes
1753 5436 1966 5507 absque

257 5501 438 5625 (ἔξω
469 5508 528 5557 et
556 5506 911 5574 competenti
943 5506 1281 5576 panitentia
1312 5506 1466 5560 exire
1495 5507 1566 5561 de
1587 5522 1826 5577 corpore
1850 5501 1967 5562 non

301 5591 333 5624 ε
377 5589 490 5625 ere.

301 5589 490 5626 eoere.

339 5646 358 5679 ¹
390 5645 702 5716 Speciem]
736 5646 1039 5717 Religiosae
1074 5648 1304 5702 femina
1350 5648 1652 5717 Ticinensi,
1701 5654 1765 5705 ut
1804 5650 1969 5704 docet

2068 471 2200 536 mei,
2235 470 2280 523 si
2315 486 2556 537 mereor,
2591 470 2916 524 meminisse
2947 471 3185 542 dignare
3216 489 3227 525 :
3281 472 3573 543 epistolari
3623 474 3763 527 dans

2068 559 2291 612 veniam
2323 558 2603 626 brevitati,
2630 574 2803 629 quam
2833 558 2892 612 in
2922 563 3231 629 angustum
3252 560 3491 615 arctavit
3518 561 3762 615 festina-

2068 648 2149 701 tio
2182 647 2502 719 portitoris.

2683 736 3009 790 EPISTOLA
3039 737 3147 790 'III.

2610 841 2880 879 ENNODIUS
2922 841 3211 879 SPECIOS.E.

2139 913 2361 977 Quanto
2399 912 2800 984 deprimuntur
2829 919 3154 983 peccatores
3197 930 3433 968 suorum
3482 915 3633 969 fasce
3673 915 3757 969 fa-

2068 1006 2313 1070 ctorum,
2358 1003 2568 1073 quibus
2615 1002 2685 1056 ab
2731 1001 2906 1055 oculis
2928 1002 3147 1056 tollitur
3193 1002 3471 1073 quidquid
3496 1003 3755 1069 oll'ertur,

2069 1095 2126 1147 et
2168 1107 2238 1145 ne
2262 1092 2321 1144 in
2350 1090 2700 1144 oblivionem
2721 1090 3004 1144 desideria
3026 1090 3346 1156 mittantur,
3379 1090 3627 1144 vicinum
3672 1092 3756 1157 ﬁt,

2067 1195 2173 1234 nec
2218 1179 2476 1249 contingi
2498 1180 2647 1245 licet,
2677 1194 2845 1232 omne
2881 1178 3033 1249 quod
3070 1178 3349 1249 cupiunt?
3380 1179 3461 1233 Ad
3489 1179 3758 1232 Ticinen-

2069 1285 2191 1322 sem
2249 1269 2453 1322 urbem
2502 1268 2749 1321 votivam
2807 1283 3172 1337 susceperam
3225 1268 3644 1332 necessitatem,
3706 1272 3761 1321 et

2071 1358 2300 1411 molesti
2331 1356 2552 1410 itineris
2601 1357 2867 1410 universa
2910 1356 3277 1422 transieram;
3330 1357 3623 1410 astimans
3651 1357 3761 1409 hoc

2070 1447 2426 1500 sacerdotem
2449 1446 2677 1499 credere
2712 1446 2828 1498 suis
2849 1444 3109 1515 imperiis
3131 1444 3411 1514 impendi,
3447 1446 3599 1515 quod
3634 1460 3759 1498 meo

2072 1535 2351 1589 militabat
2378 1534 2606 1588 aﬁ‘ectui
2640 1551 2651 1587 :
2687 1550 2817 1587 cum
2849 1534 3037 1587 subito
3068 1540 3266 1587 contra
3299 1539 3479 1586 metas
3499 1538 3758 1587 votorum

2070 1640 2295 1677 summo
2333 1623 2527 1677 labore
2576 1624 2787 1693 petitus
2830 1624 2949 1693 jam
2984 1622 3052 1675 de
3105 1638 3235 1675 area
3278 1622 3494 1675 fructus
3539 1621 3755 1691 eil‘ugit.

1998 1692 2037 1746 Β
2068 1712 2215 1767 Proh
2250 1710 2440 1766 dolor!
2479 1692 2593 1783 qui
2625 1728 2716 1765 me
2756 1711 2826 1765 de
2871 1710 3165 1781 epistolari
3208 1710 3458 1781 alloquio
3506 1710 3575 1762 ad
3639 1715 3759 1762 tra-

2066 1801 2314 1871 gcediam
2367 1800 2559 1854 vocas!
2618 1801 2809 1854 Muros
2866 1798 3225 1863 veneranda,
3280 1802 3410 1867 post
3465 1798 3760 1867 religionis

2066 1891 2206 1957 loca,
2252 1896 2486 1960 propter
2530 1895 2583 1944 te
2613 1890 2852 1944 civitatis
2895 1905 3269 1959 aspexeram:
3300 1890 3423 1959 jam
3474 1889 3621 1959 grati
3653 1905 3760 1957 pa-

2064 1979 2260 2032 rabam
2295 1978 2464 2031 verba
2507 1979 2801 2049 colloquii,
2834 1994 3033 2032 vereor
3085 1978 3294 2044 dicere,
3344 1979 3494 2050 quod
3532 1992 3758 2031 reman-

2065 2068 2163 2133 sit;
2219 2084 2290 2121 ne
2338 2067 2628 2138 loquendo
2675 2081 2849 2137 cogar
2886 2068 3075 2121 denuo
3118 2067 3401 2121 sustinere
3450 2071 3754 2119 transacta.

2063 2154 2087 2189 ³
2144 2157 2423 2209 Illustrem
2475 2157 2661 2210 virum
2716 2156 2924 2210 Erduic
2979 2172 3153 2226 quem
3209 2171 3299 2208 me
3350 2160 3431 2218 tu,
3502 2155 3759 2207 Ecclesia

2063 2245 2255 2311 decus,
2318 2244 2642 2299 desiderare
2689 2244 2922 2309 feceras,
2979 2243 3323 2314 improvisus
3374 2243 3553 2297 oculis
3595 2258 3758 2295 casus

2062 2334 2302 2404 ingessit
2335 2351 2347 2387 :
2382 2333 2461 2387 ibi
2493 2334 2729 2388 comites
2775 2332 2885 2387 mei
2935 2334 3143 2400 videre,
3187 2332 3326 2403 quid
3358 2337 3634 2403 peterem,
3680 2332 3759 2385 ibi

2063 2423 2240 2476 animi
2281 2422 2393 2476 mei
2425 2427 2594 2476 astus
2629 2422 2904 2487 innotuit,
2939 2438 3110 2493 quem
3158 2427 3291 2476 ante
3328 2421 3434 2475 sub
3474 2421 3759 2492 pradicta

2060 2511 2395 2566 claudebam
2442 2511 2645 2564 umbra
2704 2527 2985 2580 persona.
3037 2511 3259 2564 Nescivi
3308 2510 3593 2564 occultare
3656 2524 3761 2580 per

2060 2600 2308 2654 caritatis
2358 2606 2643 2654 tormenta
2700 2600 2850 2670 quod
2899 2599 3075 2664 volui,
3129 2616 3235 2653 nec
3288 2598 3431 2652 fucis
3471 2598 3760 2669 aliquibus

2059 2691 2310 2743 colorare
2366 2688 2790 2742 conscientiam.
2845 2690 3174 2743 Maerentem
3234 2704 3325 2742 me
3390 2688 3461 2741 ad
3516 2688 3755 2741 domum

2059 2778 2307 2843 reduxit,
2354 2777 2453 2848 qui
2502 2777 2830 2848 prolixioris
2864 2778 3085 2831 itineris
3138 2793 3336 2831 causas
3363 2776 3583 2829 incidit.
3612 2777 3761 2829 Fati-

2058 2866 2303 2936 gationis
2350 2882 2513 2927 mea,
2561 2866 2769 2934 fateor,
2812 2865 3148 2935 compendia
3198 2880 3314 2917 non
3366 2864 3572 2917 amavi.
3622 2864 3759 2917 Ecce

2058 2954 2529 3008 contestationcm
2591 2952 2904 3023 diligentia
2958 2968 3101 3005 mea
3160 2958 3215 3005 et
3263 2953 3471 3005 mentis
3521 2951 3756 3005 asserui.

2068 3042 2327 3094 Vestrum
2384 3044 2489 3105 est,
2535 3040 2580 3093 si
2630 3056 2763 3092 vera
2808 3038 3074 3105 dixerim,
3127 3053 3224 3091 vos
3273 3038 3652 3109 interrogate,
3705 3044 3761 3091 et

2065 3129 2324 3183 animum
2359 3144 2553 3181 meum
2585 3127 2900 3181 aﬁ‘ectionis
2916 3132 3117 3180 vestra
3135 3125 3517 3179 aestimatione
3548 3142 3757 3196 cogno-

2064 3233 2239 3270 scere.
2276 3216 2519 3269 Domina
2550 3215 2714 3282 mihi,
2767 3216 2949 3269 saluto
2998 3218 3055 3268 et
3102 3214 3397 3285 deprecor,
3448 3221 3514 3268 ut
3555 3216 3757 3281 libens,

2064 3321 2167 3376 per
2192 3306 2564 3376 prasentium
2598 3306 2928 3375 portitorem
2964 3303 3326 3373 suggerenda
3356 3318 3683 3373 cognoscas.

2686 3392 3016 3447 EPISTOLA
3056 3392 3142 3446 IV.

2631 3497 2899 3535 ENNODIUS
2936 3495 3191 3536 OLYBRIO.

2133 3571 2288 3625 Nulli
2317 3570 2556 3626 dubium
2595 3575 2678 3624 est
2706 3570 2858 3624 inter
2879 3570 3190 3640 prudentes
3219 3585 3393 3623 sacra
3428 3568 3599 3623 ﬁdem
3630 3585 3762 3639 pro-

2064 3660 2351 3713 missionis
2394 3659 2645 3730 impleri,
2696 3664 2754 3713 et
2796 3657 3105 3712 amicitiam
3156 3672 3282 3730 qua
3335 3658 3620 3712 fertilibus
3679 3663 3763 3712 est

2066 3750 2334 3802 maritate
2358 3748 2677 3813 fomitibus,
2716 3748 2970 3802 fructum
3016 3746 3314 3801 nobilitate
3342 3748 3611 3817 gaudere.
3645 3748 3762 3819 Ego

2065 3837 2475 3891 conscientiam
2520 3841 2765 3890 vestram
2809 3836 3035 3907 appello
3070 3837 3189 3906 jam
3240 3838 3466 3890 statutis
3491 3836 3761 3891 ﬁdelibus

2066 3926 2401 3996 obligatam.
2439 3927 2553 3996 Ego
2587 3931 2861 3996 tanquam
2895 3925 2963 3979 de
2997 3925 3160 3979 bona
3192 3925 3414 3979 arboris
3446 3926 3656 3991 reditu,
3684 3926 3761 3979 ita

2070 4015 2138 4069 de
2183 4015 2420 4067 caritate
2463 4020 2664 4068 mutua
2717 4014 2956 4069 idoneus
2987 4030 3159 4083 carpo
3209 4030 3382 4085 poma
3428 4030 3756 4084 possessor:

2067 4103 2227 4156 nulla
2258 4102 2509 4173 partium
2544 4103 2605 4156 in
2630 4103 2877 4173 aucupio
2905 4101 3263 4157 discessionis
3312 4104 3462 4174 quod
3492 4102 3620 4157 ﬁeri
3658 4119 3760 4156 vo-

2067 4191 2175 4245 luit
2198 4194 2368 4261 neget
2388 4191 2713 4261 impletum.
2742 4192 2904 4262 Apud
2932 4193 3113 4246 Deum
3131 4192 3277 4245 votis
3298 4196 3395 4244 aut
3413 4191 3763 4261 supplicium

2069 4280 2324 4346 debetur,
2359 4286 2457 4335 aut
2486 4281 2810 4351 pramium.
2846 4281 2960 4350 Ego
2992 4280 3049 4334 in
3074 4296 3165 4334 me
3200 4279 3472 4350 religiosi,
3508 4279 3568 4332 in
3600 4279 3763 4334 vobis

2070 4369 2413 4424 nobilissimi
2447 4369 2897 4423 consideratione
2912 4368 3214 4439 propositi,
3230 4369 3298 4423 ad
3321 4368 3586 4423 effectum
3610 4368 3763 4422 inter

2069 4476 2172 4513 nos
2199 4460 2518 4514 concordia
2541 4458 2762 4513 astimo
2785 4457 3112 4528 pervenisse
3127 4474 3255 4528 qua
3279 4462 3459 4529 ccepta
3473 4464 3608 4513 sunt
3630 4474 3765 4513 :nec

2068 4548 2529 4603 adolescentibus
2559 4547 2759 4619 gratia
2802 4552 2857 4601 et
2886 4547 2947 4601 in
2976 4562 3185 4600 novam
3223 4547 3409 4601 lucem
3453 4563 3763 4619 erumpen-

2071 4636 2221 4691 tibus
2252 4636 2510 4707 frugibus
2537 4637 2843 4691 verborum
2865 4634 3054 4706 potuit
3084 4650 3296 4705 negare
3317 4637 3747 4705 commercium;

2071 4794 2332 4867 proxima
2376 4794 2651 4867 epistola:
2704 4793 2971 4867 cujusac
3005 4810 3274 4867 sororum
3322 4795 3543 4867 mentio
3593 4798 3759 4867 epist.

2076 4863 2138 4947 l2
2172 4882 2184 4919 :
2218 4866 2326 4921 Sed
2351 4863 2472 4947 qua:
2494 4863 2837 4947 iajunxistis
2854 4863 3764 4947 dereligiosivfeminis‘Speéiosa

2069 4941 2124 4990 et
2148 4940 2440 5010 germanis
2468 4939 2610 5005 ejus,
2656 4936 2812 4991 male
2843 4939 2929 4991 est
2955 4936 3151 4992 animo
3179 4953 3303 4991 meo
3339 4938 3489 5008 quod
3518 4936 3761 5010 implere

2520 5076 2700 5131 virum
2730 5076 2971 5149 Erduic]
3010 5079 3229 5132 Nomen
3262 5079 3483 5133 restitui
3505 5095 3575 5133 ex
3608 5079 3760 5132 Vati-

2073 5165 2235 5214 cano,
2274 5149 2383 5201 nisi
2416 5149 2565 5214 quod
2609 5149 2669 5201 in
2699 5166 2766 5202 eo
2799 5149 2987 5202 Erdui
3038 5155 3260 5203 tantum
3290 5151 3544 5204 detracta
3570 5152 3761 5204 littera

2073 5220 2390 5290 legebatur.
2425 5220 2532 5274 Sed
2566 5220 2770 5273 Erduic
2799 5222 3141 5289 appellatur,
3175 5226 3345 5290 atque
3372 5222 3525 5274 inter
3554 5222 3762 5275 Gotho-

2073 5308 2201 5345 rum
2234 5290 2618 5344 nobilissimos
2649 5299 2987 5343 numeratur
3008 5291 3066 5343 in
3101 5292 3466 5360 panegyrico.
3500 5293 3760 5346 Ticinum

2075 5378 2210 5432 ergo
2243 5361 2312 5415 ab
2336 5362 2614 5432 episcopo,
2642 5360 3082 5432 Mediolanensi
3113 5362 3180 5415 ad
3213 5362 3521 5416 Erduicum
3556 5364 3762 5416 missus

2076 5431 2388 5499 Ennodius,
2418 5431 2701 5502 gaudebat
2730 5431 2838 5485 sibi
2861 5431 3109 5485 oblatam
3130 5432 3487 5486 occasionem
3511 5433 3761 5487 visenda

2074 5504 2380 5574 Speciosa;
2431 5503 2529 5557 sed
2573 5507 2769 5574 contra
2812 5509 3030 5574 votum,
3073 5503 3293 5571 accidit,
3349 5509 3411 5557 ut
3456 5505 3760 5559 Erduicum

2077 5572 2135 5629 in
2165 5576 2258 5646 via
2290 5574 2609 5638 otfenderit,
2642 5572 2977 5646 priusquam
2997 5573 3760 5646 Ticinumiessetingressus,

2076 5662 2141 5701 ac
2170 5645 2407 5701 domum
2440 5659 2572 5698 cum
2614 5660 2683 5697 eo
2712 5659 2811 5714 spe
2841 5644 3146 5699 frustratus
3176 5645 3362 5700 redire
3404 5644 3632 5701 coactus
3666 5645 3757 5700 sit.
