4102 6182
457 338 524 393 39
1662 340 1944 399 ENNODII
1990 341 2303 401 EPISCOPI
2342 344 2728 404 TlCINENSIS
3880 358 3947 413 40

457 494 586 532 cum
622 478 789 549 culpa
824 478 1032 551 dignus
1055 476 1146 547 sit,
1180 479 1279 553 qui
1310 479 1371 535 in
1399 479 1687 535 vicinitate
1716 480 1935 553 positus
1968 482 2151 538 noluit
2187 487 2232 540 A
2264 488 2427 539 tuum
2484 486 2782 541 saturitate
2830 486 3246 560 pinguesceret.
3286 489 3465 546 Taceo
3512 509 3795 549 summam
3844 513 3948 551 ca-

456 568 676 638 primus
699 568 966 640 incipere.
992 570 1052 623 In
1069 570 1171 624 hac
1184 587 1321 640 ergo
1336 570 1736 641 partepudoris
1752 569 1949 626 volens
1966 573 2145 627 vitare

458 657 845 726 dispendium,
871 660 1003 712 nolo
1033 658 1273 711 evadere
1303 658 1636 728 Opinionem
1656 660 1967 727 temerarii,
1992 661 2148 714 dum-

457 746 713 799 modoad
756 747 1020 800 effectum
1061 762 1152 800 me
1188 746 1483 799 ostendam
1527 747 1850 816 pervenisse
1890 748 2140 817 perfecti.

455 832 1017 902 Opportunissimum
1060 833 1398 903 portitorem
1442 835 1663 886 sarcina
1710 835 1965 904 imperiti
2022 852 2146 889 ser-

453 921 639 973 monis
662 920 912 985 oneravi,
939 919 1142 973 aifectu
1168 919 1528 990 delinquens,
1560 936 1664 989 per
1684 937 1855 991 quem
1888 920 1987 991 qui
2008 938 2146 991 pec-

452 1008 681 1074 caverit,
708 1014 762 1061 et
783 1008 1005 1060 veniam
1032 1012 1283 1062 meretur
1305 1012 1357 1061 et
1384 1008 1647 1078 gratiam.
1665 1008 1822 1079 Rogo
1844 1026 1979 1079 ergo
2002 1012 2147 1063 salu-

450 1096 681 1149 tationis
728 1096 1083 1150 elfusissimze
1130 1097 1389 1150 debitum
1430 1099 1670 1165 solvens,
1701 1105 1766 1152 ut
1791 1099 1837 1151 si
1870 1114 1961 1152 me
1991 1100 2147 1153 cordi

450 1184 692 1251 habetis,
723 1184 791 1239 de
822 1184 1099 1239 uberrimi
1134 1185 1449 1239 ostendatis
1478 1186 1793 1240 directione
1824 1187 2095 1257 colloquii
2130 1204 2142 1240 :

449 1273 585 1342 quia
616 1272 761 1327 sicut
790 1275 1001 1327 amoris
1033 1274 1288 1327 elocutor
1317 1279 1372 1328 et
1398 1275 1664 1345 copiosus
1690 1281 1935 1329 assertor
1956 1292 2034 1337 es,
2069 1276 2147 1330 ita

450 1361 634 1414 nescis
657 1362 827 1415 alicui
861 1362 1070 1415 blanda
1101 1378 1430 1415 sermonum
1461 1362 1746 1417 fucatioue
1776 1363 2063 1417 deludere.

1070 1450 1404 1505 EPISTULA
1446 1451 1510 1505 V.

994 1554 1264 1592 ENNODIUS
1296 1540 1311 1572 ¹
1346 1555 1598 1591 LACONIO.

519 1628 823 1697 Nunquam
874 1627 1023 1681 inter
1068 1633 1323 1681 amantes
1373 1629 1600 1682 silentio
1647 1628 1793 1683 bene
1864 1629 2145 1684 multatur

447 1715 682 1767 oll'eusa.
718 1716 955 1769 Gravius
987 1716 1343 1769 inventorem
1387 1718 1629 1787 percutit
1670 1717 1936 1771 vindictze
1976 1719 2141 1772 novi—

446 1808 548 1864 tas,
582 1819 754 1872 quam
787 1810 1093 1859 errantem.
1130 1806 1295 1859 Nefas
1329 1811 1411 1858 est
1442 1822 1545 1876 pro
1578 1806 1978 1859 emendatione
2019 1809 2135 1860 cul-

444 1908 649 1960 parum
683 1894 877 1965 culpas
924 1895 1219 1961 adhiberi;
1260 1895 1396 1948 dum
1449 1895 1634 1948 studio
1678 1895 2007 1963 curationis,
2040 1897 2139 1966 qui

446 1981 709 2035 medetur
730 1984 1008 2052 mgrescit.
1056 1984 1216 2036 Volui
1264 1984 1713 2037 taciturnitatem
1763 2000 1935 2055 quam
1988 1984 2135 2038 circa

448 2086 537 2122 me
560 2070 855 2138 hactenus,
889 2074 1003 2126 mei
1033 2074 1402 2127 immemores
1434 2075 1714 2140 servastis,
1755 2073 1988 2127 imitari.
2030 2075 2138 2128 Sed

444 2157 617 2212 homo
646 2161 783 2214 levis
811 2163 1133 2215 animorum
1162 2162 1399 2215 fortium
1430 2179 1546 2215 non
1578 2162 1737 2232 potui
1760 2179 1990 2233 aequare
2010 2180 2139 2217 con-

440 2252 746 2318 temptum.
783 2252 973 2305 Victus
1006 2268 1132 2304 sum
1178 2256 1399 2305 naturae
1448 2252 1780 2321 fragilitate,
1832 2252 2136 2318 confiteor;

447 2342 504 2389 et
534 2339 687 2407 quod
719 2355 814 2392 vos
845 2340 1011 2393 credo
1044 2346 1377 2410 computare
1405 2340 1554 2394 inter
1577 2340 1709 2393 vitia
1737 2340 1865 2410 plus
1894 2341 2138 2394 amando

441 2425 571 2494 styli
606 2426 1013 2481 abstinentiam
1036 2428 1213 2481 effusa
1238 2428 1582 2497 loquacitate
1605 2428 1860 2498 pensavi,
1894 2432 1949 2481 et
1978 2429 2139 2497 longi

438 2513 701 2568 dolorem
750 2516 962 2569 silentii
1017 2515 1297 2569 sermonis
1350 2517 1608 2569 ubertate
1659 2516 1975 2585 composui.
2025 2518 2138 2571 Ex-

437 2607 697 2667 spectans
729 2603 963 2674 quidem
997 2619 1030 2656 a
1060 2603 1221 2657 vobis
1252 2603 1527 2674 praevium
1559 2620 1771 2657 munus
1801 2603 1861 2656 in
1890 2604 2091 2657 litteris
2121 2621 2133 2658 :

437 2685 536 2738 sed
570 2690 725 2743 nolui
756 2690 899 2744 mibi
930 2691 1075 2760 ipse,
1110 2692 1246 2745 dum
1286 2692 1379 2745 diu
1426 2696 1605 2752 taceo,
1647 2707 1858 2761 negare
1889 2708 2137 2762 respon-

436 2787 595 2843 sum;
646 2778 956 2839 aestimans,
995 2777 1146 2848 quod
1188 2779 1495 2849 loquendo,
1536 2778 1781 2832 formam
1829 2778 1986 2846 dare,
2028 2778 2136 2832 nisi

434 2858 745 2930 loquendo,
797 2881 913 2917 non
956 2882 1221 2935 possem:
1269 2866 1531 2935 proinde,
1574 2866 1804 2920 domine
1842 2866 1938 2932 mi,
1978 2867 2135 2919 salu-

434 2950 668 3006 tationis
717 2954 994 3009 debendaa
1056 2954 1395 3024 obsequium
1472 2955 1719 3023 solvens,
1788 2955 2132 3024 perlatorem

435 3045 809 3117 praesentium
839 3043 911 3097 ad
942 3060 1038 3097 vos
1083 3044 1405 3113 specialiter
1448 3044 1797 3097 destinatum
1845 3043 2013 3097 solita
2046 3043 2129 3097 di-
2171 3064 2211 3118 ρ

435 3133 710 3205 gnatione
762 3132 1055 3201 suscipite,
1124 3135 1181 3185 et
1248 3132 1539 3186 sublatum
1604 3132 1673 3185 de
1721 3131 2132 3186 consuetudine

434 3223 719 3277 scribendi
747 3238 912 3275 usum
937 3225 1212 3291 reparate,
1252 3236 1322 3273 ne
1351 3222 1411 3275 in
1454 3221 1731 3275 damnum
1760 3221 1961 3291 gratiae
1993 3237 2128 3291 par-

433 3311 572 3367 citas
594 3312 889 3381 contingat
922 3309 1030 3363 ista
1057 3308 1382 3361 verborum.

1038 3396 1398 3464 {EPISTOLA
1431 3396 1516 3450 VI.

974 3502 1241 3540 ENNODIUS
1274 3490 1295 3521 ²
1325 3501 1576 3539 ponenio.

502 3575 810 3647 Quousque
840 3580 1063 3629 tantum
1097 3574 1289 3628 licebit
1315 3574 1628 3628 absentiae?
1649 3589 1948 3645 quousque
1979 3574 2131 3628 fama

430 3667 642 3720 nobilis
674 3664 1077 3735 epistolaribus
1096 3664 1367 3719 destituta
1394 3663 1752 3717 commerciis
1784 3663 2127 3717 veterascet‘?

430 3755 568 3808 Nolo
619 3753 861 3807 evadere
925 3752 1255 3821 opinionem
1324 3750 1635 3817 temerarii,
1689 3751 2003 3805 dummodo
2057 3751 2127 3805 ad

429 3843 694 3896 notitiam
727 3842 943 3911 possim
977 3840 1275 3911 pervenire
1325 3837 1578 3910 perfecti.
1623 3838 1761 3891 Volo
1805 3854 1924 3891 esse
1964 3838 2126 3908 pagi-

428 3947 636 3984 narum
685 3930 930 4001 przevius
985 3928 1315 3994 destinator,
1373 3934 1437 3980 ut
1486 3926 1802 3980 Galliarum
1864 3926 2014 3979 bona
2055 3932 2125 3980 ad

430 4020 650 4073 Italiam
686 4020 953 4089 migrent,
1006 4017 1127 4070 sine
1166 4017 1282 4070 ullo
1316 4016 1514 4070 formas
1546 4031 1662 4069 sum
1694 4015 1966 4069 translata
2003 4015 2124 4069 dis-

425 4108 661 4179 pendio.
712 4112 798 4161 An
839 4106 1077 4160 forsitan
1122 4105 1363 4175 putabas
1406 4109 1462 4158 te
1515 4104 1574 4157 in
1625 4120 1969 4175 quocunque
2014 4104 2126 4157 loci

427 4197 783 4263 delitescere,
857 4211 1029 4266 quem
1104 4194 1357 4247 scientiae.
1425 4193 1516 4247 lux
1587 4192 1756 4263 longe
1812 4194 2127 4263 positorum

426 4285 784 4341 monstrabat
823 4283 1117 4354 aspectui?
1167 4284 1232 4337 Et
1275 4280 1383 4336 nisi
1432 4298 1525 4335 me
1570 4282 1631 4335 in
1682 4281 1944 4335 laudibus
1993 4280 2122 4344 tuis,

2256 575 2412 628 lestis
2441 576 2707 630 collatam
2738 576 3024 646 beneﬁcii,
3058 583 3115 633 et
3152 579 3377 634 dotibus
3414 583 3535 636 sine
3566 583 3816 639 humano
3848 588 3945 642 ad-

2251 663 2467 733 jutorio
2493 666 2755 737 supernis
2778 667 3143 723 instructum.
3179 670 3346 725 Recte
3378 670 3532 725 enim
3563 672 3669 726 hoc
3697 675 3945 729 aestima-

2260 760 2351 806 tur
2371 754 2566 808 venire
2589 756 2657 809 de
2682 757 2902 826 superis
2923 759 3075 828 quod
3092 758 3241 812 inter
3260 760 3524 814 homines
3549 764 3705 817 nullo
3728 770 3948 819 constat

2256 844 2538 913 exemplo.
2590 845 2696 899 Sed
2749 846 2869 899 haec
2919 848 3125 901 melius
3188 850 3487 917 secuturis,
3548 852 3664 905 vita
3720 853 3943 919 comite,

2255 947 2458 985 censeo
2512 934 2852 989 reservanda
2891 936 3281 1007 temporibus:
3327 938 3395 992 ad
3443 938 3587 993 illud
3638 941 3828 1005 venio,
3888 943 3946 996 in

2256 1035 2370 1089 quo
2419 1036 2509 1073 me
2549 1022 3002 1092 sejunctissimus
3050 1025 3387 1081 instruxisti.
3435 1027 3723 1091 Quantum
3770 1030 3945 1083 habui

2254 1108 2625 1177 praesentium
2655 1111 2950 1181 portitoris
2992 1114 3171 1167 sancti
3206 1114 3403 1169 Felicis
3436 1117 3691 1183 assertio,
3734 1117 3793 1171 in
3824 1118 3944 1187 epi-

2255 1196 2416 1250 stolis
2448 1199 2588 1251 meis
2621 1199 2742 1253 sine
2775 1216 2910 1254 cura
2950 1202 3500 1272 dictatis_Romanam
3537 1206 3941 1276 aequalitatem,

2255 1289 2312 1337 et
2341 1286 2579 1339 Latiaris
2609 1287 2778 1341 undae
2818 1305 3017 1343 venam
3043 1290 3309 1345 alumnus
3350 1293 3614 1347 Rhodani
3642 1295 3945 1366 perquire-

2254 1372 2374 1427 has.
2428 1374 2736 1441 Sollicitus,
2792 1378 2981 1444 credo,
3053 1385 3330 1434 scrutator
3381 1394 3437 1435 et
3482 1381 3747 1451 diligens,
3808 1382 3944 1454 quid

2253 1461 2393 1515 lima
2432 1464 2652 1533 poliret,
2684 1464 2921 1532 invenit,
2955 1467 3093 1521 dum
3137 1485 3238 1539 per
3269 1468 3607 1524 infabricata
3634 1472 3808 1525 verba
3837 1472 3941 1525 dis-

2253 1558 2524 1605 curreret.
2553 1553 2845 1607 Nescimus
2862 1556 2997 1625 quia
3020 1556 3158 1626 quid
3178 1573 3292 1627 qua
3315 1565 3505 1612 mente
3528 1560 3697 1613 homo
3721 1559 3939 1630 legerit.

2261 1640 2416 1710 quod
2446 1641 2550 1694 hac
2582 1643 2797 1711 profert
2842 1644 3257 1699 deliberatione
3293 1646 3676 1701 sententiam?
3699 1648 3944 1702 maxime

2254 1744 2383 1782 cum
2415 1731 2689 1800 scriptum
2722 1731 2793 1785 sit
2834 1748 2847 1786 :

2344 1836 2458 1898 Ipse
2488 1850 2680 1899 parens
2708 1842 2907 1894 vatum,
2940 1838 3187 1901 princeps
3214 1840 3481 1890 Heliconis
3510 1843 3787 1892 Homerus.

2435 1917 2634 1965 Judicis
2655 1918 2859 1981 excepit
2890 1919 2994 1967 tela
3028 1933 3210 1968 severa
3236 1924 3375 1969 notae
3411 1923 3450 1970 ³.

2249 2014 2407 2083 Rogo
2454 2020 2511 2067 et
2540 2014 2585 2067 si
2608 2014 2932 2085 indigenas,
2986 2020 3041 2070 et
3084 2016 3131 2069 si
3174 2017 3324 2071 inter
3353 2018 3674 2074 studiorum
3706 2037 3939 2075 suorum

2248 2103 2507 2173 pala’stra
2540 2110 2787 2157 versatos
2835 2105 3014 2175 fulget
3061 2105 3355 2175 Latinitas,
3400 2107 3611 2162 mirum
3662 2109 3836 2177 dictu,
3897 2112 3938 2163 si

2246 2195 2401 2244 amat
2458 2197 2770 2246 extraneos.
2840 2193 3163 2247 Periculum
3220 2194 3407 2249 facere
3468 2197 3537 2251 de
3596 2198 3940 2268 eloquentiae

2246 2296 2459 2350 pompa
2488 2297 2602 2334 non
2626 2281 2824 2348 debeo,
2852 2298 2957 2335 nec
2977 2299 3288 2352 praesumo,
3322 2286 3570 2354 qualiter
3599 2287 3726 2357 quis
3758 2288 3942 2341 valeat

2247 2369 2520 2439 experiri;
2563 2386 2693 2424 cum
2742 2370 3154 2439 professionem
3197 2388 3383 2426 meam
3415 2373 3665 2444 simplici
3696 2375 3942 2429 sufficiet

2248 2458 2473 2511 studere
2529 2458 2815 2513 doctrinm.
2850 2459 2907 2513 Si
2939 2476 3030 2513 me
3070 2468 3264 2514 tamen
3293 2462 3583 2531 quondam
3617 2464 3936 2518 studiorum

2246 2546 2568 2600 liberalium
2616 2548 2801 2602 adhuc
2849 2547 3145 2602 nobilitate
3190 2550 3540 2619 gaudentem
3593 2551 3797 2621 aliquis
3840 2552 3937 2605 tali
4020 2598 4026 2605 .

2247 2636 2417 2690 dente
2444 2636 2742 2707 tetigisset,
2787 2652 3077 2707 parassem
3108 2638 3193 2691 vel
3225 2638 3378 2707 quod
3410 2639 3480 2693 ad
3516 2640 3937 2694 excusationem

2247 2730 2393 2779 esset
2411 2724 2705 2789 idoneum,
2731 2726 2816 2779 vel
2840 2726 2991 2797 quod
3022 2742 3139 2779 non
3167 2728 3413 2797 puderet
3440 2726 3746 2797 objectum.
3775 2729 3936 2783 Nunc

2246 2812 2389 2880 vale,
2441 2814 2521 2867 mi
2565 2814 2818 2883 domine,
2866 2820 2922 2868 et
2975 2814 3124 2868 circa
3175 2831 3267 2869 me
3309 2815 3700 2871 ecclesiasticae
3752 2819 3935 2887 magis

2246 2902 2565 2973 disciplinae.
2635 2918 2832 2957 exerce
2902 2903 3209 2958 fautorem.
3280 2904 3473 2959 Scribe
3547 2907 3633 2960 vel
3705 2908 3933 2973 manda,

2245 2991 2661 3046 Melchisedech
2685 2997 2949 3062 parentes
2975 3008 3118 3061 quos
3139 2993 3423 3060 habuerit,
3473 2995 3935 3063 explanationem

2241 3096 2406 3143 arcae,
2452 3079 2902 3134 circumcisionis
2952 3087 3253 3148 secretum,
3306 3087 3361 3136 et
3409 3098 3535 3153 quae
3584 3083 3936 3154 propheticis

2244 3170 2529 3240 mysteriis
2584 3169 2977 3223 includuntur.
3035 3171 3148 3223 Ista
3186 3186 3312 3239 quae
3372 3176 3505 3225 sunt
3571 3171 3934 3226 saecularium

2240 3259 2545 3320 schemata,
2600 3263 2968 3327 respuantur,
3001 3258 3227 3312 caducis
3279 3259 3502 3315 intenta
3552 3261 3935 3331 persuasioni-

2242 3347 2369 3414 bus,
2404 3347 2531 3401 telae
2559 3346 2771 3400 similia
2792 3348 3112 3417 Penelopae.

2838 3470 3179 3527 EPISTULA
3217 3472 3331 3526 VII.

2781 3573 3050 3613 ENNODIUS
3089 3565 3109 3595 ⁸
3149 3576 3389 3614 riaumo.

2309 3662 2508 3733 Exigat
2554 3662 2685 3717 licet
2718 3680 2898 3731 amor,
2941 3665 3091 3736 quod
3139 3682 3256 3719 non
3302 3669 3491 3736 potest
3520 3664 3759 3736 implere
3808 3683 3932 3738 per-

2239 3750 2407 3805 fectio
2437 3756 2494 3804 et
2522 3751 2793 3822 impetret
2821 3753 3047 3816 caritas,
3102 3758 3164 3808 ut
3204 3770 3306 3825 per
3337 3755 3581 3825 loquela:
3629 3755 3930 3809 audaciam

2238 3856 2367 3910 quae
2398 3856 2603 3893 ornare
2647 3846 2891 3911 poterat,
2940 3849 3137 3911 pereat
3182 3858 3311 3912 spes
3370 3842 3641 3896 tacendi:
3683 3843 3930 3897 maxime

2236 3944 2365 3982 cum
2400 3928 2471 3982 sit
2502 3929 2746 3997 dicendi,
2799 3935 2859 3984 ut
2893 3931 3111 3983 Tullius
3156 3932 3332 3985 refert
3356 3928 3400 3997 ⁵,
3434 3930 3543 3984 nisi
3583 3948 3711 3985 cum
3745 3948 3931 3987 neces-

2235 4017 2405 4083 saria,
2437 4017 2607 4070 nimis
2648 4018 2845 4087 inepta
2888 4018 3157 4073 conditio.
3210 4018 3316 4073 Sed
3348 4019 3501 4074 inter
3534 4020 3927 4075 narrationum

2238 4105 2354 4159 vias
2384 4110 2439 4159 et
2470 4106 2679 4160 itinera
2704 4105 3013 4175 aperienda
3042 4104 3185 4159 falce
3240 4107 3535 4173 doctrinae,
3580 4108 3760 4161 teneri
3817 4124 3925 4163 ne-

2236 4193 2386 4246 scius
2412 4193 2619 4247 virium
2649 4194 3107 4247 consideratione
3153 4199 3358 4261 regnat
3391 4196 3644 4250 affectus.
3677 4196 3931 4266 Impera-

2236 4281 2377 4335 toris
2436 4282 2561 4335 loco
2623 4281 2956 4336 dominatur
3003 4282 3179 4337 semel
3237 4284 3688 4353 penetrabilibus
3741 4285 3931 4339 cordis

425 4374 737 4429 domestica
767 4374 905 4445 quid
932 4372 1154 4437 relatio,
1196 4372 1292 4425 sed
1324 4387 1427 4440 per
1463 4369 1814 4441 imperitiam
1856 4369 1943 4423 sui
1981 4385 2127 4438 pan-
2167 4396 2211 4450 ι)
2242 4371 2417 4425 infixa
2446 4371 2707 4437 dilectio;
2742 4372 2977 4426 credens
3003 4372 3157 4442 quod
3199 4388 3313 4426 non
3343 4372 3411 4426 de
3440 4373 3748 4426 verborum
3779 4390 3928 4443 pon-

422 4480 527 4535 per
556 4468 840 4534 angustet,
870 4466 926 4517 et
954 4462 1306 4532 amplissima
1338 4460 1679 4515 meritorum
1711 4464 1943 4512 tuorum
1983 4474 2122 4527 pra:-

422 4549 589 4603 conia
622 4549 918 4619 perlatoris
948 4552 1124 4602 arctet
1150 4548 1398 4613 exilitas;
1421 4545 1719 4616 utriusque
1758 4544 2115 4599 bibliotheca:

424 4638 602 4692 fibula
629 4638 998 4707 perfectionis
1039 4653 1109 4692 ex
1143 4636 1373 4707 gemino
1405 4636 1580 4690 latere
1610 4634 1891 4688 venientis
1930 4638 2119 4705 partes

426 4727 701 4781 maximas
737 4726 1119 4792 momordisti,
1166 4725 1526 4798 procurando
1580 4729 1641 4778 ut
1685 4723 1787 4777 tali
1817 4723 2117 4793 ingenium

496 4870 950 4942 fLaconio]_Lib.
988 4888 1066 4937 Ill,
1109 4870 1274 4941 epist.
1318 4874 1400 4925 16.

491 4938 833 5013 ’Pomerio]
870 4938 1212 4996 Arelatensi.
1268 4943 1585 5010 Cyprianus
1630 4939 1688 5013 in
1734 4938 1845 4992 vita
1880 4938 2117 5013 S.___Cze_-

424 5012 559 5066 sarii
590 5009 888 5083 episcopi:
926 5016 1069 5066 Erat
1093 5015 1287 5065 autem
1313 5009 1438 5065 illis
1465 5011 1769 5066 admodum
1800 5009 2120 5077 familiaris

420 5082 715 5154 Pomerius
762 5082 998 5154 quidam
1040 5082 1398 5153 professione
1442 5084 1654 5149 rhetor,
1700 5083 1855 5154 Afer
1879 5098 2115 5154 genere;

420 5170 594 5225 quem
616 5152 1169 5225 ipsis—singulariter
1194 5158 1393 5208 carum
1420 5152 1824 5224 grammaticae
1845 5152 1992 5206 artis
2020 5152 2118 5225 do-

418 5224 612 5279 ctrina
642 5224 935 5280 reddebat.
969 5227 1030 5278 In
1061 5226 1320 5294 catalogo
1340 5240 1440 5276 seu
1470 5225 1785 5293 appendice
1817 5224 2114 5290 Gennadii,

419 5296 523 5349 ubi
564 5296 818 5350 Pomerii
856 5298 1131 5365 opuscula
1180 5298 1571 5359 recensentur,
1620 5295 1854 5348 natione
1892 5296 2118 5348 Maurus

421 5366 631 5420 dicitur
664 5384 729 5421 ac
778 5364 1076 5438 presbyter
1120 5368 1181 5420 in
1230 5366 1411 5420 Gallia
1459 5364 1773 5438 ordinatus.
1826 5365 2117 5419 Ennodius

419 5438 610 5510 Grmce
652 5436 967 5510 Latineque
1008 5438 1259 5510 doctum.
1313 5453 1415 5491 nec
1464 5436 1833 5510 szecularibus
1892 5442 2116 5510 tantum

421 5508 623 5561 litteris
643 5506 957 5578 eruditum,
989 5508 1088 5563 sed
1118 5524 1409 5561 sacrarum
1446 5507 1619 5560 etiam
1650 5506 1899 5576 peritum
1942 5508 2117 5560 fuisse

419 5578 724 5647 significat,
761 5580 1137 5650 Rhodanique
1169 5580 1469 5632 alumnum
1507 5583 1686 5650 vocat,
1727 5578 1862 5650 quia
1890 5578 2115 5650 Arelate

420 5650 772 5705 versabatur.
810 5648 1298 5720 [luridi—quoque
1330 5655 1555 5703 exstant
1583 5648 1839 5720 epistolae
1861 5648 2017 5720 dum
2047 5648 2119 5701 ad

420 5721 749 5774 Pomerium
785 5726 840 5774 et
866 5722 1056 5791 ipsum
1084 5717 1513 5775 Arelatensem:
1543 5717 2011 5790 quandoquidem
2042 5720 2112 5772 ad

2239 4460 2373 4514 dere
2405 4460 2491 4513 vel
2524 4476 2739 4531 pompa
2780 4460 3057 4530 capiatur,
3092 4460 3189 4531 qui
3234 4461 3303 4515 de
3336 4460 3582 4514 absentis
3612 4461 3933 4533 propinqui

2238 4553 2322 4601 est
2350 4548 2531 4601 salute
2558 4548 2834 4602 sollicitus
2867 4564 2880 4602 :
2916 4565 3019 4602 nec
3050 4548 3335 4602 existimat
3370 4548 3521 4619 quod
3563 4551 3718 4603 nasci
3749 4552 3932 4620 possit

2233 4638 2448 4691 otiensa
2480 4636 2549 4691 de
2576 4637 2799 4705 gratia:
2845 4638 2955 4691 hoc
3000 4638 3070 4691 ad
3112 4636 3374 4691 laetitiam
3414 4637 3550 4692 satis
3586 4654 3707 4692 esse
3738 4639 3925 4709 conji-

2231 4726 2407 4792 ciens,
2460 4724 2507 4778 si
2556 4730 2809 4795 optatam
2855 4726 3081 4780 nuntiet
3135 4727 3382 4796 epistola
3421 4727 3773 4797 sospitatem.
3818 4728 3929 4782 Sed

2230 4866 2432 4922 Eonio
2452 4866 2875 4921 Arelatensium
2918 4866 3183 4937 episcopo
3214 4868 3357 4938 petit
3391 4868 3471 4921 uti
3502 4866 3827 4921 Pomerium
3856 4870 3930 4923 ad

2228 4956 2286 4992 se
2314 4939 2508 4992 venire
2534 4938 2754 5008 jubeat,
2778 4938 2877 4991 lib.
2913 4954 2970 4993 ιι.
2992 4939 3136 5008 epist
3160 4943 3215 4993 8.
3238 4939 3343 4993 Sed
3367 4938 3628 4993 abbatem
3653 4940 3926 5008 appellat,

2229 5014 2289 5063 ut
2322 5011 2502 5079 quaeri
2551 5010 2668 5078 jam
2704 5009 2882 5078 possit
2913 5012 3105 5079 plures
3150 5026 3222 5063 ne
3262 5011 3373 5063 hoc
3412 5009 3645 5063 nomine
3686 5008 3927 5078 fuerint,

2229 5096 2302 5133 an
2336 5096 2484 5133 unus
2511 5080 2683 5146 idem,
2720 5079 2876 5151 quod
2906 5080 3049 5133 milii
3074 5079 3239 5134 facile
3271 5082 3673 5151 persuaserim.

2300 5155 2320 5185 ³
2351 5151 2721 5220 Claudianus,
2756 5150 2910 5220 epig.
2944 5151 3015 5204 ad
3039 5150 3351 5205 Alethium.

2300 5226 2320 5257 ι
2350 5219 2632 5292 Firmino]
2666 5219 3064 5291 Propinquum
3095 5238 3264 5275 suum
3288 5226 3447 5276 vocat
3478 5221 3788 5276 Ennodius.
3826 5223 3932 5276 Ita-

2227 5308 2339 5363 que
2387 5291 2781 5345 Arelatensem
2813 5291 2976 5345 illnm
3006 5298 3144 5361 puto
3175 5309 3349 5361 quem
3375 5294 3574 5363 laudat
3607 5292 3930 5363 Cyprianus

2228 5362 2381 5416 idem
2414 5363 2472 5416 in
2500 5363 2768 5416 Cassario.
2806 5363 2951 5416 Erat
2978 5366 3117 5427 tum,
3152 5364 3363 5432 inquit,
3393 5362 3455 5417 in
3470 5380 3540 5417 ea
3562 5362 3701 5417 urbe
3719 5363 3933 5417 Firmi-

2225 5449 2351 5499 nus,
2375 5433 2463 5487 vir
2489 5432 2741 5505 illustris
2760 5436 2815 5505 et
2846 5433 3052 5487 timens
3082 5438 3299 5505 Deum,
3322 5434 3558 5505 eiusque
3590 5434 3931 5505 propinqua

2229 5504 2508 5573 Gregorio
2548 5502 2884 5575 clarissima
2914 5504 3371 5575 materfamilias
3397 5522 3410 5559 :
3440 5502 3682 5575 auorum
3702 5502 3928 5573 studio,

2225 5572 2367 5629 cura
2385 5577 2441 5627 et
2463 5572 2812 5648 benignitate
2821 5574 3188 5648 ergaclerum
3210 5579 3266 5630 et
3285 5572 3607 5642 monachos,
3624 5592 3764 5648 erga
3777 5575 3933 5631 cives

2226 5648 2282 5700 et
2311 5660 2601 5715 pauperes
2628 5644 2764 5697 urbs
2791 5644 2901 5699 illa
2926 5644 3211 5702 illustrior
3238 5648 3603 5702 reddebatur.

2298 5719 2319 5751 ⁸
2345 5716 2466 5771 Lib.
2508 5732 2545 5770 ι.
2588 5715 2659 5771 de
2689 5716 2846 5771 Orat.

2389 5731 2466 5771 1D.
2508 5732 2545 5770 ι.
2588 5731 2659 5771 αθ
2689 5731 2846 5771 urat.
