4102 6182
186 382 254 432 41
1576 375 2061 432 EPISTOLARUM
2102 376 2226 430 LIB.
2271 377 2339 430 Il.
3635 383 3705 434 42

187 523 321 573 vos,
348 523 488 579 quos
517 507 663 561 libra
691 507 913 577 peritiae
939 507 996 560 in
1024 506 1241 577 eloquii
1272 506 1431 559 lance
1452 507 1735 577 pensabit,
1764 506 1894 577 qui-
1929 509 1980 561 Ἀ
2008 506 2338 560 Ostenditur
2369 506 2510 559 mihi
2543 505 2786 575 liquido,
2816 523 2986 576 quam
3011 508 3083 560 sit
3110 524 3304 561 rerum
3329 493 3702 564 nescia-mens

193 597 313 650 bus
344 598 572 650 ubertas
598 597 833 666 linguae,
860 595 1171 665 castigatus
1201 610 1412 659 sermo,
1444 594 1680 648 Latiaris
1701 595 1905 647 ductus

187 686 483 755 quadrata
515 690 739 738 constat
768 684 1043 750 elocutio;
1080 683 1339 754 quaeritis
1371 684 1651 737 nimirum
1683 683 1743 735 in
1777 683 1904 735 aliis

188 773 356 841 quod
392 774 684 838 exercetis,
729 771 986 841 quaeritis
1026 772 1181 841 quod
1211 772 1414 825 amatis
1451 788 1463 825 :
1498 788 1602 825 nos
1632 772 1701 825 ab
1734 772 1903 824 scho-

194 865 395 915 larum
446 861 758 931 gymnasiis
800 861 1162 931 sequestrati,
1210 862 1423 914 arentis
1465 860 1682 930 ingenii
1730 861 1904 930 guttis

200 951 469 1021 quaedam
501 950 699 1003 oceani
728 950 943 1003 ﬂuenta
971 965 1371 1019 provocamus,
1419 952 1584 1020 quasi
1623 953 1639 985 ¹
1682 948 1904 1020 lychnis

210 1044 411 1091 contra
446 1038 581 1091 solis
619 1037 812 1090 radios
851 1037 1186 1107 pugnaturi.
1229 1036 1334 1091 Mei
1381 1037 1592 1091 macies
1638 1037 1809 1106 longe
1845 1052 1903 1089 se

211 1131 487 1179 monstrat
527 1126 731 1191 studii;
773 1130 830 1178 et
865 1126 973 1177 nisi
1003 1130 1303 1179 excusetur
1332 1127 1541 1196 pietate
1576 1125 1901 1195 garrulitas,

205 1214 573 1284 dispendium
616 1214 841 1283 proprii
884 1213 1124 1282 pudoris
1167 1218 1250 1267 est
1294 1214 1447 1284 quod
1496 1214 1700 1267 amavi.
1750 1213 1905 1267 Vena

199 1304 438 1372 quidem
479 1303 694 1372 linguae
733 1319 765 1355 a
803 1302 1027 1372 generis
1065 1303 1219 1356 fonte
1257 1303 1532 1368 trahitur;
1583 1308 1639 1357 et
1683 1303 1903 1356 fervore

197 1391 458 1461 genuino
500 1392 642 1443 solet
688 1391 874 1443 fetura
914 1389 1123 1443 nobilis
1162 1390 1408 1444 incitari.
1455 1391 1569 1461 Ego
1610 1406 1738 1443 mea
1777 1405 1904 1442 sum

198 1479 394 1548 impar
417 1479 679 1549 prosapia
705 1494 716 1531 :
744 1494 834 1531 me
861 1478 1091 1532 dotibus
1118 1479 1315 1532 vestris
1338 1478 1502 1549 quasi
1528 1478 1904 1548 peregrinum

198 1568 463 1621 scientias
506 1567 803 1636 plenitudo
848 1583 964 1621 non
995 1568 1183 1635 tetigit
1219 1584 1231 1622 :
1270 1584 1375 1637 ego
1404 1584 1505 1620 vos
1536 1572 1761 1621 tantum
1793 1568 1907 1620 Iau-

195 1656 341 1709 dare
375 1655 554 1725 magis
586 1671 759 1725 quam
794 1654 1009 1708 imitari
1040 1657 1219 1709 valeo.
1254 1656 1323 1708 Et
1352 1655 1614 1726 quamvis
1646 1656 1906 1709 nondum

195 1745 257 1798 in
292 1761 387 1798 me
417 1746 485 1797 ad
516 1743 718 1797 florem
751 1744 971 1797 venerit
1001 1749 1227 1797 matura
1269 1744 1556 1810 facundia,
1592 1750 1646 1798 et
1674 1760 1904 1813 pressus

197 1850 378 1887 onere
430 1833 625 1903 gratia:
678 1832 934 1886 solvendi
987 1833 1216 1886 deserar
1259 1833 1555 1899 facultate;
1608 1834 1903 1887 committo

195 1929 397 1975 tamen
422 1921 686 1991 cymbam
714 1925 949 1972 tenuem
975 1919 1200 1989 placido
1228 1921 1400 1987 mari;
1432 1922 1568 1991 quia
1597 1937 1799 1991 parum
1834 1922 1903 1975 ab

193 2010 617 2079 ingratitudine
654 2002 843 2062 ditiért
882 2013 1042 2062 muta
1082 2009 1409 2078 gratulatio.
1463 2011 1619 2063 Unde
1655 2011 1906 2063 nascitur

195 2105 263 2152 ut
300 2114 579 2168 prospera
618 2114 747 2167 qua).
786 2098 855 2151 de
894 2097 1054 2150 vobis
1099 2098 1401 2167 perlatoris
1448 2099 1724 2152 relatione
1770 2115 1903 2168 cog-

195 2187 361 2253 novi,
401 2187 554 2240 inter
594 2186 844 2239 cmlestia
883 2186 1024 2239 mihi
1058 2186 1339 2240 beneﬁcia
1374 2191 1803 2256 computentur.
1842 2190 1906 2241 Et

198 2275 468 2345 quamvis
523 2274 793 2328 deberem
848 2274 1087 2328 reddere
1134 2274 1414 2328 sermonis
1458 2275 1711 2329 ofticium
1756 2293 1768 2329 :
1808 2276 1905 2330 sed

200 2368 341 2433 quia
384 2363 732 2433 portitorum
763 2363 1119 2433 negligentia
1156 2363 1291 2417 fecit
1321 2370 1385 2417 ut
1420 2363 1655 2418 directae
1687 2382 1721 2418 a
1751 2365 1906 2418 vobis

202 2457 303 2505 aut
340 2453 735 2505 retinerentur
774 2458 872 2505 aut
909 2452 1290 2521 perderentur
1330 2452 1587 2522 epistolae
1623 2470 1635 2507 :
1671 2469 1777 2524 ego
1812 2459 1901 2507 ta-

203 2557 339 2594 men
370 2540 777 2593 verecundiam
805 2556 994 2594 meam
1026 2538 1087 2593 in
1113 2540 1354 2594 statione
1388 2540 1689 2611 degentem
1722 2542 1789 2595 ad
1821 2542 1904 2594 in-

199 2636 357 2683 certa
404 2629 636 2690 deduxi,
681 2635 739 2682 et
782 2633 965 2682 totum
1010 2644 1101 2683 me
1140 2629 1451 2699 legendum
1489 2630 1681 2700 sapori
1718 2636 1903 2683 vestro

200 2719 525 2773 committo.
588 2719 771 2785 Salve,
830 2718 911 2771 mi
968 2717 1222 2783 domine,
1271 2722 1322 2772 et
1380 2725 1671 2772 amantem
1734 2719 1905 2772 vestri

200 2807 605 2879 frequentibus
656 2806 823 2860 colite
885 2805 1097 2859 muniis
1153 2808 1495 2861 litterarum.
1561 2808 1722 2862 Circa
1778 2824 1905 2878 qua:

202 2898 393 2950 studia
448 2896 683 2966 pigrum
738 2910 859 2950 esse
908 2911 1013 2948 nec
1068 2895 1409 2965 diligentem
1462 2896 1745 2963 convenit,
1800 2913 1905 2950 nec

206 2985 544 3039 facundum.

802 3071 1131 3127 EPISTOLA
1170 3073 1311 3127 VIII.

724 3177 996 3215 ENNODIUS
1036 3177 1382 3216 APOLLINARI.

276 3252 389 3305 Pro
431 3256 563 3304 voto
610 3250 858 3304 militant
906 3250 1202 3304 desideriis
1248 3250 1501 3320 propriis
1545 3251 1905 3304 necessitates

203 3339 433 3405 aliene,
457 3338 593 3391 dum
614 3338 670 3391 in
697 3338 972 3407 gaudium
999 3345 1256 3391 nostrum
1289 3338 1619 3408 aliquorum
1643 3338 1907 3407 precibus

204 3428 547 3482 exhibemus
584 3427 952 3497 obsequium.
994 3426 1131 3490 Quis
1179 3443 1298 3480 non
1341 3427 1525 3497 pretio
1574 3432 1810 3497 propter
1848 3442 1905 3479 se

205 3522 495 3587 quaereret
537 3515 693 3585 quod
732 3514 894 3569 alteri
935 3515 1039 3569 sub
1084 3515 1190 3569 hac
1228 3516 1525 3568 occasione
1565 3515 1905 3585 praestatur?

201 3606 423 3659 Debent
447 3604 591 3657 mihi
623 3619 771 3656 nunc
794 3605 1110 3674 perlatores
1142 3602 1510 3674 praesentium
1541 3604 1732 3657 debita
1758 3620 1902 3671 mea,

201 3700 255 3748 et
285 3710 403 3746 non
437 3694 625 3746 solum
660 3708 751 3746 me
785 3694 852 3746 ad
883 3694 1226 3746 solutionem
1262 3708 1380 3746 non
1414 3693 1774 3762 pertrahunt,
1808 3692 1903 3746 sed

202 3799 260 3835 se
292 3782 551 3835 fatentur
586 3781 875 3835 obnoxios.
921 3783 1043 3834 Non
1089 3787 1172 3835 est
1211 3781 1470 3848 incuriae,
1515 3782 1669 3852 quod
1706 3798 1835 3834 raro
1875 3799 1907 3836 a

203 3888 292 3925 me
324 3872 544 3939 scripta
569 3876 959 3940 prorogantur
995 3886 1007 3924 :
1040 3869 1251 3923 similia
1280 3870 1634 3940 frequenter,
1664 3876 1727 3923 ut
1756 3887 1907 3925 nunc

202 3959 419 4029 reperi,
456 3960 609 4012 bona
643 3958 1006 4011 subtrahunt.
1037 3958 1336 4012 Invenient
1367 3974 1504 4029 ergo
1536 3959 1706 4028 hujus
1736 3959 1907 4013 bene-

206 4049 318 4102 Iicii
340 4049 619 4113 fructum,
647 4046 693 4099 si
720 4063 809 4099 me
841 4046 1096 4115 diligitis,
1120 4047 1445 4116 portitores.
1472 4046 1577 4110 Qui
1601 4047 1744 4100 sicut
1765 4064 1794 4099 a
1816 4063 1907 4100 me

208 4153 272 4190 ea
301 4153 433 4206 quae
466 4141 635 4188 erant
665 4135 970 4201 otferenda,
998 4140 1337 4203 exegerunt;
1364 4136 1443 4188 ita
1469 4136 1537 4187 ad
1558 4151 1674 4202 vos,
1697 4141 1757 4188 ut
1782 4136 1907 4205 opi-

208 4240 335 4292 nor,
360 4223 695 4294 scriptionis
715 4224 1059 4277 commercio
1083 4229 1275 4293 optata
1302 4224 1641 4293 perducunt.
1671 4224 1908 4277 Domine

215 4312 316 4377 mi,
350 4312 709 4365 salutationis
740 4312 1013 4381 obsequia
1042 4312 1372 4373 restituens,
1406 4313 1587 4366 Deum
1620 4328 1819 4382 precor
1849 4317 1909 4366 ut

213 4400 337 4454 haac
360 4401 512 4453 vobis
534 4402 594 4453 in
623 4404 776 4453 bona
800 4399 1123 4454 valetudine
1150 4400 1537 4470 porrigantur,
1562 4405 1617 4455 et
1636 4402 1911 4455 reddatur

212 4489 367 4543 illico
417 4488 649 4559 pagina,
692 4505 823 4560 quas
865 4505 1049 4543 meam
1103 4495 1343 4559 quierat,
1392 4495 1639 4544 vestram
1686 4492 1911 4545 nuntiet

218 4579 573 4649 sospitatem.

295 4681 305 4689 '
835 4666 1169 4722 EPISTOLA
1208 4668 1292 4720 IX.

782 4768 1054 4811 ENNODIUS
1090 4772 1339 4811 OLYBRIO.

284 4844 386 4899 Vix
438 4842 749 4915 aliquando
800 4843 944 4898 mihi
983 4860 1049 4899 ea
1099 4861 1229 4916 quae
1278 4844 1374 4899 diu
1426 4844 1619 4914 cupita
1664 4852 1797 4901 sunt
1845 4863 1909 4902 ex

216 4934 506 4989 sententia
542 4937 957 4998 successerunt,
990 4936 1055 4987 ut
1092 4933 1248 4986 sitim
1288 4948 1459 5003 quam
1494 4949 1561 4986 ex
1591 4934 1910 4990 litterarum

218 5029 536 5079 vestrarum
590 5022 793 5076 ardore
851 5037 1250 5093 conceperam,
1314 5022 1659 5093 eloquentiae
1721 5025 1911 5079 divitis

218 5114 372 5167 unda
400 5112 651 5178 satiaret,
690 5115 747 5164 et
774 5115 946 5164 castus
983 5127 1126 5182 quos
1155 5110 1501 5181 exspectatio
1532 5112 1703 5184 longa
1738 5114 1913 5184 gemi-

218 5205 474 5267 naverat,
515 5200 827 5255 arridentia
865 5199 1029 5254 labiis
1067 5199 1284 5254 ﬂuenta
1322 5200 1760 5271 restinguerent.
1803 5203 1912 5258 Sed

218 5307 318 5345 cur
348 5306 441 5345 me
476 5290 545 5343 ad
581 5292 848 5343 votorum
885 5304 1135 5343 asseram
1171 5304 1455 5343 summam
1496 5289 1668 5345 fuisse
1707 5294 1914 5362 perdu-

215 5386 391 5447 ctum,
417 5378 511 5433 cui
532 5378 719 5448 majus
741 5378 991 5433 nascitur
1014 5379 1082 5433 de
1104 5378 1513 5449 impetratione
1543 5380 1908 5447 desiderium,

217 5470 356 5526 dum
376 5470 447 5525 de
469 5485 803 5524 sermonum
824 5474 1148 5523 vestrorum
1164 5468 1403 5522 flumine
1421 5476 1614 5539 pectus
1633 5470 1912 5525 ardescit?

288 5599 305 5632 ³
334 5593 589 5664 Lychni:
606 5594 809 5647 contra
829 5590 970 5647 solis
988 5590 1207 5664 radios]
1231 5591 1431 5646 Facilis
1445 5591 1563 5664 fuit
1585 5594 1910 5649 emendatio

216 5681 323 5736 pro
350 5663 545 5737 ilignis
597 5664 754 5737 quod
789 5664 854 5737 in
904 5663 1198 5737 omnibus
1232 5663 1912 5737 exemplaribus__vitiose

216 5733 535 5809 legebatur.
555 5733 841 5807 Apologia
856 5750 962 5807 pro
978 5735 1197 5807 synodo
1220 5750 1233 5789 :
1252 5733 1507 5793 Nescitis
1519 5734 1716 5791 stolidi
1733 5737 1911 5793 solem

570 5835 854 5904 Parnm.
903 5832 1129 5903 LXIII.

2012 596 2285 661 humana,
2330 611 2476 665 qum,
2521 596 2657 648 dum
2700 596 2948 664 pretium
2986 597 3233 665 propriae
3264 598 3592 652 ambitionis
3624 600 3705 651 iu-

2012 686 2236 756 telligit,
2269 686 2539 739 assuescit
2571 687 2697 756 plus
2726 702 2916 739 amare
2948 688 3016 739 ad
3047 690 3199 757 quod
3230 688 3386 741 tarde
3415 690 3698 758 pervenit;

2012 778 2066 826 et
2105 774 2241 827 dum
2280 772 2532 826 abundat
2572 773 2627 826 in
2663 775 2967 843 przesentia
3004 792 3116 845 quo
3154 776 3485 843 delectetur,
3522 777 3701 837 magis

2010 867 2269 932 superest
2314 862 2467 931 quod
2517 862 2793 931 requirat.
2844 864 3001 915 Nunc
3050 863 3341 931 confiteor,
3392 864 3450 917 in
3503 864 3702 917 litteris

2010 951 2211 1003 vestris
2248 950 2716 1019 superforaneam
2753 951 3075 1004 cautionem
3116 952 3227 1003 mei
3264 952 3574 1005 aestimator
3606 969 3701 1007 ex-

2010 1039 2140 1106 pavi
2191 1055 2203 1091 :
2258 1039 2353 1091 ubi
2404 1039 2539 1091 dum
2588 1039 2853 1091 secundis
2901 1038 2958 1090 in
3000 1039 3171 1091 altum
3217 1040 3458 1110 loquelae.
3504 1046 3701 1093 vestrae

2012 1132 2384 1195 portarentur
2421 1128 2543 1179 vela
2582 1126 2971 1195 proventibus,
3012 1133 3065 1179 et
3097 1128 3152 1179 in
3186 1128 3459 1196 obsequio
3493 1129 3699 1180 milita-

2011 1222 2097 1267 ret
2139 1216 2418 1286 quidquid
2463 1216 2670 1285 spirat;
2716 1216 3021 1283 remigium
3064 1217 3265 1268 vestris
3295 1216 3478 1268 dicitis
3510 1218 3701 1268 deesse

2012 1305 2332 1374 colloquiis.
2372 1305 2496 1357 Non
2534 1310 2617 1357 est
2652 1304 2823 1369 licita,
2872 1305 2986 1356 veri
3025 1305 3323 1373 diligentia
3353 1308 3703 1373 sequestrata

2013 1409 2186 1462 quam
2220 1395 2467 1463 pingunt
2494 1393 2686 1457 verba,
2723 1393 2969 1445 formido
3003 1409 3013 1445 :
3051 1392 3221 1445 remis
3253 1398 3529 1461 opusest,
3563 1408 3701 1463 quo-

2011 1482 2160 1534 tiens
2195 1484 2355 1534 nullo
2394 1482 2694 1534 flaminum
2735 1498 2953 1550 puppes
2981 1483 3253 1550 juvantur
3284 1481 3533 1550 impulsu
3570 1498 3581 1534 :
3616 1480 3703 1533 his

2015 1587 2130 1622 non
2173 1574 2320 1639 eget,
2356 1570 2444 1622 cui
2490 1570 2797 1623 secundam
2835 1569 3257 1639 navigationem
3306 1570 3437 1622 fecit
3480 1571 3703 1638 conspi-

2012 1659 2157 1711 ratio
2214 1659 2419 1712 devota
2477 1665 2801 1711 ventorum.
2861 1659 2954 1711 Su]
3015 1660 3231 1711 facibus
3278 1674 3395 1711 non
3444 1660 3703 1726 juvatur;

2015 1764 2116 1799 nec
2168 1748 2381 1801 lunaris
2432 1748 2585 1817 globi
2646 1748 3045 1801 claritudinem
3106 1749 3395 1801 minorum
3454 1749 3703 1801 siderum

2016 1838 2324 1906 aliquando
2366 1837 2720 1890 illustravere
2772 1838 3031 1905 collegii.
3090 1837 3347 1902 Domine,
3401 1842 3463 1890 ut
3511 1853 3702 1905 supra,

2011 1926 2292 1979 honorem
2334 1925 2561 1979 salutati
2604 1926 2899 1990 exhibens,
2934 1942 3155 1995 precor,
3187 1932 3252 1979 ut
3292 1927 3443 1996 apud
3476 1926 3705 1995 magni-

2013 2015 2268 2068 tudinem
2311 2020 2553 2067 vestram
2591 2015 2908 2067 studiorum
2951 2031 3209 2068 meorum
3249 2016 3435 2068 fructu
3468 2031 3581 2067 non
3614 2031 3702 2067 ca-

2012 2118 2170 2155 ream
2205 2120 2216 2156 :
2256 2108 2561 2172 postquam
2600 2103 2758 2155 vobis
2795 2103 2933 2173 quid
2965 2120 3231 2174 cuperem
3263 2120 3378 2157 non
3412 2103 3609 2168 celavi,
3648 2106 3707 2155 ut

2013 2191 2339 2259 scriptionis
2377 2207 2613 2260 operam
2663 2207 2834 2260 quam
2875 2191 3143 2245 hactenus
3184 2192 3521 2262 protulistis,
3575 2192 3706 2262 styli

2012 2276 2337 2348 frequentia
2368 2278 2455 2330 vel
2486 2277 2744 2330 ubertate
2772 2278 3041 2346 pensetis.

2642 2366 2974 2420 EPISTOLA
3014 2368 3074 2420 X.

2585 2469 2862 2508 ENNODIUS
2902 2468 3125 2507 FAUSTO.

2084 2542 2344 2596 Meritum
2399 2557 2595 2596 meum
2650 2547 2921 2612 regnator
2967 2541 3209 2595 caelestis
3267 2542 3311 2596 si
3366 2542 3703 2609 attenderet,

2014 2636 2111 2685 aut
2157 2632 2361 2701 exigua
2404 2632 2553 2685 bona
2597 2632 2960 2701 adipiscerer,
3009 2636 3107 2685 aut
3149 2647 3357 2701 magna
3394 2632 3706 2702 supplicia;

2014 2722 2071 2772 et
2128 2720 2239 2771 mei
2292 2718 2532 2772 idoneus
2585 2720 2917 2787 aestimator,
2969 2735 3083 2789 quo
3139 2720 3358 2773 meritis
3406 2720 3705 2789 pervenire

2013 2824 2127 2862 non
2178 2814 2453 2877 poteram,
2500 2812 2632 2861 voto
2675 2824 2791 2860 non
2838 2809 3151 2862 tenderem.
3198 2808 3303 2862 Sed
3344 2809 3557 2878 gratias
3601 2808 3704 2875 illi,

2015 2896 2114 2967 qui
2147 2896 2354 2949 delicta
2382 2901 2577 2949 nostra
2606 2896 2683 2948 sic
2714 2913 2783 2949 ne
2815 2897 3157 2949 extollamur
3185 2904 3419 2964 resecat,
3448 2902 3509 2950 ut
3548 2913 3706 2967 spem

2013 2986 2083 3039 ad
2119 2984 2321 3037 latiora
2354 2984 2645 3053 perducat.
2680 2983 2912 3037 Domini
2944 2984 3142 3037 Avieni
3171 2984 3519 3037 dictionibus
3554 3002 3585 3037 a
3616 3000 3706 3039 me

1962 3084 1981 3136 ’λ
2013 3074 2295 3127 debentur
2328 3073 2434 3125 ista
2464 3072 2780 3142 praeloquia
2811 3088 2823 3124 :
2860 3072 2960 3141 qui
2992 3072 3233 3125 necdum
3269 3073 3339 3126 ad
3368 3073 3579 3126 bonam
3610 3090 3701 3126 va-

2015 3163 2329 3216 letudinem
2384 3162 2672 3226 reductus,
2734 3162 2991 3214 animum
3051 3178 3243 3215 meum
3305 3162 3705 3216 sollicitudinis

2016 3257 2215 3304 catena
2258 3251 2561 3316 laxaverat,
2607 3251 2744 3303 dum
2786 3250 2971 3303 adhuc
3010 3250 3161 3303 inter
3202 3266 3359 3321 spem
3396 3257 3450 3304 et
3490 3258 3706 3305 metum

2016 3339 2170 3393 anxii
2213 3344 2342 3391 vota
2389 3338 2728 3407 penderent,
2775 3344 3039 3392 naturam
3085 3340 3394 3408 respiciens
3438 3339 3709 3394 indicavit

2016 3444 2130 3499 quo
2155 3430 2378 3480 tonaret
2399 3426 2650 3496 eloquio.
2671 3427 2890 3480 Judicio
2914 3428 3145 3497 quidem
3168 3428 3277 3482 ista
3298 3445 3703 3499 praeceperam,

2017 3526 2072 3571 et
2100 3516 2355 3569 altricem
2399 3515 2609 3568 nobilis
2647 3516 2865 3569 metalli
2907 3532 3111 3569 venam
3152 3516 3210 3568 in
3248 3517 3531 3570 thesauris
3565 3534 3708 3588 quos

2015 3610 2317 3675 pepererat
2365 3604 2759 3673 agnoscebam.
2805 3605 2911 3659 Sed
2963 3606 3135 3659 etiam
3189 3605 3249 3658 in
3288 3606 3394 3660 hoc
3447 3614 3709 3676 peccator

2016 3692 2241 3747 evenire
2281 3693 2372 3745 vix
2410 3693 2643 3758 credidi,
2686 3693 2839 3762 quod
2886 3693 3108 3763 assequi
3142 3710 3255 3746 non
3288 3696 3569 3748 merebar.
3605 3695 3707 3748 Ve-

2014 3794 2143 3832 rum
2184 3779 2332 3845 dico,
2373 3783 2515 3831 teste
2556 3778 2745 3831 divina
2786 3780 3109 3847 clementia,
3160 3781 3205 3833 si
3253 3787 3385 3835 sunt
3428 3782 3605 3852 aliqui
3647 3782 3705 3835 in

2017 3867 2267 3937 Liguria,
2308 3867 2407 3936 qui
2457 3868 2525 3920 de
2564 3867 2885 3921 litterarum
2931 3874 3165 3938 possunt
3206 3871 3373 3940 genio
3414 3877 3469 3924 et
3515 3872 3705 3941 splen-

2016 3957 2151 4009 dore
2176 3956 2433 4025 judicare
2468 3972 2480 4008 :
2514 3972 2611 4009 vos
2652 3957 3018 4010 crediderunt
3047 3959 3107 4010 in
3140 3960 3239 4012 illa
3267 3960 3515 4014 dictione
3548 3960 3705 4013 labo-

2016 4060 2189 4110 rasse,
2234 4060 2406 4113 quam
2445 4046 2601 4097 aetati
2646 4046 3026 4115 prmjudicans
3063 4063 3235 4100 canus
3266 4049 3384 4118 jam
3428 4051 3486 4102 in
3528 4066 3706 4119 puero

2019 4150 2214 4186 sensus
2257 4133 2517 4185 excoluit.
2563 4134 2669 4187 Sed
2716 4136 2821 4187 ista
2869 4136 3049 4205 magis
3082 4137 3193 4189 illis
3224 4154 3350 4190 cum
3395 4140 3707 4208 Iacrymoso

2019 4222 2226 4293 gaudio
2266 4222 2404 4286 dixi,
2447 4238 2587 4290 quos
2614 4229 2713 4276 aut
2738 4223 2951 4277 effusus
2978 4225 3209 4295 sanguis
3238 4228 3363 4280 albo
3394 4230 3565 4281 curiae
3597 4245 3706 4281 coe-

2020 4311 2179 4365 lestis
2228 4309 2507 4380 ascripsit,
2559 4316 2657 4363 aut
2704 4313 2853 4365 clara
2900 4313 3177 4367 confessio
3226 4332 3239 4368 :
3296 4316 3393 4384 qui
3446 4317 3708 4369 secundis

2022 4399 2362 4453 conﬁrment
2395 4400 2703 4468 primordia
2737 4408 2931 4453 nostra
2964 4402 3333 4455 successibus.
3371 4404 3474 4455 Vos
3509 4404 3707 4457 famuli

2017 4493 2341 4548 humilitate
2381 4498 2437 4546 et
2477 4493 2751 4563 obsequio
2795 4494 3066 4560 salutans,
3109 4501 3243 4564 opto
3282 4496 3433 4548 inter
3471 4498 3705 4568 qumvis,

2020 4584 2158 4638 dum
2209 4582 2329 4635 istis
2386 4583 2644 4635 animum
2702 4583 2983 4649 relaxatis,
3044 4584 3506 4639 adversariorum
3561 4589 3710 4641 mala

2017 4671 2286 4741 gaudere.
2314 4671 2463 4724 Nihil
2492 4677 2577 4724 est
2607 4672 2763 4725 enim
2794 4671 2852 4724 in
2886 4688 2998 4741 quo
3025 4672 3309 4741 possimus
3341 4674 3708 4730 inimicorum

2018 4760 2228 4813 damna
2268 4761 2496 4815 sentire.
2533 4762 2647 4814 Hoc
2684 4760 2846 4814 nobis
2886 4763 3036 4816 Deus
3076 4764 3334 4833 contulit,
3373 4766 3528 4837 quod
3567 4765 3711 4819 invi-

2021 4850 2115 4903 dia
2144 4854 2371 4904 terrena
2401 4865 2519 4903 non
2552 4850 2869 4904 subtrahat.

2639 4940 2970 4996 EPISTULA
3009 4943 3095 4996 ΧΙ.

2594 5044 2871 5084 ENNODIUS
2910 5046 3135 5085 FAUSTO.

2091 5116 2239 5180 Quid
2285 5114 2509 5182 faciam,
2554 5118 2783 5187 quando
2825 5118 3189 5172 rescribenda
3227 5136 3321 5173 vos
3361 5119 3624 5185 scribitis,
3659 5125 3715 5173 et

2020 5222 2122 5276 pro
2165 5206 2317 5259 bono
2367 5206 2745 5275 praescientiae
2793 5209 2932 5261 ccelo
2980 5208 3140 5261 vobis
3180 5209 3545 5278 obsequente-
3576 5224 3711 5262 con-

2022 5310 2214 5361 cassae,
2257 5293 2539 5365 quidquid
2585 5296 2835 5349 alienum
2884 5301 3080 5366 pectus
3121 5297 3311 5366 potuit
3348 5296 3710 5366 investigare,

2022 5383 2299 5437 narratis?
2335 5383 2539 5454 Liquet
2592 5402 2765 5455 supra
2818 5386 3112 5439 hominem
3161 5403 3298 5451 esse,
3351 5386 3599 5439 duorum
3639 5388 3717 5439 sic

2020 5472 2265 5542 implere
2307 5490 2600 5543 personas.
2645 5475 2752 5528 Sed
2799 5474 2870 5528 ad
2901 5475 3064 5527 illum
3106 5474 3429 5527 referantur
3458 5475 3584 5541 ista,
3620 5477 3719 5546 qui

2005 5595 2248 5670 facibus
2284 5613 2398 5651 non
2434 5597 2650 5670 jueari,
2692 5614 2796 5653 nec
2830 5599 2908 5653 ad
2940 5597 3274 5670 prcesidium
3311 5600 3532 5657 diurn‘ce
3575 5601 3721 5656 lucis

2024 5666 2262 5739 lychnos
2290 5668 2543 5724 accendi.
