4054 6176
387 327 454 381 43
1618 326 1894 379 El‘iNQDII
1943 326 2259 380 lili‘lSCOI’I
2300 325 2690 378 TICINENSIS
3797 331 3855 380 fit

384 456 671 529 praestitit.
718 457 833 525 Ego
877 459 1072 509 tamen
1119 455 1410 509 remittere
1455 472 1544 509 me
1591 457 1929 524 orationem,
1973 474 2073 528 per
2112 469 2157 519 Α
2187 463 2377 511 menta
2406 456 2858 511 suntmaculatae
2889 457 3338 512 conversationis
3365 474 3488 513 non
3516 459 3621 514 sibi
3650 463 3854 517 credere

385 563 558 618 quam
589 546 646 600 in
673 545 936 599 umbram
959 545 1229 615 antiquus
1253 545 1470 598 Tullius
1495 546 1772 613 trudetur,
1802 563 1916 599 non
1949 563 2074 616 pro-

384 636 531 690 misi.
557 635 777 705 Quippe
805 634 904 705 qui
926 637 1218 704 acceptum
1244 635 1682 704 quaterniouem
1715 635 1819 687 sul.»
1847 636 2069 705 majori,

382 741 556 796 quam
586 723 818 794 ingenio
851 739 978 777 meo
1016 723 1438 791 commodabat,
1481 723 1766 776 celeritate
1815 725 2074 778 reddide-

382 831 503 868 ram
539 831 552 882 ;
588 815 723 868 dum
770 812 902 867 fidei
947 812 1216 879 serviens,
1267 829 1392 883 quae
1439 813 1508 866 ad
1548 813 1866 882 profectum
1917 819 2073 881 pote-

378 908 506 957 rant
525 902 812 974 pertinere
833 901 1172 972 contempsi.
1201 901 1352 956 Nihil
1376 902 1523 971 apud
1550 918 1637 955 me
1661 903 1728 956 de
1751 903 2073 956 veneranda

379 997 515 1047 tunc
566 992 807 1046 dictione
868 995 1244 1056 remanserat,
1302 991 1414 1043 nisi
1467 992 1613 1061 quod
1673 992 1744 1045 ad
1801 993 2068 1058 fructum,

379 1085 658 1153 quantum
689 1081 926 1147 zestimo,
966 1080 1130 1134 bona:
1163 1079 1450 1149 opinionis
1492 1080 1813 1149 reposcenti
1855 1097 2068 1134 memo-

378 1172 461 1225 ria
508 1170 736 1224 furante
791 1170 1196 1223 subduxeram.
1246 1169 1386 1221 Nolo
1437 1168 1644 1232 dicere,
1687 1170 1854 1238 quale
1901 1168 2073 1222 fuerit

377 1260 531 1331 quod
571 1259 786 1313 invitus
825 1258 1072 1325 restitui,
1115 1257 1282 1328 quale
1323 1257 1491 1310 etiam
1539 1259 1692 1328 quod
1735 1258 1964 1312 amavi:
1999 1274 2070 1311 ne

375 1350 678 1404 manifesto
723 1348 967 1402 credatis
1010 1363 1107 1401 vos
1149 1347 1451 1417 alleganda
1489 1347 1612 1400 sine
1649 1347 1737 1400 sui
1769 1347 2068 1417 dispendio

373 1438 725 1510 praedixisse.
771 1437 932 1492 Curis
973 1436 1114 1490 meis
1153 1437 1343 1489 iamen
1388 1452 1560 1506 super
1601 1437 1706 1489 hac
1747 1440 1928 1506 parte,
1981 1452 2070 1498 se-

373 1544 528 1581 rena:
569 1526 710 1580 lucis
748 1541 894 1578 meae
933 1525 1129 1578 domni
1169 1525 1369 1578 Avieni
1408 1526 1718 1593 miseratio,
1761 1527 1891 1579 licet
1923 1525 2070 1578 inci-

372 1615 599 1687 pientis,
659 1617 854 1667 tamen
906 1613 1026 1683 jam
1092 1613 1333 1683 probata
1401 1614 1696 1680 succurrit,
1761 1614 2069 1684 quamdam

372 1704 701 1757 schedulam
748 1717 876 1772 quae
914 1701 1023 1771 ipsi
1063 1718 1359 1755 remanere
1401 1703 1610 1772 potuit,
1657 1708 1875 1756 ostrum
1924 1702 2068 1755 mihi

2184 562 2305 599 esse
2347 545 2668 615 participes.
2715 546 2847 599 Ilmc
2890 546 2989 599 illa
3031 551 3224 600 mente
3264 547 3560 619 descripsi,
3602 566 3710 620 qua
3748 568 3853 606 me-

2183 651 2310 688 mor
2353 635 2629 705 propositi
2673 635 2872 688 odium
2915 637 3229 706 compellor
3268 638 3479 691 debere
3518 639 3851 695 criminibus.

2181 724 2413 778 Nullum
2461 725 2601 777 dens
2642 740 2822 790 meus,
2857 724 2968 777 nisi
3013 733 3082 778 de
3127 742 3184 778 se
3224 726 3416 795 tetigit
3461 728 3852 783 confitentem:

2181 813 2317 866 dum
2353 813 2490 866 vitia
2525 813 2879 878 incessimus,
2923 830 3085 868 reum
3122 814 3206 868 ira
3237 815 3585 870 manifestat.
3622 817 3753 870 Nam
3783 819 3855 870 in-

2177 903 2364 972 jurius
2406 903 2536 967 sim,
2575 903 2621 954 si
2660 902 2791 972 styli
2824 903 2946 955 loco
2980 920 3268 957 vomerem
3299 904 3568 967 sentiam,
3602 909 3697 958 aut
3728 906 3854 959 mihi

2181 991 2388 1062 scripta
2430 997 2780 1061 computent,
2825 1008 2953 1062 qum
2991 993 3249 1062 relegens
3292 1009 3409 1046 non
3455 1009 3714 1063 agnosco.
3755 995 3855 1048 Scit

2180 1080 2332 1133 enim
2382 1080 2682 1145 Dominus,
2721 1079 2855 1150 quia
2899 1081 2945 1133 si
2992 1097 3109 1134 non
3153 1086 3345 1134 nostro
3398 1083 3634 1137 nomine
3677 1089 3854 1137 notata

2178 1167 2380 1221 fuisset
2423 1168 2685 1238 epistola,
2737 1169 2805 1221 ad
2857 1185 3029 1238 quem
3081 1169 3282 1223 fuisset
3322 1170 3535 1223 directa
3576 1171 3850 1225 nescirem.

2179 1257 2302 1310 Tibi
2347 1256 2492 1309 habe
2530 1256 2760 1309 facetias
2799 1261 2924 1310 tuas
2962 1273 2972 1310 :
3017 1262 3114 1311 aut
3157 1258 3269 1310 illis
3307 1275 3539 1312 reserva
3576 1275 3700 1313 cum
3743 1261 3850 1330 qui-

2178 1345 2283 1398 bus
2324 1345 2481 1400 vobis
2530 1345 2650 1399 sine
2685 1345 2800 1398 oris
2829 1346 3036 1413 officio,
3085 1363 3185 1417 per
3218 1347 3591 1401 clandestina:
3633 1349 3854 1402 familia-

2178 1434 2361 1488 ritatis
2400 1435 2867 1488 communionem
2901 1436 3117 1488 clamor
3147 1440 3230 1490 est
3259 1439 3515 1490 actuum.
3552 1438 3683 1491 Ecce
3715 1438 3852 1491 salu-

2175 1524 2407 1577 tationis
2447 1525 2946 1578 honorificentiam
2983 1527 3208 1579 solvens
3253 1526 3556 1597 deprecor,
3585 1531 3646 1579 ut
3680 1526 3737 1579 in
3775 1526 3854 1579 di-

2176 1613 2433 1682 rigendis
2470 1612 2723 1683 epistolis
2765 1613 2906 1678 loca,
2941 1617 3220 1684 tempora,
3253 1631 3532 1685 personas
3571 1615 3848 1668 attendas:

2177 1718 2248 1755 ne
2293 1703 2445 1772 quod
2478 1719 2582 1772 ego
2622 1702 2691 1756 ad
2725 1717 2816 1755 me
2850 1702 3126 1772 scriptum
3159 1719 3272 1756 non
3304 1705 3850 1780 computoualterum

372 1792 688 1847 nobilitatis
718 1790 957 1862 ingessit
989 1807 1001 1844 :
1037 1791 1182 1844 hanc
1209 1791 1484 1845 hactenus
1516 1792 1690 1846 habui
1729 1808 1740 1845 :
1775 1793 1906 1845 inde
1938 1808 2061 1847 sum
2103 1777 2143 1830 Β
2175 1791 2413 1844 forsitan
2457 1790 2646 1843 lzedat.
2695 1790 2838 1854 Quia
2883 1792 3105 1845 aestimo
3152 1797 3206 1845 te
3250 1792 3425 1861 hujus
3461 1777 3711 1862 epistola:
3749 1791 3848 1844 for-

372 1887 430 1936 et
467 1883 714 1949 Iocutus,
753 1885 811 1934 et
849 1881 1031 1950 sapui.
1080 1881 1188 1934 Sed
1228 1885 1533 1951 postquam
1575 1886 1630 1934 et
1669 1881 1856 1935 aliena
1894 1882 2065 1935 licue-

370 1973 497 2026 ticia
534 1973 726 2042 jussus
777 1987 904 2024 sum
957 1971 1230 2041 pendere,
1278 1972 1562 2040 perlatore
1612 1987 1738 2025 eam
1791 1977 2065 2042 sequente

369 2061 664 2116 destinabo
697 2076 710 2113 :
747 2076 861 2113 non
895 2076 1020 2113 eam
1055 2060 1113 2112 in
1143 2076 1233 2113 me
1263 2077 1367 2130 pro
1400 2060 1642 2130 peccatis
1676 2061 1816 2114 meis
1851 2060 2063 2114 intelli-

369 2165 510 2219 gens
545 2147 1029 2214 benevolentiam,
1080 2153 1140 2202 ut
1191 2150 1343 2219 quod
1389 2154 1758 2204 externorum
1813 2150 2067 2204 muniret

369 2236 622 2307 ingenia,
656 2236 801 2290 bene
833 2237 1095 2290 credulus
1127 2253 1240 2290 non
1272 2254 1580 2307 negarem;
1614 2238 1795 2291 sciens
1839 2255 1928 2290 me
1963 2238 2064 2291 ho-

368 2328 640 2392 minibus,
682 2327 834 2398 quod
884 2327 1190 2396 impugnat
1235 2326 1614 2396 propositum,
1658 2327 1919 2379 cautione
1958 2327 2062 2379 mi-

367 2417 526 2471 sceri.
571 2417 782 2470 Verum
821 2416 965 2479 dico,
1005 2415 1104 2468 illo
1143 2418 1283 2468 teste
1329 2414 1422 2468 cui
1456 2421 1592 2468 nota
1623 2419 1756 2468 sunt
1786 2415 1998 2483 omnia,
2033 2432 2064 2469 a

365 2518 459 2556 me
515 2503 642 2556 illas
697 2501 896 2556 mundi
954 2518 1052 2556 ore
1110 2502 1420 2556 celebratas
1486 2502 1760 2555 dictiones
1825 2507 2058 2570 vestras,

365 2589 520 2660 quod
549 2589 718 2644 credo
750 2589 976 2643 inscitia
1011 2605 1139 2642 mea
1176 2588 1324 2654 fieri,
1359 2587 1626 2658 cuiquam
1657 2587 1779 2642 dari
1809 2603 1912 2640 nec
1944 2591 2063 2640 tor-

363 2683 561 2733 menta
604 2679 976 2750 compellunt.
1027 2677 1268 2732 Domine
1307 2677 1408 2742 mi,
1457 2676 1859 2730 salutationem
1901 2693 2060 2730 reve-

363 2767 565 2822 rentiae
605 2771 811 2822 vestra:
859 2766 1156 2833 exhibens,
1205 2769 1491 2819 contestor
1536 2764 1671 2834 quia
1710 2764 2060 2834 negligentia

358 2856 643 2927 judicium
668 2873 886 2925 meum,
915 2871 1021 2911 nec
1053 2856 1303 2910 adulatio
1331 2854 1633 2924 impugnat
1662 2852 1949 2907 affectum.

967 2945 1298 2999 EPISTOLA
1337 2943 1444 2998 XII.

933 3051 1196 3089 ENNODIUS
1235 3049 1486 3088 ASTYRIO.

430 3122 1071 3194 Propheticisloraculis
1110 3122 1431 3176 sublimitas
1472 3125 1572 3174 tua
1620 3123 1855 3190 praestat
1897 3119 2059 3173 obse-

365 3211 588 3282 quium,
625 3215 680 3264 et
710 3211 780 3264 ad
814 3211 985 3265 fidem
1017 3216 1278 3264 veterum
1311 3209 1670 3263 sanctionum
1703 3207 1912 3261 militat
1952 3224 2060 3261 no-

361 3299 522 3352 vellis
574 3298 916 3353 excessibus.
978 3298 1281 3352 Providisti
1336 3315 1406 3351 ne
1468 3297 1698 3365 segnior
1745 3295 2056 3349 admonitio

359 3390 687 3440 remaneret
717 3386 1045 3441 valetudine
1075 3388 1392 3441 substracta
1422 3387 1727 3455 neglectui.
1770 3387 2055 3457 Scriptum

360 3474 516 3528 enim
548 3479 633 3529 est
661 3491 765 3546 per
790 3475 893 3529 Dci
916 3475 1179 3542 cultores,
1207 3492 1453 3546 quorum
1487 3491 1652 3530 aures
1683 3476 2054 3546 prudentium

358 3563 563 3618 debeat
596 3564 853 3618 doctrina
892 3567 1159 3630 transire,
1199 3582 1342 3636 quos
1381 3565 1505 3619 falsi
1545 3564 1824 3619 sermonis
1853 3581 2052 3636 sapore

357 3653 714 3723 pertrahere;
749 3653 1000 3723 allegans
1029 3654 1216 3723 perire
1248 3654 1486 3721 monita,
1519 3671 1646 3724 quin
1676 3654 1736 3707 in
1767 3654 1878 3708 alia
1909 3670 2051 3708 con-

356 3741 564 3796 stitutis
614 3741 1024 3796 deliberatione
1080 3748 1451 3812 praestantur.
1513 3744 1626 3812 Ego
1681 3748 1872 3796 tamen
1929 3744 2048 3796 loco

355 3828 608 3892 humilis,
651 3828 850 3898 lingua
882 3828 1196 3895 mendicus,
1231 3829 1365 3883 solis
1407 3833 1575 3883 antea
1615 3830 2046 3884 necessitudinis

354 3917 598 3971 stimulis
629 3917 798 3970 verba
823 3917 1092 3984 concessi,
1121 3923 1178 3971 et
1206 3919 1276 3972 ad
1305 3918 1778 3972 contestationem
1810 3919 2048 3990 diligen-

352 4007 464 4073 tias,
497 4005 786 4076 prioribus
825 4006 1030 4059 litteris
1069 4006 1301 4060 exhibui
1333 4009 1348 4040 ί
1380 4007 1484 4059 sub
1530 4007 1826 4075 sanguinis
1867 4009 2042 4064 liber-

351 4102 465 4149 tate
497 4111 856 4165 responsum.
893 4096 1054 4150 Nunc
1085 4097 1233 4150 male
1267 4102 1351 4150 est
1381 4096 1593 4163 animo,
1625 4097 1771 4167 quod
1809 4097 2043 4168 injuria-

349 4201 478 4238 rum
510 4184 700 4238 fructu
733 4201 952 4251 carens,
1001 4186 1296 4256 sumpsisti
1329 4186 1568 4240 forsitan
1612 4186 1850 4239 mentita
1890 4188 2040 4256 apud

349 4279 405 4328 te
437 4273 760 4328 urbanitate
802 4273 1136 4344 jactantiam
1177 4290 1189 4328 :
1239 4275 1499 4328 nesciens
1545 4275 1697 4345 quod
1747 4280 2038 4328 auctorem

2174 1880 2390 1932 mulam
2449 1879 2518 1932 ad
2574 1878 2856 1948 plurimos
2903 1879 3240 1947 destinasse,
3287 1885 3344 1934 et
3391 1881 3510 1934 sola
3568 1881 3846 1934 nominum

2173 1969 2642 2034 commutatione,
2672 1984 2796 2021 eam
2824 1984 2927 2035 per
2949 1969 3206 2039 singulos
3233 1969 3354 2023 sine
3383 1970 3720 2024 meritorum
3739 1984 3850 2022 con-

2175 2057 2521 2111 sideratione
2550 2059 2954 2112 transmittere.

2763 2145 3095 2200 EPISTULA
3133 2146 3271 2200 XIII.

2740 2251 3011 2287 ENNODIUS
3051 2251 3301 2289 OLYBRIO.

2244 2323 2263 2354 2
2300 2323 2367 2375 Ut
2400 2322 2572 2375 tradit
2616 2323 2874 2392 quaedam
2911 2324 3258 2394 eloquentia:
3296 2339 3549 2393 persona
3587 2323 3847 2386 sublimis,

2171 2410 2259 2463 lex
2309 2415 2393 2463 est
2437 2410 2495 2464 in
2545 2411 2797 2481 epistolis
2844 2412 3219 2481 negligentia,
3263 2419 3320 2465 et
3369 2417 3665 2466 auctorem
3709 2411 3848 2480 genii

2171 2498 2371 2552 artifex
2408 2516 2465 2552 se
2497 2501 2716 2569 praebet
2749 2501 2987 2554 incuria.
3024 2501 3084 2553 In
3118 2517 3230 2571 quo
3263 2517 3435 2570 opere
3481 2501 3620 2555 illud
3651 2500 3849 2553 subdu-

2169 2587 2243 2641 cit
2289 2587 2508 2657 gratiar,
2546 2588 2699 2658 quod
2743 2588 2894 2640 cruci
2939 2594 3101 2641 tuum
3144 2589 3301 2642 testis
3342 2589 3526 2643 sudor
3569 2588 3844 2642 invenerit.

2170 2672 2420 2726 Caminis
2451 2680 2678 2727 excocta
2709 2674 3010 2729 fabrilibus
3044 2676 3214 2729 verba
3249 2693 3366 2730 non
3409 2677 3631 2748 flagitat
3672 2676 3850 2729 salutis

2171 2779 2286 2816 sure
2336 2764 2593 2830 nuntius,
2637 2768 2690 2817 et
2733 2765 3008 2835 quaesitor
3052 2766 3274 2820 alienas.
3327 2765 3530 2820 Melius
3579 2765 3624 2819 si
3671 2766 3725 2818 in
3770 2764 3848 2817 his

2170 2853 2528 2906 commerciis
2573 2869 2718 2922 pura
2757 2855 3144 2908 elocutionum
3187 2855 3375 2909 fronte
3411 2854 3845 2926 congredimur:

2171 2942 2496 2995 diademata
2527 2941 2762 3012 simplex
2805 2944 3077 3014 colloquii
3117 2945 3303 2997 cultus
3337 2944 3568 3013 abjurat
3601 2960 3612 2998 :
3645 2941 3847 3012 episto-

2171 3030 2302 3082 laris
2333 3030 2686 3096 communio,
2717 3030 2763 3082 si
2793 3033 3020 3100 quando
3048 3031 3372 3086 affectatum
3401 3032 3664 3086 decorem
3692 3028 3845 3098 fugit,

2171 3118 2438 3172 obtinuit.
2495 3119 2604 3173 Sed
2654 3121 3067 3189 magnitudinis
3114 3125 3314 3174 vestrae
3362 3120 3525 3175 dives
3571 3125 3624 3174 et
3669 3119 3843 3172 elucu-

2169 3207 2330 3260 brata
2364 3207 2616 3261 narratio
2655 3208 2932 3262 mendicis
2965 3208 3238 3263 limitibus
3270 3209 3448 3263 nescit
3480 3207 3720 3274 includi;
3753 3221 3844 3259 nec

2168 3295 2282 3349 oris
2311 3296 2640 3349 thesaurum
2673 3297 3126 3370 quibuscumque
3157 3303 3376 3353 arctare
3407 3298 3670 3354 confiniis
3697 3313 3708 3351 :
3743 3311 3846 3349 ma-

2166 3400 2412 3454 gnorum
2465 3401 2623 3439 more
2663 3386 2967 3440 fluminum
3015 3388 3272 3457 riparum
3313 3387 3480 3442 frena
3528 3383 3841 3442 contemnit.

2162 3475 2286 3528 Non
2320 3475 2455 3528 dum
2483 3476 2866 3544 compositum
2896 3477 3154 3530 velamen
3183 3476 3575 3547 occupationis
3605 3474 3839 3543 locuples

2161 3563 2357 3632 lingua
2398 3563 2841 3633 transgreditur,
2879 3564 2968 3618 his
3005 3569 3228 3619 tantum
3269 3581 3328 3618 se
3369 3566 3575 3619 studiis
3611 3563 3839 3618 militare

2161 3651 2464 3722 significat,
2500 3653 2567 3706 ad
2600 3670 2728 3724 qua:
2760 3656 2845 3708 vel
2877 3655 3170 3708 occasione
3200 3655 3476 3725 perducta
3511 3660 3609 3709 est.
3649 3655 3704 3707 Et
3736 3651 3836 3704 nisi

2158 3741 2336 3806 vobis,
2381 3741 2588 3811 quietis
2629 3747 2837 3797 nostra:
2879 3743 3230 3812 testimonia,
3267 3744 3604 3814 reipublicae
3647 3741 3836 3813 guber-

2156 3829 2359 3882 nacula
2399 3830 2740 3883 sentiremus
2783 3830 2958 3884 fuisse
3005 3832 3331 3899 commissa,
3378 3837 3434 3886 et
3479 3849 3601 3886 rem
3647 3828 3838 3884 laboris

2153 3917 2326 3970 vestri
2369 3933 2510 3982 esse,
2562 3919 2843 3989 quidquid
2894 3920 3105 3991 ubique
3157 3921 3501 3991 disponitur,
3551 3920 3635 3974 vel
3676 3916 3836 3974 Italia:

2153 4021 2349 4060 curam
2397 4006 2792 4062 didicissemus
2833 4025 3014 4063 unum
3053 4013 3248 4080 pectus
3288 4010 3608 4080 ingressam
3648 4025 3659 4062 :
3698 4020 3832 4077 pene

2151 4111 2250 4149 vos
2277 4096 2398 4148 sola
2427 4099 2760 4166 putaremus
2791 4098 3076 4168 paginalis
3107 4098 3238 4169 styli
3270 4115 3406 4153 cura
3437 4105 3495 4153 et
3527 4097 3829 4154 assiduitate

2153 4177 2446 4238 macerari.
2480 4187 2595 4240 Deo
2631 4186 2914 4240 debentur
2949 4187 3070 4241 haec
3099 4204 3360 4255 munera,
3404 4188 3503 4259 qui
3535 4193 3594 4243 et
3629 4187 3829 4241 amato-

2150 4289 2272 4326 rem
2314 4274 2569 4328 scientiai
2609 4291 2840 4330 sensum
2879 4277 3140 4343 contulit,
3185 4283 3242 4330 et
3282 4278 3478 4330 limam
3520 4276 3830 4332 studiorum

347 4369 617 4434 repetunt
646 4364 781 4432 tela,
809 4380 938 4435 qua:
968 4363 1230 4418 indocilis
1261 4365 1530 4418 adversus
1561 4365 1802 4418 alterum
1835 4381 2037 4419 manus
2077 4382 2120 4435 ῃ
2149 4363 2220 4417 ad
2248 4363 2360 4417 oris
2392 4365 2664 4419 fabricam
2698 4382 2816 4420 non
2844 4367 3090 4438 negavit.
3122 4368 3246 4421 Non
3276 4367 3354 4420 sic
3383 4367 3583 4438 pernix
3612 4365 3635 4400 ²
3664 4364 3830 4419 tethcr

348 4454 617 4508 emiserit.
661 4455 797 4518 Quis
829 4458 992 4525 putet
1021 4454 1452 4518 contumeliam,
1502 4471 1631 4524 quas
1688 4455 1867 4508 solam
1905 4471 2040 4509 con-

347 4543 644 4597 scientiam
696 4543 1039 4596 destinantis
1086 4542 1327 4612 affligit?
1378 4543 1782 4611 Improboruni
1835 4547 2040 4598 natura

346 4635 447 4699 est,
496 4632 604 4685 hoc
645 4631 854 4685 sentire
897 4633 963 4685 de
1008 4632 1276 4686 omnibus
1317 4632 1472 4702 quod
1513 4637 1827 4699 merentur,
1871 4639 1927 4687 et
1980 4633 2038 4686 in

347 4720 510 4774 malis
561 4719 828 4774 solatium
884 4736 1169 4790 nusquam
1217 4719 1406 4774 videre
1453 4721 1865 4775 innocentiam.
1911 4723 2040 4775 Tor-

418 4875 432 4907 ί
480 4863 596 4918 Sub
635 4860 935 4936 sanguinis
979 4861 1264 4936 libertate]
1310 4862 1451 4927 Quia
1494 4864 1780 4936 Ennodins
1828 4865 2036 4933 Astyrii

343 4934 802 5004 consanguineus
845 4939 984 5000 erat,
1027 4934 1144 4986 sive
1186 4950 1412 5003 parens,
1461 4941 1526 4988 ut
1576 4935 1801 5004 scripsit
1847 4936 1944 4988 lib.
1997 4954 2033 5002 ι,

343 5008 507 5077 epist.
536 5008 620 5072 24,
646 5007 807 5075 cujus
838 5005 1098 5059 libertate
1133 5005 1411 5059 offensum
1443 5006 1599 5060 illius
1630 5008 1886 5059 animum
1923 5007 2036 5076 pla-

344 5095 472 5130 care
499 5077 604 5130 hac
628 5077 867 5145 epistola
892 5080 1147 5129 conatur.

411 5147 434 5181 ²
477 5146 671 5219 Utait
707 5148 965 5217 quaedam
996 5147 1350 5219 eloquentiae]
1395 5147 1789 5217 Symmachus.
1822 5149 2032 5202 Assen-

345 5221 456 5272 tior
485 5218 638 5272 enim
671 5219 760 5272 Fr.
793 5220 1007 5282 Jureto,
1042 5218 1140 5290 qui
1177 5220 1352 5272 alludi
1387 5224 1575 5271 censet
1608 5220 1674 5271 ad
1708 5219 1830 5288 ejus
1863 5221 2027 5287 epist.

340 5294 390 5349 9.
428 5291 525 5344 lib.
558 5307 654 5353 vn,
689 5290 748 5342 in
781 5306 907 5360 qua
934 5289 1146 5345 filio'de
1184 5290 1439 5358 epistolae
1479 5289 1622 5358 stylo
1655 5291 1913 5359 prmeipit
1943 5292 2030 5344 his

340 5362 527 5414 verbis
561 5377 574 5414 :
607 5361 766 5415 Nam
800 5359 860 5414 ut
888 5359 948 5414 in
977 5362 1183 5416 vestitu
1209 5360 1521 5425 hominum,
1561 5364 1874 5431 ceteroque
1903 5361 2032 5416 vita:

337 5435 509 5498 cultu,
534 5432 655 5486 loco
672 5448 742 5487 ac
768 5434 1009 5502 tempori
1031 5437 1173 5503 apla
1195 5434 1498 5485 sumuntur
1520 5449 1536 5503 ς
1559 5431 1642 5485 ila
1666 5431 2029 5502 ingeniorum

337 5503 584 5558 varietas
615 5507 676 5556 in
701 5501 1095 5573 familiaribus
1121 5503 1355 5573 scriptis
1381 5501 1788 5573 negligentiam
1818 5521 2028 5573 quam-

336 5573 470 5628 dam
489 5575 651 5629 debet
665 5575 921 5640 imitari;
938 5575 998 5629 in
993 5575 1327 5644 forensibus
1347 5590 1475 5628 vero
1496 5579 1731 5644 quatere
1745 5590 1914 5628 arma
1916 5577 2024 5642 fa—

334 5645 573 5700 cundice.
597 5647 805 5700 Eadem
828 5652 912 5701 est
933 5647 1220 5700 Ciceronis
1239 5646 1523 5700 sententia
1544 5646 1641 5702 lib.
1668 5663 1741 5710 1x,
1768 5647 1932 5714 epist.
1957 5651 2019 5701 ‘21

335 5718 408 5772 ad
448 5719 691 5784 Paetum,
725 5717 822 5772 ubi
853 5717 1202 5789 quotidiauis
1241 5733 1274 5772 a
1311 5733 1370 5773 se
1402 5717 1585 5772 verbis
1614 5718 1880 5789 epistolas
1908 5719 2020 5773 texi

2152 4459 2276 4507 acta
2325 4455 2510 4506 nervis
2549 4455 2772 4509 arundo
2817 4457 3128 4526 proscindit
3163 4473 3175 4510 :
3220 4456 3706 4527 quemadmodum
3746 4452 3832 4506 in-

2151 4547 2317 4595 venta
2352 4543 2571 4611 ingenii
2599 4544 2769 4598 vestri
2801 4561 2986 4598 sermo
3015 4545 3300 4599 describit.
3337 4546 3502 4599 Nulla
3530 4540 3833 4616 languescit

2151 4631 2330 4697 obice,
2364 4633 2536 4684 nullis
2562 4633 2820 4686 tardatur
2845 4634 3151 4688 obstaculis
3186 4651 3198 4688 :
3232 4635 3296 4689 fit
3327 4635 3519 4704 pervia
3552 4645 3829 4706 quascum-

2148 4735 2259 4789 que
2291 4736 2348 4772 se
2379 4719 2460 4773 illi
2493 4720 2799 4775 difficultas
2831 4721 3101 4777 obtulerit
3137 4738 3148 4777 :
3184 4727 3241 4776 et
3271 4722 3482 4775 mirum
3517 4723 3577 4775 in
3607 4718 3827 4774 modum

2148 4862 2329 4935 solere
2361 4863 2556 4917 scribit
2590 4880 2603 4916 :
2637 4863 2789 4934 quod
2823 4863 2890 4918 de
2925 4864 3040 4917 suis
3079 4880 3311 4935 quoque
3355 4863 3602 4917 affirmat
3634 4862 3827 4935 sencca

2146 4934 2310 5002 epist.
2344 4936 2410 4987 73
2447 4951 2458 4988 :
2497 4931 2718 4999 Qualis,
2763 4935 2971 5005 inquit,
3007 4931 3192 4990 sefmo
3218 4931 3390 4989 'meus
3429 4937 3596 5001 esset,
3633 4931 3684 4986 si
3715 4945 3827 5005 una

2141 5000 2394 5059 sederem
2404 5023 2467 5058 us
2479 5009 2579 5061 aut
2593 5000 2950 5062 ambularem
2958 5000 3091 5073 Us,i1
3097 5007 3387 5060 laboratas
3396 5009 3452 5068 et
3457 5000 3674 5072 facilis,
3686 5000 3826 5056 tales

2141 5092 2264 5148 esse
2281 5076 2556 5148 epislolas
2572 5094 2731 5130 meas
2750 5077 2894 5142 volo,
2910 5094 3033 5148 qua
3048 5078 3196 5132 nihil
3212 5078 3459 5132 habeant
3477 5074 3824 5148 accersitum,

2140 5147 2289 5200 nihil
2313 5144 2539 5219 'ﬁc-lum.
2584 5150 2817 5203 Artcmo
2855 5144 2990 5202 sane
3031 5151 3183 5220 apud
3229 5149 3581 5203 Demetrium
3629 5144 3824 5221 Plial_e-_

2141 5213 2550 5292 reum'eodem
2591 5221 2758 5272 modo
2806 5213 3126 5289 epistolam,
3169 5237 3282 5292 quo
3331 5221 3623 5289 dialogum
3664 5213 3825 5292 scribi

2141 5293 2412 5363 Oportere
2435 5291 2539 5354 ait;
2578 5297 2635 5343 at
2666 5287 2987 5344 Demetrius
3020 5287 3405 5363 paulo'magis
3438 5287 3612 5363 quam
3647 5287 3822 5343 dialo-

2140 5375 2276 5429 gum
2310 5362 2715 5414 elaborandam
2749 5363 2928 5416 docet.

2210 5435 2230 5464 ³
2258 5432 2468 5484 ᾹΖΙΙιρν
2495 5433 2723 5487 arundo
2752 5431 3092 5503 proscindit]
3127 5436 3249 5488 Non
3291 5435 3526 5491 (ethera.
3560 5433 3648 5489 Sic
3676 5428 3821 5483 enini

2137 5502 2280 5577 solet
2319 5504 2608 5577 interdum
2657 5502 2964 5571 Ennodius,
3000 5512 3077 5577 ut
3100 5507 3277 5577 (elher
3314 5522 3555 5559 vacuum
3601 5504 3694 5558 lib.
3730 5515 3819 5577 vi],

2135 5573 2299 5646 epist.
2335 5576 2422 5640 38,
2458 5580 2514 5646 et
2547 5591 2661 5646 pro
2688 5577 2924 5646 synodo,
2951 5569 3251 5632 Videbunt
3284 5577 3460 5632 rather
3485 5579 3704 5631 tantum
3732 5569 3818 5623 di-

2131 5643 2304 5700 rectis
2329 5661 2366 5700 a
2395 5660 2453 5698 se
2465 5643 2694 5714 jaculis
2717 5643 3035 5704 uerberari.
