4102 6182
192 363 241 410 t5
1490 356 1837 413 EPISTOLAI

1951 357 1974 410 ιι
2018 358 2146 412 LIB.
2190 359 2257 411 II.
3572 366 3640 419 46

188 510 264 565 per
302 491 584 563 allegantis
626 491 892 562 peritiam
941 494 1195 545 mutatur
1235 494 1441 545 natura
1484 507 1784 545 causarum
1820 506 1834 544 :
1876 498 1923 553 A
1950 492 2184 545 Prolixis
2236 508 2350 546 non
2398 498 2483 547 est
2526 510 2672 564 opus
2717 494 2995 548 fervorem
3044 495 3102 548 in
3150 497 3307 551 vobis
3360 499 3642 553 caelestem

184 586 269 638 hoc
294 582 414 636 facis
442 581 502 635 in
531 582 735 635 merito
768 580 1062 651 negotium
1093 580 1382 649 habuisse,
1422 581 1571 652 quod
1603 580 1831 651 cupias;

188 672 355 726 veritas
383 675 481 737 est,
530 670 917 742 quodcunque
962 687 1067 741 pro
1098 672 1334 724 veritate
1383 671 1644 724 narratis.
1695 668 1837 724 Hinc

188 762 329 816 cautis
376 758 657 829 judicibus
706 776 821 813 non
868 760 999 813 licet
1047 776 1415 830 repugnare:
1463 759 1835 813 minutissimi

186 852 485 905 discussores
534 847 823 919 opinionis
868 849 1088 902 lucrum
1143 848 1453 913 aestimant,
1503 849 1547 902 si
1590 865 1832 919 sequan-

188 946 259 994 tur
278 955 377 1009 quo
401 938 678 1009 pertrahit
696 938 877 992 oratio
900 938 1209 1008 imperiosa
1230 939 1500 1008 captivos.
1537 938 1675 992 Huic
1698 954 1834 1009 ergo

186 1030 380 1093 lingua},
426 1027 513 1080 his
575 1028 782 1097 opibus
834 1027 1233 1093 reverentiam,
1286 1028 1487 1095 fateor,
1541 1028 1611 1081 ad
1661 1044 1834 1098 quam

186 1119 367 1187 primus
398 1116 640 1179 cucurri,
675 1117 853 1171 debeo
885 1117 1255 1186 singularem.
1287 1117 1352 1169 Et
1383 1120 1515 1185 opto
1557 1132 1675 1170 esse
1706 1117 1833 1186 plu~

186 1210 317 1271 rima,
352 1222 469 1276 qua:
523 1206 668 1259 mihi
712 1206 781 1259 ad
816 1205 1067 1259 caritatis
1109 1204 1347 1258 ﬁbulam
1398 1205 1619 1275 agenda
1666 1220 1835 1259 man-

183 1295 369 1348 dentur.
421 1294 529 1347 Sed
581 1310 711 1364 qum
756 1294 1087 1363 injunxistis
1137 1293 1206 1347 de
1261 1293 1544 1364 religiosis
1583 1292 1831 1361 feminis,

181 1384 400 1452 Speciosa
435 1387 489 1435 et
517 1382 807 1452 germanis
847 1382 990 1451 ejus,
1020 1383 1169 1435 male
1202 1386 1286 1435 est
1316 1381 1508 1435 animo
1540 1381 1693 1451 quod
1725 1382 1833 1435 im-

179 1473 307 1541 plere
333 1488 443 1525 non
472 1472 654 1542 potui.
706 1471 855 1525 Nihil
887 1472 1041 1525 enim
1074 1487 1227 1525 nunc
1259 1470 1400 1524 mihi
1432 1487 1561 1525 cum
1592 1470 1706 1524 illis
1735 1486 1834 1525 re-

182 1562 369 1614 siduum
399 1566 479 1615 est
515 1560 920 1615 familiaritatis
950 1565 1047 1615 aut
1090 1560 1377 1631 pignoris;
1412 1559 1659 1613 maxime
1702 1560 1836 1630 quia

182 1652 228 1703 in
253 1650 521 1721 disjunctis
548 1650 872 1704 civitatibus
907 1651 1141 1721 degunt.
1178 1650 1264 1703 Ad
1294 1666 1435 1721 quas
1465 1654 1660 1703 tamen
1690 1649 1835 1702 mis-

184 1756 251 1792 sas
278 1740 335 1793 ad
359 1756 442 1794 me
470 1740 692 1794 litteras
715 1756 848 1794 mox
881 1739 1092 1804 direxi;
1129 1755 1256 1809 qum
1279 1754 1618 1809 responsum
1650 1754 1832 1809 usque

187 1828 238 1881 ad
256 1829 337 1881 illa
364 1828 561 1899 quibus
591 1844 649 1882 se
673 1827 952 1893 viderent,
986 1832 1249 1897 tempora
1266 1827 1655 1896 protulerunt.
1690 1827 1828 1896 Ego,

188 1934 241 1971 ne
255 1917 686 1987 magnitudinem
706 1921 955 1971 vestram
973 1932 1309 1987 suspensam
1322 1921 1600 1982 tenerem,
1625 1916 1836 1987 scripta

188 2009 487 2079 prorogavi:
528 2024 655 2063 mox
689 2007 760 2061 ad
809 2024 907 2061 vos
956 2006 1275 2076 perveniet,
1322 2006 1368 2059 si
1418 2006 1558 2077 quid
1590 2006 1834 2060 manda-

189 2100 356 2164 verint,
402 2100 545 2169 quod
596 2099 772 2152 libeat
819 2098 1080 2151 indicari.
1136 2098 1294 2150 Nunc
1331 2094 1834 2150 honoriﬁcentiam

190 2188 493 2241 salutationis
527 2188 883 2258 impertiens,
907 2201 1070 2256 rogo,
1104 2188 1167 2238 ut
1188 2184 1333 2238 mihi
1361 2184 1545 2255 magis
1571 2200 1701 2238 cum
1733 2184 1838 2237 Ec-

189 2277 322 2330 clesia
347 2276 701 2331 sublimititas
722 2280 909 2329 vestra
930 2276 975 2328 si
1004 2291 1132 2345 quae
1152 2278 1285 2327 sunt
1306 2274 1545 2344 agenda,
1579 2272 1838 2327 commit-

190 2370 286 2418 tat:
314 2366 433 2436 quia
477 2370 614 2436 puto
649 2380 742 2419 me
769 2363 832 2417 in
874 2362 1135 2417 afﬁnium
1172 2366 1487 2417 vestrarum
1528 2378 1717 2430 causa,
1751 2360 1834 2414 vel

190 2460 437 2523 matronae,
484 2453 653 2509 amici
683 2454 833 2509 circa
863 2469 960 2508 vos
1009 2451 1371 2523 diligentiam
1422 2450 1671 2522 pectoris
1720 2466 1833 2505 non

190 2544 372 2598 celasse.

726 2628 1065 2684 EPISTULA
1102 2629 1238 2685 XIV.

871 2717 888 2751 ¹
926 2735 1098 2773 arms.

246 2812 452 2866 Lucrum
478 2809 713 2865 forsitan
742 2812 972 2880 putaret
997 2807 1285 2877 inimicus,
1326 2806 1372 2859 si
1402 2806 1553 2859 inter
1578 2804 1833 2875 pericula

194 2916 291 2970 quae
321 2900 639 2955 Christianis
671 2898 898 2964 indixit,
935 2896 1291 2952 credentium
1323 2895 1543 2949 animos
1576 2894 1835 2965 subegis-

196 2994 273 3055 set,
299 2994 345 3042 et
383 3006 479 3060 per
509 2989 731 3043 diversa
780 2986 1007 3041 Domini
1051 3001 1225 3055 grege
1268 2984 1544 3053 disperso,
1592 2998 1710 3036 non
1741 2999 1833 3035 su-

196 3082 402 3144 peresset
426 3078 509 3131 vel
540 3077 692 3131 inter
723 3091 956 3146 paucos,
991 3091 1021 3127 a
1054 3074 1261 3143 quibus
1292 3072 1470 3143 possit
1500 3072 1611 3125 ﬁde
1642 3088 1834 3142 perse-

200 3170 380 3218 veraute
399 3166 613 3219 calcari.
653 3167 876 3235 Regnat
902 3163 1088 3217 adhuc
1117 3163 1214 3215 ille
1247 3161 1307 3215 in
1344 3177 1584 3215 numero
1624 3164 1830 3228 vestro,

203 3254 275 3323 qui
300 3254 390 3307 sibi
425 3271 532 3309 non
563 3260 679 3308 tam
718 3254 778 3307 in
812 3251 1203 3315 multitudine,
1237 3267 1412 3321 quam
1442 3251 1500 3303 in
1533 3249 1832 3304 devotione

201 3345 501 3413 complacuit.
533 3344 818 3413 Scriptum
850 3341 1002 3395 enim
1035 3345 1139 3407 est,
1176 3341 1366 3394 datam
1400 3342 1623 3395 Satanae
1662 3345 1832 3410 pote-

200 3437 372 3500 statem,
418 3439 473 3487 ut
517 3449 707 3487 servos
739 3430 947 3485 Christi
987 3430 1267 3483 cribraret
1302 3445 1314 3482 :
1347 3433 1413 3483 ut
1442 3429 1695 3499 quodjde
1728 3427 1834 3482 tri-

199 3522 280 3574 tico
321 3521 545 3575 inveniri
588 3526 799 3592 posset,
851 3518 1075 3573 horreis
1118 3519 1496 3589 jungeretur;
1554 3518 1705 3589 quod
1762 3518 1832 3572 de

198 3610 355 3678 paleis,
382 3612 447 3665 ad
474 3611 698 3681 ignium
721 3609 989 3663 alimenta
1017 3608 1306 3661 transiret.
1350 3608 1433 3660 Ad
1462 3623 1556 3660 vos
1582 3606 1835 3677 speciali-

198 3706 261 3752 ter
284 3701 471 3755 dictum
494 3706 607 3755 est:
640 3698 828 3757 Nolile
862 3701 1081 3765 timere,
1102 3695 1359 3768 pusillus
1380 3712 1519 3767 grex
1544 3712 1556 3749 :
1580 3696 1834 3767 compla-

194 3788 281 3843 cuit
306 3791 445 3844 Patri
462 3793 643 3845 vestro
671 3789 811 3842 dare
830 3786 985 3842 vobis
1008 3801 1249 3853 regnum
1278 3785 1434 3854 (Luc.
1462 3802 1558 3854 xu,
1590 3786 1697 3855 32).
1732 3786 1834 3839 Ve-

196 3879 256 3931 nit
281 3880 409 3933 inter
435 3897 531 3934 vos
560 3879 783 3951 gladius
816 3877 1187 3947 perﬁdorum,
1225 3874 1323 3945 qui
1362 3875 1616 3929 marcida
1648 3875 1835 3928 Eccle-

198 3967 269 4020 siae
302 3970 538 4023 membra
568 3970 871 4031 resecaret,
903 3971 958 4020 et
1008 3965 1080 4019 ad
1109 3964 1397 4017 caelestem
1424 3955 1669 4033 gloriam
1700 3978 1839 4017 sana

201 4058 498 4124 perduceret.
533 4057 697 4121 Quod
741 4056 947 4110 habeat
991 4054 1246 4109 Christus
1288 4052 1517 4118 milites,
1551 4057 1837 4107 certamen

200 4147 442 4201 ostendit:
479 4147 577 4217 qui
615 4146 977 4215 triumphum
1018 4147 1367 4209 mereantur,
1404 4157 1505 4212 per
1551 4141 1703 4195 bella
1740 4157 1840 4195 co-

198 4236 455 4303 gnoscitur.
502 4235 686 4290 Nolite
729 4239 1005 4300 metuere,
1041 4232 1192 4303 quod
1230 4229 1573 4303 pontiﬁcalis
1605 4247 1637 4285 a
1682 4231 1841 4285 vobis

198 4324 337 4394 apicis
390 4325 591 4379 infulas
645 4324 1019 4378 abstulerunt.
1082 4321 1382 4375 Vobiscum
1439 4324 1523 4373 est
1578 4320 1840 4373 sacerdos

1947 581 2202 636 animare
2237 582 2553 652 colloquiis.
2578 584 2753 637 Habet
2781 584 3134 639 incrementa
3165 602 3265 640 sua
3296 587 3502 642 divinae
3530 589 3642 643 vir-

1947 670 2085 724 tutis
2112 670 2463 725 incendium.
2492 672 2603 725 Nec
2625 689 2767 743 opus
2792 677 2876 725 est
2894 689 2991 726 eos
3016 673 3075 727 in
3093 678 3310 744 tropaeo
3335 676 3456 745 jam
3489 676 3643 747 posi-

1946 763 2031 812 tos
2049 759 2231 813 attolli
2253 760 2540 829 laudibus,
2565 760 2665 830 qui
2683 759 2804 814 sine
2828 760 3111 815 monitore
3137 761 3410 817 vicerunt.
3442 764 3644 818 Gravat

1945 848 2347 902 conscientiam
2415 848 2719 903 Christiani
2775 849 3060 920 quidquid
3122 850 3366 905 afferunt
3418 852 3642 907 blandi-

1948 942 2138 991 menta
2172 938 2462 1007 praeconii.
2498 939 2604 993 Res
2639 939 2870 1009 quidem
2913 938 3137 993 virtutis
3168 945 3272 1005 est,
3304 958 3477 1011 quam
3512 943 3643 996 feci-

1942 1027 2075 1081 stis:
2110 1028 2205 1081 sed
2234 1027 2687 1099 summiprmmii
2710 1027 3073 1083 restitutione
3102 1030 3444 1100 superanda.
3479 1031 3642 1095 Quod

1948 1121 2135 1169 tamen
2169 1115 2396 1169 directis
2430 1117 2495 1170 ad
2526 1116 2713 1169 ﬁlium
2756 1121 3017 1170 nostrum
3050 1116 3073 1149 ²
3102 1120 3166 1171 II.
3209 1118 3513 1171 diaconum
3546 1119 3640 1172 lit-

1945 1204 2083 1257 teris
2134 1204 2419 1275 sperastis,
2452 1205 2751 1258 beatorum
2797 1210 3113 1275 martyrum
3162 1207 3385 1259 Nazarii
3436 1210 3490 1259 et
3522 1206 3642 1261 Ro-

1947 1294 2099 1346 mani
2114 1293 2573 1347 benedictionem
2596 1298 2912 1363 poscentes,
2928 1294 3192 1347 ﬁdelibus
3208 1311 3327 1347 non
3340 1310 3637 1364 negamus.

1944 1385 2190 1455 Accipite
2226 1385 2549 1438 veneranda
2590 1384 2907 1454 patrocinia
2946 1384 3291 1439 invictorum
3336 1386 3587 1439 militum
3624 1402 3635 1439 :

1946 1478 2001 1528 et
2030 1474 2164 1544 quia
2186 1478 2431 1527 vestram
2451 1474 2569 1544 jam
2592 1474 2767 1527 ﬁdem
2800 1474 2859 1526 in
2892 1473 3104 1544 prmliis
3126 1474 3440 1544 imperator
3462 1490 3639 1544 agno-

1946 1564 2044 1627 vit,
2085 1562 2323 1617 feliciter
2356 1561 2729 1615 confessionis
2757 1578 2999 1615 munera
3029 1567 3439 1616 consummate.
3472 1562 3638 1616 Dabit

1946 1652 2113 1717 Deus,
2147 1666 2276 1704 cum
2303 1650 2412 1721 ipsi
2438 1651 2734 1721 placuerit,
2761 1652 3031 1705 reducem
3056 1650 3310 1705 Ecclesiis
3344 1651 3594 1721 quietem
3621 1668 3633 1705 :

1945 1744 2009 1793 ut
2038 1756 2339 1794 moerorem
2364 1757 2534 1811 quem
2556 1740 2763 1794 indixit
2788 1741 3116 1809 adversitas,
3150 1740 3303 1811 pacis
3336 1740 3638 1795 dulcedine

1942 1830 2285 1884 consoletur.

2554 1918 2885 1973 EPISTOLA
2920 1919 3026 1972 XV.

2456 2022 2726 2060 ENNODIUS
2766 2007 2788 2039 ³
2828 2020 3127 2061 emensam.

2015 2094 2263 2151 Caelestis
2331 2094 2757 2166 dispensatione
2819 2095 3098 2167 mysterii,
3182 2110 3297 2148 uno
3378 2099 3636 2165 tempore

1944 2186 2083 2239 mihi
2129 2184 2337 2239 sororis
2404 2185 2679 2255 Lupicino
2732 2184 2955 2239 refusus
3004 2190 3089 2238 est
3135 2184 3334 2238 matris
3379 2184 3634 2251 affectus,

1944 2278 1997 2329 et
2026 2274 2271 2344 geminas
2303 2275 2506 2344 copula
2553 2274 2989 2329 necessitudinis
3031 2272 3498 2345 peregrinantem
3545 2290 3635 2328 re-

1942 2362 2131 2433 cipere
2163 2363 2373 2417 meruit
2390 2367 2517 2433 post
2548 2363 2846 2417 intervalla
2867 2363 3160 2433 pietatem.
3189 2360 3458 2417 Revixisti
3488 2363 3639 2432 apud

1942 2467 2047 2504 nos
2078 2455 2209 2521 post
2247 2450 2569 2504 dilectionis
2600 2466 2775 2522 quem
2813 2458 3221 2521 procuraveras
3258 2448 3501 2517 obitum,
3535 2449 3639 2504 be-

1941 2538 2145 2592 neﬁcio
2191 2538 2513 2592 litterarum
2547 2554 2560 2592 :
2595 2538 2847 2592 vidimus
2892 2554 3149 2611 amorem
3198 2537 3361 2610 quasi
3393 2538 3463 2593 de
3504 2554 3641 2609 qua-

1942 2629 2072 2683 dam
2112 2628 2400 2699 sepultura
2452 2633 2801 2700 surgentem.
2856 2627 3217 2700 Inauspicato
3266 2627 3431 2683 nobis
3480 2628 3639 2683 inco-

1942 2718 2218 2773 lumitatis
2259 2722 2460 2772 vestras
2507 2718 2747 2773 nuntius
2786 2717 3019 2773 accessit
3064 2718 3282 2786 auditu,
3318 2734 3490 2789 quam
3518 2734 3637 2771 cre-

1944 2806 2218 2861 debamus
2248 2823 2351 2877 per
2400 2811 2797 2879 contemptum
2845 2812 3105 2863 nostrum
3144 2807 3429 2861 viventem
3472 2806 3641 2861 busta

1942 2895 2277 2965 complesse.
2310 2896 2606 2950 Credimus
2648 2900 2703 2951 te
2736 2897 2879 2951 dura
2908 2912 3238 2967 perpessam
3268 2912 3281 2951 :
3316 2896 3416 2950 sed
3465 2895 3640 2950 conﬁ-

1941 2988 2133 3039 temur
2178 2984 2462 3055 irrogasse
2506 2985 2829 3039 durissima.
2875 2986 3035 3048 Quod
3078 2984 3444 3050 sustinuistis,
3476 2999 3639 3037 com-

1876 3088 1915 3143 C
1949 3089 2120 3127 mune
2154 3089 2283 3126 cum
2326 3073 2493 3127 bonis
2526 3077 2612 3128 est
2644 3090 2657 3128 :
2690 3089 2819 3127 cum
2870 3073 3216 3141 crudelibus,
3246 3073 3400 3144 quod
3430 3072 3636 3128 fecisti.

1944 3163 2185 3217 Ubinam
2219 3164 2479 3232 gentium
2509 3167 2769 3219 materna
2788 3164 3062 3218 hactenus
3091 3179 3226 3217 cura
3254 3162 3522 3218 delituit?
3544 3163 3640 3217 ubi

1943 3252 2095 3323 quod
2125 3252 2286 3305 fratri
2335 3251 2665 3320 debebatur,
2710 3251 2954 3305 erravit?
2986 3252 3056 3306 ad
3108 3251 3373 3322 longiora
3413 3251 3640 3307 animus

1940 3345 2073 3396 tuus
2104 3358 2279 3412 quam
2321 3357 2524 3412 corpus
2563 3341 2927 3395 abscesserat.
2962 3341 3019 3395 Si
3048 3344 3102 3395 te
3134 3341 3205 3395 ad
3231 3341 3437 3396 ultima
3465 3346 3641 3397 terra-

1939 3448 2068 3485 rum
2099 3430 2350 3485 conﬁnia
2378 3430 2837 3501 peregrinationi
2881 3429 3033 3484 socia
3073 3430 3403 3500 dispulisset
3443 3432 3642 3486 adver-

1941 3520 2094 3587 sitas,
2134 3520 2272 3575 illuc
2337 3521 2497 3590 sequi
2542 3520 2742 3574 debuit
2793 3535 3084 3589 germanae
3132 3518 3294 3587 ﬁdes,
3342 3524 3399 3574 et
3441 3520 3641 3574 solliei-

1940 3610 2076 3663 tudo
2110 3609 2417 3680 genitricis.
2455 3609 2565 3664 Sed
2593 3609 2655 3663 in
2675 3624 2872 3663 occasu
2891 3608 3028 3663 solis
3058 3608 3150 3662 cui
3178 3608 3443 3679 proxima
3470 3609 3642 3663 fuisse

1943 3699 2213 3767 narraris,
2264 3698 2540 3769 frigidum
2577 3698 2661 3769 pii
2691 3697 2900 3752 amoris
2940 3701 3139 3769 pectus
3186 3697 3456 3752 habuisti.
3499 3697 3642 3751 1mi-

1942 3791 2057 3841 tata
2102 3788 2303 3841 fuisses
2351 3786 2585 3841 aetherei
2647 3786 2850 3841 sideris
2893 3787 3043 3841 circa
3085 3786 3334 3841 debitam
3390 3786 3642 3856 diligen-

1942 3877 2084 3929 tiam
2132 3875 2413 3930 defectum
2452 3875 2693 3930 feliciter
2738 3880 3159 3941 renascentem,
3202 3880 3258 3930 et
3294 3875 3565 3931 feriatum
3612 3891 3647 3929 a

1944 3963 2127 4034 gratia
2173 3979 2291 4017 non
2334 3968 2612 4033 perpetuo
2679 3963 2941 4018 animum
2992 3963 3281 4034 gessisses.
3335 3963 3645 4035 Suscepisti

1945 4056 2195 4108 mentem
2244 4052 2707 4122 provincialium,
2742 4070 2883 4124 quos
2928 4053 3097 4107 adisti
3131 4070 3143 4108 :
3188 4055 3422 4109 mutasti
3453 4055 3644 4125 regio-

1947 4159 2102 4209 nem,
2132 4146 2187 4195 et
2215 4141 2576 4211 propositum
2605 4142 2833 4212 pietatis
2863 4142 3157 4197 abdicasti.
3195 4144 3337 4198 Nam
3378 4144 3647 4213 abjurans

1946 4231 2123 4286 Italia:
2172 4229 2656 4297 communionem,
2695 4247 2813 4285 non
2853 4232 3041 4286 solum
3080 4231 3229 4287 circa
3276 4231 3508 4298 amicos,
3548 4232 3646 4287 sed

1949 4320 2123 4374 etiam
2154 4319 2303 4373 circa
2342 4319 2568 4373 interna
2600 4318 2846 4389 pignora
2890 4320 3171 4390 repulisti.
3206 4322 3498 4373 Postremo
3530 4319 3648 4373 ani-
3682 4320 3689 4327 ’

194 4413 288 4481 ille,
324 4415 403 4469 vel
458 4414 664 4479 hostia,
718 4413 816 4484 qui
861 4428 981 4465 non
1024 4415 1142 4465 tam
1191 4408 1505 4463 honoribus
1553 4408 1844 4462 consuevit
1884 4400 1924 4451 Ι)
1955 4425 2063 4463 mae
2120 4408 2226 4463 tibi
2298 4408 2539 4462 mutatio
2608 4408 2843 4461 accessit
2894 4407 3340 4463 commutatione
3397 4407 3641 4461 telluris.

195 4503 423 4571 gaudere,
483 4518 658 4575 quam
731 4500 1041 4555 mentibus.
1094 4498 1304 4569 Majora
1355 4501 1489 4551 sunt
1544 4497 1847 4551 confessio-

199 4591 265 4643 nis
304 4594 544 4664 praemia,
606 4607 779 4662 quam
834 4590 1148 4644 nominatae
1220 4602 1462 4640 munera
1520 4586 1836 4656 dignitatis.

199 4681 260 4733 Ad
298 4684 382 4735 illa
417 4684 756 4753 plerumque
818 4679 992 4734 etiam
1038 4677 1280 4731 minoris
1328 4674 1518 4729 meriti
1568 4692 1840 4746 personas

200 4768 321 4823 lavor
345 4772 622 4825 humanus
654 4770 886 4824 adducit
914 4784 926 4822 :
962 4768 1066 4821 ista
1086 4766 1197 4819 nisi
1229 4765 1412 4836 gratia
1444 4782 1694 4835 superna
1725 4781 1841 4819 non

201 4858 373 4913 tribuit.
404 4862 525 4930 Ipse
558 4858 713 4913 enim
742 4858 803 4911 in
824 4856 983 4911 vobis
1013 4859 1069 4909 et
1090 4854 1366 4925 pugnavit
1395 4858 1451 4908 et
1482 4854 1634 4919 vicit,
1670 4870 1842 4925 quem

204 4943 311 5000 ﬁdes
352 4954 595 5004 meretur
638 4952 695 5002 et
739 4946 890 5001 inter
935 4944 1236 5000 hominum
1283 4947 1568 4999 tormenta
1617 4943 1838 4998 sociari.

260 5089 271 5121 ¹
306 5092 468 5162 Afris}
511 5091 819 5149 Exsulibus
867 5088 1152 5162 episcopis
1197 5088 1431 5162 Africae,
1473 5104 1615 5162 quos
1644 5089 1844 5162 Trasu-

206 5164 406 5216 mundus
449 5158 544 5218 rex
599 5158 981 5216 Vandalorum
1022 5158 1159 5214 ﬁdei
1205 5174 1374 5212 causa
1418 5159 1477 5212 in
1522 5159 1845 5213 Sardiniam

206 5232 454 5302 relegarat,
482 5250 724 5288 numero
764 5236 889 5287 220.
926 5231 1022 5287 His
1068 5230 1405 5301 quotidiana
1443 5230 1695 5283 subsidia
1735 5232 1847 5284 mi-

204 5304 396 5376 nistrare
424 5308 647 5360 solitum
677 5305 1084 5376 Symmachum
1115 5317 1325 5376 papam
1357 5306 1554 5376 auctor
1589 5307 1678 5376 est
1707 5304 1850 5376 Pau-

204 5372 272 5425 lus
296 5375 541 5431 diaconus
576 5372 838 5431 Historiae
857 5374 1117 5430 Miscellm
1146 5373 1247 5426 lib.
1276 5387 1365 5425 xv.
1402 5374 1561 5426 Nunc
1584 5372 1714 5426 illos
1745 5374 1850 5428 hac

207 5446 401 5512 epistola
448 5452 793 5514 consolatur,
853 5454 909 5501 et
956 5460 1140 5500 sacras
1199 5448 1520 5515 martyrum
1576 5444 1850 5515 reliquias

206 5518 361 5591 mittit,
391 5536 523 5589 quas
553 5521 927 5591 postularant.
980 5516 1203 5591 Scripta
1232 5514 1406 5591 enim
1434 5520 1518 5570 est
1549 5516 1618 5591 ab
1664 5514 1854 5571 Enno-

205 5585 279 5662 dio
320 5585 575 5662 quidem,“
611 5591 709 5647 sed
746 5607 848 5662 pro
901 5587 1241 5662 Symmacho
1276 5604 1288 5641 :
1323 5589 1481 5662 cujus
1529 5589 1703 5662 etiam
1751 5605 1852 5662 no-

198 5658 485 5789 lInipeiritter
512 5664 652 5719 alias
676 5658 801 5734 ejus
828 5658 1098 5734 epistolas
1130 5658 1341 5731 legitur
1367 5658 1429 5716 in
1458 5660 1710 5732 antiquis
1736 5661 1853 5715 col-

216 5744 267 5781 ec
292 5747 388 5787 rem
432 5751 514 5789 us.

216 5744 514 5791 ECIIODIDUS.

1953 4498 2133 4563 Quam
2161 4498 2337 4552 timeo
2378 4497 2533 4569 quod
2558 4497 2749 4568 longis
2784 4496 3065 4551 incuriam
3096 4501 3257 4551 tuam
3288 4496 3507 4551 incesso
3533 4497 3647 4551 col-

1947 4586 2191 4660 loquiis!
2226 4587 2362 4659 quid
2394 4587 2611 4642 otl‘ensa
2654 4587 2837 4656 faciet,
2873 4603 3002 4659 quas
3046 4587 3226 4641 illaesa
3254 4586 3647 4658 contempsit?

1951 4677 2167 4733 Dedisti
2208 4678 2427 4749 justum
2468 4678 2724 4732 dolorem
2782 4677 2982 4732 studiis
3030 4693 3147 4731 non
3178 4675 3467 4731 amantis:
3518 4692 3647 4747 quae

1951 4772 2006 4822 te
2053 4768 2421 4831 innocentem
2467 4766 2696 4834 faciant,
2751 4783 2945 4821 causas
2994 4766 3225 4838 ingessi.
3288 4766 3399 4821 Sed
3444 4781 3651 4837 expro-

1950 4857 2133 4912 bratio
2177 4856 2303 4922 ista,
2338 4855 2384 4909 si
2412 4872 2515 4927 per
2545 4872 2603 4910 se
2646 4856 2969 4926 respicitur,
3022 4871 3225 4927 aspera
3256 4859 3376 4921 est;
3411 4854 3457 4908 si
3488 4854 3651 4924 origo

1951 4947 2075 5019 ejus
2117 4944 2452 5017 inquiritur,
2494 4945 2654 5000 omni
2683 4945 2996 5001 dulcedinis
3027 4947 3195 5000 melle
3234 4944 3483 5000 condita.
3521 4945 3654 5001 Gra-

2022 5089 2065 5144 ².
2108 5090 2190 5143 Η.
2225 5087 2549 5161 diaconum]
2570 5089 2950 5156 Hormisdam,
2981 5090 3204 5161 opinor,
3242 5088 3352 5160 qui
3378 5088 3653 5161 diaconus

1955 5166 2075 5217 erat
2115 5161 2373 5215 Ecclesia:
2420 5160 2737 5216 Romanas:
2781 5162 2880 5232 qui
2929 5160 3310 5216 de’Ennodio
3368 5160 3652 5232 interpre-

1955 5237 2171 5302 tantur,
2222 5237 2286 5286 ut
2325 5237 2532 5287 coetera
2576 5230 2860 5301 omittam,
2898 5249 2932 5287 a
2982 5247 3419 5303 monogrammo
3467 5230 3649 5285 disce-

1956 5306 2118 5359 dunt

2025 5373 2047 5409 ³
2090 5372 2417 5446 Euprepiae]
2450 5375 2643 5430 Sorori
2674 5393 2810 5443 suae,
2848 5374 3016 5429 matri
3038 5372 3295 5446 Lupicini
3331 5388 3497 5446 :qua:
3529 5375 3653 5426 tum

1960 5447 2018 5500 in
2049 5445 2340 5516 provincia
2388 5445 2765 5512 Narbonensi,
2800 5447 3007 5517 patrito
3050 5445 3340 5517 nimirum
3376 5445 3520 5509 solo,
3556 5459 3658 5517 pe-

1961 5512 2380 5588 regrinabatur,
2416 5518 2471 5571 id
2504 5524 2588 5571 est
2629 5512 2874 5584 Arelate,
2908 5522 2970 5569 ut
2998 5516 3225 5570 docebit
3253 5514 3420 5585 epist.
3457 5519 3520 5588 _7,
3542 5512 3649 5588 _lib.

1960 5585 2162 5668 v1.1:_Ad
2194 5589 2540 5668 Euprepiam
2572 5593 2709 5668 sunt
2738 5588 2992 5668 epistolae
3024 5588 3349 5668 complures
3383 5603 3395 5641 :
3439 5586 3509 5639 de
3541 5585 3657 5664 Lu—

1962 5660 2154 5731 picino
2188 5655 2540 5731 autem—aget
2568 5664 2690 5731 tum
2721 5655 2846 5714 aliis
2876 5674 3028 5731 saepe
3060 5655 3220 5726 locis,
3251 5662 3375 5713 tum
3408 5655 3657 5711 maxime

1967 5730 2227 5787 Dictione
2252 5733 2286 5786 2
2313 5730 2676 5786 Scholastica.
