4102 6182
427 366 496 419 47
1651 360 1937 416 ENNODII
1980 360 2288 416 EPISCOPI
2331 361 2712 417 TICINENSIS
3849 366 3920 417 48

424 496 568 550 viter
605 494 714 549 fert
745 492 893 547 circa
922 492 1218 549 caritatem
1248 489 1678 561 negligentiam,
1723 490 1823 561 qui
1861 490 2115 560 parentis
2152 498 2197 549 Α
2229 507 2414 546 meam
2466 492 2728 547 litterarii
2779 492 3057 546 sermonis
3112 492 3351 547 visitatis
3399 492 3568 547 aﬁ‘atu
3604 510 3616 546 :
3665 498 3722 547 et
3767 494 3919 547 inter

424 584 717 639 silentium
762 582 908 638 liber
954 585 1195 636 accusat.
1238 579 1459 634 Poteris
1504 583 1691 632 errata
1732 579 2037 649 corrigere,
2071 580 2118 632 si

420 674 731 745 praesentia
782 688 900 726 non
946 673 1116 739 vales,
1164 668 1474 738 scriptione
1524 668 1847 737 multiplici.
1908 668 2115 722 Salutis

421 778 557 833 ergo
592 761 835 832 gratiam
868 764 1238 831 praesentans,
1276 774 1489 827 quaeso,
1526 762 1587 809 ut
1615 758 1729 810 mei
1757 756 2113 826 memineris,

420 850 518 922 qui
581 866 777 921 preces
840 856 966 902 tuas
1010 848 1157 900 circa
1204 861 1573 899 communem
1634 846 1819 897 lilium
1867 850 1925 921 et
1985 850 2115 898 vota

419 939 700 1010 praecessi.
770 940 914 991 Ante
956 935 1112 989 enim
1163 935 1302 1004 quid
1359 934 1683 988 debuissem
1738 934 2110 997 consideravi,

418 1043 593 1098 quam
637 1026 777 1097 quid
817 1025 990 1078 velles
1036 1039 1423 1094 agnoscerem.
1476 1024 1554 1077 Tu
1604 1024 1785 1077 Deum
1832 1022 2111 1093 religione

414 1118 597 1186 placa,
630 1120 684 1169 et
710 1129 946 1185 precum
975 1112 1123 1167 circa
1152 1129 1256 1166 nos
1290 1113 1618 1166 assiduitate
1650 1127 1932 1181 compone
1964 1126 1976 1164 :
2011 1111 2111 1180 qui

412 1204 796 1259 intentionem
844 1219 1033 1258 meam
1082 1202 1143 1256 in
1186 1203 1307 1272 ejus
1350 1204 1667 1272 profectum
1702 1206 1755 1255 et
1804 1200 1992 1254 cordis
2023 1217 2111 1253 se-

412 1297 565 1346 creta
612 1291 897 1364 respiciat,
957 1297 1018 1346 ut
1066 1292 1223 1364 quod
1273 1308 1380 1363 ego
1433 1291 1623 1346 labore
1672 1291 1968 1361 polliceor,
2013 1289 2109 1343 ille

413 1384 649 1452 praestet
678 1380 908 1436 auxilio.

1012 1467 1253 1524 EPISTO
1262 1469 1349 1522 LA
1388 1468 1515 1521 XVI.

986 1573 1255 1611 ENNODIUS
1304 1572 1525 1610 FAUSTO.

479 1646 588 1699 Par
620 1645 852 1717 quidem
897 1645 1088 1700 fuerat
1138 1645 1372 1699 sublimi
1423 1646 1543 1699 viro
1588 1643 1915 1699 Pamfronio
1947 1658 2101 1696 com-

408 1739 637 1789 meante
668 1736 1059 1791 ministerium
1088 1736 1317 1807 pagina:
1348 1735 1419 1789 ad
1454 1735 1566 1788 vivi
1598 1734 1878 1788 sermonis
1916 1732 2103 1786 ofﬁcia

408 1822 701 1877 transferri
736 1841 748 1877 :
782 1841 885 1879 nec
932 1825 1095 1879 illum
1128 1824 1424 1895 epistolari
1467 1823 1615 1878 fasce
1648 1823 1895 1890 onerari,
1930 1837 2106 1894 quem

406 1924 522 1963 non
546 1914 663 1966 tam
697 1913 870 1967 verba
901 1929 1029 1967 mea
1067 1913 1307 1983 contigit
1336 1928 1524 1981 nosse,
1552 1928 1725 1983 quam
1756 1912 1962 1966 studia.
1997 1912 2103 1966 Sed

406 1997 531 2069 ejus
564 2000 623 2053 in
666 2001 755 2055 his
801 2002 1003 2056 ofﬁciis
1037 2018 1242 2056 manus
1284 2002 1496 2055 dantur
1538 2001 1803 2071 imperio.
1850 2001 2106 2054 Postulat

404 2087 743 2157 adjutricem
773 2092 1047 2161 paginam
1082 2091 1388 2145 latentium
1420 2095 1702 2144 scrutator
1725 2089 2053 2143 animorum
2085 2106 2097 2143 :

404 2190 460 2238 et
502 2183 633 2236 ideo
680 2196 751 2235 ne
786 2181 924 2251 quid
980 2181 1131 2251 apud
1181 2197 1313 2235 eum
1358 2180 1536 2233 nostri
1584 2180 1777 2233 deesse
1808 2180 2104 2248 contingat

403 2271 677 2343 obsequii,
712 2270 922 2341 scripta
967 2270 1240 2335 concessi,
1288 2274 1344 2323 et
1374 2269 1421 2321 si
1461 2267 1942 2322 commendationi
1983 2283 2101 2320 non

401 2360 739 2427 necessaria,
782 2361 1083 2429 prmceptis
1124 2358 1244 2428 ejus
1275 2359 1657 2412 accommoda.
1694 2357 1911 2421 Quibus
1946 2358 2101 2410 enim

401 2450 762 2505 sermonibus
804 2449 1234 2520 prosequendus
1276 2453 1379 2515 est,
1416 2449 1505 2501 cui
1541 2453 1721 2500 totum
1755 2446 2101 2515 magnitudi-

398 2539 487 2594 nis
534 2546 735 2594 vestraa
781 2539 913 2592 licet
958 2553 1189 2608 sperare
1235 2537 1303 2591 de
1354 2535 1573 2605 gratia?
1619 2537 1701 2588 Ita
1744 2536 1987 2602 eveniet,
2036 2540 2100 2588 ut

399 2628 736 2700 angustiora
757 2628 873 2681 sint
903 2626 1279 2697 supplicantis
1308 2627 1499 2691 verba,
1535 2642 1706 2695 quam
1742 2624 1946 2677 merita
1975 2640 2099 2694 per-

398 2717 612 2771 latoris.
661 2717 811 2781 Quid
854 2716 1011 2770 enim
1058 2720 1293 2787 praestes
1334 2713 1646 2785 juvaminis
1684 2714 1791 2779 illi,
1842 2729 1944 2783 pro
1983 2730 2095 2783 quo

398 2808 767 2877 quantumvis
796 2806 1150 2876 poposceris,
1183 2806 1312 2875 plus
1363 2801 1644 2857 meretur!
1675 2804 1822 2871 Ergo
1857 2803 1927 2855 ad
1968 2802 2096 2872 styli

399 2894 740 2950 exercitium
781 2895 1109 2964 junguntur
1148 2895 1290 2959 haec,
1325 2910 1439 2947 non
1474 2893 1542 2947 ad
1574 2892 1917 2946 beneﬁcium
1939 2908 2093 2945 com-

395 2984 663 3039 meantis.
712 2984 881 3038 Juvat
918 2984 1176 3037 animum
1207 2984 1312 3037 sub
1360 2983 1559 3053 quavis
1591 2981 1889 3036 occasione
1921 2980 2094 3034 vestri

393 3072 750 3141 meminisse,
777 3071 913 3125 licet
956 3071 1255 3125 nominato
1301 3071 1613 3140 scriptione
1645 3069 1790 3123 nihil
1821 3068 2089 3121 tribuam.

391 3162 530 3216 Ecce
576 3166 769 3215 tamen
811 3161 951 3231 quia
996 3160 1191 3230 jussus
1232 3175 1377 3223 sum,
1428 3159 1525 3212 illa
1573 3174 1701 3228 quae
1750 3161 2092 3228 praestantur

392 3250 695 3318 extraneis,
749 3248 1155 3302 insinuationis
1208 3249 1358 3302 dicta
1406 3248 1715 3318 subjungo.
1749 3249 1947 3301 Iuvate
1994 3262 2092 3299 vos

389 3338 760 3409 peculiariter
811 3342 1196 3408 expetentem,
1248 3336 1520 3389 ﬁduciam
1582 3337 1705 3404 ejus
1758 3334 2089 3405 dignatione

388 3428 727 3482 roborantes
760 3443 771 3481 :
807 3425 1093 3497 quidquid
1136 3441 1234 3495 spe
1265 3425 1546 3495 praecipit,
1594 3425 1850 3478 inveniat
1882 3442 1895 3479 :
1953 3429 2012 3477 ut
2042 3423 2089 3477 si

388 3518 726 3572 meritorum
769 3532 1003 3570 suorum
1057 3520 1332 3585 angustus
1372 3516 1685 3569 mstimator
1733 3520 1837 3584 est,
1884 3515 1955 3568 ad
1997 3531 2087 3568 me

387 3606 598 3661 referat
628 3604 909 3676 quidquid
939 3604 1113 3657 fuerit
1157 3609 1515 3657 consecutus.
1561 3603 1914 3672 Obsequium
1941 3603 2087 3656 salu-

386 3692 619 3748 tationis
663 3692 1003 3762 impendens
1052 3690 1335 3761 supplico,
1370 3695 1435 3743 ut
1464 3690 1677 3744 crebris
1710 3706 1799 3743 me
1830 3692 2082 3743 relevan-

386 3783 521 3837 dum
571 3781 792 3836 ducatis
836 3780 1129 3846 aﬁ'atibus;
1182 3779 1272 3832 cui
1322 3779 1474 3833 inter
1523 3780 1784 3833 maeroris
1835 3779 2083 3832 sarcinas

385 3871 633 3939 nullum,
668 3874 876 3942 praeter
919 3870 1035 3923 oris
1078 3869 1251 3923 vestri
1299 3868 1519 3937 solatia,
1565 3874 1752 3939 potest
1795 3885 1914 3923 esse
1947 3868 2079 3947 sub-

383 3959 618 4014 sidium.

965 4046 1298 4101 EPISTOLA
1335 4048 1493 4101 XVII.

857 4135 1144 4201 fsnxonlus
1183 4138 1201 4172 ί
1241 4152 1589 4190 CONSTANTIO.

450 4226 630 4281 Nemo
690 4223 957 4296 peritiam
989 4241 1269 4294 pomposa
1330 4225 1650 4278 elocutione
1702 4223 2070 4289 condemnat;

379 4332 483 4371 nec
513 4315 904 4385 spernendum
937 4330 1066 4367 cum
1092 4314 1313 4384 pudore
1347 4314 1480 4367 dicit
1524 4330 1646 4368 esse
1692 4312 1845 4383 quod
1884 4311 2074 4381 sequi-

2226 582 2629 651 occupationes
2664 586 2718 635 et
2762 582 3027 635 excubias
3068 582 3274 653 quibus
3322 583 3614 636 universos
3648 584 3919 637 Ravenna

2223 671 2533 740 distringit,
2570 671 2681 723 mei
2722 687 2857 724 cura
2905 687 3018 724 non
3071 672 3323 741 ponitur.
3380 672 3569 725 Reddo
3610 688 3746 741 ergo
3778 671 3917 726 eﬁ‘u-

2223 759 2457 813 sissimze
2543 760 2900 815 salutationis
2970 760 3176 827 ofﬁcia,
3246 777 3480 831 sperans
3549 765 3608 814 ut
3672 777 3917 831 presen-

2222 848 2358 899 tiam
2394 863 2579 900 meam
2612 847 2762 917 apud
2794 847 3060 900 dominos
3106 864 3264 901 meos
3293 850 3538 901 amantis
3586 848 3774 915 vestri,
3809 865 3915 918 pro

2220 934 2547 1003 dignatione
2599 951 2713 1005 qua
2773 934 3103 988 credentem
3184 935 3406 1003 fovetis,
3468 935 3691 989 faciatis
3747 940 3912 1007 opta-

2218 1020 2415 1075 bilem.

2785 1112 3118 1166 EPISTOLA
3156 1114 3340 1168 XVIII.

2792 1218 3062 1255 ENNODIL‘S
3104 1218 3322 1256 JUANNI.

2289 1287 2615 1342 Probabiles
2682 1304 2878 1343 causas
2936 1292 3137 1357 habeo,
3196 1292 3404 1361 quibus
3470 1290 3912 1345 unanimitatem

2215 1382 2459 1431 vestram
2492 1379 2623 1448 styli
2665 1379 2778 1433 mei
2815 1396 3027 1447 morsu,
3062 1381 3321 1451 quamvis
3365 1381 3628 1452 rubigine
3674 1381 3909 1435 sorden-

2214 1465 2307 1533 tis,
2345 1465 2624 1519 incessam
2660 1483 2671 1521 :
2708 1484 2868 1537 quas,
2902 1484 3031 1521 cum
3062 1469 3137 1521 sis
3168 1468 3466 1522 abundans
3498 1475 3714 1524 naturae
3743 1469 3910 1524 bonis

2215 1561 2267 1608 et
2312 1556 2535 1625 ingenii
2569 1556 2933 1610 facultatibus
2965 1557 3236 1627 locuples,
3270 1575 3517 1629 purgare
3546 1576 3661 1613 non
3699 1559 3906 1630 possis.

2213 1644 2329 1714 Ego
2363 1662 2620 1716 unquam
2667 1647 2880 1700 credidi
2921 1647 2989 1700 ad
3036 1648 3214 1700 alium
3260 1647 3479 1700 reditus
3532 1648 3704 1701 vestri
3743 1648 3911 1701 citius

2212 1732 2423 1788 indicia
2469 1752 2636 1805 posse
2681 1736 2963 1805 perferri?
2998 1738 3110 1806 Ego
3140 1753 3334 1790 curam
3371 1738 3483 1790 mei
3509 1737 3657 1790 inter
3687 1739 3913 1808 quasvis

2145 1806 2184 1859 Β
2216 1823 2637 1894 occupationes,
2676 1824 2818 1877 illud
2869 1824 3065 1878 amicis
3100 1826 3295 1879 censui
3340 1830 3731 1880 consecratum
3778 1843 3911 1898 pec-

2213 1916 2305 1966 tus
2332 1913 2643 1967 excedere?
2676 1915 2811 1967 Ecce
2841 1920 2972 1968 ante
3017 1914 3207 1968 oculos
3241 1931 3394 1968 meos
3437 1916 3759 1969 redduntur
3787 1915 3912 1969 aliis

2213 2002 2459 2073 paginae,
2507 2006 2564 2056 et
2606 2002 2788 2056 amica
2833 2005 3177 2074 exspectatio
3218 2004 3323 2057 sub
3361 2006 3518 2058 omni
3562 2005 3912 2059 credulitatis

2212 2106 2356 2144 meae
2385 2092 2748 2161 despectione
2790 2092 3112 2146 frustratur.
3153 2094 3287 2146 Nolo
3320 2094 3534 2147 litteras
3567 2094 3769 2164 majori
3800 2095 3910 2149 ob-

2204 2179 2557 2249 jurgationis
2605 2181 2735 2233 felle
2784 2183 3093 2251 complere.
3148 2180 3369 2235 Sufﬁcit
3415 2182 3674 2235 tristibus
3717 2183 3910 2237 stricta

2210 2269 2480 2323 narratio.
2512 2270 2574 2322 In
2602 2286 2667 2322 eo
2700 2270 2884 2322 adhuc
2915 2269 3140 2323 animus
3175 2285 3356 2337 meus,
3390 2271 3543 2340 quod
3564 2270 3911 2340 magnitudi-

2210 2372 2344 2409 nem
2404 2362 2564 2410 tuam
2637 2358 3026 2411 discedentem
3090 2359 3333 2426 monuit,
3393 2360 3647 2429 persistit
3711 2364 3905 2412 statu:

2208 2451 2457 2498 vestrum
2512 2451 2614 2512 est,
2664 2447 2710 2499 si
2763 2454 3087 2515 temporum
3147 2448 3293 2499 mala
3333 2447 3715 2513 contemnitis,
3776 2463 3910 2517 pro-

2208 2535 2441 2588 missum
2487 2550 2711 2589 servare
2755 2537 3134 2590 concordiam.
3186 2536 3364 2602 Salve,
3419 2536 3499 2589 mi
3550 2536 3799 2596 domine,
3851 2542 3908 2589 et

2208 2631 2497 2678 amantem
2528 2625 2613 2677 tui
2660 2626 2845 2677 releva
2878 2626 3285 2679 communione
3316 2626 3615 2691 sermonis,
3658 2630 3723 2679 ut
3758 2627 3904 2678 scri-

2205 2714 2393 2767 bendo
2439 2714 2629 2768 deleas
2663 2715 2938 2780 dolorem,
2983 2731 3156 2785 quem
3201 2715 3357 2769 vides
3401 2716 3582 2769 amico
3625 2732 3728 2784 per
3769 2717 3905 2768 scri-

2204 2802 2418 2871 ptionis
2451 2802 2853 2857 abstinentiam
2887 2804 3210 2873 contigisse.

2789 2890 3120 2945 EPISTOLA
3170 2892 3309 2947 XIX.

2719 2996 2989 3034 ENNODIUS
3031 2996 3380 3035 CONSTANTIO.

2273 3068 2510 3123 Abundo
2558 3068 2787 3137 gaudio,
2818 3085 2923 3123 nec
2961 3069 3161 3124 clauda
3192 3070 3404 3123 lmtitim
3435 3085 3579 3124 meae
3617 3069 3757 3124 ﬁdes
3788 3074 3897 3136 est,

2202 3157 2331 3212 ideo
2376 3158 2567 3227 aliqua
2600 3174 2700 3229 per
2728 3158 3067 3212 diabolicam
3105 3159 3543 3228 inspirationem
3590 3161 3743 3212 nasci
3780 3176 3900 3213 cer-

2200 3247 2433 3313 tamina,
2479 3252 2543 3300 ut
2591 3252 2673 3313 tu,
2711 3247 2810 3318 qui
2858 3252 2910 3300 te
2953 3248 3105 3301 ultra
3135 3248 3593 3302 emendationem
3634 3248 3899 3301 omnium

2197 3334 2508 3404 protulisti,
2558 3335 2840 3405 triumphi
2887 3336 3103 3390 honore
3144 3338 3467 3407 gratuleris.
3521 3338 3643 3391 Non
3697 3343 3799 3404 est,
3836 3344 3901 3392 ut

2196 3424 2383 3487 video,
2433 3424 2600 3477 effeta
2643 3424 2914 3494 Liguria:
2963 3425 3323 3479 nobilitatem
3370 3426 3632 3497 pariendi
3679 3442 3782 3479 nec
3832 3425 3897 3480 in

2196 3517 2524 3581 temporum
2593 3514 2949 3568 extremitate
3018 3514 3299 3584 deposuit.
3368 3516 3671 3569 Inimicum
3739 3515 3895 3568 vitiis

2196 3603 2381 3655 adhuc
2414 3603 2554 3656 etin
2586 3602 2873 3656 cineribus
2896 3604 3076 3657 nutrit
3104 3604 3435 3658 incendium
3474 3622 3485 3658 :
3519 3605 3579 3658 in
3608 3604 3769 3673 cujus
3805 3604 3889 3657 fa-

2192 3690 2339 3743 villis
2364 3691 2529 3743 ultrix
2555 3692 2862 3745 criminum
2894 3694 3127 3747 ﬁamma
3155 3711 3268 3747 non
3296 3693 3559 3759 moritur,
3582 3710 3688 3747 nec
3708 3694 3893 3747 hostis

2194 3794 2455 3832 errorum
2489 3780 2637 3850 ignis
2677 3782 2953 3852 operitur.
2990 3784 3169 3846 Quam
3202 3782 3371 3836 timui
3404 3800 3476 3837 ne
3501 3784 3654 3837 velut
3674 3783 3889 3837 exhau-

2192 3873 2277 3921 sta
2312 3874 2573 3936 cessaret,
2630 3870 2767 3923 dum
2823 3872 3079 3940 epistola:
3132 3876 3329 3926 vestra:
3382 3873 3629 3925 frontem
3683 3872 3890 3926 alienis

2188 3957 2464 4011 fuscatam
2503 3958 2812 4029 prarstigiis
2860 3960 3138 4013 sollicitus
3189 3961 3495 4014 trutinator
3540 3960 3887 4031 aspicereml

2189 4063 2347 4099 more
2381 4048 2630 4116 parentis
2682 4048 2929 4116 attoniti,
2973 4049 3073 4120 qui
3118 4066 3249 4102 cum
3301 4066 3496 4103 carum
3542 4050 3751 4119 pignus
3810 4051 3891 4104 ad

2185 4136 2335 4190 bella
2376 4136 2722 4203 transmittit,
2756 4152 2860 4189 nec
2905 4138 2974 4191 de
3008 4138 3301 4207 explorata
3330 4138 3465 4192 'esse
3512 4137 3723 4209 patitur
3766 4138 3889 4192 vir-

2184 4230 2305 4277 tute
2363 4240 2613 4278 securus.
2667 4225 2750 4278 Ad
2794 4224 3151 4280 incrementa
3184 4226 3638 4281 sollicitudinum
3679 4227 3887 4281 trium-

2182 4312 2327 4380 phos
2355 4311 2458 4365 ﬁlii
2489 4323 2774 4379 numerat,
2810 4330 2924 4367 non
2955 4312 3162 4384 quietis
3194 4330 3208 4367 :
3236 4315 3364 4385 plus
3394 4322 3642 4384 expertis
3676 4316 3887 4370 metuit

378 4409 492 4459 tur.
536 4405 633 4459 Sui
681 4404 1056 4473 impugnator
1106 4408 1208 4470 est,
1262 4403 1519 4474 quisquis
1577 4402 1923 4455 elucubratis
1962 4417 2073 4453 ser—
2109 4386 2152 4438 Ῑ)
2184 4401 2459 4463 felicitati,
2509 4402 2600 4455 cui
2642 4402 3012 4456 formidinem
3080 4404 3366 4458 ministrat
3414 4404 3682 4458 aﬁectio:
3745 4405 3887 4475 quia

379 4494 641 4549 monibus
662 4494 877 4560 linguas
904 4495 1121 4548 cultum
1154 4494 1423 4564 praedicat
1446 4491 1716 4561 abjurari.
1746 4491 1861 4560 Ego
1882 4494 2077 4544 tamen

375 4584 433 4637 in
466 4583 719 4653 epistolis
747 4582 1166 4653 magnitudinis
1200 4588 1402 4636 vestrae
1437 4578 1794 4649 diligentiam
1828 4595 2074 4649 semper,

284 4722 293 4731 ,λ
374 4688 493 4726 non
526 4671 697 4726 verba
739 4673 1019 4742 pensavi:
1059 4689 1163 4726 nec
1212 4670 1549 4739 adjutricem
1599 4669 1834 4722 malitia:
1881 4668 2073 4722 facun-

373 4760 527 4815 diam
560 4763 741 4831 majus
782 4762 1034 4832 pretium
1078 4760 1287 4815 habere
1337 4758 1531 4811 censui
1578 4774 1751 4821 quam
1802 4758 2073 4829 simplici-

378 4855 575 4918 tatem,
609 4866 736 4921 quae
764 4850 1016 4905 infucata
1040 4850 1228 4903 fronte
1250 4852 1532 4901 secretum
1560 4846 1769 4899 mentis
1790 4846 2068 4900 enuntiat.

373 4939 490 4992 Hoc
518 4940 577 4993 in
607 4940 815 4994 sanctis
859 4937 1188 4993 hominibus
1226 4942 1284 4990 et
1315 4936 1502 4989 amavi
1538 4951 1765 5005 semper
1811 4940 1866 4989 et
1895 4936 2067 4989 colui.

370 5031 491 5099 Ago
549 5044 703 5083 nunc
760 5034 931 5099 atque
996 5027 1177 5081 habeo
1238 5027 1471 5097 gratias,
1520 5026 1671 5096 quod
1730 5024 2067 5096 parvitatem

444 5194 458 5226 ¹
505 5188 857 5260 Constantio]
926 5186 1471 5260 Virumuillustrem
1522 5187 1775 5257 appellat
1832 5187 1929 5260 lib.
1992 5204 2064 5260 Iv,

369 5260 535 5333 epist.
573 5265 655 5315 13.
701 5263 767 5314 Et
797 5258 983 5333 patria
1026 5258 1431 5333 Mediolanum,
1473 5259 1903 5333 eteloquentise
1955 5259 2068 5333 pie?

366 5330 615 5403 talisque
650 5334 770 5385 laus
803 5346 931 5400 quas
952 5330 1760 5403 constantioihuictribuitur,
1792 5330 2063 5403 epitaphii

370 5400 683 5457 admonent
713 5400 1030 5455 Constantii
1055 5401 1229 5469 togati
1264 5401 1723 5465 Mediolanensis,
1761 5402 1914 5470 quod
1948 5417 2065 5453 non

369 5476 637 5529 abhorret
666 5474 737 5525 ab
768 5488 909 5539 aevo,
961 5488 1065 5525 nec
1097 5490 1125 5524 a
1159 5471 1304 5541 stylo
1336 5473 1691 5527 Ennodiano.
1730 5472 1914 5535 Quare
1959 5471 2065 5524 hoc

366 5547 491 5600 loco
540 5544 859 5614 subjiciam,
905 5548 968 5596 ut
1017 5544 1229 5613 legitur
1257 5545 1315 5597 in
1364 5542 1735 5598 monimentis
1768 5544 1940 5596 sacris
1975 5559 2063 5596 ve-

365 5624 557 5671 terum
588 5614 1049 5685 inscriptionum.

490 5701 656 5765 Igenii
681 5701 963 5766 legumque
991 5704 1180 5765 potens
1210 5700 1549 5752 Constantius
1574 5704 1688 5752 atra

2186 4490 2387 4561 ignara
2416 4492 2697 4544 cautionis
2744 4496 2827 4545 est
2877 4509 3040 4545 mens
3090 4493 3347 4547 instituta
3392 4494 3643 4548 victoriis
3678 4510 3691 4548 :
3724 4500 3781 4548 et
3820 4493 3887 4549 in

2186 4582 2304 4635 acie
2334 4597 2498 4634 amor
2522 4581 2705 4635 laudis
2736 4582 2935 4634 salutis
2963 4582 3205 4648 oblivio;
3247 4584 3449 4654 tropaei
3481 4590 3680 4654 gustus
3710 4582 3884 4637 abdi-

2185 4670 2297 4724 cari
2330 4670 2575 4740 imperat
2613 4670 2752 4724 lucis
2787 4671 3072 4723 affectum.
3106 4671 3285 4742 Sapor
3314 4672 3441 4725 vitae
3488 4672 3618 4725 illos
3650 4673 3883 4725 tantum

2183 4759 2452 4828 possidet,
2499 4759 2598 4829 qui
2658 4758 2728 4813 de
2780 4758 3138 4813 conflictibus
3183 4761 3469 4813 venientia
3519 4760 3671 4814 bona
3719 4758 3885 4814 nulla

2181 4847 2548 4901 didicerunt:
2590 4864 2817 4917 semper
2855 4848 2926 4902 ad
2975 4849 3220 4919 gloriam
3264 4849 3552 4920 jungitur,
3600 4849 3753 4920 quod
3804 4849 3881 4904 de

2181 4936 2589 4990 incolumitatis
2636 4937 2884 5007 propriae
2933 4954 3067 4991 cura
3118 4938 3440 4992 decesserit.
3477 4938 3585 4994 Sed
3627 4937 3765 4991 mihi
3814 4938 3881 4993 in

2178 5023 2616 5093 praesentiarum
2678 5026 3169 5095 supersedendum
3220 5031 3305 5081 est
3352 5027 3681 5098 hujusmodi
3734 5028 3881 5081 scri-

2394 5181 2577 5230 Mortis
2610 5186 2748 5231 sorte
2774 5183 2958 5245 jacens
2988 5185 3234 5234 conditur
3259 5185 3341 5235 his
3370 5186 3608 5236 tumulis.

2300 5245 2805 5315 Ilin'cqgema't'hunc
2844 5248 3095 5315 probitas.
3128 5249 3288 5315 tristis
3319 5250 3545 5315 suspiret
3582 5250 3878 5315 honestas],

2394 5306 2455 5353 Et
2476 5306 2690 5371 Comitis
2719 5308 2878 5371 funus
2906 5310 3119 5371 plangat
3148 5312 3313 5358 amica
3340 5306 3483 5362 ﬁdes.

2300 5368 2429 5438 Quis
2453 5384 2542 5430 per
2558 5370 2703 5438 bella
2731 5370 2830 5418 fori
2861 5368 3058 5438 totiens
3079 5373 3142 5419 de
3167 5373 3285 5433 jure
3312 5374 3637 5438 triumphum

2396 5432 2631 5487 ltettulit.
2664 5446 2832 5480 stVOS
2864 5434 3087 5494 perculit
3113 5432 3202 5481 ore
3234 5438 3392 5485 reos?

2298 5493 2516 5561 Orn_a_vit
2545 5495 2755 5561 prOprio
2782 5493 3218 5561 semperfutgore
3249 5504 3458 5561 togatus

2389 5556 2609 5621 Eloquio
2641 5570 2827 5611 mores,
2860 5558 3090 5621 moribus
3102 5556 3407 5621 eloquium.

2293 5618 2683 5686 Non__r_nultum_
2699 5631 2837 5666 mors
2866 5618 2980 5667 dira
3010 5634 3180 5686 noces
3198 5618 3253 5686 in
3278 5622 3461 5672 funere
3486 5622 3616 5686 justi
3645 5639 3655 5672 :

2385 5680 2470 5728 Nil
2499 5684 2590 5729 tua
2619 5679 2721 5729 tela
2749 5686 2971 5743 gravant
2998 5697 3009 5731 :
3042 5684 3277 5747 possidet
3304 5690 3445 5735 astra
3472 5679 3607 5748 pius.
