4102 6182
263 242 326 296 49
1606 239 1936 296 EPISTOLA

2047 241 2090 294 Μ
2132 239 2259 294 LIB.
2303 239 2373 292 II.
3693 237 3761 291 50

256 374 470 444 ptione.
495 373 621 427 Non
645 376 779 426 sunt
806 372 1000 427 militis
1022 373 1337 442 nostriplus
1366 372 1755 444 praedicanda,
1772 386 1942 442 quam
1982 373 2030 427 Α
2057 370 2219 424 labor
2248 373 2481 439 praestet
2511 368 2872 439 obsequium,
2907 368 2977 422 ad
2999 367 3321 439 periculum
3348 373 3406 424 et
3433 368 3760 441 gehennam

253 462 561 516 asserenda
608 461 942 516 certamina.
1016 462 1120 515 Ubi
1160 462 1365 531 jaculis
1409 479 1554 533 opus
1612 465 1715 527 est,
1778 461 1950 514 verba

253 551 328 604 nil
362 551 687 604 conferunt.
721 552 874 605 Licet
918 552 1316 620 promulgasse
1366 567 1556 605 meam
1606 550 1949 604 sententiam

250 640 442 700 fuerit,
473 641 613 693 dum
644 644 893 693 vestram
938 640 1209 710 praedico,
1252 645 1308 694 et
1337 641 1445 694 hoc
1473 640 1547 694 sit
1581 641 1944 710 respondere,

251 728 402 797 quod
453 743 728 797 responsa
757 728 987 781 laudare
1024 755 1034 781 :
1083 728 1185 781 Dei
1217 734 1410 782 tamen
1454 745 1622 798 opem
1662 734 1946 798 precatus,

250 817 597 869 obsecutura
628 816 756 869 ﬁdei
794 817 962 871 verba
983 816 1298 887 subjungo;
1332 818 1402 870 ad
1435 817 1948 871 illumconvertens

250 905 377 974 styli
413 907 527 958 mei
559 908 799 971 cultum,
843 907 941 976 qui
980 906 1250 976 quotiens
1281 906 1580 960 scribenda
1609 906 1704 970 :est
1752 906 1947 959 infelix

251 993 435 1047 curvis
459 1000 617 1048 terra
646 994 992 1062 vomeribus,
1034 1011 1092 1048 se
1120 995 1350 1048 famulis
1381 996 1496 1048 suis
1539 996 1801 1064 germina
1833 997 1948 1047 col-

252 1083 504 1136 laturum
557 1083 842 1153 promittit
897 1100 1037 1149 esse,
1091 1099 1216 1152 qua:
1264 1084 1503 1153 jaciant,
1534 1084 1774 1137 dicendo
1809 1101 1822 1136 :
1854 1085 1948 1137 Ne

250 1171 513 1241 cogitetis
538 1170 675 1241 quid
696 1170 1051 1241 loquamini:
1085 1172 1267 1224 Pater
1298 1171 1451 1225 enim
1494 1178 1684 1226 uester
1711 1175 1817 1237 est,
1847 1176 1947 1244 qui

249 1259 503 1329 loquitur
527 1258 588 1312 in
607 1259 761 1312 vobis
792 1260 1025 1328 (Matth.
1051 1261 1241 1329 x,'20).
1279 1261 1402 1329 Ipse
1436 1275 1572 1329 ergo
1606 1259 1678 1313 ad
1728 1261 1946 1315 facien-

251 1346 384 1400 dam
415 1348 684 1418 promissi
725 1348 1021 1401 veritatem
1043 1349 1233 1402 veniat
1262 1365 1275 1402 :
1311 1349 1432 1418 ipse
1465 1349 1580 1401 oris
1607 1351 1723 1403 mei
1753 1351 1948 1404 laban-

252 1441 367 1488 tem
415 1436 724 1489 conﬁrmet
773 1436 1096 1504 infantiam,
1145 1442 1209 1490 ut
1260 1437 1684 1491 allucinationis
1736 1445 1945 1494 nostra

250 1524 616 1578 concinnatio
646 1525 962 1579 inhumana
993 1526 1413 1581 videatur/Sed
1446 1527 1584 1596 quid
1635 1528 1732 1581 diu
1768 1529 1944 1599 repli-

248 1613 428 1666 canda
459 1614 922 1684 circumloquor‘t
950 1631 1130 1668 unum
1158 1631 1296 1685 rogo
1330 1621 1390 1669 ut
1420 1632 1522 1686 pro
1554 1617 1784 1670 modulo
1818 1634 1944 1672 meo

249 1703 525 1772 rescripta
556 1708 822 1756 taxentur
853 1719 865 1756 :
898 1719 1003 1756 nec
1049 1709 1284 1773 putetur
1333 1707 1432 1756 aut
1461 1704 1573 1772 legi
1615 1709 1713 1757 aut
1744 1704 1946 1758 defen-

249 1789 392 1842 sioni
422 1790 647 1855 deesse,
678 1791 837 1861 quod
884 1792 1094 1844 nescio.
1146 1793 1309 1862 Ergo,
1346 1796 1406 1844 ut
1431 1793 1742 1860 scriptione
1773 1798 1943 1846 testa-

249 1878 407 1943 mini,
441 1878 710 1932 inventus
755 1885 840 1933 est
873 1880 1069 1943 homo,
1102 1881 1200 1950 qui
1232 1897 1422 1933 servos
1472 1881 1696 1948 Christi,
1735 1898 1941 1952 quem-

245 1967 560 2027 admodum
606 1968 727 2037 ipse
792 1968 1060 2036 promisit
1107 1985 1228 2022 esse
1281 1969 1624 2037 faciendum,
1685 1970 1788 2024 sub
1836 1971 1943 2024 hac

243 2055 539 2109 occasione
591 2055 888 2123 cribraret,
936 2056 1178 2110 efferens
1232 2057 1301 2110 de
1345 2059 1360 2090 ¹
1414 2057 1635 2111 arbitrii
1679 2058 1942 2112 libertate

246 2144 467 2197 homini
509 2144 572 2197 in
621 2161 738 2197 una
774 2150 997 2198 tantum
1049 2152 1208 2215 parte
1251 2162 1376 2216 qua:
1414 2146 1663 2200 deterior
1701 2151 1802 2213 est,
1836 2147 1938 2201 eli-

244 2233 418 2302 gendi
446 2232 641 2286 datam
683 2249 804 2286 esse
852 2233 1190 2287 licentiam?
1250 2233 1292 2288 Ο
1337 2234 1753 2288 schismaticam
1807 2251 1938 2305 pro-

245 2321 615 2390 positionem,
644 2338 772 2392 que:
800 2322 959 2392 juxta
990 2322 1375 2393 Apocalypsin
1406 2323 1645 2393 scriptas
1676 2325 1848 2377 habet
1879 2324 1941 2377 in

244 2409 428 2463 fronte
460 2411 848 2480 blasphemias
881 2411 1078 2482 (Apoc.
1109 2428 1242 2480 xvu,
1276 2412 1356 2481 5)!
1391 2413 1527 2475 Quae
1564 2413 1671 2466 ista
1707 2413 1939 2467 libertas

245 2503 347 2561 est,
403 2498 450 2550 si
497 2499 663 2565 valet,
717 2499 1007 2564 edisserat,
1054 2499 1150 2553 ubi
1195 2500 1304 2553 hoc
1333 2501 1501 2553 datur
1551 2502 1736 2554 solum
1769 2503 1934 2569 velle,

244 2587 400 2657 quod
455 2588 700 2656 puniat;
760 2595 858 2641 aut
914 2605 1090 2659 quare
1141 2591 1478 2644 electionem
1514 2593 1795 2659 nominet,
1839 2593 1937 2646 ubi

245 2692 419 2728 unam
451 2682 674 2730 tantum
704 2684 925 2747 partem
956 2679 1156 2733 asserit
1184 2680 1357 2733 fuisse
1389 2681 1756 2734 concessam?
1778 2681 1937 2745 Quod

243 2765 287 2816 si
324 2765 563 2818 veritate
611 2766 958 2835 subsisteret,
993 2769 1183 2822 locum
1228 2769 1416 2822 divina
1444 2769 1665 2839 judicia
1693 2787 1804 2824 non
1837 2772 1933 2824 ha-

241 2852 462 2906 berent.
498 2853 643 2917 Quid
677 2855 830 2908 enim
882 2855 1019 2909 boni
1066 2873 1099 2910 a
1137 2857 1303 2910 nobis
1355 2859 1498 2910 Deus
1558 2864 1753 2912 noster
1786 2865 1936 2912 recte

2062 476 2174 513 non
2218 459 2460 528 imperio
2494 459 2706 528 aliquo,
2741 458 2840 512 sed
2891 462 3094 528 sponte
3144 457 3519 514 devolvimur.
3561 460 3758 530 Itaque

2061 554 2158 603 aut
2187 549 2490 618 praemium
2522 548 2767 614 devotio,
2811 552 2906 600 aut
2939 563 3169 617 poenam
3221 552 3586 619 contemptus
3617 564 3759 618 ope-

2059 644 2234 691 ratur.
2277 637 2548 708 Alioquin
2597 654 2714 690 non
2766 637 2874 689 erit
2908 637 3062 705 justa
3102 635 3428 701 retributio,
3483 652 3609 707 qua
3656 640 3756 691 aut

2058 743 2161 797 per
2198 726 2478 796 supplicia
2523 726 2767 779 refertur
2822 725 3153 778 necessitate
3210 725 3597 794 peccantibus,
3659 729 3754 779 aut

2057 816 2267 870 bonam
2318 814 2636 868 mercedem
2677 813 2840 867 olfert
2888 813 3067 883 operi,
3119 813 3190 866 ad
3237 813 3392 883 quod
3444 815 3756 867 trahuntur

2057 903 2240 957 inviti.
2289 906 2431 972 Ergo
2481 903 2756 956 debemus
2805 902 3003 972 gratiae
3055 902 3209 972 quod
3239 917 3546 957 vocamur:
3590 902 3757 956 debe-

2060 1009 2184 1045 mus
2215 995 2433 1062 gratiae,
2485 993 2638 1061 quod
2697 993 2932 1044 occultis
2988 991 3313 1058 itineribus,
3365 992 3477 1045 nisi
3518 991 3750 1045 resista-

2060 1097 2202 1148 mus,
2238 1098 2406 1151 sapor
2434 1081 2600 1134 nobis
2644 1080 2829 1133 vitalis
2862 1081 3188 1136 infunditur
3220 1097 3233 1135 :
3287 1086 3500 1134 nostra:
3553 1085 3750 1134 tamen

2057 1171 2352 1224 electionis
2385 1175 2486 1235 est,
2521 1169 2671 1239 quod
2704 1169 2978 1222 beneficia
3005 1169 3396 1223 demonstrata
3440 1174 3746 1223 sectamur.

2056 1260 2156 1312 Via
2203 1259 2357 1311 enim
2405 1259 2683 1311 scelerum
2729 1274 2844 1310 non
2869 1257 3205 1326 imperatrix
3257 1262 3449 1310 nostra
3489 1273 3612 1311 esse
3671 1259 3750 1311 le-

2057 1348 2212 1418 gitur
2244 1348 2338 1401 sed
2381 1348 2614 1413 famula,
2660 1362 2789 1400 cum
2841 1346 2910 1400 de
2956 1345 3200 1414 peccatis
3259 1345 3465 1400 dicitur
3493 1365 3510 1399 :
3562 1345 3675 1401 Sub
3702 1348 3752 1399 te

2055 1436 2165 1490 erit
2191 1435 2485 1506 appetit-us
2523 1451 2714 1489 eorum
2743 1435 2908 1505 (Gen.
2931 1450 3006 1500 Iv,
3034 1435 3109 1503 7).
3143 1433 3291 1497 Quid
3319 1435 3474 1486 enim
3497 1433 3606 1486 sibi
3627 1435 3751 1488 vult

2057 1525 2325 1579 universa
2357 1524 2669 1594 prophetae,
2705 1523 2868 1594 quasi
2933 1522 3096 1575 sertis
3148 1522 3415 1576 redimita
3463 1523 3746 1576 elocutio:

2056 1613 2199 1668 Noti
2219 1612 2482 1668 zmulari
2507 1611 2659 1666 inter
2676 1611 3065 1682 malignantes
3095 1610 3486 1682 (Psal.xxxv1,
3522 1611 3574 1678 l)
3593 1627 3606 1676 ;
3626 1611 3749 1666 No-

2055 1702 2156 1756 lite
2184 1702 2466 1761 conﬁdere
2496 1700 2558 1754 in
2608 1700 2968 1772 principibus
3007 1699 3183 1768 (Psal.
3219 1716 3370 1764 CXLV,
3427 1700 3510 1770 3);
3558 1700 3750 1755 Nolite

2055 1791 2184 1862 ﬁeri
2209 1791 2356 1845 sicut
2404 1805 2580 1860 equus
2608 1792 2664 1842 et
2708 1789 2898 1844 mulus
2938 1788 3121 1859 (Psal.
3174 1805 3322 1853 xxxi,
3375 1788 3465 1858 9);
3506 1792 3562 1843 et
3593 1791 3746 1859 Apo-

2055 1881 2233 1934 stolus
2264 1898 2282 1934 :
2313 1879 2512 1934 Nolite
2538 1880 2666 1947 ﬁeri
2701 1877 2852 1933 servi
2890 1878 3184 1933 hominum
3218 1878 3281 1949 (ι
3331 1880 3456 1936 Cor.
3489 1894 3587 1946 vn,
3620 1879 3744 1946 23)?

2053 1969 2245 2024 Toties
2291 1967 2436 2022 Noli
2472 1969 2531 2021 in
2569 1984 2818 2038 superna
2856 1967 3270 2035 admonitione,
3323 1984 3436 2038 quo
3487 1967 3742 2037 respicit,

2053 2059 2099 2112 si
2122 2058 2276 2111 aliud
2306 2058 2451 2110 velle
2483 2073 2602 2110 non
2643 2057 2839 2110 licuit?
2873 2057 3086 2111 Deinde
3118 2056 3378 2127 quamvis
3408 2056 3467 2110 in
3500 2072 3748 2127 persona

2052 2147 2282 2212 Christi,
2318 2151 2511 2199 tamen
2537 2163 2643 2215 pro
2673 2145 2895 2199 arbitrii
2925 2145 3269 2216 astipulatur
3303 2145 3562 2216 ejusdem
3601 2162 3744 2216 pro-

2050 2237 2238 2306 phetas
2271 2237 2433 2290 nobis
2482 2235 2746 2288 libertate
2775 2235 3167 2302 testimonium
3201 2251 3214 2288 :
3260 2234 3338 2290 Ut
3375 2234 3628 2294 facerem
3655 2250 3746 2289 vo-

2051 2326 2328 2378 luntatem
2375 2328 2554 2390 tuam,
2588 2324 2741 2378 Deus
2789 2341 2968 2390 meus,
3022 2322 3176 2378 volui
3207 2322 3392 2394 (Psal.
3425 2339 3609 2390 xxxrx,
3669 2322 3741 2390 9),

2051 2414 2113 2466 Et
2145 2412 2278 2467 alibi
2308 2429 2320 2466 :
2363 2411 2705 2468 Voluntarie
2739 2411 3074 2481 sacriﬁcabo
3107 2411 3229 2467 tibi.
3265 2413 3328 2465 Et
3367 2427 3381 2465 :
3431 2413 3576 2467 Vota
3613 2427 3746 2466 mea

2051 2502 2289 2556 Domino
2315 2501 2574 2555 reddam.
2602 2502 2670 2554 Et
2698 2501 2906 2554 iterum
2941 2517 2954 2554 :
2997 2501 3204 2556 Vovete
3239 2503 3296 2554 et
3324 2499 3562 2554 reddite.
3597 2500 3743 2556 Illud

2050 2595 2241 2642 autem
2269 2590 2419 2643 beati
2452 2590 2716 2660 Apostoli
2757 2606 2871 2661 quo
2923 2607 2980 2644 se
3019 2590 3236 2643 muniri
3292 2590 3493 2656 credit,
3546 2605 3740 2643 exem-

2048 2679 2229 2749 plum,
2265 2680 2561 2733 nobiscum
2603 2679 2756 2746 facit,
2804 2679 2852 2732 si
2901 2695 3031 2750 quas
3081 2683 3402 2749 sequuntur
3455 2678 3731 2732 advertat.

2047 2784 2177 2822 cum
2227 2767 2492 2822 inimicus
2547 2769 2889 2838 arrogantiae
2943 2767 3134 2822 dixit:
3180 2767 3382 2823 Gratia
3428 2765 3532 2822 Dei
3586 2783 3740 2836 sum,

2044 2857 2193 2928 quod
2216 2873 2349 2912 sum
2383 2858 2441 2928 (Ι
2489 2858 2611 2913 Cor.
2641 2874 2728 2926 xv,
2769 2857 2873 2926 l0).
2937 2857 3059 2910 Mox
3109 2857 3284 2920 enim,
3327 2872 3400 2910 ne
3456 2855 3536 2909 sic
3571 2855 3740 2926 fugax

243 2948 548 3011 quaereret,
582 2932 691 3012 qui
717 2944 1102 3012 appetentiam
1134 2944 1258 3014 ejus
1285 2945 1354 2998 de
1385 2945 1677 2999 voluntate
1708 2946 1930 3000 subtra-
1971 2952 2011 3007 Ο
2041 2947 2241 3017 glorias
2273 2947 2623 3009 crederetur,
2653 2951 2719 2999 ut
2774 2946 2948 3014 longo
2981 2945 3284 2998 intervallo
3311 2960 3344 2997 a
3372 2943 3608 2997 veritate
3639 2944 3738 2998 de-

240 3031 437 3084 xerat?
476 3031 584 3085 Sed
612 3032 774 3100 juxta
802 3033 1160 3102 Apostolum,
1187 3033 1465 3104 Nunquid
1493 3036 1722 3104 iniquus
1756 3034 1938 3088 Deus?

241 3119 390 3173 absit
428 3119 578 3187 (Gal.
632 3137 690 3187 n,
745 3120 846 3190 l7).
897 3122 1050 3174 Inter
1080 3122 1340 3176 homines
1391 3138 1422 3174 a
1462 3126 1600 3176 recti
1654 3123 1937 3177 discordat

243 3208 469 3272 affectu,
501 3207 601 3278 qui
638 3225 669 3261 a
697 3208 964 3279 subjectis
996 3210 1192 3281 exigit,
1226 3211 1380 3281 quod
1415 3211 1473 3264 in
1501 3217 1788 3280 potestate
1819 3227 1934 3264 non

243 3295 447 3349 tribuit
481 3297 628 3350 :hoc
663 3297 733 3351 de
772 3298 886 3351 Deo
923 3315 1034 3368 qua
1085 3300 1436 3353 conscientia
1477 3301 1776 3368 sentiatur,
1830 3301 1936 3354 ad-

244 3385 464 3438 vertite.
502 3385 608 3439 Ubi
657 3391 742 3439 est
787 3386 928 3440 illud
966 3388 1222 3456 Apostoli
1261 3388 1582 3453 clamantis,
1624 3394 1680 3442 et
1708 3405 1812 3458 pro
1843 3405 1933 3442 ar-

241 3473 391 3526 bitrii
424 3473 686 3526 libertate
720 3475 1177 3540 testantis,Vetle
1207 3476 1437 3544 adjacet
1466 3475 1632 3543 mihi,
1667 3480 1936 3548 perﬁcere

243 3565 429 3615 autem
455 3577 569 3615 non
594 3560 818 3615 invenio
847 3562 1026 3632 (Rom.
1061 3579 1157 3630 vn,
1186 3564 1268 3633 18)
1292 3567 1320 3618 ?
1348 3565 1485 3635 quid
1517 3571 1600 3619 est
1620 3565 1798 3633 aliud,
1825 3567 1934 3620 nisi

243 3651 449 3717 dicere,
499 3651 642 3705 Novi
693 3652 953 3706 dextrum
999 3653 1106 3706 iter
1151 3653 1391 3724 eligere;
1445 3655 1536 3707 sed
1581 3655 1690 3708 nisi
1737 3656 1935 3726 ingre-

242 3740 495 3794 dientem
524 3740 738 3810 juverit
766 3741 949 3812 gratia
980 3757 1248 3812 superna,
1281 3743 1566 3798 lassabor?
1608 3746 1784 3799 Nemo
1827 3746 1932 3799 du-

239 3829 400 3897 bitat,
429 3846 601 3884 nemo
650 3831 1010 3898 condemnat,
1059 3833 1213 3902 quod
1264 3838 1494 3887 auctore
1552 3835 1750 3904 gratiae
1780 3851 1930 3905 pra:-

239 3921 420 3970 stante
459 3922 518 3971 et
565 3918 685 3988 ipse
738 3918 1023 3988 aequitatis
1067 3919 1406 3974 'hominibus
1449 3921 1608 3975 callis
1651 3923 1927 3992 aperitur.

241 4005 358 4059 Dux
382 4006 540 4059 enim
566 4006 849 4060 bonorum
881 4012 938 4061 et
967 4023 1277 4078 praecessor
1328 4013 1412 4063 est
1461 4010 1666 4079 gratia,
1699 4012 1929 4081 quando

239 4095 457 4148 caelitus
512 4095 819 4166 multiplici
873 4097 939 4150 ad
984 4097 1239 4167 requiem
1303 4097 1618 4152 invitamur
1654 4099 1926 4154 hortatu:

238 4183 468 4253 quando
499 4184 665 4237 nobis
682 4185 889 4238 dicitur
918 4202 930 4239 :
973 4186 1196 4248 Venite,
1221 4185 1361 4255 ﬁlii,
1396 4187 1593 4243 audite
1619 4206 1708 4242 me
1733 4190 1925 4258 (Psal.

237 4288 432 4337 xxxni,
457 4278 472 4326 l
495 4273 572 4342 1);
605 4273 823 4338 Venite,
857 4274 1134 4329 benedicti
1152 4276 1352 4331 Patris
1376 4276 1510 4343 mei,
1531 4277 1812 4346 possidete
1834 4296 1930 4350 pa-

236 4366 423 4414 ratum
450 4360 607 4414 vobis
630 4376 866 4432 regnum
907 4362 1146 4430 (Matth.
1181 4381 1308 4432 xxv,
1346 4367 1467 4436 3t);
1509 4366 1618 4420 Ubi
1645 4383 1746 4437 ego
1773 4383 1926 4434 sum,

238 4449 313 4503 ibi
365 4450 476 4505 erit
520 4454 576 4503 et
619 4450 886 4504 minister
921 4468 1082 4506 meus
1117 4454 1316 4522 (Joan.
1346 4471 1442 4519 xu,
1495 4455 1602 4525 26).
1654 4455 1761 4510 Sed
1815 4457 1927 4511 nisi

237 4539 444 4592 talibus
479 4539 709 4605 moniti,
743 4546 798 4594 et
836 4541 1096 4595 voluntas
1131 4547 1323 4597 nostra
1354 4560 1482 4615 quae
1516 4544 1691 4598 libera
1721 4549 1821 4613 est,
1874 4551 1930 4600 et

306 4669 430 4740 {De
449 4664 685 4740 arbitrii
715 4664 995 4740 libertate]
1018 4667 1211 4740 Tacito
1243 4668 1476 4722 nomine
1509 4671 1816 4740 quemdam
1843 4687 1929 4725 re-

238 4736 397 4809 fellit,
429 4739 528 4806 qui
579 4737 828 4809 liberum
859 4738 1181 4809 arbitrium,
1216 4740 1367 4809 quod
1418 4747 1479 4792 ut
1525 4736 1626 4795 lib.
1679 4743 1748 4794 de
1793 4743 1928 4796 Cor-

239 4806 494 4879 reptione
524 4811 578 4859 et
619 4807 812 4879 Gratia
845 4808 1006 4862 docet
1031 4811 1090 4862 D.
1122 4806 1494 4879 Augustinus,
1524 4817 1579 4864 et
1612 4813 1676 4865 ad
1713 4813 1929 4866 malum

241 4884 290 4950 et
307 4878 375 4930 ad
407 4879 632 4950 bonum
663 4878 987 4932 faciendum
1021 4882 1411 4934 conﬁtendum
1438 4887 1520 4935 est
1559 4899 1663 4935 nos
1693 4885 1926 4950 habere,

243 4948 578 5001 deteriorem
606 4954 829 5002 tantum
848 4951 903 5002 in
923 4958 1143 5019 partem
1168 4953 1364 5006 datum
1381 4953 1716 5008 affirmabat.
1745 4948 1928 5018 Quam

244 5018 481 5070 heresin
515 5035 644 5092 cum
670 5018 962 5088 aptissime
996 5023 1302 5092 redarguat
1345 5025 1654 5080 Ennodius.
1686 5027 1931 5078 revinca-

242 5094 447 5158 turque
488 5091 557 5142 ab
601 5092 863 5164 universa
909 5092 1097 5146 schola
1140 5091 1565 5164 theologorum,
1603 5101 1725 5148 tum
1777 5103 1927 5149 vete-

245 5175 386 5216 rum.
420 5167 541 5212 tum
587 5163 994 5225 recentiorum,
1030 5165 1128 5232 qui
1170 5166 1237 5217 de
1265 5163 1442 5219 libero
1479 5167 1717 5220 arbitrio
1753 5167 1927 5220 disse-

245 5237 394 5294 runt,
429 5231 732 5304 miliisatis
789 5238 870 5304 est
928 5231 1119 5287 Graeca
1175 5236 1375 5290 Irenz-ni
1443 5238 1611 5291 verba
1645 5254 1674 5292 e
1729 5239 1820 5292 lib.
1855 5255 1926 5304 1v,

243 5315 367 5376 cap:
395 5303 481 5365 7?,
507 5318 629 5370 quae
659 5303 1014 5376 Ennodianis
1045 5310 1399 5376 argumentis
1427 5309 1636 5374 favent,
1671 5317 1727 5362 et
1757 5312 1929 5376 vulgo

245 5371 406 5452 obvia
439 5389 553 5452 non
579 5382 731 5452 sunt,
757 5374 812 5452 in
839 5375 1089 5452 medium
1113 5371 1467 5452 proponere.
1599 5371 1747 5450 φύσει
1773 5383 1819 5431 οἱ
1841 5371 1930 5452 μὲν

246 5441 447 5517 φαῦλοι,
483 5439 635 5517 nidi
676 5442 862 5513 ἁγαθοὶ
903 5439 1162 5517 γέγόνοισι,
1210 5439 1319 5501 οὗθ’
1359 5451 1499 5502 οὗτοι
1543 5439 1813 5516 ἐπὰινετοὶ,
1841 5439 1933 5502 ’ὅν-

246 5530 320 5573 τες
367 5510 594 5592 ἀγᾳθοίχ
621 5523 846 5568 τοιοῦτοι
891 5510 989 5592 ᾦάῥ
1035 5524 1541 5592 κανεο-κευάσθησαν·
1599 5523 1704 5574 οὐτ’
1753 5524 1931 5577 ἐκεῖνοι

248 5590 483 5658 fiatﬁat.
536 5587 701 5646 οὕτως
747 5587 1022 5658 γεγονότὲς.
1080 5591 1210 5643 ’ΛὪΓ
1278 5590 1454 5651 ἐπειδὴ
1507 5596 1553 5644 οἱ
1608 5598 1789 5648 πάντες
1841 5602 1929 5655 τῆς

248 5655 402 5715 αὐτῆς
435 5658 533 5706 εισι
567 5662 786 5726 φύσεως,
838 5657 1163 5732 ὃυνάμενοίτε
1196 5674 1482 5734 aurae-[etv
1527 5671 1612 5715 καὶ
1653 5668 1842 5738 πρᾶξαι
1875 5670 1930 5717 τὸ

2046 3035 2326 3099 scisceret,
2359 3033 2585 3104 sapiens
2612 3033 2960 3086 architectus
2992 3031 3253 3101 adjunxit
3279 3047 3292 3085 :
3331 3030 3738 3085 Abundantius

2044 3121 2300 3178 omnibus
2329 3121 2604 3188 laboravi,
2637 3125 2693 3175 et
2717 3119 2912 3192 gratia
2944 3119 3044 3175 Dei
3081 3119 3143 3173 in
3166 3135 3258 3173 me
3283 3135 3458 3192 egena
3487 3135 3597 3174 non
3625 3118 3739 3182 fuit

2046 3211 2286 3282 (Ibid.).,
2349 3211 2503 3282 quod
2547 3210 2756 3264 dixisse
2806 3215 2939 3264 est:
2982 3209 3235 3265 Christus
3285 3209 3348 3261 in
3400 3225 3511 3277 me,
3564 3225 3737 3280 quem

2045 3302 2215 3372 digne
2270 3306 2367 3355 aut
2423 3301 2780 3355 abundanter
2835 3303 3259 3366 muneraretur,
3317 3298 3554 3353 invenit.
3613 3300 3739 3353 Non

2045 3392 2199 3445 enim
2248 3407 2466 3461 pauper
2495 3396 2582 3444 est
2634 3389 2828 3444 divina
2867 3389 3053 3460 gratia
3085 3405 3098 3442 :
3140 3389 3238 3443 sed
3269 3387 3609 3442 meritorum
3639 3403 3739 3442 no-

2043 3485 2289 3534 strorum
2319 3484 2555 3549 putatur
2586 3479 2834 3550 quadam
2869 3479 3049 3532 macie
3073 3482 3171 3531 aut
3201 3478 3452 3532 exilitate
3483 3476 3731 3532 tenuari.

2043 3569 2180 3633 Quae
2206 3573 2342 3623 tunc
2371 3585 2489 3622 non
2505 3568 2621 3622 suis
2639 3568 2958 3622 aestimatur
2975 3566 3258 3621 meatibus
3275 3567 3476 3632 fluere,
3503 3566 3734 3637 quando

2043 3658 2115 3712 de
2144 3659 2266 3728 ejus
2286 3648 2544 3711 cursibus
2572 3657 2850 3711 ariditatis
2881 3661 3092 3711 nostra?
3131 3672 3273 3709 vena
3315 3655 3396 3710 nil
3435 3655 3658 3726 recipit.
3690 3656 3734 3711 Ο

2043 3747 2091 3802 si
2143 3747 2465 3818 epistolaris
2516 3751 2808 3818 pateretur
2848 3746 3110 3817 angustia
3153 3760 3448 3799 sacrorum
3488 3743 3732 3798 volumi-

2045 3852 2186 3890 num
2221 3853 2427 3890 arcana
2473 3835 2740 3890 reserari!
2785 3837 2891 3892 Sed
2931 3835 3106 3889 timeo
3131 3851 3202 3888 ne
3231 3834 3331 3906 qui
3371 3835 3591 3888 nullam
3624 3850 3730 3904 po-

2039 3925 2190 3991 terit,
2220 3925 2334 3979 Deo
2365 3925 2702 3995 inspirante,
2736 3925 2796 3979 in
2829 3925 2941 3979 ﬁde
2977 3928 3172 3979 nostra
3211 3922 3471 3978 invenire
3516 3923 3732 3977 calum-

2039 4015 2216 4080 niam,
2265 4015 2333 4068 de
2381 4014 2607 4084 paginae
2667 4013 2993 4084 prolixitate
3037 4019 3318 4069 causatur.
3381 4012 3526 4078 Quid
3563 4011 3728 4078 illud,

2039 4118 2153 4173 qua
2183 4106 2373 4155 mente
2403 4102 2677 4172 suscipit:
2713 4103 2866 4156 Ecce
2897 4118 3111 4173 aquam
3141 4105 3195 4156 et
3223 4100 3528 4172 ignem,ad
3556 4100 3732 4173 quod-

2037 4189 2122 4244 vis
2145 4189 2377 4261 porrige
2405 4206 2640 4243 manum
2679 4189 2878 4260 (Eccli.
2908 4207 2999 4256 xv,
3030 4189 3148 4259 l7)?
3178 4191 3318 4261 quid
3348 4191 3458 4244 alia
3480 4206 3608 4261 quin
3637 4206 3732 4243 co-

2041 4280 2236 4349 piosus
2287 4283 2528 4332 assertor
2583 4277 2709 4347 ipse
2737 4279 3066 4349 replicasti?
3107 4278 3286 4332 Credo
3325 4293 3485 4332 more
3517 4276 3732 4347 aspidis

2039 4368 2248 4433 clausa,
2273 4371 2337 4420 ut
2367 4367 2549 4431 aiunt,
2582 4382 2720 4419 aure
2751 4365 3034 4420 transivit.
3070 4367 3244 4419 Video
3290 4381 3404 4436 quo
3447 4382 3505 4419 se
3545 4364 3726 4419 toxica

2037 4456 2253 4527 Libyca)
2290 4456 2463 4526 pestis
2495 4455 2800 4508 extendant
2831 4469 2842 4508 :
2877 4470 3152 4508 arenosus
3182 4453 3414 4508 coluber
3459 4469 3576 4508 non
3605 4454 3730 4508 haec

2039 4547 2158 4600 sole
2211 4545 2380 4600 habet
2427 4545 2768 4615 perniciosa,
2829 4559 2958 4616 quae
3007 4547 3258 4598 reserat:
3294 4543 3364 4598 ad
3396 4541 3729 4598 aestimatio-

2036 4669 2250 4741 ἀγαθὸν,
2303 4673 2392 4741 uti
2453 4665 2728 4741 δυνάμενοι
2787 4668 2940 4741 πάλιν
2995 4666 3270 4720 ἀποϐαλεῖν
3323 4667 3477 4741 οιύτὸξ
3525 4670 3611 4718 καὶ
3658 4672 3728 4740 μὴ

2038 4737 2283 4803 ποιῆσαι,
2347 4737 2694 4802 δικαεως’καὶ
2750 4747 2868 4815 παρ’
2917 4738 3206 4815 ἀνθρώποις
3266 4747 3374 4802 τοῖς
3429 4737 3734 4812 εὐνομουμέ-

2037 4832 2160 4876 νοις,
2214 4816 2299 4863 καὶ
2345 4811 2474 4864 πολὺ
2528 4812 2771 4884 πρός-ἱερου
2817 4809 2960 4885 impii
3009 4809 3122 4881 Θεῷ
3164 4813 3212 4862 οἱ
3259 4815 3346 4885 μὶν
3385 4809 3729 4885 ἐπαινοῦνξαι,

2039 4887 2124 4934 καὶ
2162 4881 2308 4944 ἀξίοις
2351 4879 2694 4967 τυγχάνουσί
2715 4879 3000 4967 μαρτυρίας
3049 4879 3140 4943 τῆς
3178 4879 3269 4935 τοῦ
3310 4881 3468 4933 καλοῦ
3510 4879 3730 4967 καρῗλου

2039 4953 2246 5024 ἐκλογῆς
2301 4951 2724 5025 κοιὶ⁷ἓ1ἰἰ“ιλιοιοῑῑ⁴)ς,⁷
2776 4951 2822 5005 οἱ
2882 4951 2940 5008 δὲ
2996 4963 3382 5018 καταιτιῶνται,
3443 4957 3530 5025 κοιὶ
3582 4951 3729 5014 ἀξίας

2038 5022 2364 5096 τυγχᾴνουσι
2407 5022 2595 5096 ζημίὲις
2635 5033 2728 5085 τῆς
2776 5032 2865 5077 τοῦ
2903 5024 3060 5077 καλοῦ
3100 5031 3189 5076 καὶ
3234 5024 3430 5096 ἀγαθοῦ
3473 5022 3729 5096 ἀποϐολῆς

2042 5091 2262 5148 Keil—diu
2303 5091 2540 5147 τοῦτο’οἰ
2577 5105 2836 5171 προφῆται
2877 5102 3136 5171 πᾳρὴνουν
3175 5091 3286 5158 τοῖέ
3325 5091 3730 5171 ἀνθρώςποιςῼδι-

2045 5116 2141 5148 nou.
2173 5116 2262 5148 οια
2303 5116 2452 5147 τουτο
2492 5116 2540 5147 οι
2577 5116 2836 5171 προφηται
2877 5118 2949 5149 πα
2986 5117 3136 5154 ηνουν
3175 5117 3281 5158 τοις
3325 5116 3612 5168 ανσρωποις
3646 5116 3730 5146 οι-

2040 5170 2387 5241 καίοπραγεῖν,
2437 5171 2524 5218 καὶ
2571 5173 2628 5220 τὸ
2679 5169 2870 5241 ais/ordes
2923 5116 3310 5241 ἐξεργοξζεσθοιι,
3346 5169 3438 5241 -ὼς
3489 5165 3570 5241 ἐφ’⁵
3608 5167 3730 5241 ἡμῖν

2040 5218 2310 5310 ὃντοςᾉιτδῡ
2349 5218 2586 5290 τιοιούτου
2627 5218 2736 5291 καὶ,
2763 5237 2854 5292 διὰ
2891 5218 3206 5310 τὴνιτξολλήν
3245 5237 3482 5310 apsum.
3520 5218 3600 5296 ἐἰς
3643 5218 3731 5310 iw}:

2043 5312 2133 5368 Θην
2172 5308 2586 5376 ἐκπὲπτωκότων,
2635 5315 2721 5362 καὶ
2761 5316 2967 5382 γνώμης
2996 5307 3290 5382 ,δεομένωί
3326 5307 3543 5379 ἀγαθῆς,
3597 5310 3658 5364 ἦν
3704 5307 3729 5358 ἀ

2040 5379 2234 5452 air/r1106;
2269 5383 2395 5441 Θεὸς
2419 5386 2654 5453 παρέσχε
2683 5377 2951 5454 music-risui
2983 5377 3074 5432 διὰ
3103 5377 3201 5433 ἐῶν
3226 5377 3520 5452 προφὴτῶι.
3553 5384 3730 5431 Ταῦτα

2040 5450 2137 5526 γὰρ
2177 5454 2346 5504 πάντα
2386 5472 2442 5504 το
2473 5450 2805 5516 aurigenae»
2837 5450 3154 5505 ἐπιδείκνυσι
3193 5450 3282 5503 τοῦ
3312 5450 3612 5528 ἀνθρώπουζ
3644 5455 3730 5502 καὶ

2042 5521 2568 5599 ὲοσυμιϐουλενῖικὸν
2603 5529 2692 5599 τοῦ
2735 5529 2867 5577 Θεοῦ
2916 5523 3291 5599 ἀποτρέποντος
3329 5521 3418 5597 μ.ὶῦ
3461 5529 3552 5576 τοῦ
3589 5521 3732 5574 ἀπει-

2045 5596 2144 5645 Θεῖν
2177 5594 2336 5664 ages-7,,
2376 5594 2503 5647 ius
2533 5601 2600 5668 μὴ
2638 5594 2969 5667 βιαζομένου·
