4102 6182
350 245 414 299 51
1554 242 1836 297 ΕΝΝΟΟΙΙ
1882 243 2030 297 EPIS

2147 245 2197 298 ?I
2234 243 2619 298 'I‘ICINENSIS
3777 249 3843 299 52

348 398 481 439 nem
502 381 856 439 occultorum
889 380 1206 437 facinorum
1235 380 1468 436 ferenda
1494 386 1773 451 suntquae
1797 381 2028 435 fatetur.
2070 381 2117 434 A
2144 384 2198 435 et
2227 380 2486 451 quamvis
2517 379 2750 434 utilitati
2781 380 2903 450 ejus
2934 379 3075 434 nihil
3125 379 3407 451 adjiciam,
3443 397 3695 436 amorem
3753 388 3837 437 ta-

345 473 473 527 Vult
503 471 657 525 enim
690 472 759 525 ad
814 470 956 525 illud
1013 471 1359 541 pertingere.
1411 469 1713 524 Neminem
1744 486 1847 525 suo
1898 470 2037 523 vitio

346 566 447 615 aut
478 560 836 632 negligentia
856 560 1065 631 perire,
1101 559 1148 613 si
1174 560 1346 613 homo
1371 558 1671 629 utriusque
1694 560 1777 613 rei
1806 559 1939 613 boni
1985 565 2041 613 et

343 649 481 703 mali
535 665 638 719 per
720 652 1061 719 potestatem
1116 663 1377 701 concessa
1432 648 1710 703 electione
1757 649 2031 719 privatur.

343 735 459 790 Hos
489 741 713 791 tantum
741 737 913 807 jactat
964 735 1216 806 potuisse
1266 735 1470 789 salvari
1525 736 1646 790 sine
1674 737 1867 791 labore
1898 735 2034 803 ullo,

341 824 462 881 sine
517 826 919 880 mandatorum
986 824 1256 890 amicitia,
1325 840 1467 894 quos
1512 826 1947 895 peregrinantes
2003 843 2035 879 a

340 915 546 969 merito
575 914 736 969 favor
767 919 990 968 tantum
1021 913 1265 967 caelestis
1297 913 1532 983 eripuit.
1578 915 1843 982 Proinde,
1880 918 2034 986 quod

339 1001 401 1056 in
448 1005 638 1073 ipsum
686 1002 986 1069 referatur,
1049 1002 1176 1054 illos
1226 1001 1461 1071 periisse
1535 1002 1828 1073 intelligit,
1892 1020 2035 1074 quos

339 1093 524 1162 gratia
553 1092 740 1145 noluit
769 1090 961 1144 divina
1010 1089 1273 1144 liberare.
1318 1090 1401 1144 Tu
1450 1090 1530 1144 mi
1585 1092 1835 1159 domine,
1885 1093 2034 1145 salve

341 1181 513 1243 dicto,
545 1180 633 1235 fac
659 1179 809 1249 apud
860 1183 915 1232 te
969 1181 1030 1231 ut
1071 1176 1221 1231 sies:
1262 1180 1317 1229 et
1362 1176 1409 1229 si
1451 1178 1640 1231 sanari
1681 1178 2031 1247 mancipium

335 1269 535 1323 mortis
561 1284 678 1321 non
712 1271 914 1337 potest,
940 1280 972 1319 a
1001 1265 1367 1318 contentione
1402 1265 1607 1319 desiste
1642 1282 1653 1319 :
1698 1282 1768 1319 ne
1812 1282 1940 1320 cum
1979 1272 2032 1319 te

345 1356 480 1411 ﬁdei
507 1357 693 1411 radice
739 1355 914 1409 fultus
948 1354 1134 1407 valida
1174 1353 1395 1421 niteris,
1439 1354 1533 1407 ille
1579 1354 1681 1407 sub
1736 1355 2031 1409 occasione

337 1446 511 1515 hujus
541 1442 966 1507 controversiae,
1001 1446 1133 1495 ante
1167 1441 1435 1495 editionis
1467 1446 1717 1512 tempus,
1754 1443 1932 1497 divini
1957 1461 2033 1497 se-

335 1533 508 1589 minis
536 1532 607 1587 ab
630 1532 959 1602 aliquorum
991 1534 1154 1583 utero
1187 1535 1385 1599 partus
1416 1530 1682 1584 excutiat.

947 1616 1287 1672 EPISTOLA
1325 1618 1423 1670 XX.

789 1720 1113 1761 ENNODIUS
1159 1719 1584 1760 CONSTANTIO.

406 1796 577 1852 Dabis
612 1794 835 1850 veniam
868 1795 1017 1866 quod
1070 1796 1218 1849 celer
1265 1795 1549 1866 rescripsi,
1586 1794 1685 1865 qui
1739 1795 1895 1849 aetati
1928 1795 2028 1850 ad-

336 1886 446 1940 huc
472 1886 649 1940 debeo
675 1885 983 1939 indocilem
1004 1884 1445 1938 festinationem.
1482 1886 1585 1937 Vos
1627 1886 1932 1938 maturitas
1968 1890 2026 1938 et

336 1975 554 2046 pondus
600 1974 779 2028 decet.
822 1973 1069 2027 Proinde
1114 1974 1440 2026 credentem
1488 1972 1695 2038 fovete,
1750 1978 1806 2026 et
1848 1989 2030 2044 nugas

341 2080 495 2117 meas
524 2079 557 2116 a
584 2062 814 2133 publico
856 2063 1045 2133 rigore
1074 2061 1371 2115 subducite
1410 2077 1422 2115 :
1448 2062 1585 2132 quia
1618 2062 1665 2114 si
1696 2061 1905 2132 pagina
1934 2079 2031 2115 no-

336 2158 451 2206 stra
484 2152 497 2186 ί
532 2167 623 2207 res
672 2167 907 2221 crepera
936 2155 1105 2221 atque
1138 2167 1343 2221 anceps
1375 2155 1481 2219 est,
1511 2150 1789 2221 jussionis
1820 2155 2029 2205 vestrm

337 2257 394 2296 se
424 2243 616 2294 tuetur
658 2239 1002 2310 patrocinio,
1051 2239 1121 2293 ab
1173 2240 1279 2292 hoc
1328 2239 1481 2309 quod
1537 2255 1708 2292 nemo
1750 2238 2030 2309 imperata

336 2328 571 2383 fastidit.
606 2328 739 2382 Vale
769 2344 907 2398 ergo
943 2328 1156 2393 dicens,
1199 2328 1440 2398 legenda
1471 2328 1813 2382 commendo
1862 2345 1873 2382 :
1933 2330 2031 2383 fiet

339 2417 554 2471 etenim
588 2421 649 2469 ut
677 2418 916 2487 posthac
971 2416 1117 2469 bene
1161 2417 1377 2487 accepti
1414 2417 1483 2470 ad
1523 2418 1844 2486 parendum
1882 2418 2026 2472 dele-

341 2506 521 2561 nificae
570 2504 905 2560 obedientim
934 2504 1180 2558 stimulis
1209 2504 1534 2559 incitemur.

937 2593 1266 2648 EPISTULA
1303 2594 1429 2648 XXI.

841 2698 1165 2738 ENNODIUS
1210 2684 1230 2716 ²
1274 2698 1531 2737 ALBINO.

409 2772 624 2835 Quater
645 2772 712 2826 ad
735 2771 1195 2842 magnitudinem
1219 2776 1466 2825 vestram
1480 2770 1686 2841 scripta
1698 2773 2026 2843 prorogavi,

336 2865 394 2917 et
448 2861 632 2915 adhuc
672 2865 950 2932 tanquam
1028 2861 1188 2915 deses
1256 2861 1757 2930 accusor:lingua
1818 2862 2027 2916 milita-

2150 487 2280 524 men
2310 486 2553 537 mereor,
2587 470 2735 541 quod
2768 469 3029 540 przedicti
3064 469 3223 539 jussa
3252 470 3550 540 complevi.
3588 472 3837 525 Venera—

2147 559 2250 613 bili
2282 576 2417 629 ergo
2446 558 2677 612 domino
2713 558 3072 611 salutationis
3111 559 3450 629 obsequium
3479 560 3837 630 impertiens,

2144 664 2363 719 precor,
2398 653 2461 702 ut
2482 648 2630 701 circa
2660 648 3015 717 diligentiam
3057 664 3217 701 suam
3250 647 3551 717 praedictus
3591 649 3674 702 vir
3714 665 3840 703 ma-

2145 738 2389 807 gniﬁcus
2416 736 2672 806 recipiat,
2719 736 2868 807 quod
2920 735 3088 801 mihi,
3136 736 3275 789 dum
3325 751 3421 789 vos
3466 737 3621 804 colit,
3672 737 3835 790 exhi-

2144 825 2285 880 buit.
2320 825 2455 880 Novi
2483 826 2635 880 enim
2666 826 2775 879 cito
2830 824 3254 894 amplissimum
3300 824 3488 878 virum
3534 826 3602 880 ad
3651 826 3837 879 cordis

2146 916 2316 968 vestri
2343 931 2466 969 esse
2496 915 2814 986 penetralia
2844 914 3297 984 perducendum,
3345 931 3517 985 quem
3561 916 3836 969 innocens

2145 1005 2499 1075 propositum
2530 1005 2647 1059 suis
2671 1004 2778 1058 erit
2812 1004 2959 1073 apud
2989 1020 3089 1057 vos
3122 1003 3347 1058 dotibus
3385 1004 3738 1074 adjuturum.

2710 1110 3045 1165 EI’ISTOLA
3084 1110 3264 1164 XXIII.

2284 1214 2496 1254 DOMNO
2541 1213 2657 1254 SUO
2704 1214 2945 1253 FAUSTO
2991 1214 3319 1254 ENNODIUS
3366 1214 3703 1255 DIACONUS.

2214 1306 2344 1361 Sine
2367 1306 2667 1376 dispendio
2716 1306 2909 1359 tutelas
2949 1305 3245 1373 orbantur,
3280 1322 3424 1378 quos
3457 1307 3527 1360 ad
3567 1323 3663 1359 vos
3703 1322 3834 1377 per-

2142 1396 2324 1450 tinere
2357 1394 2663 1465 contigerit
2696 1410 2708 1448 :
2743 1410 2858 1447 non
2891 1395 3097 1447 desunt
3125 1394 3238 1447 illis
3290 1400 3527 1465 paterna
3557 1395 3831 1463 subsidia,

2142 1501 2282 1554 quos
2335 1484 2557 1539 fovetis.
2622 1483 2962 1554 Lupicinum
2993 1481 3015 1516 ⁵
3058 1483 3361 1554 Euprepiae
3407 1489 3613 1538 nostra-
3649 1486 3833 1538 filium

2139 1574 2343 1644 loquor
2375 1590 2386 1627 :
2425 1574 2496 1626 ad
2550 1573 2740 1643 ipsum
2777 1573 3027 1641 pertinet
3057 1574 3291 1643 praefata
3325 1573 3664 1643 generalitas
3699 1590 3711 1626 :
3763 1574 3833 1627 de

2070 1680 2109 1733 Β
2140 1663 2301 1732 cujus
2355 1662 2669 1716 substantia
2703 1662 2962 1715 sublimis
2997 1662 3100 1728 vir,
3149 1666 3446 1715 venerator
3493 1667 3674 1715 vester
3698 1667 3715 1697 ⁸
3744 1679 3832 1716 co-

2142 1769 2261 1806 mes
2300 1752 2532 1806 Tancila
2564 1751 2707 1804 dixit
2732 1750 2894 1815 mihi,
2920 1753 2988 1803 al5
3020 1751 3231 1804 domno
3262 1754 3455 1804 nostro
3482 1767 3632 1821 rege,
3676 1752 3830 1821 quod

2140 1841 2339 1896 referri
2371 1856 2541 1911 grave
2575 1841 2666 1902 sit,
2697 1841 3087 1910 impetratum.
3135 1840 3277 1893 Nam
3313 1839 3601 1893 universas
3634 1840 3833 1893 matris

2140 1932 2260 2002 ejus
2287 1929 2645 1984 facultatulas
2679 1946 2709 1982 a
2739 1928 2948 1992 Torisa,
2984 1929 3071 1981 vel
3094 1928 3219 1981 aliis
3242 1929 3443 1982 asserit
3470 1929 3641 1982 fuisse
3670 1928 3831 1999 :com-

2140 2020 2363 2091 petitas.
2426 2018 2592 2072 Aliud
2640 2018 2791 2087 quod
2871 2017 3192 2071 infelicitati
3263 2017 3469 2087 pupilli
3516 2017 3830 2087 potuissem

2139 2113 2431 2179 praestare,
2464 2124 2579 2161 non
2628 2106 2827 2173 habui,
2881 2106 2991 2160 nisi
3040 2111 3104 2159 ut
3151 2110 3395 2160 vestram
3447 2106 3707 2160 notitiam
3748 2106 3832 2159 in-

2140 2204 2439 2264 struerem,
2484 2203 2539 2250 et
2567 2197 2687 2250 veri
2724 2196 3000 2266 fungerer
3028 2193 3292 2250 relatoris
3324 2194 3532 2249 officio.
3567 2196 3825 2249 Vestrum

2139 2291 2241 2353 est,
2276 2286 2591 2358 inspirante
2625 2288 2759 2349 Deo,
2820 2286 2969 2338 circa
3019 2284 3293 2337 miserum
3346 2283 3646 2353 providere
3679 2285 3833 2355 quod

2104 2422 2107 2425 .
2139 2377 2370 2445 adjuvet
2403 2392 2415 2429 :
2452 2375 2519 2429 ad
2560 2390 2651 2428 me
2684 2373 2951 2445 respexit,
2992 2390 3117 2444 qua:
3168 2373 3311 2427 mihi
3343 2374 3628 2443 resignata
3676 2379 3832 2442 sunt,

2078 2490 2081 2493 λ
2136 2466 2410 2520 indicare.
2447 2464 2819 2519 Dominivere
2862 2462 2975 2516 mei
2998 2462 3359 2516 salutationis
3391 2462 3663 2533 obsequia
3686 2480 3837 2533 prae-

2139 2558 2387 2621 sentans,
2422 2553 2490 2608 de
2523 2551 2825 2606 clementia
2855 2551 3049 2605 divina
3075 2552 3323 2621 postulo,
3357 2556 3419 2605 ut
3445 2551 3695 2606 laborem
3731 2569 3834 2606 ve-

2138 2649 2317 2697 strum
2340 2644 2612 2713 juvamen
2638 2641 2862 2695 caeleste
2885 2640 3213 2695 comitetur.

2705 2749 3043 2803 EPISTOLA
3081 2748 3262 2802 XXIV.

2286 2869 2492 2910 DOMNO
2536 2869 2648 2910 SUO
2684 2869 2925 2911 FAUSTO
2972 2868 3290 2909 ENNODIUS
3338 2868 3677 2909 DIACONUS.

333 2951 413 3005 Vit
460 2950 719 3043 _81fBCtlIi:_
793 2949 1093 3043 a_351d0it35
1160 2948 1519 3043 ἀξξίεθοξίδω
1578 2965 1693 3043 ηοξ]
1751 2956 2023 3043 ξιξέΓθίυΓς
2069 2986 2108 3043 C
2209 2960 2584 3032 Dispendinm
2646 2961 2817 3015 credo
2850 2976 2973 3014 esse
3027 2960 3359 3031 diligentiae,
3410 2961 3596 3014 nullas
3673 2976 3831 3015 com-

337 3039 516 3094 Credo
573 3034 865 3109 portitoris
922 3042 1018 3091 aut
1084 3038 1443 3109 negligentia
1497 3042 1596 3092 aut
1655 3038 1887 3108 invidia,
1957 3040 2026 3094 ad

336 3129 483 3182 hanc
535 3143 625 3182 me
670 3128 946 3182 offensam
1005 3127 1179 3181 fuisse
1238 3128 1600 3197 perductum.
1650 3129 1785 3182 Ecce
1833 3134 2027 3184 tamen

338 3216 546 3285 scripta
585 3216 924 3286 multiplico,
987 3219 1041 3268 et
1084 3231 1189 3284 pro
1234 3219 1365 3270 voto
1413 3221 1602 3270 vestro
1634 3219 2028 3287 prosperitatis

341 3320 482 3359 mea:
527 3304 737 3358 indicia
776 3304 1009 3370 faciens,
1055 3304 1123 3358 de
1155 3310 1343 3359 vestra
1388 3306 1555 3375 cupio
1598 3306 1866 3360 felicitate
1893 3323 2029 3377 gau-

340 3394 491 3447 dere.
524 3393 707 3460 Salve,
743 3393 817 3445 mi
852 3393 1105 3459 domine,
1132 3396 1189 3447 et
1219 3399 1510 3447 amantem
1542 3395 1713 3448 vestri
1743 3396 1845 3448 sub
1870 3397 2030 3449 omni

338 3482 671 3553 dignatione
704 3481 947 3535 relevate
982 3498 995 3535 :
1045 3482 1181 3552 quia
1213 3483 1327 3535 Deo
1359 3483 1684 3552 proximam
1719 3500 1839 3537 rem
1892 3484 2028 3538 faci-

341 3570 429 3636 tis,
462 3569 782 3640 patrocinio
827 3573 1013 3623 vestro
1054 3570 1383 3623 credentem
1428 3570 1601 3639 plena
1628 3570 1741 3625 ﬁde
1774 3577 1829 3626 et
1873 3588 2029 3626 com-

341 3658 613 3713 munione
644 3657 913 3712 relevare.

926 3743 1255 3799 EPISTOLA
1291 3746 1447 3800 XXII.

867 3846 1190 3887 ENNODIUS
1237 3848 1505 3888 FAUSTO.

410 3921 785 3993 Supervacuis
839 3921 910 3975 ad
938 3921 1220 3975 beneficia
1259 3922 1480 3977 laborat
1537 3923 1869 3993 impendiis,
1930 3926 2031 3997 qui

339 4012 520 4065 solem
549 4016 727 4065 certat
763 4011 979 4065 facibus
1004 4011 1277 4080 adjuvare
1313 4028 1325 4065 :
1360 4012 1561 4083 gratia:
1592 4015 1894 4083 plenitudo
1929 4016 2030 4069 ad—

334 4101 585 4172 jectione
626 4116 742 4155 non
789 4100 1011 4170 indiget
1043 4116 1055 4153 :
1090 4115 1195 4153 nec
1225 4101 1342 4155 ulla
1385 4102 1627 4173 requirit
1662 4106 2027 4159 commenda-

341 4190 513 4244 tionis
558 4194 888 4260 augmenta,
936 4206 1108 4260 quem
1169 4190 1240 4243 ad
1304 4192 1685 4247 amicitiarum
1731 4194 2028 4249 cumulum

2134 3051 2451 3107 meantium
2486 3065 2689 3103 manus
2720 3050 3043 3104 litterarum
3076 3049 3207 3103 dote
3235 3050 3546 3115 munerari,
3586 3066 3714 3120 qua:
3746 3068 3836 3104 so-

2136 3143 2256 3196 lent
2286 3140 2533 3194 lectione
2576 3139 2746 3193 etiam
2784 3140 2977 3195 vultus
3018 3139 3088 3192 ad
3120 3138 3448 3209 ,longinqua
3480 3143 3728 3208 portare,
3778 3142 3835 3191 et

2136 3244 2401 3282 carorum
2426 3228 2708 3295 imagines
2730 3227 2919 3283 officio
2940 3233 3285 3298 praesentare
3309 3228 3607 3282 sermonis.
3627 3228 3706 3281 Ad
3722 3227 3836 3280 ista

2134 3318 2400 3389 jungitur
2427 3317 2598 3370 etiam
2632 3317 2773 3370 bene
2805 3317 2873 3371 de
2898 3318 3195 3387 utriusque
3235 3318 3507 3370 merentis
3541 3316 3834 3369 sublimis-

2138 3406 2269 3460 simi
2298 3405 2588 3459 Luminosi
2619 3404 2912 3475 portitoris
2945 3406 3185 3471 occasio,
3239 3406 3339 3475 qui
3370 3405 3435 3459 ad
3488 3404 3829 3474 religionem

2140 3495 2480 3547 meritorum
2511 3498 2831 3546 vestrorum
2866 3509 2980 3545 suae
3014 3508 3240 3562 quoque
3268 3492 3468 3561 gratiae
3502 3491 3716 3544 fruetus
3740 3492 3841 3545 ad-

2132 3580 2344 3651 jungit.
2373 3581 2509 3646 Quis
2541 3580 2807 3651 geminus
2839 3580 3090 3651 patiatur
3120 3586 3183 3635 ut
3213 3582 3316 3634 sub
3356 3596 3699 3651 quacunque
3726 3596 3828 3633 ne-

2139 3670 2415 3739 gligentia
2444 3669 2750 3722 haberetur
2777 3670 3033 3735 affectus,
3072 3669 3116 3723 si
3149 3687 3180 3722 a
3228 3669 3455 3739 paginis
3494 3673 3833 3738 temperem,

2142 3774 2281 3828 quas
2305 3758 2559 3827 dignatio
2596 3762 2781 3812 vestra
2812 3760 3016 3828 exegit,
3052 3766 3107 3811 et
3136 3758 3182 3810 si
3212 3759 3338 3811 illas
3362 3756 3686 3811 nominatus
3713 3772 3833 3810 non

2142 3845 2381 3916 accipiat
2429 3846 2833 3915 perferendas?
2880 3848 2997 3900 Deo
3051 3846 3288 3915 gratias,
3343 3846 3498 3916 quod
3540 3846 3599 3897 in
3642 3845 3829 3898 fronte

2142 3935 2399 4004 epistolas
2429 3935 2727 3988 locandum
2778 3936 2906 4000 fuit,
2944 3934 3078 4005 quia
3127 3933 3364 3987 felicitas
3422 3939 3603 3987 vestra
3632 3933 3837 3987 votivis

2142 4026 2382 4093 erigitur
2411 4029 2575 4077 aucta
2605 4024 2985 4090 successibus;
3022 4024 3176 4094 quod
3198 4022 3429 4089 tumida
3461 4024 3827 4077 inimicorum

2140 4114 2326 4167 cervix
2356 4112 2578 4167 Christo
2604 4114 2717 4167 Deo
2748 4129 2861 4165 non
2892 4118 3123 4182 gravata
3156 4112 3491 4166 succumbit.
3542 4112 3649 4181 Spe
3681 4128 3827 4181 pra:-

2140 4218 2403 4272 ceperam
2458 4202 2609 4271 quod
2660 4202 2895 4255 affectus
2935 4201 3197 4254 ostendit.
3236 4202 3385 4255 Bene
3416 4199 3567 4254 enim
3600 4206 3833 4253 senten-

343 4280 549 4333 merita
578 4280 956 4351 pertulerunt.
991 4280 1276 4334 lllustrem
1310 4287 1366 4334 et
1395 4282 1697 4351 patricium
1728 4284 1923 4365 virum,
1946 4285 2033 4339 Al-
2070 4282 2114 4335 Ι)
2148 4293 2234 4346 tiae
2293 4290 2533 4345 caglestis
2579 4291 2754 4344 ﬁnem
2802 4291 3127 4360 prmnoscit,
3162 4290 3259 4360 qui
3305 4290 3461 4343 novit
3505 4289 3841 4359 qualitatem

341 4369 540 4424 binum
567 4369 1143 4439 parentemivestrum
1166 4370 1296 4440 styli
1319 4372 1432 4423 mei
1464 4387 1599 4425 cura
1628 4374 2027 4442 prosequitur:

342 4459 435 4513 cui
469 4473 571 4529 per
594 4459 866 4529 paginam
890 4472 1004 4512 non
1027 4458 1299 4530 impendo
1329 4461 1664 4529 necessaria,
1687 4462 1783 4515 sed
1812 4463 1996 4515 votiva
2022 4479 2034 4516 :

417 4586 574 4639 1Res
602 4600 848 4655 crepera
883 4586 1055 4655 atque
1084 4584 1329 4657 anceps],
1350 4585 1723 4655 Symmachus
1754 4587 1919 4656 epist.
1961 4592 1978 4641 l
2020 4606 2032 4643 :

342 4657 437 4710 Ita
464 4672 556 4709 res
578 4670 821 4726 crepera
840 4662 1013 4725 atque
1043 4672 1255 4727 anceps
1300 4656 1533 4710 dubium
1563 4674 1653 4710 me
1682 4658 1869 4711 habet.
1921 4661 2035 4714 Vox

344 4727 601 4796 antiqua,
634 4743 739 4795 pro
774 4727 945 4780 dubio
973 4731 1026 4779 et
1059 4729 1295 4780 incerto.
1354 4730 1549 4797 Itaque
1592 4728 1901 4781 Martianus
1934 4732 2035 4784 Ca-

344 4800 493 4877 pella
524 4798 620 4877 lib.
652 4814 669 4850 I
699 4798 937 4869 opponit
968 4799 1292 4877 perspicuo.
1321 4799 1415 4877 {Ve
1444 4804 1522 4860 tu,
1557 4799 1767 4868 inquit,
1798 4800 2033 4871 desipis,

342 4868 759 4940 admodumque
783 4868 1080 4943 perspicui
1103 4869 1292 4943 operis
1320 4868 1752 4943 ἔγειρομνημεῐογ,
1798 4868 2035 4926 noscens

341 4955 639 5021 creperum
665 4939 856 5021 sapis;
875 4957 978 5021 nec
993 4939 1176 5021 liquet
1194 4939 1509 5021 Hymenazo
1528 4939 1897 5021 prwsullante
1925 4944 2037 4997 dis-

340 5011 561 5077 positas
574 5011 809 5083 nuptias
824 5012 1127 5065 resultans.
1160 5013 1295 5083 Inde
1318 5019 1372 5064 et
1396 5011 1792 5082 crepusculum
1820 5015 2031 5069 dictum

344 5083 559 5155 volunt,
596 5081 731 5153 quia
764 5085 820 5136 in
854 5084 997 5155 lucis
1021 5081 1319 5155 noctisque
1358 5081 1627 5139 confinio.
1660 5085 2031 5155 Symmachus

344 5153 495 5207 idem
528 5152 690 5224 epist.
728 5160 756 5208 7
786 5154 1040 5208 Ausonio
1077 5170 1088 5208 :
1120 5152 1290 5206 Prius
1332 5170 1507 5223 quam
1536 5152 1882 5224 manifestus
1909 5157 2031 5211 dies

342 5240 634 5295 creperum
665 5226 1001 5281 absolveret.

415 5300 437 5331 ²
476 5296 713 5368 Albino]
767 5298 827 5350 V.
871 5299 912 5351 Ι.
958 5296 1217 5365 patricio,
1263 5296 1416 5366 quod
1466 5297 1630 5351 docet
1672 5316 1788 5352 non
1844 5300 2027 5352 solum

342 5367 609 5436 proxima
639 5367 877 5439 epistola
913 5368 1172 5433 Ennodii,
1205 5384 1405 5421 verum
1436 5370 1610 5422 etiam
1645 5371 1897 5439 epistola:
1931 5372 2031 5423 ali-

342 5444 485 5507 quot
509 5438 845 5492 Theodorici
884 5439 1038 5509 apud
1080 5439 1501 5493 Cassiodorum.
1543 5438 1689 5493 Item
1721 5442 2023 5496 consulari.

342 5509 485 5562 Nam
519 5510 714 5562 consul
766 5511 954 5564 fuerat
998 5526 1147 5563 anno
1194 5510 1296 5563 493
1344 5510 1453 5563 hoc
1503 5516 1589 5564 est
1618 5510 1865 5565 triennio
1904 5518 2030 5580 post

339 5580 629 5634 Faustum.
658 5582 855 5650 Itaque
897 5581 1165 5637 Albinum
1201 5582 1559 5635 consularem
1609 5588 1773 5635 vocat
1802 5584 2027 5638 Boetius

2148 4382 2270 4450 ejus
2318 4380 2385 4433 de
2445 4385 2671 4433 actuum
2721 4381 3112 4434 humanorum
3172 4379 3479 4432 serenitate
3543 4378 3837 4447 colligere.

2148 4470 2279 4523 Vale
2332 4486 2465 4540 ergo
2512 4471 2767 4539 longum,
2821 4470 2901 4522 mi
2945 4469 3199 4535 domine,
3250 4474 3305 4521 et
3349 4473 3635 4522 amantem
3672 4469 3847 4521 vestri

2146 4594 2244 4648 lib.
2298 4612 2310 4647 ι
2362 4596 2427 4647 de
2478 4596 2902 4658 Consolatione,
2951 4594 3019 4647 de
3078 4594 3435 4648 accusatione
3491 4610 3685 4663 agens,
3730 4610 3846 4662 qua

2146 4666 2455 4734 majestatis
2488 4666 2634 4735 apud
2688 4664 3104 4719 Theodericum
3148 4666 3289 4718 falso
3332 4667 3551 4719 delatus
3586 4670 3689 4718 est.
3732 4664 3842 4719 Sed

2146 4753 2214 4791 ex
2246 4736 2487 4790 Ennodii
2519 4736 2702 4789 verbis
2753 4737 2856 4789 hoc
2890 4742 3167 4805 praeterea
3222 4738 3509 4801 discimus,
3565 4736 3843 4789 Albinum

2148 4807 2337 4861 Fausti
2369 4812 2684 4877 parentem,
2719 4807 2822 4861 hoc
2849 4813 2931 4860 est
2962 4808 3351 4879 propinquum
3392 4812 3446 4861 et
3492 4807 3842 4876 consangui-

2146 4894 2317 4931 neum
2348 4879 2540 4932 fuisse.

2214 4948 2235 4982 ³
2264 4950 2561 5019 Euprepia:
2588 4948 2811 5018 nostra]
2853 4949 3074 5003 Sororis
3124 4949 3385 5003 Ennodii.
3440 4950 3623 5019 Supra
3670 4947 3840 5017 epist.

2148 5023 2228 5085 15,
2266 5026 2321 5073 et
2355 5020 2450 5073 lib.
2485 5037 2564 5087 Ill,
2607 5020 2771 5089 epist.
2810 5024 2871 5073 15
2905 5022 3057 5073 £1028
3097 5027 3152 5073 et
3181 5021 3325 5073 aliis.

2212 5089 2233 5124 ’⁸
2268 5093 2472 5145 Comes
2535 5090 2789 5161 Tancz'la]
2846 5092 3020 5144 Locus
3071 5097 3236 5143 antea
3285 5091 3425 5144 mire
3478 5090 3836 5160 depravatus.

2140 5161 2380 5215 Tancilin
2414 5178 2621 5214 nomen
2657 5162 2877 5215 restitui
2907 5178 2971 5215 ex
3020 5163 3176 5215 libris
3213 5162 3482 5231 antiquis,
3516 5170 3570 5213 et
3611 5178 3673 5212 ex
3707 5162 3837 5212 Cas-

2139 5233 2367 5285 siodoro
2400 5248 2409 5284 :
2436 5233 2480 5284 is
2504 5232 2655 5285 enim
2690 5238 2773 5285 est
2789 5234 3037 5295 Tancila,
3066 5235 3150 5285 vir
3180 5233 3523 5302 spectabilis,
3566 5233 3631 5284 ad
3667 5247 3838 5300 quem

2138 5303 2205 5355 de
2245 5303 2631 5372 perquirenda
2686 5320 2845 5357 aenea
2886 5309 3067 5356 statua
3100 5320 3223 5371 quin
3261 5320 3289 5355 e
3322 5302 3585 5357 Comensi
3615 5302 3840 5354 civitate

2138 5374 2285 5427 furto
2344 5374 2566 5427 sublata
2609 5376 2809 5441 fuerat,
2866 5375 3058 5427 scribit
3087 5374 3469 5428 Theodericus
3510 5373 3606 5427 lib.
3652 5389 3691 5426 II
3741 5373 3818 5423 Va

2137 5444 2295 5505 riar.,
2331 5446 2492 5512 epist.
2550 5448 2635 5499 35.

2208 5515 2230 5546 ⁵
2262 5517 2482 5569 Damno
2510 5519 2704 5571 nostro
2749 5516 2899 5586 rege]
2935 5515 3289 5570 Tlieodorico
3324 5533 3335 5570 :
3369 5521 3538 5587 atque
3596 5514 3674 5587 ita
3702 5528 3837 5583 per-

2134 5590 2331 5655 petuo,
2364 5604 2493 5640 cum
2515 5594 2612 5642 aut
2629 5603 2827 5659 regem
2850 5586 3132 5653 nominat,
3160 5592 3260 5643 aut
3287 5586 3484 5643 rerum
3507 5586 3828 5641 dominum.
