4054 6176
184 258 242 308 53
1500 246 1990 300 ΕΙἸΒΤΟΙΛἪΞΜ
2037 247 2159 298 [εις.
2209 246 2274 296 Η.
3586 242 3654 295 54

182 385 294 455 styli
321 400 419 438 usu
445 383 728 448 relevate;
768 385 833 437 ut
860 381 1137 452 quidquid
1159 380 1514 436 subtrahunt
1546 380 1841 434 intervalla
1879 381 1924 431 A
1955 381 2062 433 rui.
2104 381 2359 432 Vestrum
2405 381 2490 431 est
2537 377 2594 430 in
2643 392 2733 430 me
2772 376 2959 430 fovere
3017 375 3172 446 quod
3213 373 3544 446 recepistis;
3581 391 3651 428 ne

181 483 456 540 terrarum,
487 471 789 526 tabellaria
827 475 1155 540 compenset
1188 470 1420 524 oblatio.

740 575 1077 631 EPISTULA
1115 576 1262 628 XXV.

297 688 308 718 ¹
353 699 588 738 FAUSTO
632 697 964 744 QUJ‘ISTORI
1012 696 1337 736 ENNUDIUS
1391 696 1724 736 DIACONUS.

241 794 335 845 Pro
373 788 582 843 etetesti
627 787 999 859 dispositione
1049 787 1261 841 reditus
1309 787 1420 840 mei
1467 787 1675 840 indicia
1724 787 1848 840 tieri

184 881 318 934 nullo
341 880 515 949 magis
547 894 720 948 quam
752 878 936 930 amico
970 879 1298 930 Ravennam
1338 881 1686 946 properante
1717 893 1849 929 con—

183 972 314 1022 venit
353 986 363 1022 :
410 968 572 1037 cujus
621 967 808 1020 ﬁdelis
857 966 1056 1019 relatio
1106 966 1275 1019 etiam
1330 966 1540 1035 pagina
1593 971 1847 1018 cessante

182 1059 465 1111 suffecerat.
523 1055 631 1110 Sed
665 1071 766 1107 usu
801 1054 1088 1109 abstinere
1120 1071 1237 1107 non
1270 1055 1426 1124 potui
1456 1071 1468 1108 :
1503 1071 1615 1124 quo
1664 1055 1709 1106 si
1743 1054 1846 1107 sub

185 1161 494 1216 quocunque
561 1142 826 1213 neglectu
885 1148 1221 1213 temperem,
1286 1144 1481 1196 videor
1549 1142 1843 1196 damnasse

183 1235 288 1304 styli
327 1233 701 1304 frequentiam
738 1247 911 1302 quam
945 1231 1148 1285 amavi.
1180 1232 1470 1301 Iungitur,
1507 1232 1654 1301 quod
1695 1249 1840 1300 pra}-

184 1324 310 1377 dicto
335 1322 520 1375 obvias
547 1322 604 1374 in
649 1321 954 1389 negatione
989 1336 1190 1372 manus
1229 1320 1494 1373 exhibere
1529 1337 1636 1372 non
1662 1320 1839 1390 potui,

185 1414 262 1482 qui
299 1411 393 1464 scit
422 1411 492 1463 ab
524 1411 852 1464 amantibus
887 1408 974 1462 sui
1005 1425 1236 1462 securus
1283 1409 1529 1476 exigere,
1580 1411 1731 1478 quod
1766 1409 1844 1460 eis

183 1519 266 1568 μω
305 1500 572 1568 religione
613 1498 979 1551 conscientia:
1034 1498 1192 1550 novit
1245 1497 1490 1550 fideliter
1543 1497 1834 1550 exhibere.

184 1589 200 1621 ⁸³
233 1590 538 1643 Ravennam
571 1603 709 1657 ergo
753 1587 1058 1655 digressus,
1110 1601 1234 1656 quae
1275 1586 1554 1656 quidquid
1600 1586 1658 1638 in
1694 1603 1838 1654 prat-

187 1677 302 1731 senti
349 1677 456 1729 vita
515 1675 706 1730 habeo
767 1675 930 1728 dulce
990 1674 1403 1743 complectitur,
1465 1674 1843 1728 Mediolanum
1884 1678 1970 1762 BI

187 1767 309 1818 :LlIVa
336 1765 582 1833 corporis
631 1763 980 1828 valetudine,
1025 1763 1248 1817 Christo
1279 1767 1678 1832 prosequente,
1713 1779 1866 1832 per-.

185 1855 319 1920 veni;
353 1854 492 1906 male
525 1856 712 1906 ferens
743 1868 916 1922 quam
958 1851 1018 1904 in
1059 1851 1370 1915 redeundo,
1419 1851 1606 1903 hieme
1639 1852 1842 1920 impel-

187 1944 326 2007 lente,
373 1941 559 2011 optavi
608 1940 845 1993 forsitan
881 1945 1076 1992 contra
1127 1939 1411 1992 desideria
1467 1940 1836 1993 celm'itatein.

188 2032 275 2084 Sed
302 2031 361 2084 ad
400 2031 578 2083 Deum
614 2033 819 2082 cuncta
849 2028 1144 2082 referenda
1175 2034 1328 2090 sunt,
1373 2028 1461 2080 cui
1495 2028 1711 2097 adjacet
1744 2029 1844 2081 hu-

186 2135 325 2172 mana
365 2119 502 2171 facta
553 2134 918 2188 componere,
971 2122 1024 2169 et
1073 2115 1428 2185 diligentiam
1486 2117 1839 2185 corporalem

187 2208 350 2259 :rterni
393 2207 600 2259 amoris
644 2221 845 2274 sapore
900 2210 1141 2257 mutare.
1193 2205 1351 2257 Nunc
1407 2204 1474 2256 ad
1516 2205 1840 2273 scriptionis

182 2311 373 2348 causam
420 2296 567 2348 dicta
608 2293 817 2346 humili
868 2291 1207 2345 salutatione
1242 2299 1293 2344 et
1341 2292 1839 2344 commendatione

184 2401 256 2438 me
281 2386 488 2438 confero
536 2382 839 2454 perlatoris
873 2399 885 2436 :
923 2383 1019 2453 qui
1053 2382 1097 2434 si
1139 2398 1241 2452 pro
1273 2383 1482 2434 mentis
1515 2385 1712 2433 vestrae,
1744 2399 1830 2434 se-

186 2473 388 2524 renitate
439 2473 757 2540 gratuletur
792 2469 1103 2534 beneficiis,
1155 2469 1412 2538 agnoscit
1443 2486 1500 2522 se
1545 2474 1644 2522 aut
1676 2487 1836 2522 rece—

182 2560 303 2629 pisse
333 2561 475 2629 quod
512 2559 708 2612 vestris
754 2559 1040 2628 praestitit,
1083 2564 1181 2610 aut
1224 2559 1471 2628 qualiter
1511 2575 1701 2611 amare
1735 2557 1836 2611 de-

178 2650 302 2713 beat,
351 2649 590 2703 incitari.
637 2649 815 2711 Quem
870 2647 918 2699 si
973 2647 1058 2699 vel
1118 2647 1280 2713 nolit,
1332 2647 1598 2700 festiuum
1652 2648 1837 2700 redire

180 2738 465 2806 compellite
497 2755 510 2791 :
546 2738 681 2807 quia
729 2742 785 2790 et
827 2736 1050 2789 effectui
1083 2752 1208 2788 meo
1249 2737 1554 2805 praesentia
1587 2737 1708 2805 ejus
1755 2739 1838 2790 est

180 2827 524 2892 ueecessaria;
562 2832 620 2880 et
650 2827 695 2878 si
727 2828 873 2879 Deus
907 2825 1348 2895 promissionem
1379 2827 1654 2893 statuerit,
1701 2842 1830 2878 cum

183 2915 540 2985 ipsejusserit,
573 2915 804 2968 utilitati
835 2919 1191 2983 exspectatur
1212 2915 1594 2966 accommoda.

708 3019 1040 3074 EPISTULA
1081 3020 1266 3073 XXVI.

640 3124 953 3163 euaonres
999 3112 1018 3141 ³
1059 3123 1345 3162 LtBEtth.

231 3218 332 3271 Aut
368 3217 559 3280 alitur,
611 3220 709 3268 aut
756 3219 1106 3267 sustentatur
1153 3214 1460 3282 scriptione
1489 3214 1786 3283 diligentia
1819 3231 1832 3268 :

177 3307 398 3360 ministra
428 3305 748 3359 affectionis
779 3309 862 3358 est
889 3304 1208 3373 epistolaris
1229 3303 1613 3356 confabulatio
1640 3319 1650 3357 :
1674 3310 1834 3357 muta

174 3397 343 3450 caritas
386 3395 757 3447 simulacrum
818 3397 1192 3462 repraesentat
1240 3392 1451 3461 ingrati
1495 3408 1506 3444 :
1555 3392 1836 3461 depretiat

175 3486 371 3553 genium
399 3500 591 3547 suum,
622 3499 752 3552 quae
791 3482 850 3535 in
880 3497 1074 3534 vocem
1107 3497 1223 3533 nou
1259 3482 1604 3550 prorumpit,
1637 3481 1832 3533 amici-

175 3576 248 3626 tia.
293 3575 432 3626 Bene
467 3581 752 3624 secretum
812 3571 1055 3640 peztoris
1101 3575 1387 3625 reseratur
1441 3571 1592 3622 clave
1625 3586 1835 3622 sermo-

175 3663 240 3712 nis
267 3677 278 3713 :
307 3660 700 3730 dignationem
732 3665 978 3710 vestram
1005 3657 1124 3727 jam
1147 3658 1350 3727 patior.
1392 3659 1517 3710 Ilaec
1551 3674 1652 3725 pro
1678 3657 1834 3726 iuge-

175 3750 235 3801 nii
275 3743 484 3802 viribus
536 3746 821 3817 paginalis
854 3745 1181 3798 commercii
1215 3746 1526 3798 libamenta
1559 3746 1832 3810 dedicavi,

176 3852 252 3903 per
278 3852 396 3905 quae
428 3851 640 3904 usurpo
669 3834 957 3886 vindicare
990 3833 1132 3886 mihi
1165 3835 1434 3887 meritum
1469 3835 1595 3903 plus
1629 3851 1832 3888 aman-

176 3933 242 3975 t2s.
271 3925 438 3976 Nemo
472 3922 631 3976 enim
674 3922 1078 3976 taciturnitatis
1108 3924 1385 3992 repagulo
1437 3939 1538 3975 ora
1571 3923 1832 3992 porrigit,

173 4028 313 4080 quam
361 4011 537 4064 decisi
585 4011 816 4064 foederis
861 4027 1177 4064 memorem
1207 4011 1470 4080 proditor
1502 4011 1704 4064 mentis
1755 4013 1834 4064 lo-

172 4103 308 4169 quela
328 4117 444 4153 non
476 4100 707 4154 deserit.
743 4100 1067 4170 Principem
1095 4117 1231 4170 ergo
1257 4101 1443 4153 locum
1467 4100 1524 4154 in
1549 4100 1836 4153 litteraria

171 4191 546 4243 communione
570 4188 854 4258 possideo,
885 4195 939 4242 et
966 4189 1169 4259 majori
1200 4191 1420 4242 cultura
1450 4189 1656 4258 dignus
1687 4206 1832 4254 sum,

171 4279 246 4347 qui
274 4280 426 4349 prior
457 4278 599 4348 quid
637 4278 929 4347 gestirem,
961 4277 1203 4348 patefeci
1235 4278 1448 4346 linguae
1481 4278 1831 4332 te.~timonio.

172 4369 277 4422 Ecce
325 4367 663 4439 religionem
697 4366 1012 4437 dirigenda:
1058 4367 1285 4437 pagina:
1317 4367 1436 4419 sine
1477 4368 1626 4420 nube
1657 4367 1833 4420 disse-

223 4493 477 4547 ‘Fauslo
559 4490 848 4562 quaestori]
927 4492 1190 4546 Summas
1263 4507 1461 4544 omnes
1529 4492 1834 4561 dignitates

171 4563 374 4616 Faustus
416 4564 619 4617 ordine
663 4567 998 4616 consecutus
1044 4569 1145 4616 est.
1211 4563 1348 4615 Nam
1394 4563 1660 4632 magister
1703 4565 1831 4616 offi-

168 4635 354 4688 ciorum
399 4640 532 4688 ante
568 4635 789 4704 aliquot
837 4650 1017 4686 annos
1047 4633 1252 4696 fuerat,
1308 4633 1514 4687 Albino
1561 4636 1832 4696 consule;

171 4706 211 4756 in
243 4723 417 4777 eoque
460 4706 684 4758 honore
735 4706 954 4774 legatus
1003 4722 1033 4757 a
1061 4706 1413 4758 Theodorieo
1439 4721 1581 4777 rege
1631 4707 1833 4757 missus

170 4779 216 4826 ad
241 4775 597 4830 Anastasium
629 4780 797 4845 Aug.,
831 4781 891 4827 ut
921 4781 1142 4828 constat
1167 4791 1232 4828 ex
1269 4775 1468 4829 Gelasii
1493 4792 1648 4844 papae
1680 4792 1834 4828 com-

172 4849 449 4901 monitorio
503 4847 570 4900 ad
625 4848 891 4900 Faustum
935 4847 1269 4916 magistrum
1304 4846 1603 4915 legationis
1652 4847 1836 4900 officio

171 4916 635 4987 Constantinopoli
662 4917 1018 4984 fungentem.
1053 4919 1209 4971 Nunc
1243 4923 1530 4986 qumstura
1562 4918 1705 4969 sacri
1736 4934 1834 4986 pa-

170 4986 260 5040 latii
287 4986 569 5058 fungitur.
609 4991 736 5042 Post
767 4991 914 5041 hanc
943 4989 1296 5057 praefecturae
1323 4988 1680 5057 przetoriana'a
1712 4990 1836 5039 cin-

170 5060 330 5125 gulum
365 5062 611 5129 adeptus
636 5065 738 5111 est.
783 5059 1068 5127 Epigram.
1112 5060 1208 5111 142
1239 5060 1408 5111 ettib.
1452 5075 1528 5111 ix.
1565 5060 1729 5126 epist.
1775 5063 1831 5112 18

170 5131 220 5200 agi
244 5131 611 5200 Stephaniam
644 5130 834 5183 Fausti
869 5147 1120 5183 sororem
1157 5146 1168 5182 :
1199 5131 1421 5198 Nempe
1455 5129 1620 5183 illius
1643 5129 1837 5182 domui

172 5198 637 5274 Fausliigermana
659 5217 737 5267 es,
769 5201 936 5269 incuj
943 5218 1005 5253 us
1013 5203 1357 5274 prae/lectura
1368 5202 1517 5274 quod
1529 5203 1838 5274 monac/tos

170 5272 402 5327 insit/ua!
435 5274 762 5326 invenitur:
808 5276 861 5324 et
908 5273 1114 5340 passim
1152 5272 1208 5323 in
1254 5272 1429 5322 Variis
1471 5272 1830 5324 Cassiodm‘i:

171 5344 249 5391 (fisi
279 5347 332 5396 in
369 5346 458 5397 his
491 5344 692 5396 vitiose
735 5344 946 5413 ubique
979 5343 1188 5395 Fausto
1221 5341 1519 5413 praeposilo
1558 5344 1831 5411 scriptqu

172 5419 253 5469 est.
283 5433 380 5484 pro
407 5413 685 5484 Iowfeclo
716 5413 1002 5484 prmlorio.
1043 5413 1631 5482 Deniquepatriciatu
1664 5431 1829 5467 orna-

173 5486 239 5532 tus
267 5491 340 5538 est
372 5504 384 5540 :
440 5489 605 5551 cujus
633 5485 794 5538 testis
827 5484 1117 5538 Ennodius
1147 5485 1216 5538 ad
1256 5485 1585 5553 Agapitum
1632 5486 1732 5538 lib.
1771 5502 1828 5552 ν,

172 5555 304 5627 epist.
335 5561 423 5610 ‘26.
477 5560 625 5610 Ante
659 5556 857 5609 omnia
889 5562 1078 5608 autem
1119 5557 1480 5608 consulatum
1507 5558 1622 5625 jam
1657 5573 1830 5626 gran-

171 5623 270 5678 dior
291 5635 560 5698 gesserat,
596 5632 660 5682 ut
689 5627 905 5682 dictum
938 5632 1021 5679 est
1053 5627 1117 5680 ad
1147 5628 1311 5696 epist.
1348 5629 1396 5694 5,
1423 5623 1520 5680 lib.
1558 5643 1596 5679 ι.

1955 469 2164 538 judicia
2191 467 2454 521 culminis
2477 465 2666 530 vestri,
2695 482 2782 519 me
2809 465 3054 535 jacente,
3081 463 3370 534 patiantur
3389 480 3647 518 examen.

1960 559 2198 627 Exponit
2253 557 2402 608 enim
2460 571 2713 608 censurae
2764 554 3107 607 sententiam
3163 569 3324 606 suam
3389 551 3650 624 quisquis

1960 646 2108 715 quod
2161 644 2331 713 elegit
2362 659 2476 695 nou
2525 646 2734 694 tuetur.
2772 641 3011 695 Domino
3044 640 3146 705 mi,
3179 638 3539 694 salutationis
3562 655 3649 691 re-

1959 733 2271 787 verentiam
2306 734 2474 800 pleno
2508 731 2835 799 dependens
2858 729 3151 798 obsequio,
3176 730 3352 782 Deum
3386 743 3550 797 rogo,
3591 732 3653 781 ut

1955 823 2363 877 beneficiorum
2398 821 2542 872 circa
2577 836 2671 870 vos
2718 835 2950 871 suorum
2985 818 3335 870 incrementa
3378 816 3651 886 multipli-

1956 917 2042 965 cet
2073 929 2083 965 :
2119 912 2251 981 quia
2295 910 2447 962 solus
2492 925 2691 960 census
2721 915 2806 960 est
2838 922 3101 960 meorum
3123 906 3458 975 plenissime
3491 922 3642 959 com-

1957 1001 2277 1065 modorum,
2325 997 2420 1068 qui
2453 997 2849 1049 celsitudinem
2884 1000 3126 1048 vestram
3159 995 3230 1047 ad
3265 994 3489 1063 fastigia
3520 1010 3649 1065 qua:

1955 1090 2236 1142 debentur
2265 1086 2550 1139 extulerit.

2637 1172 2914 1226 EPISTUL
2930 1176 2961 1226 Χ

2407 1268 2426 1299 ⁴
2469 1276 2810 1316 ΠΟΝΟΒΑΤΟ
2858 1275 3202 1315 ENNODIUS.

2024 1357 2085 1407 In
2119 1354 2402 1407 vicinitate
2434 1369 2531 1404 vos
2563 1353 2767 1420 degere
2814 1350 3088 1403 moderna
3128 1347 3431 1417 scriptione
3458 1346 3646 1418 signa-

1951 1445 2068 1507 stis,
2097 1446 2402 1513 jungentes
2443 1443 2509 1494 ad
2559 1440 2858 1509 dispendia
2906 1439 3272 1507 gaudiorum,
3306 1442 3519 1491 statum
3553 1454 3647 1490 ve-

1950 1538 2073 1586 stra:
2125 1531 2459 1584 valetudinis
2492 1529 2884 1582 imminutum.
2930 1529 3052 1581 Non
3077 1544 3247 1595 nego,
3291 1526 3368 1579 sic
3399 1541 3642 1592 mereor,

1949 1628 2012 1674 ut
2043 1638 2267 1690 semper
2295 1619 2584 1672 mihicum
2615 1617 2872 1670 dulcibus
2897 1631 3090 1668 amara
3115 1614 3421 1666 sociantur.
3447 1614 3648 1666 Ilacte-

1971 1726 2061 1762 ius
2097 1725 2192 1761 vos
2223 1706 2646 1760 Ravennatibus
2678 1710 2979 1773 occupatos
3019 1703 3267 1756 excubiis
3298 1702 3532 1755 adversa
3566 1705 3648 1753 te-

1953 1803 2218 1850 nuerunt.
2254 1795 2410 1848 Unde
2445 1794 2579 1864 quia
2618 1793 2792 1845 laxari
2818 1793 3079 1860 contigit,
3113 1790 3367 1859 corporis
3402 1790 3459 1842 in
3491 1790 3646 1842 vobis

1952 1892 2033 1939 est
2065 1885 2399 1939 labefactata
2431 1881 2765 1949 substantia,
2814 1897 2883 1933 ne
2917 1880 2976 1933 in
3012 1886 3194 1933 totum
3226 1879 3424 1932 liceret
3455 1883 3649 1948 optata

1952 1974 2287 2046 promereri.
2317 1973 2493 2036 Quam
2530 1971 2667 2024 dura
2704 1974 2783 2022 est
2816 1971 3202 2022 humanarum
3233 1984 3429 2022 rerum
3459 1968 3650 2022 condi-

1951 2064 2053 2127 tio,
2083 2080 2210 2132 quae
2235 2060 2499 2131 quotiens
2519 2058 2818 2113 desideriis
2839 2058 3031 2128 aliquo
3051 2073 3252 2126 sopore
3266 2055 3646 2126 responderit,

1951 2171 2081 2206 mox
2111 2158 2165 2206 et
2194 2154 2252 2206 in
2295 2152 2510 2205 foribus
2540 2167 2804 2204 concessa
2853 2153 3160 2219 permutat.
3197 2148 3408 2216 Expavi
3453 2151 3647 2200 tamen

1949 2242 2311 2301 calumniam,
2358 2256 2528 2308 quam
2570 2239 2818 2292 oratoria
2859 2242 2913 2290 ct
2961 2237 3132 2290 nimis
3177 2237 3407 2290 Dmdala
3456 2235 3647 2305 provi-

1948 2331 2104 2383 sione
2162 2329 2366 2382 litteris
2398 2328 2670 2393 indidisti,
2717 2333 2782 2380 ut
2812 2327 3068 2396 injuncta
3100 2342 3202 2395 pro
3253 2326 3496 2378 utilitate
3548 2329 3648 2377 tua

1948 2420 2096 2472 nolle
2137 2435 2226 2471 me
2249 2417 2464 2481 credas,
2501 2416 2547 2469 si
2570 2417 2793 2469 efficere
2826 2431 2939 2468 non
2966 2415 3220 2484 potuisse
3252 2414 3577 2484 sign-avaro.
3603 2413 3646 2468 Ο
3707 2467 3709 2469 ,

1946 2507 2179 2561 artificis
2226 2505 2443 2575 ingenii
2502 2510 2800 2567 secretum,
2857 2503 3009 2573 quod
3067 2504 3194 2573 plus
3253 2500 3648 2555 commoditati

1947 2595 2239 2666 prospicit,
2298 2610 2468 2664 quam
2502 2593 2569 2646 de
2621 2607 2813 2646 amore
2846 2589 3131 2644 confidat!
3168 2592 3319 2643 Deus
3374 2590 3530 2642 testis
3560 2591 3646 2642 est

1946 2702 2037 2739 me
2073 2685 2172 2738 tibi
2204 2700 2321 2736 non
2372 2686 2717 2751 negaturum
2767 2697 2890 2733 esse
2922 2681 3074 2750 quod
3129 2680 3310 2733 valeo.
3343 2680 3422 2732 Tu
3463 2678 3642 2731 Deum

1943 2791 2105 2843 roga,
2143 2772 2507 2825 utactioneu:
2545 2785 2728 2822 meam
2762 2768 3101 2833 infelicium,
3139 2784 3282 2837 quas
3315 2767 3525 2835 diligit,
3555 2766 3646 2818 lit-

1945 2867 2197 2917 terarum
2229 2878 2346 2914 nou
2399 2860 2649 2929 patiatur
2698 2857 3119 2910 calamitatibus
3150 2855 3437 2924 impediri.
3493 2854 3643 2908 Nihil

1878 2961 1916 3015 ρ
1949 2953 2101 3005 enim
2134 2955 2234 3014 est,
2290 2950 2443 3017 quod
2506 2947 2688 3016 magis
2739 2962 2842 3014 pro
2902 2945 3062 2998 obice
3098 2950 3352 2997 metuam
3405 2942 3639 2996 actionis

1947 3039 2249 3108 imposita},
2286 3052 2456 3106 quam
2507 3035 2645 3088 illud
2677 3034 2828 3103 quod
2861 3033 3010 3100 novi,
3049 3033 3302 3102 accipere
3348 3030 3641 3084 scholasti-

1945 3143 2074 3180 cum
2099 3127 2177 3180 nil
2202 3124 2429 3179 mereri.
2457 3123 2666 3178 Confer
2689 3123 2869 3191 magis
2889 3120 3179 3191 ingenium
3203 3126 3366 3174 tuum
3384 3120 3455 3174 ad
3478 3135 3644 3189 squa-

1943 3217 2118 3270 lentia
2145 3216 2277 3286 jura
2312 3231 2324 3267 :
2367 3230 2470 3284 per
2496 3229 2622 3282 quae
2657 3211 2941 3282 quidquid
2971 3210 3229 3264 scabrida
3257 3209 3514 3280 poposcit
3534 3208 3641 3262 lin-

1944 3321 2075 3373 gua,
2110 3319 2238 3356 mox
2273 3300 2485 3354 meruit
2514 3316 2525 3364 ;
2562 3304 2659 3352 aut
2709 3299 2756 3350 si
2789 3314 2905 3350 non
2937 3297 3166 3362 meruit,
3229 3312 3361 3348 mox
3412 3295 3636 3348 avulsit.

1947 3392 2206 3456 Domine,
2228 3387 2585 3443 salutationis
2619 3387 2862 3457 gratiam
2888 3386 3112 3439 solvens
3141 3401 3331 3455 spero,
3353 3390 3414 3438 ut
3443 3384 3639 3438 effusis

1944 3482 2192 3534 laborem
2218 3495 2408 3532 meum
2433 3476 2696 3546 precibus
2713 3477 2875 3545 juves
2901 3491 2911 3528 :
2939 3474 3074 3544 quia
3097 3490 3226 3528 cum
3250 3489 3367 3527 non
3396 3473 3636 3527 habeam

1943 3571 2093 3625 docti
2125 3575 2222 3622 aut
2271 3567 2484 3621 eruditi
2540 3566 2832 3631 meritum,
2870 3580 3018 3633 saepe
3064 3564 3123 3618 in
3170 3563 3354 3618 causis
3382 3564 3637 3616 sustineo

1940 3660 2085 3712 facta
2116 3657 2371 3728 perfecti.

2493 3743 2826 3797 EPISTULA
2868 3741 3092 3795 XXVIII.

2453 3834 2473 3866 ³
2509 3846 2744 3887 avreuo
2795 3843 3138 3885 ENNODIUS.

2016 3924 2128 3976 Deo
2183 3922 2414 3991 gratias,
2475 3921 2628 3991 quod
2677 3919 2953 3990 principis
3009 3920 3128 3972 loco
3180 3916 3514 3988 ponendum
3555 3921 3640 3970 est

1945 4013 2043 4083 qui
2074 4011 2534 4081 magnitudinem
2566 4015 2744 4076 tuam,
2781 4025 2910 4079 qua:
2939 4026 2969 4061 a
3001 4024 3091 4062 me
3122 4013 3286 4062 erant
3323 4007 3634 4073 offerenda,

1944 4101 2074 4154 fecit
2101 4100 2341 4169 exigere.
2394 4099 2605 4152 Dedisti
2637 4099 2888 4169 pretium
2939 4097 3288 4169 garrulitati,
3338 4113 3512 4166 quam
3550 4097 3638 4148 vix

1945 4189 2216 4244 hactenus
2242 4189 2388 4241 intra
2422 4189 2804 4241 verecundum
2829 4184 3399 4256 penetraleicontinui
3429 4202 3441 4238 :
3466 4183 3635 4237 eliciti

1949 4285 2076 4333 utor
2125 4279 2251 4349 styli
2291 4277 2480 4347 genio,
2516 4293 2688 4346 quem
2737 4278 2957 4330 duriter
3009 4277 3079 4329 ad
3125 4276 3455 4344 importuna
3494 4271 3636 4323 scri—

1947 4369 2140 4439 ptione
2173 4365 2424 4420 revocavi
2462 4381 2474 4419 :
2508 4365 2779 4419 meritum
2821 4369 3020 4418 coactae
3061 4363 3210 4417 vocis
3245 4361 3522 4415 inusitata
3551 4360 3633 4412 lo-

2015 4497 2037 4529 ²
2076 4496 2139 4548 In
2168 4493 2295 4547 edit.
2321 4492 2556 4557 Schotti,
2591 4495 2876 4546 Ravenna.

2016 4571 2037 4600 ³
2076 4564 2317 4632 Liberio]
2349 4566 2424 4617 De
2458 4580 2570 4633 quo
2602 4564 2668 4616 ad
2698 4563 2862 4632 epist.
2906 4565 2950 4614 l.
2986 4561 3084 4615 lib.

2017 4641 2037 4672 ι
2076 4631 2394 4706 Honorum]
2423 4631 2596 4688 [ir—atri
2629 4631 2903 4698 Deciorati,
2940 4634 3032 4686 cui
3065 4631 3236 4685 etiam
3268 4647 3415 4706 novo
3440 4646 3637 4706 exem-

1946 4709 2038 4777 plo
2072 4709 2128 4760 in
2161 4703 2457 4776 quaestura:
2493 4708 2704 4758 honore
2739 4706 3025 4770 successit,
3053 4710 3119 4777 ut
3147 4709 3231 4756 est
3257 4703 3404 4773 apud
3428 4703 3638 4777 (lassio-

1947 4775 2148 4832 dorum
2177 4775 2278 4831 lib.
2317 4794 2375 4843 v,
2409 4778 2568 4845 epist.
2598 4781 2626 4829 3
2660 4782 2713 4829 et
2756 4779 2807 4838 4,
2842 4792 3038 4829 verum
3072 4776 3192 4829 hzec
3223 4780 3435 4844 postea.
3478 4775 3636 4826 Nunc

1947 4851 2194 4903 excubiis
2247 4848 2684 4911 Ravennatibus,
2723 4848 2830 4900 hoc
2873 4853 2957 4901 cst
3002 4847 3116 4900 alio
3168 4846 3417 4917 quodam
3450 4846 3634 4898 aulico

1945 4937 2183 4973 munere
2218 4935 2402 4987 nuper
2432 4918 2727 4970 defunctus
2766 4922 2906 4972 erat.

2017 4990 2038 5024 ⁵
2076 4986 2500 5059 ArienOIMulta
2531 4995 2665 5041 sunt
2697 4990 2753 5041 in
2788 4991 2888 5042 hac
2919 4990 3156 5060 epistola
3179 5004 3304 5058 quae
3329 4986 3636 5060 ostendunt

1943 5062 2119 5114 alium
2175 5078 2292 5112 esse
2376 5061 2524 5111 hunc
2612 5061 2893 5113 Avieuurn
2957 5058 3006 5112 ia
3088 5060 3276 5114 Fausti
3364 5058 3504 5122 filio,
3561 5059 3630 5109 de

1945 5134 2104 5200 cujus
2154 5132 2448 5182 consulatu
2483 5135 2670 5183 actum
2705 5138 2789 5183 est
2819 5132 2917 5185 lib.
2980 5135 3026 5185 I.
3058 5132 3222 5200 epist.
3344 5131 3407 5182 Et
3442 5135 3631 5180 tamen

1944 5205 2095 5255 hunc
2134 5204 2302 5253 etiam
2336 5204 2627 5254 consulem
2669 5204 2935 5272 appellat.
2975 5204 3094 5265 Quo
3128 5202 3377 5254 adducor
3423 5203 3481 5272 ut
3511 5215 3631 5272 eras

1946 5274 2072 5325 dan)
2113 5289 2178 5324 ex
2205 5273 2429 5325 duobus
2458 5269 2987 5342 Avienis,’quorum
3037 5289 3185 5324 unus
3228 5287 3376 5322 anno
3425 5269 3631 5322 Christi

1945 5347 2038 5396 501
2094 5346 2286 5395 consul
2336 5345 2458 5407 fuit,
2517 5344 2726 5411 collega
2785 5343 3089 5411 Pompeio;
3131 5343 3274 5394 alter
3322 5356 3472 5392 anno
3531 5344 3633 5392 fit)?

1944 5431 2070 5468 cum
2107 5415 2326 5478 Probo;
2382 5415 2630 5483 priorem
2680 5415 2866 5466 Fausti
2915 5415 3094 5466 tilium
3127 5412 3320 5476 fuisse,
3353 5411 3631 5481 posterio-

1945 5503 2064 5539 rem
2098 5487 2248 5538 hunc
2304 5487 2541 5538 alterum
2577 5486 2646 5539 de
2703 5502 2812 5553 quo
2862 5485 2952 5537 hic
3004 5498 3210 5546 ser‘no,
3257 5483 3356 5553 qui
3385 5483 3633 5536 Avienus

1938 5558 2134 5626 junior
2160 5558 2216 5609 iu
2254 5558 2428 5609 Fastis
2458 5557 2695 5625 aliisque
2731 5555 3096 5610 monimentis
3123 5553 3364 5623 _dicitur,
3401 5569 3518 5607 non
3555 5569 3628 5606 ze-

1945 5635 2078 5695 tate,
2121 5629 2216 5682 sed
2257 5628 2455 5682 ordine
2485 5627 2832 5680 consulatus.
