4054 6176
382 234 449 286 55
1308 276 1311 279 ν
1585 232 1879 288 ENNODII
1919 232 2228 290 EPISCOPI
2268 234 2541 291 TICINEN
2551 236 2649 291 SIS
3806 242 3861 293 56

381 366 665 438 quacitate
681 364 966 436 possideo.
999 366 1137 420 Nam
1161 370 1465 436 postquam
1490 380 1581 419 me
1596 366 1813 435 jussisti
1834 366 2068 436 paginas
2106 372 2151 421 A
2176 370 2270 421 tur
2288 368 2561 440 accipere.
2586 366 2844 435 Gemina,
2867 367 3076 438 pudor,
3099 366 3243 421 mihi
3264 366 3546 422 hilaritate
3569 368 3827 439 profuisti
3851 389 3863 423 :

380 456 687 521 destinare,
720 454 913 507 animo
938 471 1086 520 meo,
1116 454 1270 524 quod
1302 461 1611 519 tacueram,
1635 455 2066 508 commendasti.

382 546 558 613 Euge,
590 543 749 597 frons
775 544 873 597 diu
904 544 1145 613 prodiga
1178 544 1522 612 :aliquando
1557 544 1697 596 mibi
1730 544 1972 610 contigit
2006 544 2071 597 ad

382 633 692 687 affectionis
731 634 953 701 copiam
993 636 1111 685 sine
1152 632 1233 685 tui
1280 632 1579 701 dispendio
1633 632 1953 702 pervenire.
1990 632 2077 685 Di-

381 739 603 775 Scamus
630 738 745 775 non
774 722 959 775 odisse
988 721 1139 790 quod
1172 720 1422 789 adjuvat.
1457 720 1681 773 Silentii
1704 721 1887 789 gratia
1916 721 2070 787 fecit,

384 817 444 865 ut
464 817 515 864 te
544 812 720 864 libera
739 812 856 881 jam
880 811 1187 880 loquamur
1216 827 1227 863 :
1254 816 1653 879 exspectantur
1673 828 1704 863 a
1735 810 1899 863 nobis
1922 827 2072 881 saepe

380 900 632 954 fastidita
650 900 947 970 colloquia.
982 901 1103 952 Non
1137 900 1229 951 ibo
1261 900 1487 969 longius
1522 915 1533 951 :
1569 901 1861 968 asseritur,
1896 904 1955 952 ut
1988 900 2074 951 vi-

380 989 507 1054 deo,
544 989 754 1057 linguae
778 989 1027 1041 officium
1054 988 1287 1041 raritate
1316 1004 1665 1040 sermonum.
1696 990 1757 1041 In
1782 1004 1893 1058 qua
1916 993 2074 1058 parte

381 1094 498 1131 non
529 1077 729 1129 clauda
782 1077 998 1130 laetitiae
1029 1092 1172 1129 mere
1225 1076 1366 1128 fides
1396 1080 1479 1128 est
1516 1092 1527 1127 :
1563 1078 1843 1129 sententia
1883 1083 2077 1130 nostra

378 1166 496 1219 veri
544 1166 944 1235 astipulatione
1000 1164 1249 1217 fulcitur.
1300 1165 1438 1216 Ecce
1496 1165 1592 1217 ille
1648 1164 1747 1235 qui
1776 1166 2073 1219 doctorum

379 1254 643 1324 epistolas
673 1254 876 1323 grandi
922 1254 1144 1306 dotatas
1188 1268 1369 1305 messe
1399 1254 1674 1323 colloquii
1720 1270 1960 1306 summis
1993 1255 2072 1307 la-

378 1343 485 1396 biis
513 1344 601 1395 vix
627 1342 860 1407 libabat,
895 1341 1117 1395 tabellae
1147 1348 1355 1393 nostrae
1389 1342 1605 1395 culmos
1639 1359 1756 1395 non
1797 1342 2072 1411 dedigna-

2182 474 2309 510 cum
2344 462 2405 511 tu
2442 457 2501 510 in
2528 456 2769 510 statione
2796 460 2981 510 certus
3014 472 3094 522 es,
3128 460 3186 509 et
3216 472 3343 509 cum
3372 455 3708 526 frequenter
3739 473 3864 511 con-

2183 546 2385 614 tempti
2413 546 2809 599 desiderantur
2829 546 3049 607 affatus,
3084 545 3230 598 facta
3252 550 3339 599 est
3370 561 3496 598 ecce
3520 546 3728 601 melior
3758 546 3868 616 ejus

2184 634 2468 687 sententia
2493 650 2664 704 quem
2697 650 2975 687 amamus.
3002 633 3171 686 Nobis
3198 649 3335 703 ergo
3364 633 3727 700 verecundia,
3750 650 3869 688 con-

2184 723 2290 776 suli
2325 728 2518 776 nostro
2556 721 2955 775 emendatione
2991 721 3409 792 prospeximus.
3446 721 3547 775 Sed
3578 737 3653 773 ne
3683 721 3742 774 in
3764 722 3871 774 lon-

2184 828 2317 881 gum
2335 812 2605 882 procedat
2618 810 3248 882 paginatranscendens
3262 810 3534 864 terminos
3547 810 3868 881 praefinitus,

2185 908 2240 953 et
2278 901 2560 970 loquendo
2618 902 2816 962 multa,
2871 899 3022 969 quod
3070 899 3372 964 tacuimus,
3422 899 3870 953 demonstremus

2185 1007 2299 1043 non
2333 990 2506 1043 fuisse
2537 988 2795 1056 consilii;
2838 989 2983 1052 vale,
3017 988 3097 1041 mi
3127 988 3379 1055 domine,
3416 993 3472 1041 et
3499 994 3763 1041 amantes
3796 989 3871 1042 tui

2184 1079 2289 1131 hac
2331 1078 2737 1131 communione
2785 1077 3021 1145 dignare
3058 1093 3071 1129 ι
3123 1077 3258 1147 quia
3304 1078 3560 1146 prmcelsi
3595 1077 3869 1131 honorum

2185 1173 2416 1221 tuorum
2440 1166 2626 1236 apices
2657 1167 2777 1220 haec
2806 1168 2924 1220 sola
2948 1167 3231 1236 recipiunt
3261 1172 3624 1236 argumenta,
3662 1183 3789 1237 quin
3810 1167 3871 1220 de

2184 1256 2505 1310 humilitate
2528 1259 2855 1309 nascuntur.

1544 1574 1969 1667 LIBER
2064 1568 2699 1719 TERTIUS.

1963 1746 2295 1757 —-———

922 1820 1253 1876 EPISTOLA
1297 1822 1533 1875 PRIMA.

661 1908 676 1938 ⁴
725 1924 1040 1965 SENATOR]
1090 1926 1391 1965 EPISCOPO
1438 1927 1783 1967 essemus.

451 1996 640 2052 Prima
687 2015 775 2051 res
829 2004 910 2052 est
959 2004 1150 2053 sancto
1183 2002 1522 2054 conveniens
1563 2003 1683 2055 sine
1716 2001 2071 2055 dubitatione

378 2086 695 2158 proposito,
746 2092 948 2157 sponte
1000 2088 1352 2158 projustitia
1396 2090 1599 2151 facere,
1654 2090 1936 2160 quidquid
1977 2090 2073 2143 alii

380 2176 565 2229 solent
595 2175 804 2229 moniti
840 2177 1144 2231 exhibere:
1181 2177 1277 2230 sed
1329 2178 1618 2233 honestati
1670 2180 1930 2249 proxima
1984 2180 2073 2231 vel

380 2264 647 2330 secunda,
696 2265 859 2317 rectis
902 2266 1363 2336 suggestionibus
1393 2283 1510 2320 non
1564 2268 1804 2337 gravari.
1854 2270 1916 2320 ln
1960 2284 2073 2338 qua

377 2355 541 2420 parte
581 2356 637 2403 et
667 2351 713 2402 si
745 2351 1063 2421 principem
1095 2353 1283 2405 locum
1319 2370 1433 2405 non
1467 2354 1720 2422 possidet
1752 2354 1849 2424 qui
1880 2369 2073 2407 mone-

377 2440 493 2504 tur,
526 2439 699 2493 habet
719 2446 911 2493 tamen
940 2442 1036 2494 Dei
1057 2442 1325 2511 gratiam,
1360 2444 1514 2513 quod
1539 2444 1793 2497 veritatis
1816 2444 2072 2495 insinua-

376 2527 632 2582 tionibus
663 2545 773 2580 non
803 2536 1101 2599 repugnat.
1150 2532 1387 2584 Causam
1419 2548 1555 2601 ergo
1588 2532 1944 2601 prtefationis
1975 2532 2069 2585 in-

380 2616 567 2683 sinuo,
610 2632 682 2670 ne
731 2623 787 2670 et
840 2634 945 2686 ego
1007 2619 1312 2672 utilitatem
1368 2637 1553 2673 meam
1604 2622 1831 2675 differre
1879 2621 2073 2675 videar

378 2704 705 2774 prolixitate
729 2722 1080 2758 sermonum.
1111 2707 1334 2760 Dudum
1367 2725 1468 2778 per
1497 2724 1587 2761 me
1619 2710 1949 2778 suppliciter
1976 2726 2074 2780 po-

382 2793 604 2859 stulavi,
640 2798 701 2846 ut
751 2794 819 2847 de
861 2796 1156 2865 mancipiis
1187 2812 1312 2865 quin
1367 2798 1433 2849 de
1475 2813 1601 2851 casa
1642 2814 1767 2851 mea
1812 2815 1843 2851 a
1876 2798 2073 2851 vestris

382 2880 682 2934 sollicitata
729 2882 1044 2948 constabat,
1089 2900 1267 2937 unum
1320 2884 1462 2937 mihi
1508 2888 1659 2956 quod
1702 2892 2070 2953 remanserat,

381 2969 732 3023 redderetur.
756 2970 997 3023 Dedistis
1020 2972 1282 3041 precibus
1311 2973 1452 3025 meis
1481 2978 1672 3028 sancta
1698 2974 2072 3046 promissione

382 3073 741 3128 responsum,
774 3062 836 3113 ut
876 3060 1047 3113 etiam
1080 3061 1126 3113 si
1157 3061 1315 3115 vobis
1346 3078 1492 3132 puer
1528 3064 1647 3135 ipse
1678 3066 1801 3135 jure
1843 3082 2069 3135 compe-

384 3150 552 3213 teret,
592 3164 689 3199 vos
730 3152 923 3201 tamen
960 3151 1205 3217 gratiam
1251 3153 1568 3205 commodis
1609 3155 1913 3208 anteferre.
1964 3156 2070 3209 Re-

386 3249 578 3304 gresso
610 3250 702 3288 me
733 3236 800 3287 de
850 3236 1117 3289 Ravenna
1148 3238 1164 3306 (
1197 3241 1347 3307 quod
1398 3240 1550 3292 dictu
1600 3242 1758 3293 nefas
1816 3244 1917 3307 est)
1967 3259 2070 3312 pro

384 3322 630 3393 peccatis
678 3324 818 3375 meis
849 3324 1109 3377 effectum
1156 3327 1516 3379 sacerdotalis
1565 3328 1833 3382 diffinitio
1864 3330 2073 3383 habere

385 3426 501 3463 non
532 3410 737 3479 potuit.
768 3412 1000 3465 Ascribo
1028 3414 1247 3466 meritis
1280 3415 1435 3470 meis.
1480 3418 1631 3486 quod
1667 3418 1827 3486 cujus
1847 3434 1942 3469 ore
1977 3419 2072 3470 da-

385 3504 617 3552 mnatur
644 3500 1022 3566 mendacium,
1059 3506 1264 3554 statuta
1304 3503 1550 3558 violavit.
1588 3506 1724 3558 Ecce
1747 3505 1952 3558 iterum
1984 3522 2075 3560 me

388 3587 455 3641 ad
487 3587 892 3641 conscientiam
925 3592 1169 3642 vestram
1214 3590 1393 3643 refero
1432 3608 1442 3645 :
1496 3608 1640 3658 ecce,
1692 3593 1843 3663 quod
1894 3594 2074 3648 filium

386 3676 565 3745 decet,
596 3676 855 3743 exhibeo,
892 3682 954 3730 ut
999 3694 1101 3748 per
1147 3679 1450 3733 sublimem
1484 3690 1538 3733 et
1581 3684 1951 3753 magniﬁcum
2001 3684 2078 3737 vi-

386 3780 513 3822 rum
548 3765 825 3819 domuum
868 3767 1149 3820 Victorem
1202 3768 1267 3821 ad
1318 3769 1704 3824 humilitatem
1763 3773 2072 3838 conferam,

386 3853 665 3924 quidquid
696 3853 838 3906 mihi
868 3857 1088 3924 poterat
1120 3856 1307 3924 legum
1342 3856 1700 3910 samularium
1745 3858 2076 3911 auctoritate

461 3996 472 4028 ¹
518 3994 789 4073 Senator};
827 3996 1113 4073 episcopo]
1160 3997 1332 4073 Cujus
1352 3998 1509 4073 sedis
1555 3998 1725 4073 fuerit
1757 4002 2073 4073 episcopus,

387 4066 688 4120 incertum.
748 4066 940 4137 Neque
995 4066 1150 4122 enim
1221 4069 1289 4121 de
1347 4068 1615 4123 Senatore
1672 4066 2076 4127 Mediolanensi

389 4138 657 4207 episcopo
690 4138 938 4213 intelligi
965 4139 1281 4213 _potest,_in
1323 4156 1491 4213 quem
1534 4142 1807 4213 scriptum
1852 4150 1933 4197 est
1962 4145 2079 4213 epi-

390 4225 649 4333 gramma
680 4212 764 4263 87.
803 4211 853 4261 ls
884 4210 1036 4263 enim
1066 4210 1213 4263 haud
1244 4212 1415 4280 paulo
1444 4210 1736 4282 antiquior
1766 4230 1777 4266 :
1807 4231 1933 4267 cum
1970 4210 2077 4269 Me-

434 4282 783 4333 iolanensem
805 4281 1130 4333 cathedram
1160 4288 1288 4333 post
1308 4282 1639 4333 Senatorem
1660 4287 1869 4333 rexerit
1899 4288 2077 4333 Theo-

434 4282 783 4334 iolanensem
805 4281 1130 4335 cathedram
1160 4288 1288 4349 post
1308 4281 1639 4337 Senatorem
1660 4287 1869 4337 rexerit
1899 4288 2077 4339 Theo-

388 4352 578 4415 dorus,
610 4358 735 4422 post
764 4354 1120 4406 Theodorum
1151 4354 1507 4418 Laurentius,
1542 4356 1641 4424 qui
1675 4357 1925 4407 Ennodio
1961 4357 2080 4410 haec

392 4403 668 4476 scribente
714 4424 969 4478 florebat.
1015 4425 1297 4479 Senatoris
1327 4441 1461 4478 sane
1494 4403 1709 4477 ,ndmen
1746 4426 1841 4479 illo
1876 4430 2078 4481 saeculo
2118 4403 2159 4456 D

391 4508 613 4568 gessere
645 4496 983 4563 complures.
1025 4498 1174 4549 Inter
1206 4514 1350 4567 quos
1381 4496 1733 4568 notissimus,
1768 4502 1825 4550 et
1856 4498 2082 4568 scriptis

391 4561 839 4639 honoribusque,
879 4561 1239 4620 clarissimus
1288 4567 1583 4639 Variarum
1644 4573 1856 4631 auctor,
1913 4561 2084 4639 quem

394 4632 1050 4708 Cassiodoruminolito,
1104 4638 1148 4690 si
1183 4639 1379 4691 decere
1416 4637 1557 4700 licet,
1594 4654 1784 4691 errore
1834 4632 2083 4708 appella-

396 4717 541 4779 mus.
570 4703 851 4779 Audiendi
881 4710 1091 4777 quippe
1134 4726 1247 4761 non
1295 4714 1445 4765 sunt,
1482 4708 1581 4777 qui
1617 4703 1947 4764 Senutorém
1977 4720 2085 4763 κατ’

394 4770 580 4849 ἐξοχὴν
603 4773 821 4849 dictum
879 4770 1102 4843 putant,
1150 4780 1308 4848 quasi
1364 4770 1662 4849 proprium
1714 4780 1835 4848 ejus
1876 4798 2082 4836 nomen

393 4843 984 4922 fuerit‘Cassiodorus.
1025 4843 1379 4922 Non-verum
1412 4843 1794 4921 ac'propriurn
1830 4852 1953 4922 ejus
1984 4870 2084 4905 no-

395 4912 939 4989 meuufuitSenator
970 4936 984 4981 ;
1020 4922 1169 4985 quod
1211 4921 1329 4988 ipse
1362 4922 1475 4974 suis
1500 4912 1778 4975 'om'nibus
1828 4912 2082 4989 epistolis

396 4984 638 5064 praefixit
670 4984 765 5062 lib.
805 5000 859 5063 xi
888 4984 1065 5064 etim
1098 4984 1412 5064 \‘ariarum,
1458 4998 1515 5046 et
1554 4994 1705 5064 quod
1742 4984 1919 5046 unum
1966 4995 2081 5048 suis

394 5056 513 5123 ipse
574 5056 775 5136 Fastis“
805 5056 1010 5136 indidit
1062 5074 1210 5136 anno
1254 5063 1389 5136 .5l3,
1445 5056 1588 5117 cum.
1632 5065 1701 5118 de
1752 5082 1853 5117 suo
1887 5072 2081 5136 ageret

393 5127 711 5203 consulatu.
736 5127 1069 5203 Tamigitur
1093 5128 1196 5180 hoc
1217 5129 1275 5203 ei_
1294 5146 1488 5203 verum
1522 5152 1727 5188 nomen
1749 5136 1874 5202 fuit,
1908 5127 2077 5203 quam

391 5213 587 5250 verum
621 5197 805 5250 fuerat
836 5198 995 5250 alteri
1023 5199 1301 5265 Senatori,
1326 5201 1422 5269 qui
1443 5220 1593 5257 anno
1620 5208 1721 5259 436
1750 5197 1947 5261 consul
1974 5208 2079 5262 fuit

392 5283 521 5321 cum
574 5270 649 5322 Fl.
702 5269 1007 5322 Anthemio
1041 5269 1271 5322 Isidoro.
1322 5271 1425 5323 Sed
1466 5274 1702 5329 invaluit
1732 5295 1889 5332 error
1917 5296 1983 5332 ex
2014 5296 2079 5333 ea

392 5354 564 5418 quam
596 5340 711 5392 dixi
755 5340 1024 5409 opinione
1057 5343 1441 5418 natum-quasi
1472 5344 1707 5399 Senator
1758 5351 2074 5418 cpithetum

392 5415 556 5489 esset,
592 5427 704 5463 non
750 5427 976 5489 nomen,
1031 5417 1093 5464 ut
1124 5411 1489 5489 Cassiodorus
1529 5411 1809 5486 tanquam
1839 5423 2076 5489 proprio

390 5480 625 5559 nomine
657 5484 948 5559 vocitetur,
986 5499 1115 5536 cum
1148 5484 1202 5559 id
1233 5480 1799 5559 co‘gnomenhre'vera
1822 5480 2010 5559 fuerit,
2045 5511 2075 5547 a

388 5552 563 5621 patris
592 5553 824 5607 nomine
872 5553 1122 5610 ductum.
1158 5552 1325 5609 Patri'
1346 5556 1501 5609 enim
1551 5557 1835 5613 Senatoris
1865 5552 2076 5618 nomen

1562 5632 1577 5653 η

2110 1824 2149 1877 Β
2178 1819 2463 1889 praestari.
2516 1818 2711 1873 Videte
2755 1817 2803 1871 si
2853 1833 2984 1871 reus
3011 1834 3160 1885 sum,
3202 1818 3301 1890 qui
3331 1817 3481 1890 elegi
3512 1818 3709 1873 virum
3740 1818 3875 1873 anti-

2185 1909 2383 1963 stitum
2418 1908 2669 1962 moribus
2718 1913 3128 1977 congruentem
3163 1924 3176 1961 ε
3215 1908 3315 1979 qui
3346 1909 3433 1961 vel
3466 1914 3673 1961 contra
3700 1908 3879 1978 aequi—

2185 2002 2360 2051 tatem
2393 1997 2841 2067 repugnantium
2869 1996 3150 2049 indomita
3191 2002 3382 2065 posset
3411 1998 3585 2050 corda
3630 1998 3873 2050 mollire.

2185 2086 2458 2140 Effectum
2492 2085 2631 2139 mihi
2665 2084 2880 2155 negotii
2903 2085 3025 2155 jam
3065 2084 3326 2156 promisi,
3358 2086 3456 2156 qui
3491 2084 3674 2155 legati
3714 2085 3875 2139 meri-

2182 2179 2305 2229 tum
2356 2175 2744 2245 comprobavi.
2802 2174 3123 2242 Providete,
3171 2173 3217 2227 si
3265 2172 3607 2245 religionem
3658 2175 3871 2239 deceat,

2182 2265 2229 2318 si
2260 2281 2293 2318 a
2339 2264 2607 2335 pontifice
2642 2263 2881 2333 dignum
2934 2263 3025 2329 sit,
3057 2263 3222 2317 illum
3253 2263 3352 2333 qui
3382 2268 3569 2334 potest
3621 2263 3876 2317 cautibus

2181 2353 2489 2424 imperare,
2536 2352 2849 2407 contemni.
2901 2353 3024 2406 Duo
3070 2357 3201 2406 sunt
3222 2368 3351 2422 quae
3385 2368 3612 2406 mecum
3643 2353 3875 2411 faciunt,

2184 2441 2402 2512 negotii
2433 2442 2745 2508 sinceritas,
2789 2445 2847 2494 et
2876 2456 3056 2511 genus
3106 2441 3481 2511 supplicantis
3514 2457 3529 2495 :
3590 2440 3875 2512 quidquid

2182 2537 2381 2584 contra
2407 2530 2517 2584 hoc
2546 2529 2846 2596 obstiterit,
2894 2528 3178 2582 bonorum
3224 2529 3570 2584 sententiam
3604 2546 3741 2584 mox
3772 2545 3880 2583 me-

2182 2625 2362 2673 retur.

2813 2704 3153 2761 EPISTOLA
3189 2707 3257 2760 Ιῐ.

2641 2796 2663 2828 ²
2710 2809 3023 2849 suaenam
3072 2811 3419 2852 aunoows.

2256 2884 2521 2949 Quamvis
2547 2884 2890 2937 commercia
2920 2884 3239 2939 litterarum
3274 2886 3457 2956 magis
3490 2888 3622 2939 sunt
3662 2884 3882 2941 latitia)

2185 2990 2359 3045 quam
2395 2973 2687 3039 maeroris;
2735 2989 2842 3027 nec
2888 2978 3165 3027 secretum
3199 2975 3443 3044 pectoris
3472 2980 3571 3029 aut
3612 2976 3880 3029 amicitias

2188 3063 2548 3131 diligentiam
2595 3064 2739 3117 bene
2798 3062 2857 3116 in
2907 3063 3093 3117 lucem
3141 3062 3366 3133 digerat
3416 3064 3621 3118 clauda
3666 3064 3880 3118 recenti

2185 3153 2520 3206 confusione
2563 3152 2807 3206 elocutio
2843 3168 2857 3206 :
2907 3151 3101 3206 videro
3150 3156 3366 3218 tamen,
3420 3158 3611 3206 utrum
3642 3153 3876 3225 dispen-

2180 3242 2339 3294 dium
2363 3242 2583 3294 caritati
2614 3241 2822 3294 inferat
2867 3256 3055 3294 sermo
3086 3241 3309 3307 rarior;
3341 3245 3624 3294 monstrat
3648 3247 3869 3307 tamen,

2184 3329 2229 3381 si
2277 3330 2465 3382 nullus
2522 3333 2884 3399 prorogetur,
2945 3330 3297 3383 infantiam:
3347 3334 3544 3383 testem
3605 3331 3881 3385 divinitas

2184 3418 2378 3487 gratiae
2429 3417 2638 3487 linguae
2674 3418 2832 3471 dedit
2861 3418 3133 3472 officium.
3166 3418 3273 3473 Sed
3298 3418 3473 3484 dicas,
3507 3419 3584 3472 mi
3616 3420 3877 3485 domine,

2182 3504 2303 3559 halc
2334 3506 2519 3559 aliena
2556 3522 2679 3559 esse
2710 3506 2779 3559 ab
2812 3523 2877 3560 eo
2922 3524 3093 3577 quem
3125 3507 3377 3561 noverim
3411 3508 3675 3561 maximis
3713 3510 3876 3563 dolo-

2184 3594 2342 3647 ribus
2398 3601 2775 3665 occupatum:
2842 3612 3103 3665 pressum
3159 3598 3357 3665 pectus
3417 3597 3759 3666 angoribus,
3814 3598 3881 3651 ad

2187 3683 2392 3736 amoris
2424 3684 2590 3736 verba
2636 3700 2749 3737 non
2780 3685 2922 3754 erigi
2957 3701 2969 3737 :
3016 3701 3119 3738 nec
3150 3685 3467 3755 quidquam
3508 3686 3880 3740 delenificum

2186 3775 2435 3825 lamenta
2466 3772 2675 3825 sentire
2711 3788 2722 3825 :
2767 3789 2858 3826 res
2889 3790 3017 3843 quae
3052 3778 3302 3827 mentem
3346 3774 3573 3843 premit,
3608 3776 3882 3844 repudiat

2186 3862 2333 3932 quod
2363 3862 2608 3915 oblectat
2636 3862 2894 3917 auditum
2921 3880 2933 3915 :
2964 3863 3062 3934 qui
3093 3863 3275 3933 major
3303 3863 3511 3917 animae
3541 3863 3650 3917 fuit
3680 3866 3877 3933 portio

2186 4004 2295 4058 fuit
2346 4006 2744 4079 Cassiodorus,
2798 4025 2828 4061 a
2862 4025 2974 4079 quo
3016 4009 3168 4063 ﬁlius
3221 4010 3591 4065 Cassiodorus
3623 4011 3875 4067 Senator

2189 4083 2245 4150 et
2275 4078 2542 4131 omnibus
2572 4078 2898 4133 nominibus
2931 4081 3164 4150 Magnus
3206 4082 3472 4135 Aurelius
3503 4082 3883 4138 Cassiodorus

2188 4147 2425 4222 Senator
2474 4150 2658 4222 dictus
2714 4156 2820 4216 est,
2882 4147 3045 4204 sicutw
3082 4169 3114 4204 a
3164 4153 3368 4206 Fausto
3418 4160 3578 4222 patre
3638 4155 3880 4208 Faustus

2188 4219 2456 4292 Avienus.
2499 4221 2562 4292 In
2604 4236 2714 4289 quo
2746 4237 2973 4275 rursum
3006 4223 3301 4276 refellendi
3332 4219 3482 4289 sunt,
3518 4224 3615 4292 qui
3653 4226 3877 4279 Cassio-

2190 4290 2417 4363 dorum,
2464 4291 2555 4343 cui
2605 4292 2936 4358 patriciatus
2966 4299 3091 4362 post
3128 4290 3585 4363 praefecturama
3626 4297 3883 4349 Theode-

2194 4360 2309 4445 rico
2345 4377 2476 4445 rege
2503 4362 2777 4443 defertur,
2821 4370 2877 4445 et
2922 4360 2989 4445 de
3023 4360 3156 4443 quo,
3192 4364 3429 4435 ejusque
3460 4371 3662 4445 avo_et
3692 4374 3878 4445 patre,

2196 4433 2374 4484 multa
2407 4433 2506 4486 lib.
2545 4449 2585 4498 1,
2620 4434 2786 4503 epist,
2821 4438 2849 4488 3
2883 4439 2937 4487 et
2965 4436 3018 4499 4,
3041 4433 3234 4503 ipsum
3255 4433 3543 4489 auctorem
3578 4433 3878 4490 Variarum

2197 4518 2316 4576 esse
2349 4504 2604 4576 credunt,
2640 4520 2768 4557 cum
2821 4505 2889 4576 de
2920 4505 3098 4574 ipsius
3137 4512 3297 4574 patre
3339 4507 3514 4576 accipi
3560 4508 3757 4560 omnia
3789 4509 3882 4561 de-

2194 4572 2363 4647 beant
2392 4591 2404 4639 ;
2439 4574 2506 4647 ad
2535 4591 2713 4647 quem
2756 4575 2924 4647 etiam
2944 4572 3163 4645 scripta
3195 4583 3281 4631 est
3319 4572 3482 4647 epist.
3524 4580 3614 4640 28,
3646 4578 3741 4631 lib.
3782 4594 3877 4633 ιιι.

2194 4643 2451 4718 senatori
2502 4643 2785 4718 siduidem
2816 4646 2934 4699 filio
2965 4643 3387 4715 praéfecturam,
3438 4665 3502 4702 ac
3536 4648 3740 4701 deinde
3776 4666 3881 4718 pa-

2193 4714 2480 4767 triciatum
2532 4716 2737 4769 detulit
2783 4733 2892 4769 non
2939 4714 3337 4784 Theodericus,
3398 4719 3493 4772 sed
3524 4714 3883 4773 Athalaricus

2194 4784 2316 4853 ejus
2337 4802 2525 4859 nepos
2570 4786 2667 4839 lib.
2720 4802 2803 4853 Ix,
2850 4787 3013 4856 epist.
3047 4790 3116 4841 24
3155 4795 3211 4842 et
3246 4792 3332 4855 25,
3376 4790 3433 4842 in
3463 4790 3670 4859 quibus
3725 4797 3881 4844 recto

2195 4856 2425 4941 nomine
2459 4857 2694 4941 Senator
2735 4866 3136 4941 nuncupatur:
3186 4856 3625 4941 Cumplaviﬁnus,
3667 4860 3879 4941 inquit.

2193 4928 2253 4978 P.
2293 4928 2357 4999 CA.
2394 4927 2677 4994 beneﬁciis
2704 4927 3237 4999 nostria’copiosum
3280 4931 3614 4995 virtutibus,
3645 4927 3876 4988 divitem

2189 4996 2455 5072 moriens,
2487 5000 2714 5072 plenum
2744 5004 2927 5072 magis
2960 4996 3265 5056 honoribus
3294 5003 3645 5056 Senatorem.

2261 5069 2281 5101 ²
2323 5069 2623 5139 Εαρθηείί]
2677 5072 2751 5124 De
2782 5069 2896 5141 quo
2928 5072 3000 5126 ad
3044 5073 3207 5141 epist.
3258 5073 3327 5125 24
3368 5072 3465 5126 lib.
3508 5088 3595 5127 Iv.
3640 5074 3877 5127 Doctuni

2192 5138 2495 5213 Eugenetis
2531 5138 2764 5195 fratrem
2796 5138 2957 5211 cujus
2989 5138 3203 5196 obitum
3238 5144 3329 5197 hic
3359 5145 3641 5213 deplorat,
3682 5146 3841 5213 suspi

2187 5225 2283 5285 cor
2331 5210 2502 5285 fuisse
2557 5227 2826 5285 magnum
2868 5210 3202 5281 Olybrium,
3263 5215 3331 5269 de
3383 5210 3496 5285 quo
3545 5215 3759 5268 dictum
3784 5210 3873 5267 es:

2187 5281 2365 5356 epist._
2391 5285 2421 5335 9
2450 5282 2543 5336 lib.
2584 5299 2621 5356 ιΣ
2674 5284 2810 5356 Hinc
2838 5288 2923 5339 est
2961 5285 3204 5338 fortasse
3236 5286 3383 5356 quod
3401 5281 3531 5339 'una
3557 5287 3882 5355 junguntur

2186 5350 2442 5426 in‘epist.
2474 5356 2539 5426 2ῐξ
2576 5354 2828 5426 ejusdem
2860 5355 2988 5409 libri
3030 5350 3268 5426 Olybrio.
3288 5362 3344 5409 et
3364 5350 3640 5426 Eugenieti
3668 5350 3695 5409 ἶ
3723 5363 3778 5409 et
3820 5357 3872 5407 iu

2186 5421 2421 5498 epistola
2450 5421 2757 5498 Athalarici
2790 5426 2887 5479 lib.
2924 5442 3014 5498 vn
3049 5421 3344 5498 variarum
3379 5421 3531 5481 t9'et
3552 5427 3707 5497 quod
3746 5428 3877 5498 Oly-

2183 5492 2293 5546 brii
2329 5494 2598 5565 deinceps
2625 5496 2784 5550 nulla
2816 5497 2965 5566 apud
3000 5497 3315 5552 Ennodium
3348 5492 3589 5553 mentio:
