4054 6176
186 297 253 347 57
640 254 643 255 ν
1575 294 1907 351 EPISTOLA

2102 296 2227 349 LIB.
2271 296 2365 348 ΙΙΙ.
3622 298 3688 351 58

186 430 369 485 frater
396 430 455 484 in
495 429 735 500 superis,
769 429 914 483 hanc
957 428 1247 483 transtulit
1290 430 1361 483 ad
1410 430 1707 497 sepulcra:
1748 429 1887 501 quid
1928 430 1973 483 Α
1998 430 2115 496 tiae,
2152 430 2251 501 qui
2282 435 2609 484 sanctorum
2632 437 2887 486 meretur
2908 432 3211 504 colloquia.
3236 433 3568 497 Quaredum
3594 448 3687 487 me

186 520 537 591 exigendum
572 520 640 572 ab
670 518 770 573 illo
803 517 897 584 sit,
931 518 1093 587 cujus
1132 518 1435 572 dimidium
1484 520 1683 573 salutis
1722 519 1889 572 busta

187 605 575 663 clauserunt?
605 607 665 660 in
687 606 927 659 summis
956 606 1359 660 afflictionibus
1391 608 1569 678 quaeri
1587 624 1698 661 non
1724 624 1889 678 posse

189 713 410 765 vocem,
450 696 761 766 gemitibus
786 695 1144 764 subjugatam
1183 712 1194 748 :
1231 696 1609 767 lacrymarum
1633 702 1890 767 tempore

187 787 414 840 dicatur
451 786 786 854 importuna
841 784 1113 838 narratio.
1164 785 1561 855 Respondebo,
1598 787 1749 856 quod
1790 802 1892 856 par

190 890 423 947 quoque
456 890 647 927 meum
677 878 872 945 pectus
902 873 1090 926 acerbi
1124 889 1283 926 casus
1313 889 1525 928 mceror
1555 875 1887 929 intraverit:

190 980 294 1018 nec
318 964 500 1017 dividi
534 979 625 1017 me
656 979 819 1032 posse
858 963 927 1016 ab
959 962 1079 1031 ejus
1110 962 1356 1029 tristitia,
1387 980 1556 1034 quem
1591 965 1733 1018 mihi
1792 980 1892 1035 pro

193 1053 560 1104 voluntatum
592 1050 968 1104 similitudine
986 1066 1398 1121 nonnunquam
1414 1052 1541 1104 laeta
1557 1051 1889 1120 junxerunt.

195 1140 448 1194 Ostendo
482 1143 676 1193 tamen
700 1155 849 1207 saepe
878 1139 1153 1209 gravioris
1192 1140 1327 1192 mali
1350 1140 1408 1192 in
1456 1140 1704 1193 luctibus
1737 1141 1894 1194 indi-

194 1244 315 1282 cem
380 1227 559 1281 fuisse
614 1244 966 1295 sermonem,
1018 1233 1071 1281 et
1126 1228 1441 1297 intercepta
1495 1229 1895 1283 taciturnitatis

197 1316 457 1370 remedia
484 1317 781 1386 proditore
821 1315 1130 1386 colloquio.
1184 1317 1397 1383 Dicam,
1459 1318 1558 1389 qui
1616 1319 1896 1373 lamenta-

197 1406 339 1460 tioni
373 1421 494 1458 sum
520 1405 765 1475 paginas
795 1405 1062 1475 denegat,
1097 1404 1157 1458 in
1196 1421 1313 1459 una
1361 1411 1528 1460 astate
1560 1408 1679 1461 vult
1707 1410 1895 1478 perire

198 1495 353 1566 quod
386 1495 563 1549 deﬂet
598 1511 610 1547 :
645 1511 759 1548 non
782 1499 1033 1548 meretur
1071 1495 1385 1549 recordatio
1413 1496 1605 1550 fratris
1629 1501 1684 1551 et
1713 1498 1889 1566 docti,

198 1589 261 1637 ut
286 1583 592 1637 nobiscum
636 1582 772 1654 quid
822 1584 891 1637 de
921 1582 1045 1654 ipso
1076 1585 1446 1653 senserimus,
1495 1586 1792 1640 occumbat
1822 1603 1834 1640 :
1865 1604 1898 1641 a

199 1672 400 1726 feriato
450 1688 551 1725 ore
597 1671 657 1725 in
687 1672 1012 1742 planctibus
1054 1688 1254 1742 parcus
1302 1678 1386 1726 est
1424 1674 1688 1728 animus:
1722 1675 1897 1729 amati

200 1760 679 1815 commemoratio
706 1776 834 1831 quae
878 1760 1185 1814 mandatur
1217 1760 1459 1827 tabellis,
1491 1763 1708 1817 viscera
1737 1780 1896 1817 caro-

200 1865 325 1903 rum
370 1850 591 1904 aculeis
638 1848 922 1903 violenter
964 1848 1271 1919 irrumpit:
1333 1866 1629 1921 nunquam
1683 1853 1900 1923 patitur

203 1937 424 1992 obitum
450 1944 802 1992 veterascere
832 1938 1036 1991 relatio
1058 1937 1275 1991 funeris
1298 1938 1517 2008 digesta
1534 1957 1637 2011 per
1659 1942 1893 1996 litteras.

204 2028 318 2083 Hoc
348 2028 546 2081 studio
568 2027 1047 2097 magnitudinem
1076 2033 1233 2081 tuam
1267 2028 1408 2081 flens
1437 2031 1757 2083 consolator
1805 2047 1901 2101 ap-

202 2117 372 2186 pello,
406 2121 474 2170 ut
503 2116 705 2173 vicarii
730 2116 1013 2169 sermonis
1042 2115 1342 2184 beneficio,
1376 2122 1432 2171 et
1458 2119 1770 2188 promissus
1796 2120 1899 2174 sub

204 2204 570 2260 invocatione
594 2205 697 2260 Dei
727 2204 879 2258 inter
908 2222 1013 2259 nos
1045 2205 1333 2259 nutriatur
1365 2206 1619 2273 affectus,
1667 2214 1722 2262 et
1767 2225 1909 2279 per-

205 2311 341 2349 sona
360 2294 656 2348 facundia:
678 2310 805 2361 quae
832 2293 1051 2347 meritis
1081 2294 1199 2348 suis
1230 2310 1492 2350 occasum
1524 2298 1898 2367 nonipatitur,

206 2389 393 2439 nostra
428 2400 667 2455 quoque
697 2383 1157 2437 confabulatione
1187 2384 1507 2439 reviviscat.

827 2473 1151 2528 EPlSTOLA
1195 2474 1284 2527 ΙΙΙ.

532 2576 753 2617 DOINO
795 2576 913 2617 SUO
960 2576 1199 2617 FAUSTO
1245 2577 1590 2619 ENNODIUS.

272 2652 417 2706 Cum
449 2650 742 2705 scribendi
773 2650 1009 2714 occasio,
1047 2656 1103 2705 et
1134 2651 1444 2705 domestica
1482 2658 1538 2706 et
1567 2652 1748 2706 amica
1776 2669 1907 2725 sup—

207 2742 439 2812 peditet,
465 2756 647 2812 quare
677 2757 710 2793 a
738 2739 959 2811 paginis
997 2744 1335 2810 temperem,
1367 2745 1641 2809 tanquam
1674 2741 1906 2810 indigus

208 2830 511 2899 perlatoris
547 2845 560 2882 :
596 2828 842 2883 maxime
855 2844 984 2881 cum
1003 2829 1609 2883 sedulitaslitterarum
1632 2846 1907 2899 responsa

210 2918 347 2974 mihi
375 2920 567 2973 soleat
597 2935 749 2988 saepe
781 2924 1051 2989 praestare
1072 2918 1100 2971 ?
1126 2918 1265 2973 Huic
1296 2934 1355 2973 se
1400 2920 1587 2973 studio
1635 2921 1903 2974 comitem

1999 520 2286 573 saecularis
2318 519 2547 573 licentia
2575 520 2873 574 immunda
2905 522 3175 591 possedit,
3205 538 3505 594 nunquam
3544 521 3688 576 tanti

1998 607 2104 659 viri
2134 608 2321 677 apices
2353 608 2535 660 merui
2570 624 2581 661 :
2634 614 2762 677 post
2804 609 2976 663 etiam
3023 627 3125 680 per
3153 611 3325 681 longa
3362 610 3685 675 intervalla,

2000 712 2296 767 nunquam
2320 697 2647 766 hujusmodi
2671 697 2822 751 bona
2843 700 3085 770 suscepi.
3109 701 3257 753 Deus
3271 715 3496 769 magne,
3514 714 3689 770 quam

1999 784 2338 855 dignitatem
2372 787 2747 839 servientibus
2777 786 2899 855 itibi
2957 787 3180 850 tribuis,
3215 797 3276 843 ut
3322 804 3466 858 quos
3508 787 3686 857 respi-

1999 890 2125 927 cere
2157 876 2416 943 cceperis,
2451 874 2623 927 etiam
2646 875 2843 928 amicis
2875 878 2985 928 tuis
3000 875 3511 946 reddasacceptosl
3548 876 3687 929 Vere

2001 979 2228 1033 semper
2277 980 2373 1016 vos
2434 963 2709 1032 singulari
2739 965 2962 1018 cultura
3006 965 3230 1034 suspexi
3266 981 3280 1018 :
3320 980 3547 1035 semper
3592 979 3688 1017 ve-

2000 1051 2271 1105 nerandis
2315 1051 2569 1104 moribus
2627 1057 2858 1121 gravata
2912 1053 3154 1122 peccatis
3224 1054 3371 1106 colla
3426 1051 3686 1106 submisi.

2004 1143 2139 1194 Ecce
2163 1141 2285 1210 jam
2318 1140 2479 1209 quasi
2512 1140 2749 1209 aequalis
2779 1142 3073 1210 appellor:
3123 1142 3304 1195 erexit
3335 1157 3427 1195 me
3458 1142 3555 1195 diu
3598 1157 3691 1194 cu-

2004 1230 2209 1283 stodita
2256 1228 2554 1297 subjectio.
2605 1229 2750 1282 Fove
2798 1244 2890 1282 me
2944 1246 3079 1298 ergo
3127 1230 3481 1284 orationibus
3534 1230 3687 1283 tuis:

2004 1319 2255 1372 ostendis
2280 1318 2432 1371 enim
2492 1318 2740 1387 paginis,
2794 1317 2995 1387 fragile
3026 1335 3057 1371 a
3085 1318 3244 1371 vobis
3274 1334 3389 1372 non
3440 1317 3692 1371 exhiberi

2004 1408 2404 1477 patrocinium.
2430 1407 2571 1459 Nam
2597 1412 2653 1459 et
2684 1406 2772 1459 isti
2808 1406 3054 1476 suscepti
3084 1411 3235 1471 sunt,
3255 1406 3353 1477 qui
3372 1406 3514 1460 mihi
3542 1406 3693 1459 bona

2006 1496 2075 1550 de
2103 1496 2309 1566 quibus
2335 1495 2537 1565 gestio,
2586 1495 2972 1548 contulerunt.
3026 1495 3110 1548 Ad
3154 1510 3276 1548 rem
3317 1495 3510 1548 redeo.
3560 1496 3691 1548 Per-

2006 1585 2160 1639 ditus
2191 1585 2286 1638 ille
2321 1584 2559 1637 clericus
2600 1583 2826 1654 expavit
2857 1598 3087 1636 causam
3134 1583 3323 1637 dicere
3373 1582 3521 1653 apud
3572 1582 3693 1652 epi-

2004 1689 2260 1744 scopum,
2316 1678 2617 1743 postquam
2654 1672 2884 1725 defendi
2936 1689 2969 1725 a
3015 1688 3107 1725 me
3153 1672 3295 1725 vidit
3342 1687 3440 1725 eos
3488 1670 3697 1741 quibus

2008 1779 2204 1817 meum
2234 1762 2548 1831 deputastis
2578 1761 2939 1830 obsequium.
2976 1761 3253 1831 Suggero,
3286 1760 3333 1814 si
3368 1760 3599 1831 jubetis,
3642 1765 3698 1813 et

2009 1867 2158 1905 unus
2187 1850 2256 1904 de
2288 1849 2425 1919 ipsis
2471 1851 2798 1903 Ravennam
2842 1851 3099 1903 ambulet
3140 1865 3269 1903 cum
3310 1849 3508 1903 vestris
3538 1848 3609 1903 ad
3637 1848 3699 1902 ﬁ-

2006 1939 2151 1993 lium
2194 1944 2446 1992 vestrum
2488 1940 2765 1991 domuum
2800 1939 3069 1991 Faustum
3114 1937 3571 2004 commendatiis,
3626 1953 3697 1990 ne

2006 2028 2066 2082 in
2099 2028 2433 2098 praajudicio
2467 2027 2725 2097 ipsorum
2768 2027 2981 2080 venalis
3024 2027 3307 2097 judicium
3339 2026 3441 2097 qui
3487 2026 3698 2081 Medio-

2008 2115 2128 2169 lani
2158 2114 2451 2181 exuberat,
2485 2115 2768 2167 sententia
2799 2114 3191 2184 depromatur.

2634 2201 2965 2256 EPISTOLA
3007 2201 3068 2255 V.

2538 2304 2860 2346 ENNODIUS
2900 2304 3179 2346 MAXIMO.

2081 2377 2335 2434 Grandes
2361 2377 2547 2431 hiatus
2578 2383 2803 2448 paterer
2851 2378 3170 2432 litterarum
3225 2382 3540 2431 vestrarum
3586 2376 3700 2432 ele-

2012 2474 2173 2521 vatus
2202 2466 2475 2537 alloquio,
2508 2466 2555 2519 si
2589 2483 2704 2520 non
2751 2467 2863 2521 mei
2902 2467 3162 2521 conscius
3192 2466 3547 2538 imperitiam
3596 2482 3701 2537 pu-

2012 2560 2150 2611 dore
2181 2555 2642 2626 comprimerem,
2676 2556 2944 2625 etjudicii
2974 2558 3193 2610 lancem
3217 2562 3495 2622 tenerem,
3528 2555 3703 2610 etiam

2013 2662 2139 2700 cum
2185 2645 2387 2698 laudor
2431 2644 2771 2698 immeritus.
2835 2645 2945 2697 Vos
2999 2645 3255 2715 dignatio
3297 2660 3549 2698 censurae
3576 2643 3707 2698 fecit

2012 2734 2379 2788 immemores
2413 2750 2425 2787 :
2454 2750 2542 2787 me
2591 2732 2946 2803 propositum
3000 2734 3151 2787 intra
3179 2734 3566 2787 verecundum
3607 2732 3703 2787 de-

2015 2836 2150 2890 gere
2192 2821 2481 2889 penetrale
2515 2821 2809 2890 compellit
2837 2836 2850 2874 :
2885 2837 2981 2873 vos
3008 2820 3214 2890 scripta
3247 2836 3375 2873 mea
3433 2824 3703 2888 tanquam

2017 2916 2271 2963 amantes
2302 2907 2558 2961 attollitis
2592 2925 2604 2961 :
2641 2924 2733 2961 me
2762 2924 2990 2962 necesse
3018 2914 3102 2962 est
3131 2910 3255 2961 illos
3286 2912 3560 2972 metuere,
3606 2906 3705 2977 qui

211 3010 360 3063 dedit
398 3008 760 3062 honorabilis
800 3006 925 3074 viri,
967 3008 1315 3061 veneratoris
1344 3010 1515 3062 vestri
1546 3009 1736 3063 fratris
1755 3010 1901 3063 Cou-

2092 2999 2248 3052 acido
2289 2997 2664 3068 despicientes
2710 3003 2913 3050 cuncta
2972 2997 3254 3065 neglectu,
3298 2996 3468 3050 etiam
3515 2994 3705 3048 edeci-
3750 3054 3753 3057 ν

211 3097 398 3151 stantii
428 3096 769 3167 postulatio,
807 3097 904 3167 qui
925 3096 1263 3150 industriam
1292 3112 1453 3150 suam
1485 3114 1597 3167 qua
1629 3099 1777 3169 apud
1813 3114 1908 3151 vos

215 3186 489 3250 Domnus,
525 3190 590 3238 ut
612 3185 901 3239 efﬁcacem
932 3184 1113 3251 decet,
1139 3184 1409 3251 innotuit,
1443 3188 1582 3239 meis
1626 3187 1911 3241 desiderat

212 3275 501 3329 beneﬁciis
553 3274 875 3343 subjugare.
910 3274 1258 3328 Transcribit
1297 3275 1449 3328 enim
1477 3276 1543 3329 ad
1578 3276 1764 3329 aliena
1782 3279 1911 3347 jura

213 3365 480 3418 sudorem
512 3379 705 3429 suum,
743 3362 1065 3432 quidebere
1098 3364 1216 3416 vult
1248 3364 1730 3418 commendatitiis
1754 3366 1910 3435 quod

213 3458 487 3506 meretur.
522 3451 663 3505 Dedi
695 3457 889 3504 tamen
944 3466 1146 3504 manus
1195 3452 1483 3521 precibus,
1534 3459 1589 3507 et
1639 3469 1743 3523 pro
1789 3454 1911 3523 ejus

214 3541 494 3597 desiderio
530 3540 632 3593 sub
678 3540 975 3593 occasione
1016 3540 1353 3595 exhibendae
1394 3541 1739 3595 humilitatis
1778 3541 1911 3595 scri-

212 3637 298 3700 pta
328 3629 667 3701 prorogavi,
703 3630 881 3683 Deum
913 3645 1142 3698 rogans,
1184 3634 1245 3682 ut
1276 3629 1382 3684 sub
1415 3630 1571 3683 omni
1623 3632 1911 3684 celeritate

212 3718 580 3773 nuntius'me
603 3724 804 3771 vestras
838 3718 1181 3772 valetudinis
1219 3723 1276 3771 et
1303 3719 1700 3789 prosperitatis
1739 3721 1911 3773 attol-

211 3809 300 3862 lat.
336 3807 719 3863 Nominatum
766 3810 958 3861 tameu
999 3824 1104 3879 pro
1137 3808 1249 3861 mei
1284 3808 1740 3863 consideratione
1792 3826 1911 3862 ma-

212 3898 451 3970 gnitudo
504 3903 693 3950 vestra
744 3897 997 3967 gemino,
1059 3897 1106 3951 si
1166 3897 1438 3967 indignus
1493 3904 1753 3969 precator
1795 3913 1912 3952 non

214 4004 354 4055 sum,
386 3986 589 4041 favore
612 3985 935 4039 comitetur.

833 4074 1166 4131 EPISTOLA
1205 4075 1291 4129 IV.

536 4178 859 4218 ENNODIUS
900 4164 919 4199 ί
963 4178 1195 4217 ABBATI
1243 4178 1602 4219 srapuxno.

282 4254 634 4309 Litterarum
662 4258 978 4305 vestrarum
1030 4268 1203 4322 quam
1232 4252 1395 4305 dulce
1448 4252 1747 4323 negotium
1804 4256 1908 4317 est,

218 4344 371 4415 quod
415 4342 563 4397 mihi
622 4342 874 4411 spiritale
902 4358 1111 4395 munus
1164 4342 1462 4396 exhibuit!
1502 4358 1674 4412 quam
1726 4343 1911 4395 votiva

218 4434 573 4503 perlatorum
596 4430 917 4497 necessitas,
952 4446 1081 4500 qua).
1130 4430 1371 4484 remedii
1401 4430 1489 4483 sui
1541 4430 1727 4483 studio
1770 4430 1913 4484 desi-

219 4522 388 4575 deriis
436 4520 701 4574 medetur
737 4518 973 4572 alienis!
1021 4519 1324 4583 Confiteor,
1383 4518 1491 4571 nisi
1569 4524 1916 4589 repugnaret

222 4610 535 4681 proposito,
592 4606 828 4661 inimica
883 4623 1029 4677 pene
1072 4608 1143 4662 ad
1196 4607 1539 4661 turbandam
1584 4608 1911 4678 aliquorum

220 4700 585 4753 securitatem
618 4702 743 4749 vota
776 4696 1154 4766 conciperem.
1190 4698 1323 4750 Ecce
1348 4701 1637 4766 praestant.
1659 4698 1912 4762 adversa,

220 4788 367 4859 quod
402 4786 656 4840 secunda
682 4802 797 4839 non
827 4785 1106 4839 tribuunt.
1134 4787 1475 4841 Sanctorum
1500 4785 1715 4839 litteras
1756 4792 1910 4839 tran-

221 4877 411 4948 quillis
471 4875 643 4929 rebus
684 4875 833 4929 unde
892 4880 1157 4945 peccator
1193 4874 1532 4944 acciperem,
1578 4890 1719 4945 quas
1765 4891 1911 4928 nun-

219 4983 389 5037 quam
423 4964 763 5018 meritorum
800 4980 1058 5018 meorum
1090 4964 1241 5016 nitor
1275 4963 1502 5033 exegit?
1541 4964 1673 5017 Ecce
1726 4980 1915 5033 quan-

222 5059 333 5109 tum
377 5055 524 5108 mihi
567 5055 939 5107 contulerunt
984 5053 1343 5122 suffragium,
1380 5052 1478 5122 qui
1515 5069 1543 5104 a
1575 5052 1734 5105 vobis
1766 5051 1914 5105 obti-

221 5145 407 5198 nuisse
430 5160 492 5197 se
533 5142 902 5196 conﬁtentur.
940 5142 1196 5195 Divinam
1234 5141 1457 5195 aestimo
1496 5140 1914 5211 providentiam

221 5232 311 5285 illa
355 5233 651 5286 tribuere:
718 5229 962 5282 multum
1004 5230 1124 5299 jam
1188 5229 1376 5295 credo,
1430 5228 1583 5298 quod
1638 5229 1706 5281 de
1756 5228 1915 5280 mala:

223 5319 667 5375 conversationis
699 5319 846 5372 fasce
884 5318 1136 5389 deposui.
1187 5318 1488 5371 Proximus
1519 5320 1602 5370 est
1642 5316 1914 5369 innocen-

290 5451 304 5483 ¹
342 5447 561 5504 Abbali
588 5443 900 5516 Stephano]
932 5445 1010 5499 Ad
1045 5461 1216 5513 quem
1244 5444 1449 5499 iterum
1474 5443 1638 5511 epist.
1676 5446 1755 5497 t2.

294 5519 315 5553 ²
339 5520 641 5576 Adeodalo
684 5512 1031 5587 presbytero]
1062 5512 1339 5587 Ecclesia),
1376 5516 1666 5587 Romana},
1718 5518 1781 5567 ut
1824 5512 1917 5587 de-

227 5590 434 5651 clarant
466 5607 599 5662 quae
635 5585 1231 5662 ad_e_umdem:scribit
1265 5586 1362 5662 lib.
1404 5602 1501 5652 vn,
1543 5585 1709 5662 epist.
1732 5586 1832 5662 _27.
1867 5585 1917 5662 is

229 5668 306 5715 est
335 5655 597 5729 fertasse,
620 5659 724 5731 qui
763 5658 825 5713 in
858 5658 1068 5729 synodo
1097 5657 1284 5729 prima
1313 5655 1636 5727 Symmachi
1663 5655 1916 5709 subscri-

2018 3093 2170 3141 mata
2225 3087 2586 3140 condemnat.
2643 3087 2763 3155 Ago
2816 3090 3011 3139 tamen
3060 3086 3271 3155 gratias
3344 3084 3500 3155 quod
3554 3081 3705 3154 apud

2017 3178 2293 3231 domuum
2326 3175 2632 3229 Patricium
2663 3174 2837 3228 talem
2873 3190 2961 3228 me
2988 3174 3245 3244 judicare
3276 3173 3544 3241 scribitis,
3568 3188 3706 3244 qua-

2016 3267 2130 3320 lem
2156 3270 2339 3319 vestro
2370 3262 2698 3317 testimonio
2738 3262 3080 3317 reddidistis.
3141 3262 3521 3317 lnsinuationi
3572 3276 3708 3331 ergo

2019 3370 2179 3409 amor
2209 3354 2449 3408 debetur
2476 3352 2601 3420 iste,
2636 3368 2751 3405 non
2782 3350 3024 3422 paginas,
3084 3366 3259 3421 quam
3303 3350 3499 3404 scaber
3534 3350 3710 3421 stylus

2018 3445 2143 3497 sine
2187 3442 2533 3513 eloquentiae
2574 3442 2703 3495 dote
2738 3440 2999 3511 signavit.
3052 3440 3464 3496 Salutationem
3519 3443 3711 3492 tamen

2020 3532 2407 3603 magnitudini
2456 3534 2655 3584 vestra:
2714 3530 2947 3601 dignam
3011 3530 3284 3597 referens,
3334 3530 3447 3584 Deo
3497 3526 3711 3599 gratias

2008 3638 2150 3692 vago,
2184 3622 2339 3692 quod
2371 3620 2571 3675 votivis
2603 3635 2700 3673 vos
2748 3623 2939 3673 auctos
2997 3619 3350 3674 successibus
3379 3617 3604 3672 reduxit
3641 3616 3711 3670 ad

2021 3710 2272 3781 propria,
2322 3725 2463 3780 quos
2508 3724 2669 3763 mens
2714 3724 2841 3762 mea
2886 3724 2991 3779 pro
3054 3708 3410 3763 connexione
3462 3705 3714 3761 caritatis

2022 3814 2321 3870 nunquam
2352 3798 2525 3853 sentit
2556 3798 2837 3852 absentes.

2640 3886 2974 3940 EPISTOLA
3012 3884 3098 3939 VI.

2495 3980 2820 4032 n'nxoows
2866 3988 3251 4030 LAUBBNTlO.

2098 4064 2308 4121 Danda:
2334 4068 2469 4118 sunt
2527 4081 2731 4119 manus
2756 4064 2971 4118 amoris
3017 4062 3263 4133 imperio
3292 4078 3305 4116 :
3340 4061 3592 4116 vinctum
3623 4075 3714 4114 me

2023 4161 2180 4210 tenet
2200 4154 2422 4209 affectio
2456 4170 2469 4208 :
2498 4154 2588 4207 cui
2621 4154 2794 4207 verba
2838 4152 3109 4218 concessi,
3142 4156 3201 4205 ut
3256 4150 3411 4222 quod
3446 4149 3519 4204 ad
3566 4149 3714 4203 salve

2026 4246 2284 4300 debitum
2318 4244 2564 4315 pertinet
2605 4258 2725 4297 non
2748 4248 3016 4297 tacerem.
3054 4240 3357 4296 Domestici
3414 4238 3714 4309 perlatoris

2025 4335 2242 4389 occasio
2272 4334 2417 4387 mihi
2452 4332 2641 4403 perire
2673 4348 2789 4385 non
2815 4332 3021 4401 potuit,
3055 4329 3165 4383 nisi
3194 4328 3264 4383 ad
3293 4326 3607 4397 diligentias
3637 4330 3715 4378 to-

2022 4422 2358 4477 stimonium
2402 4420 2611 4490 scripta
2643 4419 3112 4473 transmitterem.
3159 4416 3422 4471 Salutans
3468 4428 3604 4483 ergo
3631 4428 3714 4465 re-

2023 4512 2275 4565 verentia
2310 4510 2517 4577 debita,
2549 4524 2754 4580 precor
2786 4512 2849 4560 ut
2875 4506 3083 4559 vicario
3104 4520 3196 4559 me
3218 4502 3482 4556 relevetis
3508 4501 3678 4556 affatu
3700 4521 3714 4566 ;

2025 4602 2160 4673 quia
2218 4600 2491 4669 promitto
2538 4598 2683 4652 mihi
2742 4595 3063 4649 litterarum
3146 4590 3557 4663 prorogatione
3622 4607 3713 4645 re-

2024 4690 2319 4761 sponsu'm.

2630 4773 2961 4828 EPISTOLA
3001 4770 3111 4825 νιῐ.

2250 4876 2571 4919 annonws
2614 4862 2635 4895 ²
2680 4872 3006 4916 ΑυεοοΑτο
3054 4870 3494 4912 rassarrano.

2097 4953 2233 5020 Quis
2264 4957 2462 5005 vestrm
2496 4949 2806 5003 altectionis
2849 4948 3171 5011 immemor,
3216 4944 3330 4998 nisi
3360 4944 3459 5014 qui
3490 4945 3577 4995 est
3638 4940 3717 4994 in-

2024 5044 2330 5106 humanus,
2371 5038 2623 5092 existat?
2656 5038 2783 5107 quis
2840 5036 3016 5089 totius
3102 5032 3397 5103 religionis
3457 5046 3714 5102 persona:

2026 5131 2177 5201 apud
2213 5131 2389 5184 Deum
2422 5127 2566 5180 nolit
2594 5126 2802 5180 habere
2851 5123 3187 5194 suffragium
3210 5121 3238 5175 ‘I
3278 5122 3395 5192 Ego
3447 5118 3713 5174 maxime.

2026 5221 2124 5290 qui
2180 5224 2235 5273 et
2282 5217 2548 5289 gravibus
2606 5219 2970 5286 peccatorum
3039 5210 3273 5265 sarcinis
3336 5224 3590 5278 premor,
3664 5216 3713 5258 t'l

2024 5313 2269 5360 vestram
2328 5305 2570 5375 gratiam
2627 5303 2888 5357 obtinui:
2923 5317 3053 5372 quas
3096 5316 3185 5353 res
3224 5298 3367 5352 mihi
3398 5296 3715 5350 absolutio-

2027 5439 2111 5491 bit
2145 5436 2231 5490 his
2257 5434 2444 5488 verbis
2474 5450 2487 5487 :
2522 5432 2856 5487 Adeodalus'
2870 5428 3167 5499 presbyter
3232 5426 3293 5479 S.
3328 5421 3576 5499 Martini
3604 5422 3711 5499 Ti}.

2026 5507 2275 5579 Equilii.
2312 5508 2647 5579 Neprorsus
2677 5494 2983 5579 affirmem,
3014 5494 3164 5579 facit,
3189 5495 3361 5579 Aquod.
3393 5496 3454 5579 in
3502 5494 3718 5579 synodo

2028 5565 2227 5634 ινᾟυο
2256 5565 2512 5648 ejusdem
2536 5573 2785 5630 nominis
2818 5578 2875 5627 et
2914 5570 3123 5642 gradus
3171 5566 3446 5624 Adeodati
3490 5565 3720 5636 presby-

2024 5651 2133 5705 teri
2166 5652 2564 5704 numerantur.
