4102 6182
346 311 411 364 59
1561 307 1850 363 ENNODH
1896 308 2206 364 III’lSCOPl
2247 307 2634 362 TICINENSIS
3767 303 3836 354 60

345 456 472 494 nem
516 439 803 510 integram
848 438 1172 510 pollicetur.
1206 438 1470 493 Salutans
1502 453 1636 507 ergo
1694 442 2034 491 veneranter
2071 444 2116 497 A
2148 453 2295 492 mur.
2353 437 2525 491 Index
2580 452 2751 490 mera:
2812 433 3126 489 affectionis
3150 437 3278 487 voto
3311 438 3606 503 pectorum
3636 433 3836 504 lingua

342 536 398 584 et
426 530 632 596 debite,
680 545 866 599 spero,
921 534 983 582 ut
1037 546 1140 600 pro
1190 545 1280 581 me
1311 543 1413 597 per
1452 527 1646 581 omnia
1706 534 2031 581 sanctorum
2144 525 2414 596 signaret,
2473 525 2519 578 si
2567 524 2638 578 ad
2692 522 2960 578 desiderii
3009 521 3235 592 copiam
3267 521 3542 575 militaret
3576 521 3689 574 oris
3710 520 3830 574 offi-

345 621 459 672 loca
487 623 612 673 vota
639 619 811 673 facias
846 636 858 673 :
891 635 1016 689 qum
1041 621 1396 682 consecutus,
1428 616 1532 670 Dei
1583 616 1857 670 beneﬁcia
1908 617 2029 671 sine
2142 615 2314 682 cium,
2349 621 2405 668 et
2428 614 2720 684 penetrale
2750 612 2960 667 mentis
3011 612 3368 682 resignatum
3424 615 3716 664 teneretur
3767 611 3830 663 in

344 725 502 762 mora
530 709 874 776 dissolvam;
923 707 1058 778 quia
1115 709 1472 775 compertum
1519 705 1660 760 mihi
1703 711 1806 775 est,
1876 707 2029 777 quod
2141 703 2363 758 litteris.
2413 705 2567 756 Tunc
2607 702 2766 756 nullo
2843 701 3046 755 caritas
3095 701 3361 770 neglectu
3406 704 3828 753 veterasceret:

342 796 577 850 mereris
611 797 814 852 audiri.
2139 797 2275 846 tunc
2303 792 2564 864 diligenti
2591 798 2806 847 mutuae
2860 790 3238 845 devinctionis
3289 806 3392 842 usu
3427 789 3604 860 polita
3651 788 3833 859 fulge-

933 882 1254 938 EPISTOLA
1298 884 1434 937 VIII.
2139 886 2246 950 ret,
2277 897 2381 936 nec
2411 881 2610 935 scabro
2673 879 2951 933 memoria
2996 878 3168 931 vestri
3223 884 3453 948 torpore
3499 877 3828 931 laederetur.

871 986 1193 1026 ENNODIL’S
1239 987 1500 1028 AV’IENO.
2138 970 2240 1024 Sed
2264 970 2397 1040 quid
2434 969 2635 1023 faciam
2669 969 2816 1038 quod
2853 968 2994 1022 mihi
3023 967 3360 1020 meritorum
3404 983 3664 1020 meorum
3723 982 3825 1018 ne-

409 1061 464 1114 Si
505 1062 718 1116 offensa
765 1065 1017 1131 praestat,
1081 1066 1143 1114 ut
1180 1060 1594 1131 magnitudinis
1647 1067 1762 1116 tua:
1820 1060 2030 1131 scripta
2137 1057 2289 1112 bulaa
2343 1058 2702 1112 serenitatem
2757 1057 2902 1110 bene
2955 1056 3198 1110 amantis
3236 1055 3546 1120 obducunt,
3597 1059 3654 1108 et
3679 1053 3826 1108 obli-

340 1151 719 1220 gcminentur,
774 1166 947 1220 quam
987 1150 1188 1203 vellem
1230 1165 1377 1220 saepe
1420 1151 1518 1204 illa
1566 1151 1751 1204 sereni
1784 1151 2028 1221 pectoris
2137 1149 2362 1202 vionem
2386 1149 2500 1202 mei
2527 1153 2755 1219 peccata
2786 1163 2913 1200 mea
2941 1146 3289 1200 conciliant?
3321 1147 3576 1199 Facessat
3612 1161 3644 1198 a
3699 1160 3832 1213 pro-

339 1239 417 1292 tui
465 1237 779 1309 tranquilla
818 1239 1079 1292 turbari?
1118 1244 1173 1292 et
1223 1239 1331 1291 nisi
1379 1239 1774 1293 adversaretur
1822 1256 2027 1310 propo-
2138 1238 2322 1308 posito
2355 1254 2502 1304 meo,
2544 1237 2757 1290 imitari
2791 1238 2942 1307 quod
2965 1236 3175 1290 factum
3197 1236 3381 1303 doleo,
3418 1240 3475 1288 et
3502 1251 3603 1305 per
3649 1234 3825 1286 silen-

334 1327 462 1393 site,
495 1344 692 1382 causas
746 1328 1160 1397 indignationis
1212 1328 1535 1398 ingererem
1570 1345 1582 1382 :
1617 1329 1847 1398 quando
1874 1329 2025 1399 quod
2138 1329 2279 1381 tium
2315 1343 2539 1380 sumere
2579 1327 2646 1380 de
2687 1332 2868 1380 vestra
2910 1325 3298 1379 taciturnitate
3354 1323 3676 1376 vindictam.
3725 1323 3831 1377 Ge-

335 1432 493 1470 amor
527 1433 644 1470 non
694 1421 947 1469 meretur
991 1416 1215 1470 obtinui
1269 1432 1370 1486 per
1419 1417 1629 1487 culpas.
1667 1419 1780 1487 Ego
1835 1424 2027 1472 tamen
2141 1416 2312 1469 minis
2360 1432 2494 1486 ergo
2580 1415 2829 1469 stimulis
2881 1415 3052 1468 verba
3115 1412 3386 1467 concessi.
3441 1413 3656 1480 Negare
3711 1426 3830 1463 non

335 1520 528 1558 errore
558 1521 756 1558 vacare
806 1520 897 1558 me
955 1505 1158 1558 nuntio
1193 1505 1252 1559 in
1301 1521 1366 1558 ea
1421 1521 1592 1560 causa
1619 1507 1677 1560 in
1723 1523 1856 1577 qua,
1890 1507 2022 1561 dum
2138 1505 2300 1574 potui
2324 1504 2729 1558 commercium
2767 1503 3094 1574 epistolare,
3141 1502 3294 1572 quod
3325 1505 3381 1554 et
3427 1516 3592 1553 causa
3649 1515 3830 1569 popo-

333 1592 1067 1664 accusatis‘negligentiam,
1090 1595 1396 1664 praemium
1416 1596 1757 1650 contulistis.
1777 1598 2026 1650 Puerum
2141 1594 2244 1646 scit
2266 1597 2321 1646 et
2351 1592 2554 1663 gratia.
2589 1592 2752 1647 Scitis
2779 1593 2992 1662 optime
3024 1607 3153 1662 quae
3184 1607 3215 1643 a
3245 1589 3425 1654 vobis,
3479 1593 3533 1642 et
3570 1604 3671 1658 per
3738 1602 3832 1641 me

333 1682 594 1735 turbatus
642 1682 842 1747 direxi,
893 1698 995 1752 per
1026 1699 1198 1752 quem
1229 1683 1370 1737 nihil
1423 1684 1596 1746 aliud,
1658 1701 1830 1754 quam
1873 1687 2023 1755 quod
2067 1728 2107 1782 Β
2139 1688 2193 1735 et
2222 1698 2318 1735 ore
2368 1681 2603 1752 proprio
2636 1687 2862 1735 sanctus
2891 1686 3055 1750 pater
3086 1684 3271 1732 vester
3325 1679 3572 1732 domnus
3613 1676 3830 1747 episco-

331 1787 473 1840 Opus
503 1775 651 1824 esset
681 1772 919 1825 ostendi.
960 1772 1159 1826 Libero
1216 1777 1442 1843 pectore
1474 1773 1672 1844 lingua
1704 1779 1860 1827 vacat
1899 1775 2023 1827 ol‘ti-
2067 1764 2107 1782 "
2137 1788 2243 1841 pus
2273 1771 2604 1841 postulavit,
2650 1776 2715 1824 ut
2771 1785 3018 1840 expensa
3052 1785 3177 1838 qua:
3237 1784 3340 1838 pro
3401 1764 3832 1820 necessitatibus

332 1860 429 1912 ciis
464 1875 476 1913 :
512 1875 674 1913 mens
701 1860 935 1914 confusa
966 1861 1209 1932 gratiam
1243 1862 1600 1916 salutationis
1623 1863 1866 1933 abjurat.
1889 1864 2023 1916 Ecce
2136 1860 2331 1914 domui
2373 1876 2537 1930 papa:
2579 1860 2862 1914 Ravenna:
2912 1860 3057 1912 facta
3095 1862 3193 1920 est,
3227 1856 3251 1888 ³
3275 1855 3655 1910 redhibitione
3689 1869 3830 1923 pen-

333 1950 443 2002 Deo
476 1948 537 2002 in
569 1952 814 2019 utroque
842 1951 1074 2019 gratias,
1109 1951 1263 2022 quia,
1296 1966 1400 2005 nec
1449 1967 1554 2021 ego
1612 1968 1744 2005 reus
1794 1968 1942 2018 sum,
1975 1957 2030 2004 et
2137 1954 2377 2002 saretur.
2402 1948 2583 2004 Certis
2613 1949 2766 2002 enim
2797 1948 3125 2019 potentibus
3165 1961 3410 2016 quorum
3442 1945 3676 1998 nomina
3735 1947 3829 1997 tu-

331 2053 426 2091 vos
457 2053 548 2091 me
579 2054 742 2092 reum
771 2054 892 2092 esse
923 2039 1267 2094 credidistis.
1304 2041 1648 2094 Beneﬁcium
1683 2040 1824 2095 mihi
1865 2057 2026 2094 com-
2135 2044 2254 2093 tum
2303 2056 2416 2092 non
2470 2045 2553 2092 est
2617 2039 2824 2109 scripto
2874 2037 3106 2107 signari,
3137 2036 3292 2090 novit
3353 2035 3645 2100 Dominus,
3689 2034 3829 2105 quia

332 2126 502 2180 motio
534 2133 720 2180 vestra
751 2127 1014 2195 contulit,
1048 2129 1202 2199 quod
1236 2128 1326 2183 vix
1350 2129 1596 2184 dedisset
1627 2130 1873 2184 affectio.
1910 2132 2025 2200 Ego
2136 2130 2264 2198 plus
2287 2144 2460 2198 quam
2493 2127 2945 2198 quadringentos
2983 2127 3107 2180 auri
3131 2126 3344 2180 solidos
3390 2124 3658 2195 erogavit.
3712 2124 3829 2177 llos

328 2214 464 2284 quid
493 2214 598 2268 tibi
624 2214 902 2282 debeam,‘
934 2216 1216 2286 explicare
1257 2233 1367 2271 non
1399 2234 1670 2288 possum:
1704 2235 1923 2288 pauper
1944 2224 2027 2272 est
2137 2233 2228 2270 me
2259 2218 2433 2271 ﬁdem
2457 2217 2679 2271 dicente
2711 2216 2986 2270 concessit
3017 2235 3030 2270 :
3081 2216 3234 2269 frons
3289 2230 3416 2268 mea
3445 2213 3592 2284 apud
3637 2212 3829 2282 ipsum

327 2303 528 2357 caritas
558 2304 617 2357 in
648 2305 809 2374 cujus
865 2306 1192 2359 narratione
1237 2323 1425 2360 sermo
1477 2323 1593 2361 non
1645 2307 1855 2362 deﬁcit.
1915 2309 2024 2361 Do-
2135 2306 2316 2360 libera
2349 2322 2467 2360 esse
2500 2322 2615 2360 non
2645 2310 2854 2376 potest,
2887 2305 3068 2359 donec
3101 2321 3205 2374 per
3246 2321 3362 2371 vos,
3405 2303 3549 2356 sicut
3577 2301 3828 2368 conﬁdo,

330 2391 480 2446 mine
509 2393 609 2458 mi,
643 2393 896 2450 Isalutem
952 2394 1200 2449 debitam
1249 2396 1462 2463 dicens,
1519 2398 1700 2450 Deum
1747 2412 1904 2467 rogo,
1963 2400 2027 2450 ut
2133 2393 2466 2463 pollicitatio
2516 2395 2891 2464 compleatur.
2975 2394 3184 2448 Idcirco
3243 2393 3424 2448 direxi
3453 2392 3830 2463 praesentium

327 2482 585 2552 quolibet
614 2481 808 2536 animo
837 2485 1096 2553 gesseris,
1125 2501 1352 2555 semper
1373 2485 1608 2540 scribas.
2133 2484 2498 2553 perlatorem,
2530 2483 2824 2537 hominem
2880 2483 3173 2553 religionis
3217 2487 3273 2536 et
3315 2481 3471 2547 ﬁdei,
3504 2483 3567 2533 ut
3621 2478 3690 2532 ab
3724 2479 3833 2532 hac

940 2573 1273 2628 EPISTOLA
1310 2574 1398 2628 IX.
2133 2588 2224 2626 me
2255 2589 2426 2642 quam
2460 2573 2729 2643 praifatus
2754 2589 2903 2639 sum,
2939 2571 3313 2626 conventione
3353 2575 3408 2624 et
3445 2569 3655 2640 injuria
3693 2567 3828 2620 sub-

756 2674 1079 2716 annonws
1128 2677 1605 2718 MARCELLIANO.
2134 2661 2346 2714 levetis.
2379 2661 2537 2715 Unde
2595 2661 2950 2715 salutationis
3005 2661 3284 2715 honorem
3336 2664 3458 2714 tota
3500 2657 3829 2712 humilitate

397 2744 520 2800 Scio
564 2748 1022 2818 magnitudinem
1069 2753 1228 2804 tuam
1260 2752 1570 2821 grandibus
1600 2750 1700 2806 Dei
1731 2750 2024 2805 beneﬁciis
2132 2751 2480 2819 persolvens,
2516 2767 2675 2818 rogo,
2708 2767 2808 2821 per
2837 2751 2998 2804 illum
3053 2753 3376 2804 contestans
3419 2747 3515 2818 qui
3572 2760 3830 2798 commu-

326 2834 637 2904 abundare,
676 2841 732 2890 et
761 2837 1100 2906 promissam
1150 2839 1299 2893 circa
1355 2841 1569 2894 amicos
1614 2856 1837 2894 servare
1890 2855 2022 2893 con-
2135 2840 2228 2892 nia
2257 2840 2403 2892 circa
2431 2846 2692 2894 sanctum
2711 2856 2920 2910 papam
2951 2845 3078 2894 vota
3111 2838 3379 2909 respexit,
3435 2842 3494 2889 ut
3549 2833 3829 2888 ordinetis

323 2923 604 2979 stantiam.
669 2925 855 2980 Nescit
923 2927 1148 2981 animus
1227 2933 1410 2983 vester
1466 2930 1682 2983 incerta
1737 2928 2014 2999 polliceri,
2135 2928 3252 2999 qualiterabhujusmodiinquietudine
3289 2927 3520 2980 relever.
3586 2925 3824 2988 Tamen,

323 3029 580 3068 amorem
601 3013 722 3068 sine
748 3015 940 3085 aliqua
972 3016 1373 3073 immutatione
1403 3019 1728 3073 custodiens
1763 3035 1775 3072 :
1808 3023 1865 3072 et
1888 3017 2016 3071 ideo
2059 3009 2098 3063 C
2134 3018 2178 3070 si
2211 3019 2592 3072 verecundum
2629 3036 2748 3073 esse
2771 3036 2888 3073 non
2914 3019 3159 3085 creditis,
3193 3017 3452 3081 indicate,
3490 3020 3544 3068 et
3571 3014 3638 3068 de
3693 3029 3826 3083 pro-

323 3119 587 3157 securnm
612 3119 706 3157 me
746 3110 879 3173 post
940 3106 1116 3159 Deum
1151 3109 1349 3162 vestris
1378 3109 1542 3163 trado
1570 3113 1627 3162 et
1683 3106 2022 3162 commendo
2132 3107 2258 3176 pria
2315 3108 2580 3162 facultate
2621 3108 2884 3175 restituo,
2947 3107 3228 3180 quidquid
3291 3123 3381 3160 me
3442 3104 3758 3176 spondente
3791 3120 3824 3155 a

325 3189 609 3257 manibus,
640 3195 697 3244 et
744 3191 843 3245 Dei
874 3192 1150 3248 beneﬁcia
1180 3195 1240 3248 in
1280 3195 1720 3265 quibuscunque
1783 3193 2023 3263 negotiis
2132 3203 2326 3249 sancto
2384 3198 2649 3266 episcopo
2714 3201 2933 3251 constat
2992 3212 3350 3267 expensum:
3399 3194 3532 3264 quia
3607 3193 3823 3245 litteras

322 3293 423 3347 per
453 3295 549 3331 vos
582 3278 723 3332 mihi
776 3281 1003 3335 evenire
1053 3299 1170 3336 non
1205 3284 1455 3355 ambigo.
1501 3286 1764 3354 Domine,
1795 3291 1859 3339 ut
1924 3297 2018 3334 su-
2130 3285 2306 3337 sancti
2336 3301 2496 3354 papze
2528 3286 2732 3354 habeo,
2766 3285 2974 3355 quibus
3026 3284 3214 3354 jussit,
3249 3282 3528 3352 quidquid
3549 3297 3693 3350 opus
3739 3296 3825 3332 es-

321 3365 857 3432 pra.;;salutationis
909 3367 1412 3425 honoriﬁcentiam
1459 3373 1703 3440 solvens,
1761 3391 1923 3447 rogo,
1957 3386 2024 3433 ut
2129 3377 2214 3425 set
2246 3373 2392 3440 fieri,
2435 3389 2562 3426 cum
2622 3389 2750 3426 mea
2804 3373 3013 3427 debere
3058 3372 3357 3426 securitate
3418 3368 3710 3439 compleri.
3761 3370 3820 3421 Si

320 3453 610 3524 frequenti
642 3470 733 3509 me
764 3456 1135 3526 epistolarum
1178 3465 1494 3515 vestrarum
1556 3464 1817 3519 relevetis
1878 3468 2021 3522 allo-
2127 3477 2355 3515 mereor
2375 3461 2879 3529 laborare,vestrm
2921 3461 3030 3515 erit
3078 3459 3426 3530 provisionis
3475 3457 3819 3529 expendere.

321 3542 456 3612 quio
494 3543 665 3614 :quia
693 3561 981 3600 summum
1013 3548 1154 3601 mihi
1187 3565 1218 3602 a
1252 3551 1367 3604 Deo
1398 3566 1609 3604 munus
1667 3556 2015 3622 conceditur,
2748 3551 3079 3606 EPISTOLA
3117 3553 3202 3604 ΧΙ-

322 3631 370 3684 si
403 3631 471 3684 de
503 3639 691 3687 vestra
718 3650 982 3690 meruero
1016 3638 1288 3707 sospitate
1321 3640 1569 3708 gaudere
1604 3657 1617 3695 :
1682 3643 1819 3712 quia
1875 3647 2019 3699 ﬁdes
2612 3656 2934 3695 annonws
2977 3645 2997 3676 ³
3037 3653 3338 3695 SENARIO.

321 3727 377 3778 et
407 3723 706 3795 integritas
737 3727 1004 3783 omnibus
1045 3729 1144 3800 qui
1204 3732 1382 3785 Deum
1415 3733 1640 3801 timent,
1692 3735 1826 3790 facit
1855 3753 2018 3792 acce-
2194 3729 2251 3784 Si
2281 3728 2592 3800 diligentia:
2625 3730 2904 3783 memoria
2932 3729 3077 3783 circa
3107 3743 3413 3799 personam
3473 3741 3660 3780 meam
3694 3724 3820 3777 ani-

320 3818 466 3882 Ptos.
2124 3835 2252 3872 mus
2289 3824 2475 3872 vester
2523 3835 2641 3872 non
2680 3823 3000 3885 exueretur,
3047 3818 3093 3871 si
3134 3817 3343 3872 reverti
3384 3832 3517 3870 eum
3556 3815 3622 3868 ad
3666 3814 3821 3884 judi-

955 3907 1289 3964 EPISTOLA
1325 3909 1384 3964 X.
2125 3907 2272 3961 cium
2306 3907 2628 3961 sublimitas
2659 3913 2755 3961 tua
2787 3923 2904 3961 non
2943 3912 3170 3976 cogeret
3200 3911 3330 3977 post
3375 3906 3648 3970 favorem,
3706 3904 3819 3956 fre-

782 4009 1096 4051 ENNODIUS
1142 3997 1154 4030 ¹
1204 4013 1553 4055 LUMINOSO.
2123 3997 2365 4067 quentia
2407 3997 2616 4066 scripta
2665 4013 3021 4066 prorogares.
3073 3995 3185 4050 Sed
3236 3995 3373 4067 quid
3423 3994 3645 4060 faciam,
3681 3993 3821 4062 quia

389 4081 580 4133 Posset
632 4081 1014 4137 amicitiarum
1075 4085 1294 4154 religio,
1348 4092 1404 4141 et
1435 4088 1650 4143 adultae
1696 4088 1848 4144 inter
1909 4107 2013 4144 nos
2121 4102 2236 4138 non
2265 4085 2463 4139 validis
2491 4085 2779 4139 radicibus
2807 4085 3008 4139 nititur
3043 4100 3202 4138 amur
3253 4085 3561 4148 indebitus,
3611 4088 3666 4136 et
3696 4083 3812 4135 cito

320 4167 516 4235 planta
545 4169 742 4238 gratiae
780 4171 940 4224 nulla
969 4172 1342 4228 discretarum
1397 4176 1610 4231 sentire
1652 4179 1863 4232 damna
1922 4195 2011 4233 re-
2121 4175 2191 4228 ad
2221 4190 2458 4227 examen
2509 4175 2815 4240 reducitur,
2875 4174 3154 4245 quidquid
3207 4174 3407 4244 gratiae
3457 4190 3595 4227 aura
3626 4172 3810 4225 subri-

319 4256 574 4355 gienum,
609 4258 656 4311 si
695 4260 848 4330 quod
880 4268 1122 4331 negatur
1160 4266 1434 4333 aspectui,
1484 4273 1824 4335 pensaretur
1863 4269 2002 4322 alto-
2041 4309 2084 4362 υ
2120 4263 2290 4333 puit?
2320 4264 2402 4316 Me
2425 4263 2607 4316 solum
2637 4264 2770 4317 novi
2799 4264 2962 4334 prius
2995 4264 3256 4317 debuisse
3288 4263 3450 4333 diligi
3482 4281 3650 4334 quam
3679 4280 3808 4333 pro-

319 4346 467 4416 quiis
501 4363 513 4400 :
561 4353 616 4402 et
656 4351 821 4420 pigro
873 4367 1179 4421 corporum
1215 4370 1388 4407 onere
1437 4354 1622 4422 divisi,
1701 4373 1804 4426 per
1842 4357 2001 4410 illam
2041 4346 2082 4362 ⁸⁷
2113 4351 2274 4407 bari:
2312 4352 2464 4406 hunc
2490 4356 2709 4406 tantum
2742 4353 2990 4407 fructum
3020 4353 3088 4406 de
3119 4352 3349 4406 caritate
3377 4353 3598 4423 possedi
3630 4370 3805 4424 quem

317 4451 490 4506 quam
521 4453 551 4489 e
610 4439 750 4492 caelo
799 4441 1148 4510 sumpsimus
1197 4447 1438 4512 partem,
1493 4443 1701 4497 animis
1743 4446 2008 4515 jungere-
2115 4440 2441 4510 incognitus
2476 4441 2801 4510 provisione
2836 4442 3104 4496 subtraxi.
3154 4442 3262 4496 Sed
3320 4458 3416 4494 vos
3463 4447 3810 4495 convenerat

386 4577 760 4659 f'Lym‘i-noso]
789 4582 990 4659 .Veteri
1042 4584 1245 4659 amico,
1279 4584 1447 4659 e_t__ab
1476 4584 1708 4659 ineunte
1739 4591 2006 4659 aetatesa-

2187 4599 2244 4636 '€B
2286 4584 2755 4654 interpretantur,
2788 4588 2846 4637 τὸ
2889 4594 3105 4659 ποιῆσαι
3140 4587 3278 4656 ἔχειν
3318 4587 3404 4637 τὸν
3444 4588 3644 4659 magism
3682 4588 3807 4659 ὅπερ

317 4649 965 4729 dali.‘S-ublimissirnum
997 4655 1451 4729 superiorelibro
1479 4656 1803 4729 appellavit,
1837 4658 2001 4726 epist.
2114 4649 2498 4729 εἶχεᾼπρότερόν
2523 4673 2544 4729 Αε
2582 4660 2636 4708 et
2665 4649 2794 4729 cum
2820 4657 3118 4729 redhibere
3159 4649 3439 4729 rationem
3484 4649 3633 4729 'dicit
3677 4649 3813 4711 Avi-

411 4720 476 4774 ad
511 4722 798 4798 Faustum.
838 4724 959 4798 Quo
999 4720 1254 4795 tempore
1289 4720 1611 4798 Symmachi
1641 4720 1802 4796 papae
1837 4720 2006 4781 causa
2113 4720 2204 4798 tus
2231 4720 2565 4798 Viennensis
2601 4726 2903 4795 episcopus
2945 4728 3005 4781 in
3033 4729 3273 4798 epistola
3303 4728 3371 4781 ad
3421 4728 3809 4796 Apollinarem

314 4790 592 4869 adversus
616 4793 1005 4869 Schismaticos
1046 4790 1340 4869 Ravennae
1368 4790 1737 4869 tractabat—ur,
1785 4799 2004 4868 episco-
2115 4790 2754 4869 ej‘iiscopum‘fratrém:
2788 4790 2858 4854 Si
2881 4815 2986 4869 pro
3012 4790 3168 4853 omni
3213 4800 3379 4852 verbo
3411 4790 3611 4859 otioso,
3659 4801 3811 4867 quod

313 4878 420 4940 pus
453 4863 883 4940 mediolanensis
914 4866 1139 4940 opinor,
1165 4867 1318 4940 illius
1341 4866 1576 4921 nomine
1615 4863 2004 4940 quadribgen-
2116 4863 2524 4940 flocutifue-ri-nt
2552 4867 2824 4940 homines,
2857 4863 3139 4924 rationem
3168 4869 3460 4924 redhibere
3512 4863 3806 4940 cogentur.

315 4939 404 4985 tos
462 4934 670 5012 solidos
720 4934 994 5012 sponsore
1053 4938 1332 5012 En_nodi_o,
1393 4934 1675 5012 erogaret.
1726 4941 1830 4993 Eos
1867 4934 2002 5012 cum
2114 4939 2370 5012 Denique
2402 4939 2900 5012 redhibereén-Mig
2933 4943 3286 5010 usurpabant
3316 4959 3416 5012 pro
3444 4934 3699 4997 reddere.

313 5009 642 5089 reposceret
689 5009 991 5089 episcopus
1043 5023 1097 5089 an
1128 5008 1452 5089 Lu-minnoso‘
1493 5007 1632 5080 petit
1687 5011 2001 5089 Ennodius,
2186 5007 2503 5089 ’Senariojl
2538 5011 2878 5089 .Propinquo
2912 5017 2966 5065 et
2994 5007 3205 5089 amico
3267 5007 3544 5089 sibgulari
3579 5029 3592 5066 :
3655 5013 3813 5067 unde

317 5075 398 5152 uti
430 5092 559 5129 cum
591 5075 930 5152 Symmacho
955 5082 1126 5152 agat,
1161 5084 1222 5131 ut
1242 5075 1648 5152 refundantur.
1682 5083 1802 5144 Qua
1839 5083 1908 5136 de
1947 5099 2006 5135 re
2115 5075 2550 5152 geminumisibi
2580 5075 2710 5133 cuin
2740 5075 2860 5149 illo,
2893 5082 3143 5136 caritatis
3166 5089 3219 5135 et
3251 5075 3569 5152 sanguinis,
3620 5085 3814 5137 vincu-

313 5145 1110 5224 iterumheidemuLurninoso
1149 5149 1341 5203 scribit
1380 5151 1478 5204 lib.
1527 5168 1598 5216 v1,
1626 5154 1788 5222 epist.
1828 5157 1909 5220 16,
1953 5161 2006 5206 et
2115 5145 2235 5202 lum
2259 5167 2379 5203 esse
2409 5151 2554 5224 dixit
2583 5152 2680 5224 lib.
2714 5145 2947 5224 1,Aep'ist.
3002 5156 3090 5206 27.
3147 5145 3424 5208 Comitevm
3473 5145 3813 5222 patrimonii

315 5219 481 5286 epist.
518 5221 583 5274 33
639 5219 710 5272 ad
745 5219 1132 5273 Hormisdam.
1660 5219 1679 5222 “
1899 5219 1903 5220 “
2115 5228 2366 5275 creatum
2414 5237 2446 5274 a
2496 5219 2841 5277 Theodericd
2911 5225 3211 5278 Senarium
3273 5241 3422 5278 anno
3451 5219 3546 5278 5—H
3605 5226 3817 5279 docent

382 5289 809 5360 ?Redhibitione
836 5290 1195 5359 pensaretur]
1231 5290 1682 5347 Restitucretur:
1720 5299 1781 5347 ut
1810 5294 1906 5347 lib.
1931 5311 2001 5360 vr,
2117 5292 2280 5359 epist.
2318 5296 2347 5346 3
2371 5298 2424 5344 ct
2453 5295 2483 5345 4
2516 5293 2614 5346 lib.
2676 5312 2748 5347 ιν.
2802 5295 3097 5348 Variarum
3131 5313 3144 5349 :
3183 5296 3288 5347 etsi
3337 5297 3482 5348 male
3512 5297 3678 5349 tertia
3719 5296 3809 5349 in-

315 5359 482 5435 epist.
519 5363 581 5435 -l_6
605 5362 672 5414 de
701 5362 806 5435 hac
856 5361 979 5435 ipsa
1002 5377 1079 5425 re,
1108 5377 1199 5414 me
1223 5361 1276 5414 ei
1303 5361 1734 5435 redhibitionem
1772 5365 2009 5433 promit-
2117 5363 2384 5415 scribitur
2415 5365 2622 5418 Comiti
2653 5365 3026 5435 privatarum.
3068 5369 3253 5420 Antea
3303 5382 3456 5432 vero,
3502 5373 3562 5419 ut
3589 5368 3807 5420 easdem

315 5433 484 5506 lente.
510 5433 638 5506 _H_oc
669 5433 821 5485 enim
882 5432 1224 5506 plerumque
1273 5438 1357 5506 est
1386 5433 1706 5506 redhibere,
1768 5432 2006 5506 reddere
2118 5438 2421 5506 testantur,
2457 5437 2513 5489 in
2545 5432 2798 5504 ejusdem
2829 5438 2979 5506 regis
3018 5437 3148 5489 aula
3179 5437 3273 5489 diu
3311 5437 3460 5491 inter
3481 5444 3808 5506 exceptores

314 5502 466 5578 quod
485 5503 720 5578 debeas,
772 5519 1113 5578 quocunque
1171 5503 1357 5578 titulq
1389 5503 1622 5578 debeas.
1675 5505 1783 5578 Sed
1837 5507 2007 5560 latius
2118 5505 2392 5578 militaret
2424 5521 2435 5558 :
2466 5502 2636 5576 quem
2669 5502 2944 5560 honorem
2976 5508 3080 5560 hoc
3106 5509 3229 5561 loco
3259 5509 3497 5562 fortasse
3538 5502 3815 5578 intelligit

319 5572 605 5647 interdum
639 5572 912 5647 sumitur,
949 5572 1544 5647 ut’in_r_edhibitoris
1593 5575 1812 5628 actione
1857 5578 2008 5647 apud
2117 5575 2427 5629 Ennodius.

310 5643 768 5714 jurisconsultos,
799 5645 1006 5713 quibus
1046 5644 1351 5699 redhibere
1383 5651 1488 5713 est,
1531 5651 1596 5700 ut
1645 5647 1852 5701 Glossae
1892 5643 2006 5702 "no-
