4054 6176
195 282 251 356 βε
1543 277 2028 332 EPIS'I‘OLARUM
2072 276 2200 328 LIB.
2250 275 2340 326 Ill.
3621 274 3686 324 02

191 427 299 464 non
331 410 442 465 cito
471 410 542 464 ab
575 427 643 464 eo
693 410 782 464 cui
825 409 1179 482 imposuistis
1205 409 1372 464 amici
1415 426 1650 474 nomen,
1685 410 1874 464 absce-
1916 414 1954 465 A
1982 408 2230 462 breviter
2262 406 2565 476 explicans,
2603 405 2672 458 ad
2703 420 2869 458 usum
2915 419 3002 456 me
3035 402 3359 473 paginalem
3390 406 3683 467 converto,

188 501 353 565 dere;
386 516 456 553 ne
489 515 608 553 non
642 516 870 569 semper
899 499 969 553 ad
1002 515 1186 552 meam
1219 501 1445 569 culpam
1479 500 1689 562 redeat,
1727 499 1880 570 quod

189 588 465 657 promissa
504 588 648 642 mihi
683 604 797 642 non
839 592 1068 642 tenetur
1097 587 1337 641 affectio.
1387 589 1540 642 Solet
1568 588 1720 641 enim
1758 603 1878 642 esse

187 680 382 747 ignara
411 677 784 731 districtionis
829 677 1074 731 devincti
1112 677 1478 745 conscientia,
1521 681 1575 730 et
1605 693 1747 746 opus
1795 682 1880 730 est

189 772 244 819 ut
275 771 559 835 perpetuo
591 771 784 820 teneat
816 765 1094 837 quidquid
1127 767 1300 818 semel
1335 765 1510 819 fidum
1555 771 1749 834 pectus
1781 782 1878 818 ac-

185 855 413 923 ceperit.
452 855 709 909 Salutem
756 871 891 924 ergo
933 854 1182 908 debitam
1217 854 1426 920 dicens,
1461 871 1645 922 spero,
1699 865 1757 908 ut
1789 855 1879 908 de-

185 944 489 1013 spicientes
524 944 759 998 rancida
805 948 1108 1014 potentum
1159 943 1404 1009 fastidia,
1463 945 1738 997 honorem
1788 960 1877 997 vc-

187 1038 380 1097 strum,
414 1037 473 1085 et
502 1049 678 1102 quam
721 1033 866 1086 Deus
899 1032 1099 1086 tribuit
1130 1033 1584 1102 possibilitatem,
1624 1033 1639 1065 ¹
1681 1032 1878 1085 humi-

187 1121 353 1174 litatis
391 1120 642 1175 fascibus
688 1121 1025 1175 sublimetis.
1061 1121 1232 1190 Cujus
1262 1121 1345 1174 rei
1377 1121 1546 1175 fidem
1601 1122 1877 1191 interpres

185 1209 504 1263 animorum
563 1210 763 1279 lingua
811 1209 1126 1275 conlirmet,
1178 1214 1233 1263 et
1281 1210 1671 1263 testimonium
1711 1209 1876 1264 fidele

182 1299 466 1352 mentibus
495 1298 718 1352 deferat
751 1298 960 1351 caritas
990 1303 1305 1352 monstrata
1336 1315 1436 1368 per
1458 1299 1694 1352 litteras.

802 1387 1129 1442 EPISTOLA
1164 1389 1273 1441 XII.
1334 1421 1339 1426 -

518 1491 846 1531 ENNODIL‘S
892 1492 1124 1530 ABBATI
1173 1492 1530 1531 STEPHANO.

245 1563 621 1618 Geminantur
646 1564 748 1617 Dei
803 1565 950 1618 dona
981 1565 1363 1633 sperantibus,
1406 1569 1462 1618 et
1493 1563 1707 1634 duplici
1739 1580 1874 1618 exu-

183 1653 334 1707 berat
364 1669 620 1722 superna
653 1654 839 1722 gratia
867 1653 1167 1706 beneficio.
1205 1654 1400 1724 Largis
1433 1654 1714 1707 meatibus
1764 1670 1874 1707 coe-

183 1742 401 1795 lestium
453 1757 767 1795 munerum
813 1742 971 1796 unda
1012 1743 1334 1811 procurrit:
1381 1747 1680 1796 transeunt
1728 1743 1871 1797 hau-

181 1830 366 1884 rientis
395 1830 707 1897 ambitum,
761 1846 891 1900 quce
925 1846 956 1882 a
989 1830 1209 1884 Christo
1241 1830 1476 1884 veniunt
1522 1831 1739 1885 ﬂuenta
1773 1832 1870 1886 d0-

183 1932 398 1971 uorum.
435 1917 572 1971 Sola
604 1934 749 1970 vena
788 1923 874 1971 est
905 1935 1031 1988 quae
1063 1919 1303 1972 maciem
1329 1920 1507 1972 nescit
1537 1923 1593 1973 et
1623 1919 1872 1973 defectus

181 2005 416 2074 abjurat,
470 2010 696 2060 tantum
729 2008 991 2061 cursibus
1037 2008 1152 2061 suis
1195 2023 1527 2078 suggerens,
1591 2015 1870 2079 quantum

181 2098 426 2148 meretur
459 2099 660 2165 pectus
691 2095 937 2149 sitientis
967 2097 1242 2167 accipere.
1277 2097 1379 2152 Cui
1409 2097 1687 2151 advertite
1728 2098 1864 2168 quid

178 2183 419 2236 occultus
473 2200 646 2254 sapor
705 2185 991 2250 infundat,
1040 2187 1268 2256 quando
1328 2187 1588 2240 ardorem
1639 2188 1871 2257 lympha

179 2272 449 2333 conciliat,
521 2279 579 2325 et
634 2272 946 2327 siccitatem
1007 2275 1174 2328 labiis
1207 2279 1481 2329 aestuante
1525 2275 1718 2330 animo
1745 2277 1871 2330 irri-

181 2361 347 2430 guitas
381 2361 498 2414 vivi
530 2360 790 2414 fluminis
824 2361 1030 2432 gignit.
1064 2364 1212 2417 Talis
1253 2369 1338 2418 est
1378 2370 1691 2419 vestrarum
1721 2367 1866 2420 ratio

181 2450 485 2503 litterarum
518 2465 531 2503 :
563 2467 690 2521 qua:
726 2456 1001 2520 quautam
1029 2452 1273 2506 afferunt
1311 2453 1607 2506 desideriis
1639 2454 1866 2507 satieta-

183 2545 301 2606 tem,
333 2544 495 2592 tanta
540 2541 778 2608 pariunt
807 2545 861 2593 et
893 2546 1200 2610 augmenta
1230 2557 1242 2594 :
1295 2558 1538 2612 quarum
1567 2543 1864 2610 profundi-

181 2631 251 2680 tas
277 2633 329 2681 et
355 2627 585 2681 bibitur
614 2632 671 2681 et
705 2633 939 2698 optatur
967 2645 980 2683 :
1016 2635 1072 2683 et
1103 2630 1181 2683 ita
1211 2647 1359 2700 puro
1403 2631 1589 2685 ditant
1616 2632 1863 2702 gurgite,

181 2717 484 2770 atocculto
516 2716 588 2770 ab
639 2716 719 2770 cis
767 2716 980 2771 viscera
1029 2719 1432 2774 suffundantur
1481 2720 1763 2775 incendio.
1803 2723 1865 2774 in

178 2805 369 2873 quibus
412 2811 690 2875 cognatas
721 2805 884 2860 video
914 2805 1193 2867 flammas,
1242 2812 1296 2861 et
1328 2809 1554 2877 pocula,
1589 2815 1645 2862 et
1675 2809 1864 2862 diver—

179 2893 386 2947 sitatem
447 2898 669 2948 natura:
725 2895 783 2948 in
847 2895 1214 2966 peregrinam
1258 2896 1432 2950 coisse
1480 2897 1859 2952 concordiam.

181 2982 406 3037 Domine
437 2983 542 3048 mi,
573 2983 811 3054 longum
849 2985 1031 3050 terris,
1069 2986 1180 3038 Deo
1212 2991 1407 3039 nostro
1431 2986 1739 3051 tribuente,
1773 2989 1856 3040 vi-
1902 3023 1941 3074 Ω

179 3072 621 3126 tasbeatissimae
670 3074 995 3142 exemplum
1038 3079 1267 3144 praesta,
1317 3080 1374 3128 et
1422 3092 1524 3145 per
1571 3077 1862 3145 religionis

179 3167 364 3215 sanctze
401 3161 831 3232 phil050phiam
862 3179 978 3216 non
1011 3163 1071 3216 in
1100 3161 1160 3216 in
1186 3162 1294 3217 hac
1327 3164 1440 3217 vita
1470 3169 1691 3218 tantum
1736 3183 1861 3236 spe-

178 3251 408 3305 randum
467 3267 611 3318 esse,
673 3256 1002 3322 contemptu
1035 3253 1228 3306 saeculi
1273 3255 1571 3323 praesentis
1605 3256 1859 3309 ostende.

779 3341 1110 3395 EPISTOLA
1146 3343 1279 3395 Xlll.

599 3444 924 3484 ENNODIL‘S
967 3433 988 3465 ²
1024 3446 1443 3485 APOLLINARI.

232 3519 522 3580 Quantum
569 3534 705 3571 cura
757 3535 903 3585 mea,
940 3535 1068 3589 quae
1117 3520 1342 3574 affectui
1391 3525 1573 3575 vestro
1632 3538 1734 3592 per
1759 3524 1865 3575 'ne-

176 3607 575 3660 cessitudinem
635 3607 863 3672 militat,
915 3607 973 3661 in
1023 3609 1141 3662 dies
1188 3610 1464 3680 suggerit,
1518 3613 1675 3666 nulla
1718 3629 1866 3666 com-

175 3697 478 3749 meantium
511 3701 700 3749 essent
726 3696 935 3750 damna
967 3703 1349 3769 contemptus,
1381 3701 1494 3754 nisi
1529 3702 1596 3754 ad
1631 3702 1863 3754 unicum

175 3784 295 3837 illud
327 3786 596 3839 solamen
628 3785 952 3840 absentium
987 3788 1141 3858 quod
1171 3789 1228 3842 in
1259 3790 1703 3844 litterisinvcnit
1729 3807 1864 3860 pro-

173 3873 410 3927 videntia
461 3889 734 3943 superna,
792 3883 1220 3932 concurrerent.
1281 3879 1386 3933 Sed
1445 3879 1580 3948 quid
1636 3880 1860 3947 faciam,

175 3963 384 4029 quando
445 3966 607 4015 tanta
663 3967 748 4016 est
793 3963 1146 4018 venientium
1204 3966 1480 4030 confusio,
1542 3971 1603 4019 ut
1636 3969 1857 4020 nescias

176 4053 257 4119 qui
278 4051 653 4121 potissimum
684 4052 1021 4122 deligendus
1052 4053 1142 4118 sit,
1189 4055 1281 4108 cui
1315 4055 1603 4108 reddenda
1648 4062 1857 4110 sanctae

174 4140 528 4194 conscientia:
583 4147 786 4194 vestra:
843 4148 1073 4211 possent
1106 4143 1306 4212 scripta
1364 4145 1688 4198 committi?
1725 4147 1862 4199 Tra-

176 4227 301 4281 hunt
352 4229 515 4282 enim
565 4230 625 4282 iu
681 4231 1037 4285 occasionem
1093 4233 1418 4302 compendii
1471 4234 1556 4287 sui
1617 4233 1860 4301 viliores,

176 4318 442 4388 quidquid
499 4334 604 4370 nos
650 4326 994 4388 praestamus
1037 4321 1298 4387 affectui;
1359 4328 1413 4375 et
1445 4338 1614 4392 grave
1658 4329 1759 4388 est,
1807 4329 1864 4377 ut

175 4408 367 4461 serviat
429 4408 735 4477 cupiditati
789 4410 941 4479 quod
1004 4411 1182 4479 exigit
1226 4411 1307 4463 vis
1356 4413 1585 4466 amoris.
1652 4414 1860 4466 Idcirco

175 4495 422 4549 animum
454 4512 636 4566 usque
683 4497 756 4549 ad
801 4497 1095 4550 domestici
1127 4499 1423 4568 perlatoris
1456 4502 1859 4569 opportunita-

177 4588 272 4637 tem
329 4587 404 4639 ab
468 4585 781 4654 scriptione
839 4587 1145 4656 suspendi:
1206 4604 1278 4641 ne
1339 4588 1652 4658 diligentire
1718 4591 1861 4642 ratio

177 4688 354 4740 sparsa
389 4689 498 4744 per
529 4675 848 4727 immeritos
869 4677 1185 4745 perlatores
1215 4677 1398 4730 aliena
1425 4677 1864 4747 importunitate

180 4761 468 4826 ranciscat,
499 4769 559 4814 et
590 4762 656 4814 ad
688 4778 782 4815 me
812 4763 982 4832 culpa
1003 4764 1198 4817 redeat
1231 4781 1358 4834 quae
1387 4782 1416 4816 a
1447 4781 1536 4816 me
1565 4781 1680 4817 non
1713 4781 1862 4818 sum-

177 4849 269 4916 psit
297 4851 629 4904 exordium.
683 4851 1092 4905 Necessitatem
1126 4868 1262 4921 ergo
1311 4852 1605 4923 procurati
1653 4853 1863 4906 silentii

229 4991 244 5022 ¹
292 4990 692 5046 Humilitatis
720 4992 978 5056 fascibus
1009 4996 1020 5061 ᾗ
1056 4996 1179 5047 Haec
1203 4995 1436 5063 propria
1457 4995 1580 5049 laus
1621 4995 1860 5049 Senarii.

176 5060 534 5135 Cassiodorus
565 5067 730 5132 epist.
768 5066 800 5116 4
833 5085 843 5117 ;
879 5065 991 5118 Sed
1010 5060 1124 5119 haec
1154 5060 1406 5135 amplius
1434 5067 1866 5120 commendabat

177 5131 486 5208 humilitas,
519 5131 642 5203 qua:
667 5138 788 5208 tam
812 5135 980 5208 clara
1001 5153 1174 5208 quam
1213 5131 1352 5190 rara
1377 5141 1479 5191 est.
1529 5139 1755 5192 Novum
1780 5141 1865 5192 est

174 5205 308 5256 enim
339 5207 443 5258 sub
469 5222 670 5277 amore
695 5206 979 5277 principis
1007 5205 1313 5262 custodire
1352 5209 1711 5263 modestiam.

181 5341 192 5352 δ
239 5276 656 5352 ῗᾼροὶιὶηανὶ]
696 5276 829 5352 ίερΧ
887 5276 1141 5352 epistola:
1217 5286 1516 5349 sequentes
1587 5282 1863 5333 hactenus

174 5342 431 5397 ἐινὲχὸῡέοι
467 5342 937 5417 ηιιηε’ρῐ·ἱιηιιῐη’
961 5350 1020 5402 in
1076 5351 1260 5403 lucem
1295 5342 1510 5404 'dantur
1545 5368 1605 5404 ex
1659 5368 1864 5404 manu-

175 5419 405 5491 scriptis.
435 5419 531 5491 Ad,
551 5420 941 5488 Apollinarem
981 5421 1102 5490 jam
1147 5422 1371 5490 scripsit
1401 5422 1500 5474 lib.
1535 5439 1567 5474 ι.
1605 5424 1770 5490 epist.
1808 5426 1859 5491 8,

176 5489 488 5559 scribetque
511 5489 732 5562 iterum
777 5492 872 5544 lib.
908 5489 995 5558 1v,
1039 5492 1204 5560 epist.
1248 5489 1332 5560 {9,
1379 5493 1434 5546 in
1484 5509 1594 5562 qua
1625 5489 1861 5547 fratrem

177 5571 293 5610 eum
337 5561 554 5614 amoris
588 5568 645 5614 et
675 5561 861 5614 aetatis
892 5578 1059 5615 causa
1080 5568 1259 5617 vocat.

237 5629 256 5659 ³
295 5630 622 5702 E-uprepiazj
659 5633 989 5701 Expostulat
1018 5649 1148 5687 cum
1170 5650 1384 5699 sorore,
1419 5634 1570 5704 quod
1605 5635 1671 5689 ad
1697 5635 1862 5706 Lupi-

1989 515 2091 568 per
2123 497 2274 568 quod
2315 495 2728 565 magnitudinis
2769 498 2965 547 vestra:
2998 493 3141 547 mihi
3191 491 3553 562 praesentiam
3588 507 3683 545 se-

1989 587 2154 640 cretis
2201 585 2522 639 animorum
2567 583 2867 636 itineribus
2914 586 3234 652 exspectata
3289 596 3393 651 per
3442 578 3680 649 paginas

1988 676 2158 729 verba
2212 675 2553 728 concedunt.
2617 673 2747 724 Vale
2805 687 2962 740 ergo,
3028 671 3105 724 mi
3161 670 3415 737 domine,
3471 673 3526 723 et
3583 669 3678 722 illa

1989 781 2160 834 quam
2196 764 2366 818 debes
2392 761 2607 832 generi,
2642 760 2948 814 serenitate
2971 759 3364 829 frequentibus
3387 761 3676 811 amantem

1987 855 2113 907 fove
2155 852 2453 922 colloquiis
2489 868 2499 904 :
2531 850 2663 920 quia
2698 850 2920 902 nullum
2949 855 3032 901 est
3059 853 3172 901 tam
3204 847 3528 902 venerabile
3555 863 3678 900 mu-

1987 960 2094 996 nus
2140 942 2398 1008 sollicito,
2440 955 2612 1008 quam
2660 938 2703 989 si
2735 954 2885 1006 saepe
2932 953 3032 989 vos
3071 953 3377 1006 agnoscam
3427 941 3674 991 vestram

1987 1032 2274 1099 nuntiare,
2303 1046 2487 1083 meam
2521 1043 2774 1098 qumrere
2806 1026 3154 1096 sospitatem.

2582 1116 2911 1170 EPISTULA
2949 1115 3080 1168 XIV.

2488 1220 2807 1260 ENNOIHUS
2853 1218 3170 1259 PROMOTO.

2059 1297 2397 1368 Frequentia
2455 1300 2511 1349 et
2578 1293 2983 1348 necessitudini
3039 1297 3092 1345 et
3143 1292 3322 1346 amori
3389 1290 3677 1344 exhiberet

1986 1387 2267 1458 colloquia
2323 1390 2520 1456 pectus
2566 1384 2898 1449 obnoxium,
2941 1382 3049 1435 nisi
3082 1380 3378 1435 desideriis
3425 1380 3684 1433 remedia

1985 1477 2324 1530 subduceret
2392 1474 2764 1528 discretarum
2835 1471 3211 1526 consideratio
3275 1470 3396 1522 sine
3454 1469 3677 1522 medela

1981 1570 2285 1620 terrarum.
2315 1564 2600 1635 Quidquid
2627 1563 2777 1616 enim
2826 1561 3058 1614 caritate
3083 1560 3350 1629 junctum
3379 1563 3464 1610 est
3511 1558 3676 1627 quid-

1986 1655 2123 1726 quid
2180 1654 2474 1723 sanguinis
2505 1659 2704 1708 calena
2747 1652 3016 1718 sociatur,
3059 1652 3166 1704 hoc
3205 1648 3538 1702 distractum
3586 1648 3675 1700 vix

1913 1719 1952 1772 Β
1983 1745 2223 1814 respirat
2252 1761 2355 1814 per
2403 1743 2702 1797 intervalla
2751 1740 3074 1811 regionum.
3127 1740 3262 1802 Quae
3293 1737 3446 1791 enim
3498 1736 3677 1807 possit

1981 1834 2189 1887 habere
2237 1833 2510 1898 subsidia,
2563 1831 2652 1884 cui
2703 1830 2970 1900 frequens
3029 1829 3346 1897 denegatur
3400 1825 3562 1896 copia
3620 1831 3676 1879 et

1980 1921 2259 1992 paginalis
2318 1918 2588 1991 alloquii!
2645 1924 2802 1972 muta
2856 1919 3005 1972 inter
3061 1918 3322 1971 absentes
3376 1913 3676 1984 diligentia

1981 2027 2093 2080 quo
2153 2016 2294 2064 teste
2339 2009 2668 2080 pandatur?
2717 2012 2828 2061 Aut
2878 2007 3031 2060 enim
3087 2004 3487 2076 Opportunitas
3517 2019 3673 2057 com-

1980 2100 2294 2152 meantium
2345 2103 2667 2169 exspectata
2717 2096 3092 2161 subtrahitur,
3153 2100 3253 2148 aut
3302 2093 3675 2147 inveniuntur

1977 2188 2142 2253 tales,
2203 2188 2412 2258 quibus
2481 2203 2592 2240 non
2653 2186 2874 2256 possint
2930 2184 3218 2237 reddenda
3268 2182 3412 2235 caris
3463 2181 3674 2250 scripta

1977 2277 2275 2331 committi.
2321 2277 2417 2328 Vix
2454 2279 2643 2329 tamen
2677 2290 2856 2344 usque
2905 2273 2974 2326 ad
3011 2271 3387 2325 domesticum
3419 2271 3672 2341 perlato-

1978 2383 2099 2418 rem
2159 2365 2258 2418 diu
2297 2365 2463 2418 anxia
2495 2369 2626 2417 vota
2673 2364 2944 2433 suspendi
2979 2379 2991 2416 :
3043 2377 3144 2431 per
3176 2376 3348 2431 quem
3397 2361 3671 2415 honorem

1977 2455 2202 2508 salutati
2243 2453 2534 2518 exhibens,
2586 2456 2778 2522 optata
2807 2451 2966 2504 vobis
2997 2451 3331 2522 patefaciam
3362 2465 3506 2503 mea:
3531 2465 3671 2519 pro-

1977 2543 2259 2612 speritatis
2292 2542 2519 2609 indicia,
2565 2546 2619 2595 et
2657 2542 2979 2594 litterarum
3020 2540 3162 2594 mihi
3194 2539 3509 2609 spondeam
3535 2555 3673 2610 pro-

1977 2631 2330 2701 mulgatione
2360 2647 2723 2701 responsum,
2758 2631 2988 2701 quibus,
3034 2630 3081 2683 si
3107 2630 3168 2683 in
3202 2633 3375 2700 portu
3407 2634 3489 2685 est
3518 2628 3671 2683 sani-

1974 2725 2058 2774 tas
2090 2725 2296 2787 vestra,
2331 2720 2738 2792 amplectendis
2770 2725 3056 2774 reseretur
3085 2719 3366 2774 affatibus.

2569 2810 2892 2864 EPISTOLA
2936 2812 3040 2864 XV.

2437 2914 2760 2953 ENNODIUS
2804 2904 2823 2934 ³
2867 2911 3222 2952 ΕΕΡΙΗΞΡΙΔΖΣ.

2047 2987 2258 3040 Rarum
2293 2991 2378 3040 est
2407 2993 2468 3041 ut
2498 2987 2820 3041 necessitati
2853 3003 3010 3040 amor
3041 2986 3214 3039 fultus
3247 2982 3670 3038 necessitudine

1971 3076 2116 3128 colla
2146 3075 2444 3128 submittat
2472 3091 2484 3128 :
2528 3076 2615 3127 vix
2649 3075 2938 3144 contingit
2966 3079 3029 3128 ut
3056 3074 3261 3127 serviat
3290 3073 3390 3144 qui
3421 3073 3666 3142 impera-

1973 3170 2062 3217 tor
2091 3169 2174 3217 est
2205 3181 2217 3218 :
2262 3180 2486 3234 semper
2517 3169 2573 3217 et
2603 3180 2704 3217 suo
2743 3163 2873 3233 jure
2916 3163 3243 3216 dominatus
3273 3163 3522 3216 affectus.
3549 3164 3668 3226 Quo

1974 3269 2227 3323 unquam
2260 3253 2482 3322 regium
2513 3252 2812 3323 diligentia
2862 3269 3071 3306 nomen
3119 3251 3431 3321 impeditur
3477 3251 3669 3304 obsta-

1973 3344 2098 3395 culo
2122 3344 2149 3396 Ῥ
2170 3342 2260 3396 cui
2297 3343 2473 3396 libera
2503 3342 2704 3395 caritas
2745 3342 3105 3411 mancipatur
3139 3340 3461 3411 obsequio?
3498 3341 3670 3394 Excu-

1974 3431 2256 3484 sationem
2287 3431 2354 3484 de
2387 3431 2580 3500 aliquo
2608 3431 2812 3484 timore
2837 3448 2953 3484 non
2984 3429 3236 3495 adhibet,
3263 3429 3373 3482 nisi
3406 3429 3504 3499 qui
3539 3429 3667 3482 ani-

1974 3536 2131 3573 mum
2163 3520 2540 3574 devinctionis
2592 3520 2814 3590 abjecit.
2858 3521 3009 3573 Mens
3042 3535 3170 3590 quae
3194 3519 3405 3588 pietate
3439 3518 3666 3584 militat,

1974 3609 2081 3662 etsi
2138 3609 2253 3662 sint
2297 3610 2441 3663 dura
2490 3610 3019 3680 principumjussa,
3078 3625 3198 3662 non
3232 3607 3456 3662 metuit.
3504 3608 3668 3662 Nulla

1975 3704 2106 3751 sunt
2144 3703 2261 3751 tam
2291 3698 2535 3752 barbara
2559 3699 2718 3769 jussa
2771 3700 3139 3768 populorum,
3173 3715 3303 3768 quae
3348 3714 3465 3752 non
3505 3696 3668 3751 reddi

1975 3788 2090 3841 filio
2122 3787 2312 3841 debita
2344 3793 2604 3841 materna
2633 3789 2927 3858 patiantur
2960 3806 2971 3842 :
3009 3788 3295 3859 quidquid
3316 3788 3375 3841 in
3395 3787 3532 3842 orbe
3563 3803 3666 3857 ge-

1973 3878 2160 3930 nitum
2194 3881 2297 3940 est,
2333 3877 2401 3931 ab
2426 3878 2781 3933 humanitate
2806 3895 2920 3932 non
2951 3878 3265 3948 discrepat:
3303 3877 3583 3949 quidquid
3605 3873 3666 3930 in

1975 3967 2263 4019 mundana
2294 3967 2418 4021 luce
2453 3967 2729 4038 gignitur,
2767 3968 2983 4021 fructus
3014 3968 3162 4021 uteri
3204 3967 3445 4038 requirit
3492 3971 3549 4020 et
3578 3982 3665 4020 se-

1975 4054 2147 4106 minis
2177 4071 2189 4108 :
2240 4056 2357 4108 sola
2395 4057 2558 4109 nobis
2603 4073 2730 4110 cum
2765 4056 2980 4110 cunctis
3029 4057 3375 4111 animalibus
3406 4071 3574 4109 causa
3604 4059 3660 4108 et

1974 4143 2291 4196 sollicitudo
2350 4146 2673 4198 communis
2728 4152 2827 4199 est.
2890 4145 3063 4215 Cujus
3121 4145 3498 4199 zestimabitur
3546 4159 3664 4197 esse

1977 4247 2138 4284 mens
2171 4231 2268 4284 illa
2295 4231 2555 4297 feritatis,
2586 4249 2712 4303 quae
2745 4251 2877 4304 erga
2909 4251 3106 4287 curam
3151 4233 3360 4287 sobolis
3381 4233 3661 4302 posterior

1903 4323 1944 4375 Ι)
1975 4321 2042 4374 ab
2097 4320 2584 4374 irrationabilibus
2631 4323 2966 4378 invenitur?
3013 4322 3457 4378 Germanitatem
3507 4326 3660 4374 tuam

1969 4409 2200 4479 respicit
2252 4410 2490 4479 praefata
2526 4411 2904 4464 concinnatio.
2939 4413 3020 4466 Tu
3065 4411 3222 4465 unici
3253 4410 3428 4464 oblita
3456 4409 3663 4480 pigno-

1971 4499 2068 4565 ris,
2104 4505 2159 4553 et
2215 4498 2644 4553 miserationem
2679 4499 2884 4564 orbati,
2921 4505 2977 4552 et
3033 4499 3363 4553 felicitatem
3419 4501 3541 4569 ejus
3573 4499 3663 4552 cui

1972 4593 2155 4641 mater
2184 4595 2463 4658 superest,
2516 4588 2820 4642 abstulisti.
2858 4589 2996 4641 Vere
3030 4588 3212 4667 fateor
3255 4587 3361 4644 sub
3406 4589 3666 4642 libertate

1973 4676 2267 4747 propositi,
2305 4678 2473 4732 modo
2510 4678 2753 4730 maxime
2787 4678 3017 4747 quando
3054 4677 3103 4730 ei
3137 4693 3168 4730 a
3199 4682 3253 4730 te
3290 4683 3346 4731 et
3376 4679 3666 4748 colloquia

1973 4767 2351 4836 denegantur,
2385 4783 2521 4836 pace
2573 4768 2686 4819 Deo
2721 4767 2970 4836 propitio
3020 4766 3171 4822 inter
3199 4767 3502 4838 regionum
3555 4783 3662 4821 no-

1972 4860 2219 4909 strarum
2274 4856 2534 4910 dominos
2587 4856 2744 4908 omni
2775 4854 2962 4910 radice
2995 4857 3254 4924 solidata,
3288 4857 3556 4927 tigridem
3606 4861 3660 4910 te

1973 4996 2167 5071 cinum
2216 4997 2393 5051 lilium
2450 4997 2590 5071 nihil
2650 4997 2874 5071 scribat,
2926 5005 3062 5053 tunc
3118 5000 3379 5066 maxime,
3434 5001 3662 5071 quando

1974 5084 2108 5135 pace
2154 5069 2303 5120 inter
2353 5069 2653 5137 regionum
2690 5070 2972 5134 dominos,
3007 5073 3115 5125 hoc
3162 5077 3245 5124 est
3291 5069 3660 5124 inter—Italia"

1975 5139 2121 5190 unde
2156 5140 2433 5211 scribebat
2468 5141 2778 5208 Ennodius,
2803 5147 2858 5194 et
2895 5143 3200 5211 provinciae
3229 5144 3572 5196 Arelatensis
3604 5144 3658 5195 in

1973 5225 2086 5277 qua
2155 5210 2394 5278 degebat
2469 5212 2770 5282 Euprepia,
2836 5210 3120 5282 principes
3179 5214 3423 5278 firmata,
3487 5213 3656 5266 liberi:

1973 5286 2135 5332 erant
2165 5287 2220 5333 et
2247 5283 2367 5334 sine
2407 5284 2732 5352 suspicione
2785 5285 3096 5337 litterarum
3145 5283 3506 5336 commercia.
3555 5285 3659 5337 Re~

1974 5352 2208 5424 ginnum
2237 5368 2372 5419 ergo
2404 5353 2667 5406 deminos
2714 5355 3059 5424 interpretor
3103 5355 3516 5407 Theodericum
3558 5357 3661 5407 'ltae-

1976 5421 2061 5495 lite
2094 5429 2148 5495 et
2170 5423 2585 5478 Gundobadum
2636 5421 3108 5494 Burgundionem
3139 5441 3353 5494 regem,
3389 5426 3489 5495 qui
3519 5426 3654 5478 Pro—-

1973 5493 2171 5565 vincite
2199 5510 2234 5546 ιι
2273 5511 2478 5563 magna
2510 5513 2572 5548 ex
2606 5493 3226 5565 partedominahatur,
3260 5496 3346 5550 vel
3377 5493 3658 5551 Alaricun:

1973 5563 2064 5616 cui
2083 5566 2324 5634 parebat
2353 5568 2596 5620 Arelate.
