4102 6182
273 326 345 375 65
1637 322 2126 380 EPISTOLARUM
2166 322 2297 377 LIB.
2342 322 2438 377 IlI.
3716 327 3786 381 66

263 452 525 507 difﬁdit:
560 453 699 507 vitat
728 468 859 523 qum
881 456 1039 524 aptat
1063 453 1342 509 examina.
1380 455 1522 509 Nam
1551 460 1973 526 postquamue-
2008 460 2055 511 Α
2080 453 2269 507 standi
2298 470 2420 508 mos
2473 457 2577 519 est,
2626 454 2892 509 tarditate
2937 455 3233 527 depretiat.
3284 457 3553 527 Virgilius
3578 458 3786 519 ,subli-

266 543 387 595 scio
421 542 579 612 quod
607 542 975 612 praeceptum‘
996 542 1063 596 ad
1098 543 1359 597 Gevicam
1413 543 1735 598 exhibuisse
1787 544 1976 615 perhi-

264 630 465 697 betur,
502 632 817 701 prmdictus
878 633 1119 702 supplex
1178 638 1358 686 vester
1415 633 1487 687 ad
1539 633 1974 688 Mediolanensis

263 719 379 773 fori
415 720 779 774 audientiam
809 736 939 774 mox
968 721 1274 788 concurrit,
1335 726 1392 775 et
1440 738 1542 792 per
1581 722 1821 792 triginta
1877 727 1975 776 aut

264 808 660 879 quadraginta
713 809 833 862 dies
896 809 1264 879 praesentiam
1304 827 1467 864 suam
1524 810 1776 880 publico,
1831 810 1974 865 sicut

265 898 601 966 oportebat,
661 897 901 966 ingessit
933 898 1162 967 judicis.
1232 897 1595 953 Coutestatus
1655 904 1739 953 est
1782 898 1972 969 ipsum

265 985 562 1050 Gevicam,
595 986 695 1057 qui
733 986 748 1019 ί
785 986 1080 1039 ordinatus
1129 987 1487 1040 asserebatur
1534 987 1853 1058 impulsor:
1914 993 1977 1042 ut

266 1081 608 1144 susceptum
649 1090 818 1127 suum
854 1074 923 1128 ad
969 1074 1188 1144 judicia
1241 1076 1571 1143 destinaret,
1639 1078 1969 1145 Iadmouuit.

266 1163 563 1216 Domuum
615 1179 849 1233 quoque
895 1164 1373 1229 Trasemuudum,
1449 1165 1595 1219 sicut
1649 1182 1715 1219 ex
1771 1165 1976 1219 litteris

262 1252 448 1320 ipsius
481 1250 746 1321 poteritis
768 1267 1097 1321 agnoscere,
1124 1253 1258 1307 fecit
1285 1254 1448 1307 scire.
1486 1255 1594 1309 Sed
1628 1255 1773 1307 nihil
1822 1255 1976 1324 apud

264 1355 398 1393 eum
434 1340 685 1410 profuit,
719 1340 810 1394 cui
846 1342 978 1394 solm
1012 1341 1249 1395 latebra:
1280 1342 1341 1395 iu
1365 1358 1531 1396 causa
1572 1342 1782 1397 misera
1840 1360 1972 1414 pos-

261 1433 398 1481 sunt
428 1445 555 1483 esse
582 1428 862 1484 remedio.
916 1431 1024 1483 Pro
1047 1446 1159 1499 quo
1208 1447 1366 1501 rogo,
1436 1448 1770 1502 quanquam
1822 1433 1975 1503 apud

263 1533 363 1570 vos
388 1518 663 1588 precibus
694 1534 837 1587 opus
868 1535 982 1571 non
1029 1523 1133 1584 est,
1168 1520 1495 1591 ubicunque
1550 1522 1755 1575 veritas
1808 1522 1975 1575 inuo-

266 1608 457 1671 tescit,
493 1608 634 1677 quia
658 1608 855 1661 omnia
885 1608 1056 1677 hujus
1083 1608 1165 1661 rei
1200 1609 1583 1664 instrumenta
1635 1610 1973 1677 transmisit,

268 1700 331 1749 ut
354 1696 729 1749 ordinatione
761 1700 948 1750 vestra
975 1697 1044 1750 ab
1071 1697 1402 1766 hujusmodi
1435 1699 1710 1753 molestiis
1765 1700 1975 1753 efﬁcia-

266 1788 359 1837 tur
390 1785 642 1839 alienus.
672 1785 936 1851 Domine,
967 1786 1327 1840 salutationis
1376 1788 1651 1857 obsequia
1708 1788 1970 1842 deferens

266 1889 458 1943 spero,
494 1878 561 1926 ut
594 1874 917 1943 aprtedicto
973 1873 1436 1945 inquietudinem
1494 1877 1797 1944 removeri,
1860 1894 1973 1948 qua

263 1962 461 2015 soletis
486 1978 627 2016 cura
648 1962 888 2030 faciatis,
919 1968 975 2017 et
997 1979 1183 2017 meam
1222 1964 1666 2020 sollicitudinem
1724 1967 1796 2021 de
1829 1982 1969 2036 pro-

263 2050 564 2121 speritatis
602 2057 799 2105 vestra).
831 2056 982 2106 statu
1015 2052 1219 2106 litteris
1250 2053 1578 2109 sublevetis.

872 2141 1199 2196 EPISTOLA
1244 2142 1379 2196 XXI.

810 2245 1133 2285 ENNODIUS
1183 2246 1443 2286 FAUSTO.

332 2319 540 2373 Paucis
588 2320 929 2373 assereudus
986 2325 1090 2388 est,
1128 2336 1299 2391 quem
1356 2325 1412 2374 et
1440 2321 1639 2376 notitia
1673 2323 1885 2391 senior,
1913 2331 1971 2381 et

264 2407 561 2477 opinionis
597 2407 756 2461 bonae.
792 2409 987 2479 lingua
1019 2410 1385 2463 commendat
1415 2426 1428 2463 :
1464 2427 1581 2464 non
1610 2412 1969 2484 indigetpro-

264 2495 482 2549 lixitate
508 2512 867 2562 sermonum,
897 2496 995 2567 qui
1027 2497 1143 2550 suis
1161 2498 1315 2568 apud
1362 2500 1820 2569 magnitudinem
1877 2518 1969 2554 ve-

264 2590 439 2637 stram
496 2585 732 2639 dotibus
776 2586 1093 2653 adjuvetur.
1147 2586 1466 2642 Sublimem
1509 2588 1696 2642 virum
1727 2590 1969 2645 Vitalem

262 2673 525 2744 loquitur
558 2676 800 2745 praefata
833 2675 1213 2744 coucinnatio,
1249 2693 1420 2748 quem
1451 2695 1513 2731 os
1542 2684 1791 2732 vestrum
1837 2679 1969 2734 fecit

261 2763 403 2815 sacri
436 2765 736 2818 consortio
766 2766 1015 2835 gaudere
1054 2766 1300 2837 collegii.
1336 2767 1481 2836 Ergo
1516 2767 1795 2821 extraneis
1834 2784 1969 2822 mu-

265 2852 461 2905 uietur
490 2852 768 2922 epistolis,
806 2854 905 2923 qui
944 2855 1219 2908 orationis
1280 2860 1479 2910 vestra:
1536 2856 1812 2910 beneficio
1868 2874 1965 2911 cu-

264 2940 405 2995 riam
439 2957 565 2994 nou
601 2942 943 3011 peregrinus
975 2943 1295 3013 ingreditur
1322 2942 1352 2999 ‘P
1384 2950 1439 2997 et
1467 2945 1558 2999 cui
1589 2946 1877 2999 reserastis
1899 2946 1965 2999 li-

258 3027 498 3082 bertatis
523 3030 863 3100 penetralia,
912 3030 995 3083 illi
1036 3032 1278 3101 pectoris
1310 3048 1516 3086 arcana
1572 3034 1911 3088 claudentur
1937 3035 1965 3089 ?

2080 542 2189 595 mis
2215 542 2321 611 vir,
2370 547 2488 596 tam
2528 542 2807 612 sanguine
2858 561 3033 615 quam
3077 546 3376 599 honestate
3425 547 3772 618 praecipuus,

2080 630 2303 701 imponi
2335 631 2442 685 sibi
2475 631 2546 685 ab
2578 631 2784 685 illustri
2815 633 2935 686 viro
2966 650 3256 687 sacrarum
3298 635 3506 688 comite
3552 636 3777 689 Raven-

2081 734 2214 772 nam
2246 720 2582 773 excurreudi
2614 720 3007 775 necessitatem
3025 722 3336 791 plurimum
3361 722 3535 777 deﬂet
3562 740 3573 778 :
3609 725 3771 794 cujus

2082 808 2127 861 si
2160 808 2266 862 hoc
2295 808 2574 863 haberent
2620 810 2921 875 desideria,
2954 812 3149 865 obvias
3192 829 3393 866 manus
3423 817 3561 866 mtas
3615 812 3779 867 affer-

2081 903 2184 951 ret.
2216 897 2323 960 Qui
2349 898 2501 968 apud
2532 914 2629 951 vos
2661 914 2751 952 me
2783 904 3079 969 precatore
3108 900 3303 967 utitur,
3352 905 3416 955 ut
3448 901 3518 955 ab
3550 918 3618 956 eo
3668 903 3777 956 hu-

2076 986 2330 1056 jusmodi
2362 985 2585 1040 sarcina
2609 987 2709 1041 fiat
2738 987 2923 1041 aliena
2956 1004 2968 1041 :
3002 988 3376 1043 relationibus
3426 990 3779 1060 frequenter,

2084 1075 2221 1146 quid
2252 1076 2435 1146 egerit
2464 1076 2799 1129 instructam
2836 1078 3093 1146 praedicti
3141 1078 3398 1148 suggerit
3422 1084 3780 1149 potestatem.

2085 1164 2343 1229 Domine,
2375 1165 2655 1220 honorem
2687 1166 2973 1219 salutandi
3006 1166 3278 1221 exhibens
3299 1183 3520 1238 precor,
3544 1172 3607 1221 ut
3638 1186 3780 1223 con-

2085 1253 2431 1307 sideratione
2465 1254 2578 1308 mei
2605 1254 2667 1307 in
2708 1254 3104 1335 testimonium
3160 1254 3475 1326 diligentiae
3532 1257 3785 1327 postula-

2082 1342 2153 1395 tis
2193 1341 2362 1397 detur
2387 1343 2639 1397 effectus.

2662 1468 2999 1524 EPISTOLA
3036 1468 3208 1522 XXIV.

2550 1590 2875 1631 ENNODIUS
2924 1589 3310 1630 MASCATORL

2155 1699 2312 1752 Novo
2344 1714 2437 1753 me
2467 1699 2638 1770 genio
2668 1699 2919 1753 infucata
2953 1697 3197 1768 pectoris
3224 1697 3397 1752 vestri
3437 1696 3661 1751 ornavit
3704 1696 3784 1750 di-

2016 1762 2053 1814 Β
2082 1787 2357 1859 ligentia:
2388 1762 2562 1842 eliciti
2588 1792 2720 1843 utor
2748 1788 2878 1858 styli
2926 1762 3278 1855 testimonio,
3331 1787 3430 1858 qui
3457 1787 3637 1841 doctis
3689 1802 3782 1838 su-

2080 1893 2184 1947 pra
2233 1877 2520 1931 inscitiam
2579 1877 2917 1948 garrulitate
2963 1877 3255 1947 displiceo.
3293 1877 3528 1931 Coactus
3587 1890 3774 1929 sermo

2080 1965 2328 2036 pretium
2363 1967 2515 2038 quod
2566 1983 2681 2021 non
2717 1966 2888 2020 habet
2919 1982 2984 2019 ex
3025 1964 3374 2035 eloquentia,
3410 1965 3479 2019 ab
3525 1965 3773 2035 impacta

2020 2050 2025 2051 γ
2079 2056 2413 2110 necessitate
2459 2055 2741 2125 subripui.
2796 2056 3100 2125 Nunquam
3164 2054 3274 2108 fuit
3326 2054 3501 2125 digna
3555 2052 3779 2107 ultione

2080 2144 2445 2209 contumelia,
2488 2160 2661 2215 quam
2708 2144 2903 2213 jussus
2952 2143 3224 2198 exhibuit.
3278 2144 3455 2196 Nemo
3515 2142 3781 2195 obedien-

2079 2238 2196 2288 tem
2219 2235 2372 2304 juste
2402 2234 2751 2287 condemnat
2780 2250 2793 2288 :
2828 2233 2936 2286 sibi
2958 2233 3126 2286 debet
3178 2233 3365 2286 illatas
3412 2230 3653 2301 injurias
3710 2230 3778 2284 de

2080 2323 2311 2393 eloquio
2345 2322 2679 2391 rusticante,
2715 2321 2815 2393 qui
2846 2326 3114 2393 provocat
3159 2320 3513 2391 imperitum.
3567 2320 3777 2390 Super-

2078 2412 2275 2466 cilium
2304 2416 2409 2480 est,
2459 2411 2793 2485 celsioribus
2839 2427 2954 2465 non
3012 2410 3481 2481 parerezmajus,
3536 2410 3584 2464 si
3649 2426 3775 2481 qua-

2074 2500 2302 2554 noveris
2333 2500 2687 2555 descendisse
2730 2501 2801 2553 ab
2861 2500 3237 2570 obsequente,
3299 2499 3598 2569 despicias.
3664 2500 3772 2551 lm-

2073 2590 2240 2661 probi
2280 2589 2545 2645 desiderii
2603 2594 2836 2660 putatur
2892 2588 3149 2650 assertio,
3196 2605 3316 2642 nou
3364 2605 3556 2642 amare
3615 2588 3768 2658 quod

2078 2678 2275 2749 exigit.
2303 2676 2888 2749 Astipulaturjudicio
2921 2693 3045 2746 suo,
3076 2677 3177 2749 qui
3228 2693 3528 2731 censuram
3585 2676 3653 2730 de
3683 2676 3773 2730 ob-

2077 2772 2436 2838 temperante
2482 2767 2799 2837 suspendit.
2841 2767 2981 2821 Male
3016 2766 3277 2837 pertinax
3336 2764 3611 2820 districtio
3664 2769 3768 2834 est,

2079 2873 2210 2927 quae
2252 2856 2524 2911 meritum
2581 2856 2640 2909 in
2687 2860 2923 2926 parente
2974 2854 3316 2909 considerat.
3382 2854 3663 2909 Pudorem
3707 2854 3776 2907 ab

2076 2945 2318 2999 statione
2341 2961 2455 2998 non
2488 2945 2722 3015 expulit,
2758 2944 2856 3014 qui
2906 2945 3056 3014 quod
3100 2944 3354 3014 loquitur
3396 2943 3564 2996 debet
3599 2942 3776 3013 impe-

2076 3036 2183 3089 rio.
2240 3036 2439 3105 Itaque
2470 3034 2529 3088 iu
2559 3034 2725 3087 nobis
2755 3034 2908 3104 quod
2967 3033 3158 3087 sordet
3218 3031 3566 3103 eloquentia,
3625 3047 3775 3085 com-

262 3118 373 3185 Ego
435 3124 638 3172 autem
682 3118 905 3189 gaudeo
958 3120 1265 3191 scriptione
1310 3122 1615 3191 multiplici
1648 3130 1695 3177 τ’
1717 3125 1817 3193 qui
1865 3125 1969 3178 etsi
2006 3111 2047 3165 (ἶ
2078 3124 2381 3177 meudatur
2439 3122 2751 3193 obsequiis.
2805 3124 2908 3176 Vos
2962 3121 3223 3175 videritis
3265 3121 3433 3191 quale
3489 3120 3562 3173 sit
3616 3120 3770 3190 quod

264 3222 474 3275 parum
530 3207 783 3261 tribuam
856 3208 1150 3278 perlaturi,
1213 3211 1374 3264 nulla
1451 3212 1669 3282 proprii
1701 3212 1969 3267 desiderii

258 3295 473 3348 damna.
514 3297 795 3350 sustineo.
861 3298 1123 3363 Domine,
1172 3299 1573 3353 salutationem
1637 3302 1965 3371 restituens,

259 3399 431 3453 quam
460 3384 665 3451 debeo,
700 3401 924 3454 precor,
961 3391 1021 3439 ut
1042 3391 1096 3440 et
1125 3388 1271 3440 circa
1299 3388 1606 3458 praefatum
1666 3389 1848 3459 gratia
1906 3407 1965 3445 se

258 3473 529 3527 culminis
561 3473 734 3527 vestri
784 3476 1023 3545 propius
1068 3476 1411 3545 manifestet,
1456 3481 1512 3531 et
1560 3477 1703 3533 mihi
1740 3480 1966 3550 prospi-

256 3562 364 3616 ciat
392 3562 763 3617 restitutione
794 3564 1049 3634 alloquii.

871 3652 1208 3708 EPISTULA
1246 3654 1403 3708 XXII.

795 3757 1122 3797 ENNODIUS
1168 3757 1433 3797 FAUSTO.

321 3828 529 3883 Illudit
553 3828 699 3883 mihi
740 3846 888 3900 spes,
922 3847 1051 3901 quas
1084 3832 1260 3899 exigit
1314 3831 1696 3901 frequentiam
1743 3832 1962 3887 littera-

256 3934 405 3973 rum.
445 3920 565 3972 Hac
596 3920 752 3972 enim
801 3920 1001 3986 fretus,
1035 3920 1423 3975 inefﬁcacibus
1480 3922 1739 3975 animum
1794 3939 1961 3992 pasco

256 4008 582 4078 colloquiis.
622 4008 724 4061 Diu
756 4014 862 4073 est,
912 4010 1064 4078 quod
1109 4009 1230 4061 sine
1287 4009 1713 4064 intermissione
1753 4011 1963 4081 scripta

255 4113 597 4167 prorogaus,
623 4098 914 4150 silentium
943 4098 1097 4167 quod
1136 4104 1527 4168 expugnatum
1560 4115 1679 4152 esse
1723 4100 1958 4168 credidi,

256 4186 656 4239 confirmatur.
690 4186 799 4239 Sed
832 4187 971 4257 quid
1019 4186 1244 4255 faciam,
1282 4188 1513 4258 quando
1538 4188 1630 4241 vix
1663 4188 1731 4242 ad
1774 4188 1957 4242 consi-

252 4274 393 4328 lium
444 4273 749 4328 reducitur
794 4275 889 4345 pio
945 4291 1138 4329 amore
1185 4282 1383 4346 pectus
1412 4277 1751 4332 obsessum?
1798 4283 1963 4349 putat

252 4364 510 4417 remedia
541 4371 603 4417 et
636 4379 764 4434 quae
796 4364 1075 4434 comperit
1103 4365 1495 4436 nihiljuvisse.
1529 4366 1768 4421 Salutati
1820 4383 1957 4436 ergo

252 4452 598 4523 obsequium
621 4454 941 4506 reverentia
972 4454 1242 4508 exhibens
1291 4460 1582 4521 consueta,
1622 4458 1959 4511 commendo

250 4542 635 4611 praesentium
702 4544 1043 4612 perlatorem
1104 4544 1293 4613 ipsum
1347 4545 1804 4611 Constantinum,
1866 4544 1955 4598 cui

252 4630 598 4701 suffragium
631 4631 898 4684 honestas
929 4631 1189 4701 etpudor
1218 4637 1304 4687 est
1332 4648 1344 4686 :
1377 4634 1468 4687 cui
1502 4634 1761 4704 quamvis
1792 4634 1958 4703 plura

250 4734 349 4788 per
387 4719 667 4774 allectum
715 4720 977 4787 debeam,
1026 4721 1248 4792 majora
1286 4726 1481 4777 tamen
1525 4727 1749 4776 coactus
1802 4724 1956 4777 solvo

250 4821 349 4875 per
370 4807 690 4878 judicium.

838 4898 1170 4953 EPISTOLA
1208 4900 1384 4954 XXIII.

690 5001 1526 5044 ENNODIUSHARCELLIANO.

315 5074 491 5145 Apud
525 5078 782 5127 amantes
837 5080 896 5129 et
945 5075 1164 5129 honore
1194 5078 1475 5147 pollentes
1544 5077 1953 5134 beneficiorum

252 5160 488 5216 affectus
521 5163 582 5216 in
640 5169 914 5235 promptu
958 5170 1044 5219 est
1077 5181 1091 5219 :
1124 5182 1227 5220 uec
1258 5166 1357 5219 illa
1385 5182 1601 5237 preces,
1652 5168 1742 5222 cui
1798 5184 1952 5239 prm-

320 5305 337 5340 ¹
366 5303 1366 5381 Ordinatusasserebalurimpulror]
1396 5310 1726 5380 Iustigator,
1748 5310 1952 5381 quiin-

252 5375 473 5429 sisteret
499 5383 559 5429 ut
588 5378 655 5429 lis
678 5379 897 5445 judicio
930 5375 1364 5446 deCernéretur;
1407 5388 1468 5434 ut
1506 5375 1719 5435 contra
1757 5375 1951 5435 mora-

253 5450 402 5500 tores
434 5448 595 5517 apud
638 5450 972 5503 Ciceronem
1014 5452 1074 5505 iu
1120 5452 1497 5517 Divinatione,
1546 5453 1951 5508 advocatorum

254 5531 449 5585 genus,
474 5520 576 5585 qui
605 5520 673 5573 ad
707 5537 926 5574 moram
961 5522 1281 5577 faciendam
1321 5524 1758 5578 adhibebantur.

322 5592 344 5624 ²
369 5590 856 5664 Ecclesiasticam
884 5593 1288 5664 humilitatem]
1322 5594 1424 5649 Cui
1445 5595 1754 5650 rhetoricos
1782 5595 1951 5651 ﬂores

256 5662 311 5712 et
346 5662 637 5718 schemata
669 5663 913 5719 minime
956 5662 1287 5720 convenire“
1314 5665 1665 5738 judicabant.
1730 5666 1849 5722 Lib.
1908 5684 1947 5736 1,

2069 3208 2324 3280 jussistis
2353 3209 2582 3264 offerri:
2619 3226 2755 3279 ergo
2786 3226 2882 3264 vos
2909 3210 3030 3262 sine
3064 3209 3266 3263 frontis
3297 3225 3437 3262 mea!
3472 3207 3774 3278 dispendio

2076 3300 2353 3352 meruisse
2379 3298 2601 3353 aestimo
2634 3299 2786 3370 quod
2845 3298 3204 3353 desiderastis
3262 3297 3535 3367 accipere.
3597 3298 3774 3352 Taceo

2074 3387 2223 3441 inter
2253 3388 2358 3441 ista
2389 3404 2518 3459 quas
2552 3388 2811 3459 principe
2854 3388 3081 3442 fuerant
3110 3389 3244 3451 [loco
3284 3386 3602 3453 narranda;
3630 3384 3654 3418 ²
3683 3402 3772 3441 ec-

2078 3477 2452 3531 clesiasticam
2484 3477 2892 3543 humilitatem,
2926 3477 3079 3547 quod
3120 3477 3346 3547 placere
3394 3479 3631 3545 poterat,
3678 3475 3773 3529 ab-

2069 3565 2321 3635 jurasse;
2355 3566 2680 3619 orationum
2711 3582 3004 3636 pompam,
3036 3566 3137 3636 qui
3187 3563 3507 3619 orationem
3559 3563 3771 3634 diligit,

2073 3671 2187 3708 non
2218 3661 2476 3708 secutum
2510 3671 2522 3709 :
2561 3654 2838 3725 propositi
2864 3654 3324 3708 consideratione
3379 3658 3435 3707 et
3473 3653 3616 3706 illud
3675 3668 3768 3706 me

2071 3743 2270 3812 fugere
2300 3744 2451 3813 quod
2495 3745 2652 3797 ducit
2697 3743 2766 3797 ad
2814 3743 3104 3813 gloriam:
3147 3742 3311 3813 quasi
3354 3742 3553 3795 vitium
3598 3741 3770 3795 decli-

2070 3847 2208 3885 nare
2231 3832 2510 3902 quidquid
2535 3833 2788 3886 attollit:
2834 3833 3061 3901 culpam
3110 3837 3334 3902 putare,
3396 3829 3546 3901 quod
3598 3828 3771 3900 erigit

2072 3924 2171 3972 aut
2200 3920 2470 3973 sublimat
2502 3937 2514 3974 :
2549 3921 2792 3991 perdere
2814 3921 2985 3991 justas
3012 3919 3359 3973 laudationis
3387 3918 3653 3972 meritum
3691 3918 3771 3972 fa-

2072 4008 2220 4062 voris
2251 4008 2481 4064 affectu.
2526 4011 2961 4065 Excusationem
3020 4011 3272 4065 veritatis
3331 4010 3645 4065 coloratam
3679 4025 3773 4079 pe—

2070 4096 2260 4151 uiculo
2290 4114 2409 4152 non
2463 4100 2867 4168 praetendam:
2924 4100 3061 4154 dum
3106 4099 3343 4169 replico,
3387 4099 3543 4170 quod
3604 4098 3765 4162 illud,

2072 4187 2353 4257 quidquid
2384 4188 2702 4242 studiorum
2733 4189 2965 4243 dederat
2997 4204 3129 4242 cura
3158 4186 3501 4253 liberalium,
3524 4186 3645 4255 jam
3688 4201 3771 4239 re-

2070 4275 2247 4345 liqui:
2309 4277 2463 4348 quod
2522 4278 2679 4331 alveo
2750 4278 3044 4348 quondam
3109 4276 3328 4346 copiosi
3371 4274 3627 4329 ﬂuminis
3677 4274 3765 4326 vix

2072 4365 2283 4419 arentis
2314 4372 2477 4436 gutta
2507 4365 2782 4420 fundatur
2811 4365 3042 4435 eloquii.
3077 4366 3276 4430 Taceo,
3310 4363 3461 4434 quod
3508 4361 3767 4430 linguam

2074 4470 2247 4524 quam
2280 4472 2415 4508 usus
2470 4455 2739 4508 mobilem
2780 4455 3008 4519 fecerat,
3068 4453 3211 4506 alter
3258 4468 3392 4504 usus
3435 4448 3764 4504 hebetavit:

2069 4558 2187 4597 esse
2210 4560 2312 4614 pro
2342 4544 2608 4598 facundia
2632 4543 2943 4603 silentium,
2991 4540 3369 4611 ahjectionem
3398 4557 3432 4593 a
3461 4538 3630 4593 nobis
3689 4538 3768 4593 di-

2065 4631 2171 4702 ligi
2203 4649 2305 4702 pro
2329 4634 2630 4687 cothurno.
2666 4632 2748 4687 Ad
2779 4631 2922 4685 illud
2946 4630 3117 4684 redeo
3147 4645 3161 4683 :
3186 4628 3320 4699 quia
3352 4627 3494 4682 mihi
3522 4644 3639 4681 non
3701 4628 3764 4681 li-

2066 4721 2183 4774 cuit
2212 4722 2366 4775 iutra
2395 4721 2782 4776 verecundum
2813 4719 3106 4790 penetrale
3138 4718 3493 4778 delitescere,
3526 4732 3631 4770 nec
3661 4715 3766 4769 de—

2064 4805 2343 4862 bilitatem
2374 4808 2594 4878 ingenii
2625 4813 2816 4878 tegere
2835 4805 3243 4861 taciturnitatis
3258 4804 3597 4859 indumento
3622 4821 3637 4870 ;
3661 4802 3771 4857 hoc

2065 4896 2136 4950 ad
2167 4896 2560 4950 defensionem
2590 4896 2900 4967 integram,
2934 4896 3088 4967 quod
3118 4893 3364 4966 praetuli,
3399 4890 3760 4963 computabo.

2064 4984 2173 5040 Sed
2203 5000 2396 5038 amore
2438 4992 2772 5054 provocatus
2802 4985 3137 5057 epistolares
3191 4982 3466 5037 terminos
3510 4979 3763 5034 inconsi-

2061 5075 2255 5129 derata
2285 5073 2627 5145 loquacitate
2658 5075 3005 5129 transcendi.
3036 5074 3194 5143 Vale,
3216 5072 3295 5127 mi
3337 5070 3608 5127 domine:
3642 5057 3763 5123 'cui

2061 5163 2344 5219 honorem
2375 5164 2648 5219 exhibens
2678 5163 2999 5231 satutantis,
3046 5162 3301 5235 probabo
3340 5160 3479 5232 quid
3518 5158 3589 5213 de
3640 5156 3763 5229 epi-

2062 5307 2225 5377 epist.
2262 5311 2323 5362 t6
2351 5308 2420 5363 ad
2454 5308 2779 5363 Florianum
2813 5326 2825 5363 :
2851 5306 3203 5363 Rhetoricam
3227 5304 3290 5359 in
3313 5320 3404 5377 me
3418 5300 3618 5377 dixisti
3636 5317 3763 5356 esse

2058 5373 2367 5455 versuiiam
2395 5397 2413 5433 :
2435 5396 2564 5434 cum
2576 5381 2760 5455 ᾀίιιλεέι
2773 5379 2921 5455 quod
2940 5380 3258 5433 oratorium
3275 5376 3505 5429 schema
3521 5373 3765 5455 aﬂecfus

2059 5449 2337 5504 orationis
2360 5469 2397 5504 a
2416 5469 2504 5506 me
2532 5445 2880 5518 absciderit;
2901 5455 2954 5504 et
2983 5465 3258 5521 nequeam
3278 5445 3550 5521 occupari
3566 5445 3760 5521 uerbo-

2058 5536 2189 5595 rum
2214 5522 2471 5595 ﬂatibus,
2503 5539 2669 5595 quem
2687 5523 2763 5579 ad
2782 5516 3030 5595 gemitus
3050 5516 3317 5593 étpreces
3327 5520 3521 5574 evocat
3537 5516 3763 5572 clamor

2063 5592 2263 5664 ofﬁcii.
