4102 6182
350 298 416 348 67

1552 298 1833 351 ΕΝΝΟΟῘΙ
1880 296 2186 353 EPISCUPI
2224 298 2609 355 TICINENSIS

3779 304 3845 354 68

348 432 490 485 stola
523 447 651 488 mea
702 432 932 501 sentias,
994 436 1094 486 aut
1150 432 1533 486 taciturnitate
1590 438 1689 488 aut
1734 434 2038 505 scriptione
2080 436 2125 489 A
2150 440 2296 503 tum,
2327 441 2389 491 ut
2420 454 2522 492 nec
2552 436 2845 491 benefacta
2876 436 3135 507 ipsorum
3164 436 3317 507 justa
3365 437 3843 509 interpretatione

346 521 670 593 multiplici.

930 610 1266 665 EPISTULA
1305 610 1451 665 XXV.

840 713 1161 753 ENNODIUS
1210 714 1549 753 EUGHNETL

417 808 479 860 In
512 806 753 861 statione
787 806 935 874 apud
958 821 1052 857 vos
1084 820 1197 856 non
1222 821 1340 858 esse
1370 805 1613 875 gratiam
1672 810 1875 877 potest,
1940 808 2037 878 qui

348 897 459 949 fide
490 897 723 949 claudus
756 900 858 958 est,
908 892 1189 946 aestimare
1225 910 1236 947 :
1288 896 1415 948 volo
1446 900 1637 949 tamen
1687 898 1756 950 ad
1788 896 2037 967 diligen-

344 986 435 1037 tiae
460 984 847 1039 testimonium
880 984 1177 1053 prorogari
1231 984 1611 1055 frequentiam
1666 986 1982 1040 litterarum
2020 1006 2031 1043 :

344 1091 416 1128 ne
447 1074 671 1127 animus
702 1073 770 1125 de
815 1073 1058 1125 amantis
1114 1074 1489 1142 prosperitate
1550 1075 1841 1142 sollicitus,
1897 1076 2033 1130 dum

342 1164 491 1215 salus
534 1162 593 1215 in
646 1161 971 1215 valetudine
1024 1166 1130 1228 est,
1209 1162 1628 1232 suspicionibus
1704 1166 2029 1218 ventiletur.

344 1254 478 1305 Ecce
510 1251 704 1317 habes,
737 1250 815 1303 mi
857 1250 1109 1316 domine,
1162 1252 1312 1304 unde
1376 1254 1737 1306 serenitatem
1788 1256 2033 1323 pectoris

340 1341 453 1394 mei
484 1357 547 1393 ex
581 1340 847 1393 desiderii
877 1339 1199 1409 proditione
1222 1356 1552 1409 cognoscas.
1594 1343 1804 1395 Adesto
1852 1344 2029 1412 parti-

338 1430 445 1483 bus
477 1429 609 1495 tuis,
635 1434 690 1483 et
730 1430 876 1482 sicut
904 1444 993 1481 me
1027 1429 1319 1499 impetrati
1368 1431 1624 1483 muneris
1653 1434 2032 1502 praerogativa

338 1518 629 1583 sublimat,
673 1518 754 1571 ita
792 1534 888 1571 vos
944 1518 1181 1571 exhibiti
1221 1520 1404 1588 gratia
1454 1521 1733 1573 sermonis
1792 1523 2026 1576 attollat.

339 1609 482 1678 Ergo
505 1609 745 1661 salutem
793 1607 1113 1660 debendam
1152 1608 1478 1675 restituens,
1536 1626 1740 1679 precor
1794 1616 1857 1664 ut
1891 1612 2028 1681 quid

335 1703 671 1769 promoveat
696 1698 756 1751 in
789 1714 880 1750 me
908 1697 1255 1751 desiderium
1290 1702 1473 1767 tuum,
1508 1700 1612 1753 sub
1643 1700 2027 1773 cujuscunque

336 1787 770 1859 signiﬁcationis
790 1787 941 1841 nube
970 1787 1264 1840 dilucides.
1298 1788 1447 1842 Vale.

914 1896 1237 1951 EPISTULA
1278 1898 1452 1951 XXVI.

868 2002 1492 2041 ENNODIUSAVIEXO.

403 2095 578 2149 Adest
635 2094 971 2165 magnitudo
1013 2099 1110 2148 tua
1155 2094 1413 2164 partibus
1466 2092 1601 2155 suis,
1679 2098 1735 2148 et
1783 2096 2026 2150 asseruit

334 2186 697 2254 splendorem
753 2183 1046 2254 sanguinis
1091 2183 1423 2238 testimonio
1479 2183 1760 2253 puritatis.
1809 2185 2023 2239 Carita-

332 2277 449 2328 tem
470 2273 734 2328 nesciunt
752 2272 847 2342 pia
872 2273 1039 2326 corda
1061 2273 1352 2338 deserere;
1396 2272 1723 2342 religiosam
1780 2273 2023 2345 diligen-

331 2362 468 2417 tiam
493 2379 653 2417 mens
685 2378 962 2432 generosa
992 2362 1254 2428 custodit,
1289 2362 1525 2417 Gemina
1564 2378 1698 2432 ergo
1750 2362 1875 2419 luce
1916 2364 2021 2417 ful-

331 2452 524 2523 gentia
564 2452 771 2523 scripta
818 2452 1059 2522 suscepi.
1118 2452 1256 2505 dum
1310 2452 1463 2522 quod
1512 2446 1718 2520 pectus
1763 2456 2020 2506 sanctum

328 2543 559 2612 reperit,
604 2543 831 2595 dextera
858 2558 1058 2594 serena
1118 2541 1380 2609 signavit.
1444 2542 1623 2595 Deum
1680 2557 1903 2611 precor,
1959 2546 2021 2595 ut

326 2631 481 2702 piam
512 2631 572 2684 in
603 2630 761 2685 vobis
794 2630 1063 2697 indolem,
1099 2628 1145 2682 si
1172 2631 1408 2683 Romam
1445 2629 1650 2700 diligit,
1685 2631 1788 2685 sub
1820 2647 2021 2700 peren-

328 2720 505 2775 nitate
537 2725 866 2786 conservet;
902 2724 957 2773 et
990 2720 1320 2790 hujusmodi
1367 2720 1516 2774 circa
1574 2735 1663 2774 me
1687 2708 1871 2775 studia
1915 2721 2019 2775 sub

328 2826 392 2863 ea
411 2826 524 2881 qua
545 2809 885 2881 promisistis
907 2825 1042 2863 cura
1069 2808 1430 2879 multiplicat.

892 2916 1223 2971 EPISTULA
1262 2917 1458 2970 XXVII.

858 3020 1171 3060 ENNODIUS
1219 3020 1481 3060 AVIENO.

395 3094 592 3149 Nescio
643 3100 841 3149 utrum
883 3094 1271 3165 magnitudini
1324 3098 1525 3148 vestrae
1556 3098 1717 3164 grata
1751 3094 1863 3148 sint
1901 3111 2019 3149 cre-

319 3183 423 3237 bra
448 3184 772 3253 colloquia:
807 3200 912 3253 ego
942 3189 1137 3237 tamen
1180 3200 1406 3252 semper
1434 3188 1588 3254 quod
1620 3190 1879 3255 exspecto
1945 3184 2013 3237 ab

320 3273 666 3338 amantibus,
702 3273 1001 3327 exhibebo.
1038 3272 1226 3326 Patior
1258 3272 1382 3325 aliis
1406 3273 1562 3326 aliud
1593 3288 1714 3326 esse
1752 3272 2012 3344 proposi-

316 3366 475 3415 tum:
510 3361 651 3414 mihi
684 3377 813 3415 meo
844 3361 1151 3415 vivendum
1178 3368 1260 3416 est
1290 3361 1793 3427 more,ut'amoris
1825 3362 2010 3431 pleni-

322 3450 456 3503 tudo
479 3455 763 3504 reseretur
804 3449 960 3504 clave
1007 3449 1309 3504 sermonis.
1354 3451 1466 3521 Ego
1510 3449 1569 3503 in
1603 3451 1898 3504 affectione
1925 3469 2013 3505 ca-

319 3538 531 3593 riosam
564 3539 872 3610 subrepere
932 3538 1379 3593 taciturnitatem
1413 3555 1521 3593 usu
1578 3540 1834 3610 fugiente
1892 3556 2009 3593 non

318 3628 562 3698 perfero.
596 3630 755 3682 Nunc
785 3630 832 3682 si
858 3628 1098 3682 culmini
1123 3634 1219 3682 tuo
1252 3645 1356 3698 par
1388 3645 1523 3682 cura
1589 3634 1690 3691 est,
1726 3634 2007 3683 monstre-

316 3721 410 3769 tur
432 3718 759 3772 assiduitate
780 3717 1053 3787 colloquii
1085 3734 1097 3770 :
1137 3722 1388 3787 patescat
1416 3718 1738 3783 frequentia
1798 3718 2008 3773 littera-

316 3821 465 3861 rum.
514 3806 609 3861 Sin
650 3807 774 3861 aliis
839 3808 1113 3860 hactenus
1171 3812 1599 3877 prazoccupatus
1664 3808 1886 3874 studiis,
1945 3808 2005 3862 in

314 3911 503 3949 meam
548 3896 717 3949 modo
766 3896 1108 3949 concesseris
1161 3896 1459 3967 diligentia
1520 3896 1838 3967 imperante
1883 3914 2005 3951 scn-

314 3985 588 4051 tentiam;
616 3990 894 4055 quantum
917 3985 985 4039 de
1010 3990 1109 4039 tuo
1134 3985 1263 4055 jure
1286 3985 1638 4053 submiseris,
1671 3992 1894 4041 tantum
1932 3988 2001 4041 de

315 4074 454 4127 meis
486 4074 773 4145 obsequiis
803 4074 1139 4144 possidebis.
1176 4075 1323 4145 Ergo
1346 4076 1490 4142 vale,
1532 4075 1612 4129 mi
1644 4077 1894 4144 domine,
1947 4082 2003 4131 et

312 4164 716 4217 munusculum
757 4163 1000 4235 suscipe,
1038 4179 1155 4218 non
1197 4164 1411 4219 vilitate
1461 4165 1567 4233 sui,
1596 4167 1695 4221 sed
1748 4172 1999 4221 taxatum

309 4254 498 4324 pretio
525 4252 884 4308 destinantis.

858 4360 1186 4415 EPISTULA
1228 4361 1453 4415 XXVIII.

789 4464 1110 4503 ENNUDIUS
1159 4465 1517 4504 EUPREPIE.

380 4536 648 4601 Quamvis
704 4538 952 4591 caritatis
1019 4543 1217 4592 vestrae
1288 4538 1561 4607 paginam
1649 4536 1999 4593 solemnibus

308 4629 531 4680 tantum
568 4626 778 4680 muniis
821 4626 1162 4697 accepissem
1217 4627 1563 4692 obsecutam,
1598 4642 1702 4680 nec
1751 4627 1996 4695 afl'ectui,

308 4732 411 4769 nec
436 4715 843 4769 necessitudini
867 4720 1322 4787 congruentem:
1370 4732 1455 4768 res
1496 4720 1688 4769 tamen
1746 4718 2001 4786 postula-

308 4804 409 4871 vit,
442 4820 533 4858 me
562 4804 786 4859 vicariis
814 4822 918 4875 per
948 4807 1077 4877 styli
1120 4804 1557 4858 similitudinem
1596 4806 2001 4875 peregrinante

308 4893 610 4963 diligentia
658 4896 1009 4965 respondere
1067 4893 1366 4963 colloquiis
1400 4910 1411 4948 :
1442 4911 1513 4948 ne
1577 4896 1851 4949 subtracti
1889 4913 2001 4950 ser-

308 4983 496 5037 monis
521 4984 773 5037 otficium
792 5000 908 5038 non
937 4987 1183 5037 vestram
1211 4983 1681 5038 mihiinnotuisse
1708 4986 1995 5053 astutiam,

307 5070 408 5124 sed
440 5074 691 5125 nostram
723 5073 1001 5127 revelaret
1037 5070 1356 5125 infantiam.
1392 5072 1553 5139 Nolo,
1590 5089 1753 5127 soror
1786 5075 1999 5145 Eupre-

306 5159 422 5230 pia,
478 5161 796 5233 quidquam
850 5161 918 5215 de
989 5159 1414 5231 provinciarum
1465 5162 1649 5229 malis,
1708 5164 1794 5217 vel
1858 5164 2001 5217 sicut

308 5249 515 5316 dixisti,
568 5250 871 5305 hominum
920 5249 1274 5304 immissione
1332 5252 1596 5305 causeris.
1650 5252 1998 5323 Quocumque

305 5339 663 5405 abscesseris,
697 5344 977 5410 quantum
1009 5355 1098 5393 res
1125 5340 1307 5408 docet,
1344 5344 1593 5393 mentem
1634 5342 1779 5395 male
1808 5344 2001 5395 credu-

305 5430 419 5481 lam
453 5445 568 5482 non
598 5428 815 5482 omittis
847 5445 859 5482 :
906 5428 1045 5482 vitia
1075 5433 1268 5483 nostra
1322 5429 1626 5499 regionum
1679 5432 1998 5486 mutatione

308 5533 424 5570 non
454 5517 726 5587 fugimus.
754 5518 911 5571 Circa
938 5517 1290 5588 prapinquos
1321 5517 1424 5572 tibi
1455 5517 1563 5572 fuit
1596 5519 1705 5572 tale
1736 5520 1997 5589 proposi-

378 5694 393 5726 ί
440 5690 656 5760 Ullum]
690 5692 778 5747 An
804 5689 1030 5745 nullum
1053 5692 1079 5745 ‘?

2069 1744 2107 1795 B

2146 542 2418 595 pensares
2449 544 2460 591 ;
2486 542 2587 579 nec
2619 542 2876 580 excessus
2915 525 3108 579 debita
3146 530 3368 579 tantum
3400 528 3843 597 reprehensione

2147 616 2476 685 corriperes.
2511 616 2617 669 Sed
2650 616 2789 686 quid
2822 632 2966 685 opus
2998 620 3081 669 est
3110 616 3326 669 doloris
3357 617 3659 686 epistolam
3713 619 3843 671 fieri

2148 704 2463 772 longiorem
2485 705 2511 758 ?
2543 705 2840 775 ingenium
2871 710 3117 758 vestrum
3150 706 3309 758 nulla
3372 706 3586 777 eloquii
3630 707 3839 776 poterit

2147 799 2370 848 mutare
2402 794 2713 849 affluentia.
2747 795 2908 858 Quod
2941 799 3134 862 restat,
3189 796 3334 861 vale,
3370 796 3447 847 mi
3479 795 3733 862 domina,
3786 804 3841 849 et

2146 886 2315 950 prout
2345 883 2587 951 expedit,
2624 882 2885 936 ordinem
2926 882 3053 935 vita:
3078 883 3370 952 animique
3406 899 3704 954 compone.
3756 884 3839 937 Me

2144 973 2334 1023 tamen
2351 970 2622 1039 Lupicino
2638 970 2882 1036 noveris,
2906 987 3019 1023 non
3052 971 3204 1040 quod
3224 972 3324 1024 tibi
3342 971 3544 1035 debeo,
3568 973 3665 1025 sed
3680 974 3834 1042 quod

2146 1060 2348 1111 anima)
2371 1075 2510 1113 meae
2533 1060 2848 1125 conveniat,
2902 1060 3299 1129 impensurum
3335 1079 3350 1127 ;
3397 1060 3531 1131 quia
3571 1062 3688 1114 sola
3728 1066 3833 1123 est.

2145 1164 2271 1218 quas
2305 1148 2582 1217 majorem
2613 1166 2645 1201 a
2676 1150 2791 1201 Deo
2824 1149 3261 1202 retributionem
3293 1154 3564 1213 meretur,
3588 1150 3834 1207 affectio.

2143 1251 2271 1290 cum
2303 1236 2477 1290 nullis
2498 1237 2798 1291 hominum
2832 1238 3057 1291 dotibus
3101 1242 3403 1307 provocata
3450 1240 3831 1294 concreditur.

2723 1344 3050 1398 EPISTULA
3088 1345 3259 1397 XXIX.

2632 1448 2958 1487 ENNODIUS
3005 1449 3347 1488 EUGENETL

2211 1520 2486 1584 Quotiens
2547 1538 2817 1575 sensuum
2866 1522 3205 1591 pignoribus
3243 1523 3416 1577 verba
3461 1521 3833 1584 famulantur,

2142 1610 2306 1680 quasi
2333 1611 2392 1664 in
2424 1611 2671 1681 quodam
2722 1612 2972 1681 speculo,
3009 1612 3088 1665 ita
3118 1612 3177 1665 iu
3208 1612 3431 1683 paginis
3481 1627 3666 1666 sermo
3730 1612 3835 1665 sibi

2138 1700 2379 1753 amicam
2412 1700 2597 1770 pingit
2623 1699 2895 1769 effigiem,
2932 1716 3063 1753 cum
3098 1716 3212 1770 qua
3241 1701 3365 1754 viva
3394 1717 3525 1754 voce
3556 1700 3835 1771 colloqui-

2135 1793 2248 1856 tur,
2282 1794 2338 1843 et
2368 1789 2521 1842 dulci
2554 1788 2859 1841 simulacro
2888 1788 3185 1842 desideriis
3208 1789 3562 1860 obsequente
3584 1792 3833 1859 gratula-

2135 1881 2248 1932 tur.
2276 1878 2442 1932 Nulla
2472 1878 2707 1947 quidem
2738 1882 3077 1947 conceptum
3106 1878 3367 1932 foederati
3406 1878 3653 1948 pectoris
3711 1879 3831 1931 elo-

2136 1967 2335 2037 quitur
2364 1967 2479 2021 oris
2529 1966 2863 2020 afﬂuentia:
2915 1971 2971 2020 et
3017 1983 3147 2020 cum
3207 1967 3322 2022 sint
3350 1967 3608 2021 faciliora
3662 1967 3834 2021 verba

2134 2055 2445 2125 beneficiis,
2477 2072 2581 2109 nec
2612 2054 2815 2109 existat
2844 2055 2999 2126 quod
3040 2071 3291 2110 crescere
3338 2062 3589 2127 nequeat
3642 2056 3822 2110 ambi-

2132 2144 2289 2199 tione
2314 2146 2577 2211 dicendi;
2612 2161 2717 2215 ego
2749 2144 2805 2196 in
2828 2144 3163 2214 explicanda
3192 2145 3341 2199 circa
3397 2162 3497 2199 vos
3536 2143 3829 2215 diligentia

2133 2239 2391 2288 arentem
2414 2239 2592 2288 testor
2635 2233 3434 2289 infantiam.Unanimitatem
3490 2239 3684 2289 tamen
3737 2251 3829 2289 ve-

2131 2328 2307 2377 stram
2339 2323 2740 2377 taciturnitatis
2768 2323 3007 2390 incesso,
3042 2324 3192 2394 quod
3227 2324 3461 2394 gemina
3508 2324 3823 2394 scriptione

2131 2409 2374 2464 donatus
2401 2410 2543 2463 nihil
2573 2410 2640 2464 de
2669 2410 2876 2463 vicaria
2907 2410 3184 2465 relatione
3207 2410 3492 2482 cogitasti.
3528 2413 3661 2465 Ecce
3713 2411 3822 2466 ite-

2129 2517 2257 2555 rum
2290 2500 2529 2571 paginas
2560 2500 2743 2567 mitto,
2805 2499 2986 2553 sciens
3034 2500 3306 2568 tribuere,
3350 2502 3504 2572 quod
3533 2506 3821 2571 exspecto.

2128 2592 2281 2658 Vale,
2314 2592 2393 2644 mi
2424 2590 2678 2656 domine,
2730 2592 3117 2644 et'amantem
3158 2591 3243 2645 tui
3300 2591 3591 2661 alloquere
3636 2591 3827 2645 nitore

2129 2697 2243 2752 quo
2272 2681 2457 2741 clarus
2484 2697 2562 2748 es,
2588 2681 2714 2735 fove
2746 2680 3073 2749 integritate
3108 2697 3221 2750 qua
3247 2682 3539 2751 przevales.

2694 2785 3039 2841 EPISTULA
3078 2787 3249 2841 XXX.

2662 2892 2987 2931 ENNUDIUS
3034 2892 3294 2931 AVIENU.

2203 2984 2372 3038 Miror
2404 2983 2542 3038 favis
2573 2982 2987 3053 magnitudinis
3008 2982 3448 3053 tuarinjucunda
3465 2981 3740 3053 copulari,
3767 2988 3823 3036 et

2132 3073 2497 3150 serenitath
2530 3073 2890 3127 conscientia:
2922 3073 3229 3127 verborum
3273 3073 3601 3126 austeritate
3633 3088 3824 3125 macu-

2128 3159 2323 3226 latam,
2350 3161 2486 3212 dum
2511 3160 3019 3229 scribisimperare
3042 3176 3131 3213 me
3154 3159 3341 3230 potius
3364 3156 3622 3229 paginas,
3644 3174 3817 3228 quam

2126 3248 2420 3318 diligentia
2444 3248 2719 3302 exactrice
2750 3249 3068 3318 promereri
3098 3266 3109 3302 :
3147 3257 3353 3319 putans
3380 3249 3393 3281 ι
3431 3248 3607 3301 ullum
3637 3264 3818 3317 genus

2124 3338 2457 3392 dominandi
2490 3354 2608 3392 esse
2640 3338 2963 3407 sublimius,
2998 3354 3172 3408 quam
3214 3338 3372 3399 illud,
3435 3337 3589 3408 quod
3634 3337 3819 3390 amori

2124 3443 2228 3479 nos
2258 3426 2500 3498 subjicit.
2541 3428 2704 3481 Nulla
2738 3432 2890 3494 sunt,
2941 3428 3151 3481 domne
3207 3427 3443 3494 Aviene,
3501 3426 3751 3479 culmina
3788 3443 3821 3478 a

2115 3517 2258 3585 jugo
2290 3516 2539 3569 caritatis
2580 3516 2899 3570 immunia:
2962 3515 3245 3587 quidquid
3277 3515 3335 3568 in
3373 3516 3509 3569 orbe
3534 3514 3814 3568 libertatis

2119 3610 2220 3671 est,
2257 3605 2355 3659 tali
2379 3622 2493 3659 non
2520 3605 2876 3659 subtrahitur
2905 3604 3183 3660 servituti.
3223 3605 3360 3658 Ecce
3401 3620 3507 3673 ego
3556 3604 3675 3657 loco
3701 3602 3812 3655 hu-

2118 3695 2289 3760 milis,
2326 3695 2553 3765 ignotus
2586 3695 2917 3762 honoribus,
2949 3695 3148 3748 vestris
3178 3694 3422 3747 fascibus
3466 3691 3547 3745 sic
3571 3691 3808 3761 jubebo,

2116 3782 2283 3852 parili
2332 3786 2633 3836 contentus
2712 3784 2915 3836 ordine
2967 3781 3278 3851 subjacere.
3341 3782 3499 3833 Nunc
3550 3780 3691 3842 vale,
3750 3785 3808 3832 et

2115 3876 2394 3942 quantum
2426 3871 2603 3925 tribui
2626 3870 2728 3925 tibi
2758 3870 3023 3936 senseris,
3056 3876 3283 3924 tantum
3306 3868 3468 3936 mihi,
3492 3869 3637 3923 sicut
3666 3866 3809 3921 ﬁde-

2112 3960 2181 4014 lis
2208 3962 2521 4028 restitutor,
2560 3960 2871 4015 affectionis
2902 3960 3190 4030 impende.

2690 4067 3023 4121 EPISTULA
3062 4067 3236 4121 XXXI.

2642 4171 2965 4211 ENNODIUS
3010 4169 3273 4210 AVIENU.

2180 4242 2447 4331 Quamvis
2481 4264 2854 4335 epistolarum
2893 4263 3135 4335 qualitas
3175 4279 3277 4335 pro
3309 4260 3556 4331 ingeniis
3576 4277 3802 4333 compo-

2036 4350 2079 4403 D
2111 4361 2300 4422 natur,
2335 4359 2391 4409 et
2412 4371 2561 4424 saepe
2592 4353 2939 4408 solemnitati
2969 4352 3198 4417 militet,
3240 4366 3659 4421 nonnunquam
3724 4350 3806 4403 af-

2106 4443 2364 4497 fectionis
2395 4448 2631 4498 testetur
2660 4442 2907 4497 indicia:
2935 4459 3075 4512 quas
3098 4441 3407 4512 aliquando
3465 4440 3641 4494 dictat
3681 4439 3805 4492 siu-

2110 4534 2312 4587 ceritas
2348 4550 2359 4587 :
2393 4534 2733 4603 plerumque
2746 4532 2861 4585 fuci
2884 4531 3086 4584 similis
3111 4530 3473 4584 concinualio
3500 4545 3658 4599 ;qua:
3676 4544 3811 4581 can-

2109 4623 2305 4677 dorem
2340 4622 2653 4691 imaginata
2684 4620 3016 4691 diligentias,
3067 4619 3393 4674 urbanitate
3426 4635 3538 4689 qua
3588 4618 3810 4687 tegitur

2110 4711 2435 4779 innotescit,
2469 4712 2605 4765 dum
2636 4711 2926 4765 fabricatis
2977 4711 3191 4766 nudata
3250 4709 3599 4780 tegminibus
3652 4709 3811 4763 intra

2112 4801 2372 4855 velamen
2406 4802 2679 4871 aperitur.
2707 4802 2826 4871 Ego
2881 4804 3073 4854 tamen
3114 4801 3172 4854 in
3230 4800 3456 4870 paginis
3509 4800 3810 4871 speculum

2109 4895 2248 4960 puto
2277 4907 2396 4944 esse
2423 4890 2802 4958 conscientiae,
2831 4906 2936 4961 per
2957 4906 3097 4960 quas
3123 4889 3435 4943 amicitiam
3482 4888 3807 4942 discernere

2111 4980 2365 5034 absentia
2397 4980 2489 5034 vix
2533 4980 2847 5050 prmsumit.
2885 4980 3115 5036 Clarum
3165 4982 3249 5033 est
3313 4983 3524 5045 tamen,
3556 4977 3694 5049 quid
3741 4977 3807 5030 in

2108 5068 2220 5122 illis
2260 5068 2521 5139 simplex,
2569 5069 2706 5139 quid
2762 5069 2964 5123 artifex
3027 5086 3215 5123 sermo
3294 5068 3529 5122 deferat.
3587 5067 3808 5123 Scindit

2108 5158 2293 5213 nubes
2325 5158 2539 5229 eloquii
2570 5174 2731 5211 mens
2763 5158 3088 5213 dictationis
3109 5158 3393 5227 interpres
3427 5174 3439 5211 ε
3472 5158 3583 5213 cito
3615 5158 3685 5211 ad
3719 5157 3807 5210 in-

2108 5248 2400 5303 tellectum
2427 5248 2687 5318 pervenit
2714 5248 2954 5301 falcibus
2983 5248 3100 5301 suis
3130 5247 3435 5301 verborum
3477 5247 3618 5301 calle
3658 5262 3807 5299 rese-

2108 5343 2250 5392 rato.
2289 5338 2436 5407 Ergo
2467 5337 2555 5390 his
2580 5337 2742 5391 valde
2775 5337 3025 5390 delector
3054 5335 3496 5408 ofﬁciiquuibus
3530 5334 3807 5406 panditur

2094 5427 2416 5493 sinceritas,
2449 5443 2553 5480 nec
2595 5426 2812 5480 occasio
2843 5443 2902 5480 se
2954 5425 3243 5479 interserit
3292 5442 3490 5479 secura
3534 5423 3799 5477 fallendi.

2110 5518 2339 5572 Gaudeo
2368 5520 2560 5569 tamen
2594 5516 2734 5569 mihi
2755 5515 2843 5569 vel
2874 5530 3072 5569 causas
3116 5515 3424 5583 scribendi,
3465 5515 3551 5567 vel
3606 5512 3800 5583 perla-

2110 5610 2260 5660 tores
2293 5604 2588 5660 accidere:
2627 5610 2688 5659 ut
2709 5605 2812 5660 sub
2835 5606 2939 5660 hac
2969 5605 3290 5675 frequentia
3346 5620 3475 5659 meo
3531 5608 3663 5657 voto
3715 5619 3802 5655 sa-

2110 5695 2495 5760 tisfaciamyct
2527 5695 2812 5765 pudorem
2840 5699 3092 5753 vestrum
3124 5710 3356 5749 onerem
3409 5692 3520 5746 nisi
3570 5709 3601 5746 a
3638 5690 3799 5745 vobis
