4102 6182
216 292 274 341 69
1564 283 2045 337 EPISTOLARUM
2088 282 2215 336 LIB.
2261 283 2347 337 IV.
3637 291 3703 341 70

212 423 456 491 suscepta
491 418 827 472 reddantur.
862 419 1041 484 Salve,
1075 418 1329 486 domine,
1364 423 1419 472 et
1454 418 1511 473 in
1548 420 1887 474 sententiam
1925 422 1972 474 A
1998 422 2195 473 serunt
2231 420 2509 490 lacrymas
2548 420 2984 476 submissorum.
3021 424 3124 478 Sed
3171 424 3305 478 hinc
3345 424 3485 479 alias
3520 442 3532 479 :
3571 443 3700 480 cum

211 531 382 570 meam
414 514 617 567 affectu
648 513 970 583 imperante
1003 512 1266 566 concede.
1310 513 1461 565 Vale.

750 600 1087 655 EPISTOLA
1126 599 1335 653 XXXII.

712 704 1037 743 ENNODIUS
1084 702 1377 742 PASSIVO.

272 780 325 835 Si
363 779 433 832 ad
476 778 904 848 exsequendam
948 777 1234 830 sufﬁceret
1275 792 1459 829 sermo
1492 776 1808 844 caritatem,
1844 776 1891 831 si

212 873 377 922 totum
411 868 650 920 infantia
680 869 1007 938 explanaret
1038 867 1305 919 affectum
1333 886 1347 933 ;
1379 866 1470 919 cui
1508 867 1689 937 magis
1718 884 1891 938 quam

211 958 352 1011 vobis
391 958 741 1026 paginarum
786 956 1167 1026 frequentiam
1214 958 1655 1025 praestaremus?
1688 963 1743 1010 et
1782 956 1891 1010 nisi

214 1050 434 1099 arctaret
466 1046 737 1098 meritum
770 1046 1033 1115 pectoris,
1059 1045 1201 1098 nulli
1227 1044 1454 1115 dignius
1482 1046 1757 1100 militaret
1780 1063 1893 1100 ser-

213 1136 379 1189 monis
410 1133 688 1187 oflicium.
724 1133 836 1187 Alii
877 1134 1135 1187 allectum
1170 1149 1343 1203 quem
1380 1140 1570 1188 mente
1606 1135 1887 1203 nesciunt,

213 1241 295 1277 ore
347 1229 652 1288 testantur,
708 1227 765 1276 et
818 1223 1069 1293 pingunt
1122 1222 1467 1276 illecebrosis
1521 1224 1888 1294 epistularum

211 1317 484 1367 momenta
530 1312 910 1377 commerciis,
958 1312 1186 1382 quando
1234 1312 1451 1365 feriatis
1501 1314 1890 1381 penetralibus

210 1420 350 1456 amor
380 1406 536 1456 totus
577 1402 633 1455 in
667 1402 866 1472 lingua
895 1406 998 1467 est,
1033 1418 1137 1455 nec
1169 1401 1320 1455 aliud
1351 1402 1419 1455 ad
1452 1401 1730 1456 interiora
1759 1419 1887 1472 per-

208 1494 434 1561 ducitur,
488 1491 605 1545 nisi
658 1498 942 1563 quantum
990 1491 1051 1545 in
1098 1491 1408 1561 scriptione
1457 1492 1767 1545 confertur.
1820 1497 1891 1547 At

209 1599 351 1636 meus
369 1598 505 1651 erga
538 1597 635 1635 vos
666 1581 917 1649 animus,
950 1580 1161 1651 eloquii
1193 1596 1421 1651 pressus
1452 1581 1654 1649 macie,
1688 1582 1889 1635 amici-

209 1672 287 1724 tia:
315 1670 575 1724 ubertate
606 1670 899 1724 conticuit.
934 1670 1114 1723 Metuo
1146 1668 1320 1736 enim,
1358 1685 1426 1722 ne
1460 1670 1660 1741 gratim
1693 1671 1889 1724 termi-

206 1776 328 1813 num
365 1765 543 1830 ponat
584 1758 848 1812 mendica
893 1758 1276 1812 confabulatio
1321 1774 1333 1811 :
1378 1774 1449 1812 ne
1490 1758 1642 1813 idem
1685 1760 1886 1813 modus

206 1854 418 1920 putetur
443 1865 569 1903 esse
595 1848 877 1901 sermonis
906 1853 958 1901 et
988 1847 1237 1902 foederis.
1263 1847 1458 1901 Melius
1483 1853 1567 1902 est
1590 1849 1716 1918 plus
1743 1848 1888 1904 msti-

207 1938 420 1991 mationi
468 1954 578 2009 per
626 1938 920 1991 silentium
967 1936 1277 2004 dimittere,
1326 1953 1499 2008 quam
1544 1942 1882 2007 monstrare,

204 2028 498 2098 diligentia
531 2028 746 2081 damna
775 2044 879 2097 per
907 2028 1145 2081 litteras.
1178 2028 1318 2081 Ecce
1350 2026 1580 2081 rarioris
1613 2027 1885 2098 colloquii

203 2134 377 2170 causas
412 2117 658 2184 asserui,
691 2116 928 2170 credens
964 2116 1113 2186 apud
1146 2132 1245 2170 vos
1276 2133 1309 2169 a
1341 2115 1663 2170 sinceritate
1693 2116 1883 2171 debita

204 2206 502 2260 facundiam
559 2205 912 2276 posthaberi.
967 2204 1130 2269 Quod
1185 2208 1467 2275 superest,
1520 2206 1750 2271 salvete,
1802 2205 1882 2259 mi

201 2290 427 2353 domine,
462 2294 523 2343 et
569 2289 778 2342 divinis
823 2289 911 2342 usi
950 2287 1262 2357 beneﬁciis,
1304 2288 1644 2359 procedente
1675 2289 1789 2343 vita
1820 2288 1881 2344 in

199 2380 431 2448 longum,
478 2378 740 2433 coelestia
784 2378 1054 2433 mandata
1100 2378 1405 2448 complete.
1452 2378 1674 2433 Invenit
1722 2378 1875 2434 enim

196 2467 327 2536 apud
360 2483 479 2535 vos,
520 2483 657 2522 cum
695 2484 730 2521 a
765 2468 996 2522 cumulo
1037 2466 1269 2539 coeperit
1307 2466 1648 2538 benignitas,
1691 2467 1873 2523 incre-

196 2562 443 2613 mentum.
478 2559 640 2613 Vale.

724 2647 1058 2703 EPISTOLA
1094 2648 1328 2703 XXXIII.

704 2752 1030 2791 ENNODIUS
1080 2752 1340 2791 FAUSTO.

247 2825 532 2896 Proposito
559 2826 964 2896 obsequuntur
992 2826 1243 2896 paginae,
1272 2824 1482 2895 quibus
1507 2825 1872 2878 commenda-

187 2912 253 2965 tio
274 2920 579 2983 pra'statur
605 2915 856 2969 afflictis.
890 2917 952 2969 In
984 2915 1073 2969 his
1100 2915 1255 2969 enim
1284 2915 1437 2968 clara
1461 2918 1546 2968 est
1574 2913 1869 2984 religionis

188 3004 478 3072 integritas,
513 3021 649 3076 quae
681 3005 843 3059 nullo
874 3005 1292 3076 potentioribus
1322 3006 1449 3059 fuco
1482 3003 1749 3058 blanditie
1779 3019 1867 3056 as-

2000 510 2344 578 perlatorem
2375 509 2649 577 videritis,
2680 515 2877 564 votum
2909 511 3175 565 dictantis
3207 514 3544 584 agnoscetis.
3581 516 3699 570 Uti-

2000 613 2134 651 nam
2165 596 2263 651 illo
2294 599 2445 668 apud
2487 600 2944 668 magnitudinem
2976 606 3220 656 vestram
3257 604 3695 674 supplicationis

2000 691 2206 740 eventu
2240 688 2540 757 alleganda
2580 688 2860 754 conciliet,
2902 706 3015 759 quo
3059 707 3089 743 a
3129 707 3217 745 me
3251 692 3468 745 litteras
3503 692 3694 762 impe-

1999 775 2185 830 travit.
2223 776 2516 831 Mulierem
2547 777 2893 846 religiosam,
2929 794 3265 849 pauperem,
3299 781 3367 834 de
3400 781 3550 835 bono
3586 797 3696 834 ne-

1999 866 2155 933 gotio
2194 870 2641 935 praesumentem
2673 882 2860 919 sermo
2891 868 3180 936 praefactus
3212 868 3467 923 insinuat
3503 886 3515 923 :
3550 870 3696 925 aesti-

2000 959 2147 1008 mate
2172 955 2219 1007 si
2246 955 2565 1025 fragilitati,
2592 955 2638 1007 si
2659 955 2900 1024 justitite
2930 958 3185 1026 oportuit
3211 958 3384 1012 verba
3410 959 3651 1014 subduci
3677 976 3689 1014 :

2000 1042 2046 1095 si
2086 1043 2348 1096 convenit
2386 1058 2477 1096 me
2520 1044 2605 1096 vel
2647 1042 2834 1096 officio
2869 1044 3081 1111 deesse,
3126 1045 3214 1099 vel
3248 1046 3519 1101 moribus.
3560 1050 3693 1103 Ecce

1999 1147 2105 1200 ego
2154 1132 2535 1186 reverentiam
2586 1132 2785 1186 salutis
2832 1132 3192 1203 impendens,
3244 1136 3381 1206 quid
3436 1137 3694 1206 partibus

2000 1220 2141 1274 meis
2180 1221 2447 1275 deberem
2487 1225 2834 1275 contestatus
2874 1239 2996 1277 sum
3033 1238 3044 1276 :
3081 1223 3238 1277 vobis
3280 1224 3420 1295 quid
3464 1241 3692 1281 reman-

1998 1310 2156 1374 serit,
2189 1310 2462 1365 attenditc
2496 1326 2508 1364 :
2544 1311 2679 1382 quia
2708 1312 2855 1365 sicut
2894 1328 3201 1381 personam
3240 1329 3428 1367 meam
3462 1331 3565 1385 pro
3598 1333 3692 1369 su-

1996 1414 2101 1468 pra
2130 1399 2295 1452 dictae
2324 1399 2612 1454 voluntate
2645 1399 2863 1469 petitio,
2898 1400 2974 1453 ita
3004 1404 3249 1456 vestram
3280 1402 3514 1457 affectus
3547 1404 3693 1474 aspi-

1998 1486 2121 1542 ciet.
2159 1489 2313 1543 Vale.

2540 1576 2871 1632 EPISTOLA
2910 1578 3139 1633 XXXIV.

2511 1682 2836 1721 ENNODIUS
2880 1681 3183 1721 SENARIO.

2069 1754 2219 1809 Nihil
2260 1757 2344 1809 est
2391 1754 2655 1826 equidem
2697 1756 2851 1826 quod
2896 1772 3012 1810 non
3053 1773 3085 1808 a
3126 1754 3362 1810 veritate
3403 1755 3461 1809 in
3512 1757 3687 1811 altum

1997 1843 2297 1898 ambitioso
2342 1845 2579 1899 tollatur
2622 1845 2870 1915 eloquio.
2919 1844 3025 1899 Sed
3072 1861 3177 1915 ego
3224 1845 3292 1898 ad
3332 1844 3686 1915 diligentiam

1994 1931 2143 1986 circa
2170 1949 2267 1985 vos
2294 1933 2479 2002 patior
2509 1949 2697 1987 meam
2725 1934 3005 1987 sermonis
3032 1933 3354 1987 infantiam.
3383 1935 3687 2005 Nunquam

1994 2038 2096 2091 par
2126 2022 2233 2076 fuit
2269 2022 2465 2094 lingua
2508 2024 2731 2077 caritati
2765 2038 2777 2077 :
2817 2040 3044 2095 semper
3084 2023 3369 2093 subjacuit
3406 2024 3519 2078 oris
3563 2024 3685 2079 ofﬁ-

1992 2111 2146 2164 cium
2181 2110 2346 2165 bonte
2380 2112 2759 2165 conscientiae.
2796 2111 2878 2166 Ob
2919 2112 3024 2165 hoc
3058 2115 3189 2166 utor
3228 2112 3527 2167 securitate
3559 2129 3685 2167 mo-

1992 2198 2212 2253 nitoris.
2263 2201 2388 2254 Non
2435 2200 2672 2266 credidi,
2723 2204 2879 2255 tanto
2932 2205 3194 2271 tempore
3244 2202 3683 2272 amplitudinem

1989 2294 2146 2343 tuam
2175 2289 2289 2343 mei
2310 2290 2711 2344 immemorem
2736 2291 2815 2344 sic
2834 2290 3105 2355 futuram,
3133 2294 3197 2345 ut
3220 2291 3394 2346 etiam
3420 2292 3687 2346 solemni-

1986 2377 2093 2432 bus
2120 2379 2419 2450 colloquiis
2449 2379 2759 2433 abstineres
2787 2395 2800 2434 :
2831 2384 2896 2434 ut
2922 2380 3035 2434 illa:
3064 2396 3191 2450 quae
3220 2380 3408 2435 solent
3434 2382 3682 2437 affectio-

1988 2484 2119 2521 nem
2141 2468 2457 2538 imaginata
2480 2468 2666 2523 fronte
2695 2469 2989 2535 simulare,
3012 2474 3363 2540 negarentur
3383 2471 3534 2525 inter
3561 2489 3684 2543 per-

1986 2574 2153 2612 sonas
2181 2558 2394 2613 catenis
2430 2558 2661 2613 foederis
2693 2558 2991 2629 obligatas.
3027 2560 3156 2614 Haec
3188 2560 3235 2614 si
3262 2560 3511 2615 valerem
3552 2577 3677 2613 nar-

1982 2663 2131 2717 rare,
2164 2651 2420 2719 poteram
2458 2648 2756 2704 sustinere.
2800 2650 2940 2704 Ecce
2970 2648 3181 2703 iterum
3226 2650 3430 2717 scribo,
3467 2654 3523 2703 et
3552 2666 3679 2720 qua=

1980 2738 2166 2791 verbis
2206 2754 2419 2804 assero,
2456 2739 2747 2809 sequenda
2791 2744 2969 2794 testor
2998 2740 3297 2811 exemplis.
3329 2742 3437 2794 Vos
3468 2740 3679 2795 videri-

1981 2827 2053 2881 tis
2082 2828 2249 2898 quale
2279 2828 2350 2881 sit
2376 2828 2613 2898 posthac
2639 2828 2921 2883 desideria
2948 2830 3185 2884 honesta
3210 2829 3504 2899 negligere
3528 2848 3545 2885 :
3572 2846 3676 2900 ego

1981 2916 2168 2971 dolori
2200 2917 2539 2987 patientiam
2569 2934 2679 2972 usu
2710 2918 3002 2973 institutus
3036 2918 3296 2973 adhibeo.
3330 2918 3483 2973 Vale.

3301 3140 3654 3148 —————.

1276 3238 1721 3333 LIBER
1826 3233 2549 3350 QUARTUS.

708 3492 1045 3547 EPISTOLA
1084 3493 1320 3546 PRIMA.

492 3597 827 3636 ENNODIUS
875 3580 889 3613 ¹
933 3596 1288 3637 ΒῩΜΜΑΟΗΟ
1335 3596 1534 3635 eam.

244 3673 364 3724 Boni
400 3671 777 3742 imperatoris
807 3675 893 3724 est
927 3672 1228 3741 probatam
1271 3671 1331 3723 in
1366 3670 1483 3723 acie
1516 3667 1714 3722 militis
1741 3666 1864 3719 ani-

186 3773 318 3812 mare
355 3760 667 3826 virtutem;
708 3764 772 3813 ut
806 3745 1088 3813 fortitudo‘
1123 3758 1308 3812 laudis
1348 3756 1573 3827 pabulis
1603 3754 1860 3820 invitata,

187 3846 233 3899 in
285 3848 542 3901 secundis
607 3848 1007 3918 congressibus
1063 3847 1313 3901 dediscat
1372 3845 1515 3900 lucis
1573 3845 1860 3898 affectum.

187 3936 330 4004 Cujus
360 3938 538 3991 robur
582 3937 741 3991 ducis
771 3936 1058 4007 praeconio
1096 3953 1212 3990 non
1243 3934 1536 3990 nutritur?
1567 3932 1774 4005 quibus
1805 3950 1861 3986 se

186 4024 438 4095 denegent
466 4026 651 4078 etiam
682 4024 875 4078 minus
915 4025 1101 4078 valida
1130 4024 1331 4077 tironis
1367 4022 1627 4077 membra
1657 4021 1861 4075 conﬂi-

184 4112 360 4178 clibus,
409 4114 651 4185 quando
702 4113 939 4168 rectoris
992 4113 1319 4167 testimonio
1375 4112 1528 4166 videt
1582 4110 1689 4165 sibi
1742 4127 1861 4165 non

184 4203 345 4269 perire
370 4204 523 4273 quod
553 4203 833 4273 gesserit?
856 4203 987 4258 Sola
1016 4203 1105 4256 via
1130 4208 1213 4256 est
1244 4219 1355 4272 qua
1381 4202 1451 4255 ad
1477 4200 1859 4272 praeliandum

182 4296 365 4345 crescat
395 4292 670 4359 intentio,
704 4292 964 4363 quotiens
996 4293 1140 4346 bene
1178 4297 1337 4362 gesta
1368 4307 1484 4345 non
1523 4291 1674 4345 delet
1708 4290 1860 4344 obli-

180 4380 269 4434 vio.
308 4382 534 4437 Utinam
589 4382 851 4436 divinitas
883 4381 1083 4437 vestris
1120 4388 1275 4436 mota
1303 4380 1569 4453 precibus
1602 4381 1623 4414 ²
1654 4379 1859 4434 diabo-

182 4468 325 4524 licum
352 4477 657 4526 certamen
686 4471 1003 4526 interimat!
1037 4472 1257 4526 utinam
1283 4471 1639 4525 devotionem
1670 4486 1857 4523 meam

179 4557 225 4611 in
254 4576 379 4630 pace
420 4562 793 4615 manifestet!
831 4564 895 4615 ut
934 4562 1095 4631 cujus
1136 4562 1390 4616 studium
1427 4560 1740 4631 resiguavit
1767 4560 1859 4613 ad-

180 4651 400 4712 versitas,
443 4653 612 4705 illius
651 4652 953 4705 concordia
985 4644 1355 4706 commendet
1378 4649 1739 4721 obsequium.
1775 4650 1857 4703 Ad

231 4775 245 4848 ξ
276 4777 623 4848 Symmacho
649 4773 832 4848 papae]
861 4777 1029 4846 Papa;
1059 4791 1269 4848 nomen
1298 4773 1399 4827 uni
1430 4775 1689 4848 Romano
1718 4790 1857 4848 pon-

177 4844 287 4919 tifici
314 4844 603 4919 tanquam
634 4844 1029 4916 proprium—et
1060 4847 1371 4917 peculiare,
1404 4845 1646 4919 primus,
1681 4850 1742 4899 ut
1771 4845 1851 4898 vi-

178 4912 331 4983 detur,
362 4912 961 4972 asseruit-Ennodius.
1000 4912 1141 4972 Nam
1173 4934 1303 4972 cum
1332 4912 1629 4987 episcopos
1659 4932 1857 4970 omnes

180 5000 323 5060 papas
358 4990 556 5043 cmteri
594 4990 712 5043 fere
749 4990 847 5060 qui
881 4990 1002 5059 ejus
1034 5006 1153 5043 aevo
1184 4988 1433 5059 proximi
1464 4990 1717 5060 fuerunt,
1744 5005 1856 5060 ap-

178 5059 361 5121 pellare
395 5062 645 5125 soleant,
694 5059 1085 5127 ut’Sidonius,
1118 5062 1374 5126 Faustus,
1414 5059 1705 5124 Ruricius;
1740 5059 1856 5128 ipse

175 5138 423 5199 perpetuo
473 5132 817 5185 discrimine
860 5133 1141 5185 antistites
1185 5131 1533 5200 reliquarum
1578 5131 1855 5183 Ecclesia-

175 5204 632 5273 rumrepiscopos
678 5208 857 5267 vocat,
906 5220 1112 5273 papam
1158 5204 1341 5255 solum
1391 5203 1663 5255 Romanae.
1708 5200 1855 5254 sedis

177 5272 498 5340 pontiﬁcem,
537 5275 660 5328 sive
692 5291 821 5327 cum
853 5272 937 5328 illi
965 5274 1180 5338 scribit,
1210 5277 1275 5326 ut
1305 5272 1640 5342 Symmacho
1671 5289 1853 5343 papae,

175 5346 219 5416 ﬁt
245 5343 443 5399 domno
485 5362 678 5416 papae,
724 5345 837 5398 sive
878 5362 1008 5399 cum
1040 5346 1109 5399 de
1141 5345 1238 5397 illo
1268 5344 1422 5414 apud
1450 5344 1592 5416 alios
1622 5346 1759 5413 agit,
1795 5349 1857 5416 ut

175 5410 251 5463 lib.
293 5432 369 5479 ni,
412 5410 590 5486 epist:
645 5417 719 5474 lO.
762 5417 859 5469 lib.
901 5434 974 5483 v1,
1019 5417 1181 5486 epist.
1229 5410 1399 5469 33—et
1440 5410 1682 5484 passim:
1726 5414 1854 5468 Pari

174 5490 277 5548 post
314 5487 651 5541 Ennodium
692 5488 1018 5541 discrimine
1061 5488 1118 5541 in
1161 5486 1283 5556 ejus
1327 5487 1481 5539 vocis
1528 5486 1855 5555 usurpatio-

174 5568 282 5628 nem
329 5574 466 5611 usus
520 5564 611 5612 est
658 5558 1026 5612 Cassiodorus
1077 5575 1089 5613 :
1146 5558 1245 5628 qui
1295 5574 1424 5611 cum
1474 5557 1850 5623 Bonifacium,

172 5624 471 5696 Agapetum
512 5635 577 5683 et
612 5630 889 5683 Joannem
933 5624 1203 5684 Romanae
1235 5630 1384 5683 sedis
1419 5630 1717 5699 pontifices
1746 5645 1853 5699 pa-

171 5707 258 5761 pas
292 5701 583 5768 nominet,
624 5701 991 5772 Eustorgium
1023 5706 1080 5756 et
1121 5701 1347 5755 Datium
1392 5700 1849 5767 Mediolanensis,

2045 3493 2064 3522 ³
2086 3487 2513 3542 Marcellianum
2536 3487 2869 3559 episcopum
2900 3490 3115 3546 directa
3137 3495 3219 3546 est
3242 3509 3271 3546 a
3296 3492 3470 3547 fratre
3493 3492 3675 3545 vestro

1979 3574 2257 3629 instructa
2286 3577 2494 3647 legatio
2520 3593 2532 3629 :
2558 3577 2658 3631 sed
2686 3578 2822 3648 quid
2847 3581 3198 3648 promoverit
3225 3580 3342 3651 ipse
3367 3581 3671 3651 rescripsit.

1977 3664 2140 3727 Quod
2182 3670 2373 3733 restat,
2407 3667 2684 3737 porrectis
2718 3668 3076 3723 salutationis
3126 3687 3328 3740 precor
3357 3671 3578 3738 officiis,
3613 3675 3675 3724 ut

1975 3753 2257 3823 quidquid
2285 3770 2504 3825 aegrum
2532 3759 2617 3809 est
2637 3757 2857 3811 medica
2883 3758 3139 3814 oratione
3171 3760 3380 3814 curetis
3406 3777 3418 3813 :
3446 3765 3503 3815 et
3524 3760 3674 3812 inter

1973 3840 2276 3896 latentium
2301 3848 2517 3898 secreta
2540 3845 2897 3915 morborum,
2919 3848 3019 3918 qui
3040 3847 3099 3902 in
3120 3850 3448 3920 generalem
3474 3864 3669 3904 necem

1974 3936 2249 3998 servatur,
2282 3932 2434 3988 ferro
2462 3934 2705 4005 spiritali
2735 3937 3000 3991 resecetis
3032 3955 3303 3995 errorem.
3337 3939 3492 3994 Vale.

2598 4025 2934 4082 EPISTOLA
2972 4028 3038 4082 ll.

2490 4129 2813 4170 ENNODIUS
2861 4131 3147 4173 ALICONI.

2041 4198 2393 4253 Venerabilis
2433 4203 2730 4256 Amantius
2778 4206 3097 4277 presbyter,
3141 4207 3277 4259 dum
3319 4207 3387 4259 ad
3429 4222 3525 4259 vos
3568 4223 3669 4276 pa-

1970 4286 2134 4356 ginas
2168 4288 2361 4359 exigit,
2398 4305 2521 4343 rem
2558 4290 2873 4347 devotionis
2920 4311 3058 4348 mem
3101 4294 3185 4346 sui
3227 4309 3348 4348 esse
3390 4294 3519 4346 fecit
3560 4295 3666 4346 im-

1970 4376 2133 4446 perii.
2161 4378 2312 4431 Felix
2340 4378 2664 4446 necessitas,
2689 4397 2816 4450 quae
2847 4383 2989 4435 votis
3016 4386 3249 4452 praestat
3285 4381 3625 4450 obsequium
3652 4398 3665 4435 :

1969 4465 2147 4519 libera
2172 4468 2600 4536 prmeminenlis
2626 4470 2826 4540 jussio,
2860 4487 2987 4540 qum
3014 4471 3188 4524 servit
3214 4470 3460 4525 affectui.
3493 4470 3669 4525 Debet

1968 4555 2110 4609 mihi
2138 4562 2384 4627 coactor,
2409 4561 2562 4631 quod
2592 4577 2732 4614 meae
2758 4561 3022 4631 praestitit
3045 4560 3329 4614 voluntati
3357 4577 3368 4614 :
3394 4576 3667 4631 prospera

1968 4649 2052 4698 est
2082 4646 2335 4716 scriptio,
2363 4665 2492 4719 quae
2519 4650 2910 4704 testimonium
2936 4650 3140 4704 tribuit
3167 4650 3255 4704 bis
3282 4649 3501 4705 amori:
3531 4650 3664 4703 dum

1972 4096 1997 4113 κ

1897 4773 1938 4825 D
1964 4772 2017 4822 et
2041 4770 2188 4846 alios
2218 4774 2461 4827 aliarum
2491 4774 2787 4828 civitatum
2819 4776 3111 4843 praesules,
3142 4792 3259 4830 non
3291 4776 3457 4829 aliter
3489 4792 3664 4846 quam

1964 4840 2262 4915 episcopos
2292 4850 2470 4899 vocat.
2508 4846 2701 4915 Neque
2735 4840 2933 4900 omnes
2974 4840 3167 4900 tamen
3208 4849 3316 4901 hoc
3356 4848 3436 4901 ita
3468 4840 3663 4901 ciem-

1970 4911 2141 4988 plum'
2163 4911 2368 4984 postea
2407 4917 2583 4969 secuti
2606 4911 2774 4983 'sunt,
2816 4918 2956 4988 quin
2990 4918 3269 4988 permulti
3309 4919 3661 4972 diversarum

1968 4984 2248 5052 gentium,
2298 4987 2615 5059 prm‘sertim
2659 4984 3105 5056 extra'ltaliam,
3153 4990 3457 5059 scriptores
3501 5006 3661 5059 papa]

1969 5070 2183 5131 nomen
2222 5056 2637 5131 reliquisitem
2678 5060 2959 5131 episcopis
3004 5056 3337 5127 tribuerint,
3386 5056 3663 5130 usque—ad

1967 5128 2228 5202 tempora
2255 5128 2512 5202 Gregorii
2542 5146 2638 5202 vn,
2669 5128 2765 5201 qui
2797 5128 3102 5202 in'synodo
3131 5134 3391 5187 Romana
3420 5128 3661 5201 primus,

1966 5201 2030 5248 ut
2078 5214 2109 5249 a
2163 5199 2405 5253 Baronio
2456 5199 2739 5255 cardinale
2796 5199 3157 5257 observatum
3210 5209 3312 5271 est,
3365 5199 3555 5266 edixit,
3606 5208 3665 5255 ut

1960 5282 2369 5343 Ραρᾶζηριῃρη
2402 5272 2575 5326 unius
2605 5274 2677 5326 sit
2710 5274 2770 5326 in
2802 5275 2938 5328 orbe
2966 5275 3307 5329 Christiano.

2045 5340 2078 5415 ’_
2130 5340 2488 5415 Diabolicum
2556 5345 2865 5415 certamen]
2936 5347 3336 5400 Laurentianm
3402 5344 3662 5399 factionis

1964 5412 2357 5488 scliismaticre,
2405 5431 2533 5485 quae.
2577 5412 2984 5487 Symmachum
3030 5417 3197 5472 variis
3239 5417 3422 5471 modis
3477 5434 3661 5488 oppu-

2003 5484 2176 5540 navit.

1964 5504 2494 5629 gnfjllltarcellinum
2523 5556 2874 5629 episcopum]
2912 5559 3359 5629 Aquileiensem.
3394 5560 3479 5615 Ad
3510 5560 3663 5615 hunc

1961 5646 2067 5701 pro
2106 5627 2446 5697 Symmacho
2486 5627 2789 5756 scripserat
2829 5627 3167 5686 Hauréntius
3214 5633 3513 5704 episcopus
3544 5634 3663 5689 Me-

1962 5700 2332 5756 diolanensis.
2366 5716 2539 5756 quem
2568 5717 2600 5756 a
2666 5702 2922 5756 Ennodio
2954 5702 3244 5756 designari
3276 5710 3431 5756 nuto.

1962 5700 2332 5769 diolanensis,
2366 5716 2539 5771 quem
2568 5700 2639 5756 ab
2666 5702 2922 5757 Ennodio
2954 5700 3431 5776 designari—puto:
