4102 6182
362 278 423 329 7l
1204 254 1205 259 ‘
1574 270 1865 326 ENNODII
1905 268 2217 326 EPISCOPI
2254 270 2642 326 TICINENSIS
3791 273 3858 323 72

360 410 419 460 et
445 420 657 459 novum
688 402 748 457 in
772 402 865 474 jus
896 401 1205 473 diligentia
1234 399 1489 466 attrahit,
1520 404 1579 454 et
1612 398 1780 453 amici
1812 398 2050 454 senioris
2088 404 2131 456 A
2162 401 2441 471 quaeritur
2476 400 2577 471 qui
2618 401 2678 454 in
2718 400 2930 455 amoris
2968 399 3127 454 lance
3167 416 3525 472 promoveas,
3561 400 3656 455 sed
3692 401 3861 471 quale

359 499 555 564 pectus
603 492 839 561 obligat.
894 491 1002 555 Qui
1047 492 1184 545 dum
1235 488 1648 557 magnitudinis
1704 492 1817 541 tua
1869 487 2054 540 ﬁdelis

359 598 546 652 praco
593 586 695 648 est,
742 580 901 651 prius
940 595 1037 633 vos
1081 593 1182 648 per
1220 575 1688 645 astipulationem
1722 591 1881 629 suam
1926 575 2059 629 fecit

360 670 515 741 eligi,
558 685 733 740 quam
778 668 1028 739 agnosci.
1073 668 1221 720 Baro
1269 665 1530 718 notitiam
1573 664 1865 734 pracessit
1913 665 2057 718 affe-

360 760 470 814 ctio
504 775 518 812 :
551 759 644 813 cui
675 758 916 828 contigit
945 760 1075 809 ante
1112 755 1359 824 placere,
1393 770 1566 824 quam
1598 754 1840 825 inspici?
1865 754 2056 818 Quan-

359 854 482 903 tum
532 848 683 919 apud
734 862 826 900 me
874 846 1101 915 pondus
1150 848 1234 896 est
1281 843 1600 913 perlatoris,
1647 843 1939 911 advertite,
1988 843 2058 897 ad

362 938 523 1007 cujus
551 942 754 990 nutum
786 934 997 1005 judicia
1022 939 1217 986 nostra
1249 934 1557 985 flectuntur
1582 948 1596 985 :
1620 932 1861 985 vidimus
1883 948 2057 1002 quem

361 1026 608 1081 didicit:
651 1040 825 1094 quem
872 1023 1066 1077 laudat
1110 1022 1529 1090 amplectimur.
1572 1022 1733 1091 Sape
1774 1021 1833 1074 in
1873 1021 2057 1074 solido

362 1115 671 1169 constituta
711 1128 873 1165 mens
904 1110 1138 1181 propria
1171 1111 1353 1163 amico
1384 1111 1534 1164 cedit
1564 1109 1830 1164 examini.
1862 1109 2058 1163 Merito

361 1220 497 1273 ergo
553 1202 916 1272 suspicimus,
968 1217 1110 1270 quos
1167 1200 1438 1269 probatus
1496 1200 1735 1253 extollit.
1796 1200 1957 1252 Nunc
2012 1198 2060 1251 si

360 1291 680 1344 ubertatem
724 1290 923 1359 gratia
973 1288 1195 1358 ingenii
1244 1288 1453 1341 macies
1500 1289 1841 1358 explicaret;
1894 1289 1939 1340 si
1989 1288 2058 1341 ad

360 1379 575 1433 fontem
596 1378 824 1431 foederis
847 1377 995 1430 aridi
1021 1378 1301 1431 sermonis
1322 1394 1437 1431 non
1461 1379 1767 1431 lassaretur
1786 1378 2054 1442 infantia;

362 1468 410 1521 si
451 1465 773 1538 epistolaris
807 1466 1051 1535 qualitas
1083 1482 1211 1535 qua
1249 1466 1421 1518 etiam
1456 1466 1699 1536 copiosis
1733 1467 2059 1536 eloquentia

361 1556 554 1611 frenos
578 1554 847 1625 imponit,
872 1555 1142 1624 progredi
1170 1570 1257 1607 me
1280 1555 1349 1608 ad
1375 1556 1637 1624 longiora
1661 1556 2017 1626 permitteret
2042 1572 2055 1609 :

364 1660 673 1698 assererem
706 1647 919 1713 quanta
951 1642 1218 1695 nobilitas
1250 1648 1345 1695 tua
1374 1643 1515 1696 mihi
1546 1643 1768 1710 debeat,
1804 1644 1957 1714 quod
1988 1643 2056 1697 ad

364 1733 671 1804 epistolare
718 1732 1127 1785 commercium
1180 1732 1401 1801 primus
1449 1733 1679 1798 accessi,
1725 1738 1782 1786 et
1818 1732 2059 1802 januam

365 1822 678 1892 diligentia
725 1820 975 1875 reseravi
1022 1822 1177 1875 clave
1236 1821 1533 1874 sermonis.
1590 1820 1819 1891 Bajulus
1865 1826 2060 1875 tamen

364 1928 565 1983 precor
608 1916 673 1965 ut
717 1928 821 1981 pro
865 1910 955 1965 his
999 1927 1126 1981 qua
1170 1910 1371 1964 tribuit
1418 1910 1763 1965 redametur.
1801 1910 2061 1965 Ecclesia

365 2017 561 2055 causas
586 1999 817 2054 insinuo
846 2014 857 2053 :
888 2000 1023 2070 quia
1051 1999 1207 2069 quod
1235 2000 1355 2069 spei
1387 2016 1529 2054 mea
1562 2000 1939 2070 impenditur,
1969 2016 2061 2053 vo-

366 2090 453 2145 bis
495 2090 695 2143 crescit
733 2088 801 2143 ad
841 2089 1133 2143 meritum.
1176 2088 1417 2143 Domine
1448 2089 1548 2156 mi,
1582 2088 1939 2144 ellusissima
1971 2106 2057 2142 sa-

364 2178 663 2234 lutationis
691 2195 901 2232 munus
926 2178 1284 2249 impendens,
1318 2195 1513 2249 quaso
1548 2183 1609 2232 ut
1639 2179 1687 2232 si
1720 2178 1877 2232 vobis
1907 2178 2061 2232 cordi

367 2274 451 2324 est
479 2268 825 2323 oblationem
868 2283 1055 2321 meam
1098 2268 1167 2321 de
1195 2268 1468 2322 libamine
1498 2267 1751 2322 caritatis
1784 2268 2061 2339 accipere,

367 2358 707 2430 religionem
739 2358 938 2412 amica
965 2357 1328 2412 conscientia
1355 2358 1621 2412 reseretis
1651 2356 1919 2429 alloquio.

980 2465 1315 2519 EPISTOLA
1354 2466 1448 2519 III.

711 2586 1035 2627 ENNODIUS
1082 2586 1358 2626 EULALIO
1404 2585 1726 2628 EPISCOPO.

437 2678 700 2733 Trinitati
738 2678 948 2749 gratias
990 2680 1106 2732 Deo
1151 2683 1365 2745 nostro,
1409 2678 1509 2748 qui
1548 2676 1759 2731 fascem
1802 2693 1917 2748 quo
1966 2677 2063 2731 de-

373 2770 595 2839 primor
623 2771 1008 2838 peccatorum,
1038 2766 1200 2820 fortis
1231 2767 1383 2836 apud
1410 2783 1468 2820 se
1498 2766 1604 2819 viri
1634 2766 1921 2819 alacritate
1948 2783 2066 2820 sus-

369 2859 551 2910 tentat
588 2871 602 2909 :
647 2855 747 2925 qui
790 2855 1125 2908 memoriam
1169 2854 1283 2907 mei
1331 2855 1390 2908 in
1430 2855 1527 2908 illo
1573 2860 1767 2908 sancto
1817 2854 2065 2923 pectoris

368 2945 453 3001 tui
503 2944 720 3015 templo
760 2960 873 3015 quo
912 2943 1125 3013 gaudet
1172 2942 1449 3011 Christus,
1488 2943 1711 2997 subtilis
1760 2943 2065 2998 fabricator

368 3034 658 3089 interserit
691 3049 704 3087 :
740 3038 803 3087 ut
831 3033 984 3103 quod
1017 3032 1265 3103 propria
1293 3032 1741 3086 conservationis
1772 3033 1922 3087 nube
1953 3033 2066 3086 fus-

369 3123 511 3185 cavi,
547 3122 845 3194 splendida
870 3121 1230 3175 conscientia
1260 3121 1566 3175 serenitate
1596 3122 1907 3192 detergeat.
1940 3123 2064 3176 Jam

369 3211 501 3265 novi
537 3211 674 3281 quia
711 3226 827 3264 non
864 3210 1233 3263 inefﬁcaciter
1270 3209 1591 3263 funduntur
1637 3211 1888 3263 lamenta
1934 3227 2065 3280 pec-

370 3299 643 3353 cantium.
684 3300 798 3353 Hoc
828 3298 970 3352 mihi
1001 3298 1259 3369 principe
1290 3299 1416 3351 loco
1448 3298 1633 3352 oratio
1668 3315 1814 3365 mea,
1850 3299 1956 3352 hoc
1986 3300 2065 3353 la-

368 3404 578 3459 cryma
609 3387 997 3452 contulerunt,
1032 3392 1096 3441 ut
1125 3387 1394 3441 robustus
1426 3403 1529 3457 pro
1561 3403 1652 3440 me
1684 3392 1950 3458 peccator
1979 3404 2069 3442 ex-

370 3493 653 3548 surgeres,
704 3482 768 3530 ut
816 3476 1142 3530 labantibus
1201 3475 1460 3530 humeris
1517 3476 1732 3531 calesti
1784 3478 2068 3532 munitam

370 3566 577 3621 auxilio
627 3566 921 3619 dexteram
967 3565 1327 3633 subrogares.
1377 3565 1587 3619 Verum
1633 3569 1716 3619 est
1764 3565 1899 3635 quia
1946 3567 2069 3619 sola

371 3654 521 3726 apud
548 3656 730 3709 Deum
762 3654 1085 3724 desperatio
1117 3654 1303 3724 perdit
1333 3659 1640 3709 errantem.
1674 3654 1811 3708 EcCe
1837 3656 1956 3725 jam
1982 3656 2070 3709 ‘lo-

371 3745 513 3798 lium
553 3750 838 3811 nostrum,
882 3742 1064 3813 spina
1108 3744 1193 3796 vel
1244 3743 1458 3805 tribuli,
1505 3743 1740 3811 hordea,
1789 3744 2066 3810 triticum,

370 3833 564 3888 vineas
609 3833 976 3903 pollicentur.
1019 3838 1158 3901 Age,
1201 3832 1378 3885 electe
1424 3833 1545 3898 Dei,
1587 3849 1692 3903 pro
1738 3848 1829 3886 me
1865 3832 2070 3886 humili

372 3923 525 3993 quod
568 3922 820 3993 capisti;
864 3925 919 3974 et
958 3921 1216 3990 partibus
1256 3921 1367 3973 tuis
1405 3920 1619 3985 adesto,
1658 3923 1795 3974 dum
1833 3938 2068 3991 precum

371 4012 433 4066 in
473 4028 564 4065 me
612 4011 945 4065 assiduitate
979 4009 1171 4074 diluis,
1210 4009 1361 4079 quod
1407 4025 1513 4079 ego
1563 4010 1767 4080 collegi
1813 4011 2070 4064 ubertate

372 4101 692 4171 culparum.
729 4099 1148 4171 Frequentibus
1178 4098 1347 4152 etiam
1380 4104 1708 4169 susceptum
1750 4116 1917 4170 pasce
1949 4101 2068 4154 col-

370 4190 583 4262 loquiis
614 4206 628 4244 :
661 4195 725 4244 ut
754 4190 1038 4243 insulsum
1069 4194 1289 4258 pectus,
1320 4205 1421 4242 nec
1456 4190 1569 4242 ulla
1600 4189 1874 4243 virtutum
1907 4188 2073 4243 stabi-

2166 490 2236 542 ad
2289 489 2685 559 prajudicium
2735 489 3041 543 astimanti
3098 505 3308 543 nomen
3363 505 3619 560 opponas
3668 505 3682 543 :
3731 505 3861 543 cum

2167 578 2318 648 apud
2350 580 2661 648 prudentes
2684 577 2894 631 frustra
2928 578 3184 633 sobolem
3210 578 3471 645 dicimus,
3497 578 3608 631 nisi
3635 578 3863 631 exhibet

2167 668 2317 738 quod
2352 674 2600 721 vocatur.
2638 669 2776 721 Nam
2822 668 2921 738 qui
2965 668 3021 721 in
3064 667 3223 738 prole
3255 683 3553 720 censuram
3599 667 3860 737 negligit,

2166 761 2505 825 conceptum
2552 755 2734 826 magis
2766 756 3032 825 designat
3063 756 3170 809 sibi
3206 759 3449 827 placere,
3482 772 3655 826 quam
3690 756 3863 809 meri-

2166 847 2309 897 tum.
2366 845 2619 897 Facessat
2666 844 2723 897 in
2770 843 3014 914 posteris
3066 844 3171 897 hoc
3218 845 3403 897 solum
3464 860 3566 896 nos
3613 844 3866 914 cogitare

2167 932 2317 1002 quod
2354 933 2538 986 libuit.
2580 933 2801 986 Etenim
2845 932 3062 986 fructus
3098 932 3267 997 uteri,
3313 933 3417 985 nisi
3449 932 3744 986 honestate
3777 949 3864 985 re-

2168 1022 2463 1092 spondeat,
2514 1022 2641 1091 plus
2689 1022 2748 1074 in
2798 1020 3128 1075 testimonio
3181 1020 3426 1075 lascivia
3474 1022 3699 1075 videtur
3747 1036 3866 1073 eve-

2168 1111 2316 1163 nisse
2349 1126 2520 1179 quam
2545 1110 2762 1178 gratia.
2790 1110 2892 1163 Fas
2914 1110 3069 1163 enim
3096 1115 3181 1163 est
3210 1109 3607 1179 germanitatis
3638 1126 3867 1180 semper

2169 1198 2336 1252 ﬁdele
2384 1199 2737 1252 consortium
2784 1198 2952 1252 etiam
2996 1200 3275 1268 partubus
3321 1200 3590 1253 anteferri
3635 1215 3647 1252 :
3698 1199 3867 1253 datur

2167 1287 2504 1358 participem
2553 1288 2789 1357 originis
2838 1288 2917 1341 sic
2969 1288 3183 1353 haberi,
3234 1293 3295 1341 ut
3336 1304 3439 1341 nec
3483 1288 3864 1342 consideratio

2168 1376 2466 1446 sanguinis
2494 1378 2835 1446 negligatur,
2862 1382 2916 1430 et
2947 1377 3292 1431 descendens
3314 1394 3346 1431 a
3372 1378 3575 1431 merito
3599 1378 3867 1431 laudetur

2170 1482 2431 1520 examen.
2474 1466 2543 1518 Et
2590 1466 2721 1519 ideo
2761 1482 2833 1518 ne
2883 1464 3130 1519 sinuosis
3174 1465 3230 1518 in
3273 1466 3510 1535 longum
3558 1466 3867 1537 procedant

2169 1556 2341 1609 verba
2381 1555 2738 1626 praloquiis,
2780 1559 2834 1608 et
2867 1556 3018 1625 quod
3064 1571 3123 1608 re
3164 1560 3471 1624 angustum
3512 1562 3618 1621 est,
3652 1558 3861 1608 crescat

2171 1644 2375 1711 aifatu;
2424 1644 2575 1698 dono
2614 1642 2673 1695 in
2713 1643 3130 1696 fraternitatem
3178 1648 3337 1696 tuam
3377 1644 3629 1710 confero,
3664 1648 3722 1696 ct
3745 1644 3865 1712 juri

2172 1738 2271 1787 tuo
2304 1738 2583 1803 perpetua
2612 1732 2955 1785 liberalitate
2978 1732 3318 1785 transfundo
3340 1732 3692 1803 mancipium
3720 1732 3868 1802 juris

2170 1822 2285 1877 mei
2315 1822 2483 1889 illud,
2516 1827 2573 1875 et
2602 1826 2826 1875 catera.
2857 1821 3008 1874 Vale.

2799 1926 3130 1981 EPISTOLA
3168 1929 3229 1982 V.

2701 2031 3023 2070 ENNODIUS
3068 2032 3332 2071 FAUSTO.

2242 2121 2517 2177 Sublimis
2568 2121 2654 2175 vir
2702 2122 3035 2190 Dalmatius,
3079 2123 3284 2176 anima
3329 2137 3472 2176 mea
3517 2121 3702 2192 portio
3751 2137 3867 2174 non

2170 2211 2528 2280 defraudata,
2560 2210 2659 2265 sed
2694 2210 2895 2276 solida,
2928 2212 3018 2264 cui
3053 2211 3123 2264 ad
3154 2210 3593 2281 prarogativam
3634 2207 3868 2278 sangui-

2172 2301 2258 2354 nis
2290 2316 2514 2354 morum
2546 2300 2818 2370 splendor
2855 2299 3105 2368 accessit,
3138 2301 3247 2354 hoc
3285 2298 3513 2368 negotio
3547 2315 3649 2352 suo
3683 2297 3867 2351 credi-

2170 2390 2253 2445 dit
2283 2390 2606 2457 convenire,
2641 2389 2689 2443 si
2728 2389 2871 2443 meis
2910 2391 3061 2459 apud
3103 2390 3329 2444 culmen
3365 2394 3611 2443 vestrum
3635 2388 3869 2458 juvare-

2171 2485 2267 2534 tur
2299 2479 2583 2550 alloquiis.
2610 2480 2769 2543 Quod
2798 2478 3289 2549 supersedendum
3318 2479 3441 2549 ejus
3470 2477 3729 2532 conscius
3751 2492 3871 2530 non

2170 2569 2388 2640 putavi,
2438 2568 2651 2623 faciens
2693 2568 3018 2623 urbanitate
3067 2568 3315 2640 quadam
3364 2584 3623 2640 persona
3668 2565 3871 2630 tribui,

2172 2658 2326 2729 quod
2366 2674 2464 2711 vos
2502 2657 2635 2711 novi
2672 2657 2876 2712 debere
2911 2658 3166 2727 justitia.
3208 2659 3269 2711 In
3299 2657 3492 2711 Sicilia
3529 2655 3683 2711 enim
3724 2670 3874 2724 pra-

2174 2747 2310 2801 dicti
2356 2747 2665 2817 pradium,
2714 2747 2863 2801 bono
2907 2748 3182 2801 hactenus
3223 2747 3354 2817 jure
3403 2760 3728 2817 possessum
3776 2760 3789 2796 :
3841 2760 3877 2798 a

2174 2836 2536 2890 consortibus
2580 2836 2915 2906 perhibetur
2954 2837 3236 2892 invasum.
3286 2837 3446 2891 Nunc
3491 2836 3558 2889 ad
3597 2834 3874 2904 juvamen

2174 2924 2459 2979 civilitatis
2500 2925 2877 2995 impenditur,
2909 2925 3189 2997 quidquid
3226 2941 3332 2996 ego
3364 2938 3701 2996 promovero
3734 2937 3874 2992 sup-

2105 3000 2144 3054 C
2176 3016 2465 3087 plicando.
2498 3016 2736 3069 Domine
2768 3016 2868 3081 mi,
2894 3016 3251 3069 salutationis
3273 3016 3548 3087 obsequia
3576 3015 3744 3085 plena
3770 3020 3877 3072 hu-

2176 3107 2418 3160 militate
2457 3108 2806 3176 persolvens,
2843 3107 3120 3176 deprecor
3156 3111 3219 3161 ut
3255 3107 3401 3161 circa
3434 3110 3738 3164 memorati
3766 3126 3875 3163 no-

2175 3195 2306 3249 bilis
2344 3196 2449 3248 viri
2484 3196 2827 3265 compendia
2856 3196 3156 3266 pudorem,
3187 3196 3361 3266 leges,
3391 3212 3452 3250 ac
3489 3197 3709 3268 reliqua
3739 3214 3873 3268 qua

2174 3300 2279 3354 per
2318 3284 2727 3337 conscientiam
2761 3291 3009 3338 vestram
3042 3285 3380 3352 subsistunt,
3417 3286 3745 3357 reipublica
3777 3302 3875 3339 or-

2177 3378 2448 3426 namenta
2480 3372 2771 3427 muniatis.
2807 3373 2959 3426 Vale.

2791 3478 3123 3535 EPISTOLA
3164 3480 3251 3533 Vl.

2691 3583 3015 3623 ENNODIUS
3059 3582 3357 3623 AGAPITO.

2250 3673 2497 3741 Credidi,
2530 3678 2831 3744 postquam
2866 3675 3205 3745 magnitudo
3235 3678 3421 3729 vestra
3449 3674 3617 3728 bonis
3649 3679 3733 3727 est
3762 3673 3875 3727 im-

2176 3779 2356 3834 pensa
2404 3764 2790 3832 generalibus,
2842 3769 2896 3818 et
2942 3764 3121 3818 otium
3176 3764 3440 3834 migravit
3486 3764 3545 3817 in
3596 3763 3875 3833 gloriam;

2176 3858 2485 3923 postquam
2517 3854 2939 3907 Ravennatibus
2968 3853 3220 3907 excubiis
3249 3854 3529 3923 occupati,
3556 3853 3694 3907 dum
3723 3852 3884 3922 quie-

2177 3946 2293 3995 tem
2332 3947 2579 3995 vestram
2621 3943 2936 4013 negligitis,
2972 3950 3229 3997 nostram
3272 3943 3430 3996 omni
3470 3942 3753 3996 soliditate
3790 3940 3885 3995 lir-

2180 4030 2376 4099 matis;
2426 4036 2481 4084 et
2519 4031 2775 4101 privatus
2807 4031 3011 4101 genius
3045 4032 3115 4085 ad
3158 4032 3317 4101 regni
3348 4032 3553 4085 decora
3583 4029 3877 4095 transivit;

2180 4122 2408 4190 quando
2439 4136 2646 4173 novam
2679 4121 2885 4187 lucem,
2919 4121 2987 4174 de
3020 4120 3343 4174 domesticis
3372 4120 3710 4173 abstractam
3742 4118 3881 4171 sini-

2179 4209 2308 4277 bus,
2360 4209 2650 4262 Palatinus
2699 4209 2807 4263 sibi
2854 4210 3047 4280 fulgor
3093 4210 3324 4279 adjecit;
3379 4214 3433 4262 et
3488 4210 3881 4279 angustiorem

372 4280 532 4334 litate
565 4278 897 4342 subnixum,
933 4276 1343 4331 admonitionis
1374 4277 1487 4332 sale
1514 4278 1817 4331 confortes.
1851 4277 1935 4331 Ad
1968 4278 2071 4331 ob-
2108 4308 2151 4362 Β
2182 4276 2355 4352 fuisse
2396 4298 2560 4368 regni
2610 4298 2698 4351 sui
2743 4276 3018 4369 pompa'm
3060 4276 3252 4352 rem)“,
3292 4276 3727 4351 dominus'cum
3779 4313 3883 4350 vos

373 4369 573 4441 sequia
603 4367 960 4423 salutationis
987 4372 1259 4432 revertor,
1296 4372 1351 4420 et
1382 4367 1751 4437 epistolarum
1779 4371 2068 4437 trangres-

375 4475 470 4512 sus
508 4458 843 4523 terminum,
878 4472 1060 4511 unum
1093 4456 1244 4510 velut
1287 4457 1573 4526 garrulus,
1607 4456 1704 4509 sed
1738 4472 1841 4527 pro
1874 4472 2070 4510 neces-

376 4546 635 4601 sitatibus
668 4548 1031 4616 importunus
1074 4545 1347 4615 adjungo,
1379 4549 1445 4599 ut
1480 4560 1568 4598 me
1603 4544 1725 4598 sine
1758 4545 2070 4599 cessatione

377 4640 605 4690 tantum
628 4637 793 4708 juves
816 4635 1102 4709 precibus,
1134 4640 1415 4706 quantum
1446 4634 1751 4689 conﬁrmas
1782 4635 2067 4706 alloquiis.

379 4726 533 4781 Vale.

989 4813 1330 4870 EPISTOLA
1369 4812 1457 4868 IV.

482 4934 821 4977 BXBHPLAR
866 4934 1189 4975 BPISTOLE
1236 4935 1411 4982 QUAM
1461 4934 1601 4975 IPSE
1647 4932 1970 4974 DIC'I‘AVIT.

974 5006 1212 5046 FRATRI
1258 5005 1483 5046 SOROR.

453 5096 723 5163 Quamvis
762 5096 1096 5151 summatim
1135 5096 1381 5166 gratiam
1419 5097 1598 5168 aliqui
1628 5096 1871 5151 debeant
1902 5096 2076 5151 etiam

384 5187 551 5244 malis
579 5188 641 5241 in
671 5185 971 5242 affectione
996 5185 1358 5256 pignoribus,
1391 5202 1495 5240 nec
1527 5186 1669 5240 illud
1701 5186 1852 5257 quod
1884 5192 2077 5256 poste-

385 5277 542 5332 ritati
587 5277 861 5330 tribuitur
901 5275 1264 5341 beneﬁcium,
1312 5278 1548 5345 putetur
1594 5291 1714 5328 esse
1753 5276 2012 5330 debitum
2061 5292 2074 5330 :

386 5383 515 5421 cum
549 5366 836 5435 malignus
862 5364 1146 5435 interpres
1171 5364 1454 5435 judicium
1486 5363 1673 5417 cordis
1704 5369 1922 5417 natura
1953 5365 2080 5419 sub-

390 5456 474 5511 dit
509 5455 785 5524 imperiis,
833 5459 889 5508 et
927 5455 1133 5508 tollens
1177 5469 1437 5523 saporem
1481 5450 1816 5521 diligentia,
1849 5454 1967 5506 sola
2003 5453 2077 5506 vi-

388 5544 636 5600 vendum
667 5546 827 5614 putet
851 5542 1167 5613 objectione
1201 5542 1463 5612 pariendi
1495 5558 1508 5595 :
1541 5541 1769 5613 quando
1799 5541 1929 5613 plus
1957 5558 2080 5597 cre-

391 5632 550 5688 ditur
577 5630 683 5686 ﬁlii
708 5630 1046 5685 vocabulum
1071 5630 1259 5685 valere
1290 5646 1465 5702 quam
1497 5629 1863 5702 obsequium,
1885 5634 1942 5687 et
1965 5646 2081 5687 non

2178 4404 2296 4443 non
2334 4388 2556 4455 habuit,
2597 4394 2749 4441 recte
2789 4389 3023 4441 metitus
3062 4393 3167 4456 est,
3210 4404 3313 4459 pro
3358 4387 3647 4440 vicinitate
3696 4386 3885 4455 regio-

2180 4493 2343 4542 num,
2396 4476 2607 4530 crebris
2664 4493 2756 4531 me
2812 4476 3183 4530 relevandum
3232 4492 3353 4530 esse
3400 4474 3718 4546 colloquiis.
3768 4475 3884 4529 Sed

2178 4566 2569 4620 inefﬁcacibus
2620 4566 2741 4636 spei
2797 4581 2940 4619 mea
2992 4566 3253 4620 luserunt
3298 4571 3529 4635 peccata
3586 4563 3885 4632 consiliis;

2180 4657 2364 4708 nullas
2385 4655 2623 4726 paginas
2648 4654 2718 4707 ad
2742 4653 3050 4724 diligentia
3079 4654 3474 4709 testimonium
3496 4669 3657 4707 mens
3678 4669 3887 4707 serena

2180 4744 2536 4799 transmittit.
2580 4744 2759 4798 Grave
2802 4748 2907 4810 est,
2946 4742 2993 4797 si
3033 4759 3287 4798 amorem
3326 4760 3442 4798 non
3475 4743 3661 4797 merui
3696 4759 3711 4797 :
3742 4758 3885 4812 gra-

2179 4833 2325 4898 vius,
2367 4832 2414 4886 si
2454 4848 2628 4903 quem
2677 4848 2981 4903 exegeram
3030 4832 3176 4887 forte
3223 4832 3467 4886 turbavi.
3509 4831 3635 4887 Scio
3683 4837 3889 4886 tamen

2082 4956 2089 4963 ο
2180 4922 2303 4977 hac
2360 4922 2812 4992 congruentibus
2864 4921 3088 4975 veritati
3141 4923 3574 4976 excusationum
3631 4921 3889 4975 nubibus

2183 5026 2303 5064 esse
2343 5010 2674 5064 claudenda.
2717 5011 2780 5063 In
2821 5009 3056 5080 privatis
3091 5010 3337 5065 inveniri
3379 5026 3619 5065 munera
3666 5009 3891 5063 littera-

2183 5116 2313 5153 rum
2351 5116 2363 5153 :
2400 5116 2511 5153 non
2552 5104 2705 5153 recte
2739 5098 2809 5152 ab
2843 5097 3130 5169 occupatis
3170 5100 3276 5153 ista
3314 5098 3576 5170 disquiri.
3608 5097 3716 5152 Sed
3750 5097 3888 5151 novi

2183 5188 2411 5242 ﬁrmam
2443 5188 2504 5242 in
2534 5187 2835 5242 affectione
2865 5188 3270 5243 conscientiam
3306 5187 3454 5241 inter
3484 5186 3701 5259 quavis
3733 5202 3888 5256 pon-

2186 5276 2323 5331 dera
2353 5283 2409 5330 et
2439 5276 2671 5331 adversa
2701 5276 3013 5331 districtam
3046 5276 3237 5331 debita
3268 5292 3371 5329 sua
3397 5277 3594 5346 gratia
3629 5290 3745 5329 non
3778 5290 3886 5328 ne-

2188 5380 2342 5435 gare.
2376 5366 2534 5418 Nunc
2561 5366 2693 5419 nolo
2726 5382 2845 5419 esse
2876 5366 3152 5436 prodigus
3179 5365 3238 5419 in
3271 5366 3541 5436 querelis.
3577 5362 3887 5419 Salutatio-

2187 5454 2274 5508 nis
2312 5455 2684 5508 reverentiam
2726 5456 2969 5521 solvens,
3009 5454 3305 5525 deprecor,
3345 5459 3411 5508 ut
3450 5452 3889 5525 suggestionem

2188 5558 2363 5615 quam
2402 5543 2554 5613 apud
2590 5560 2692 5598 vos
2728 5544 3059 5615 deposuerit
3086 5543 3459 5616 praesentium
3495 5542 3763 5614 portitor,
3811 5541 3888 5595 ad

2186 5632 2444 5689 votivum
2472 5632 2800 5703 perducatis
2831 5632 3115 5689 effectum.
