4102 6182
222 234 297 287 73
1548 230 1935 287 EPISTULAR

2088 232 2214 289 LIB.
2259 231 2347 284 ιν.
3664 232 3733 283 74

845 361 1182 415 EPISTOLA
1215 362 1327 415 VII.

622 466 890 504 amemus
918 450 932 482 ³
967 466 1194 505 JULIANO
1226 467 1275 503 ν.
1311 468 1349 503 ι.
1385 465 1438 504 c.
1471 467 1521 504 Ρ.

296 538 530 609 Suscepi
559 538 782 591 litteras
812 537 1043 608 gemino
1090 539 1397 609 splendore
1431 538 1719 593 radiantes
1750 555 1763 592 :
1804 537 1929 609 qui-

216 627 333 680 bus
366 643 622 697 purpura
654 626 944 681 dictatoris
965 632 1164 680 vestrae
1189 628 1388 697 juncta
1418 627 1934 697 dignationicrevit

218 716 285 768 in
320 716 571 785 pretium
614 733 627 769 :
663 715 876 784 gratias
909 715 1290 785 omnipotenti
1323 717 1439 769 Deo
1475 716 1799 782 restituens,
1831 716 1931 786 qui

217 809 496 857 votorum
525 804 767 857 maciem
801 802 1061 857 beneﬁcii
1093 804 1352 858 ubertate
1376 806 1799 873 transgreditur
1826 823 1838 859 :
1868 810 1931 860 ut

215 891 456 962 quando
495 892 556 944 in
600 890 919 957 desideriis,
964 892 1306 945 meritorum
1353 893 1585 961 conscii,
1643 900 1931 948 sectamur

213 980 577 1050 angustiam,
611 980 799 1033 divitis
846 979 1225 1049 indulgentiae
1273 980 1464 1050 copias
1510 997 1625 1035 non
1656 982 1925 1036 refrenet.

214 1070 456 1124 Credidi
501 1070 639 1123 satis
678 1085 821 1135 esse,
866 1069 914 1121 si
955 1085 1044 1123 me
1084 1068 1332 1123 feceritis
1381 1069 1735 1140 amplissima
1790 1070 1928 1124 scri-

214 1160 424 1229 ptione
463 1159 791 1213 sublimem.
831 1158 937 1212 Sed
974 1174 1071 1211 vos
1102 1174 1219 1212 non
1257 1158 1367 1212 hoc
1416 1163 1640 1211 tantum
1675 1159 1928 1212 contenti

214 1254 525 1319 praestare,
583 1247 736 1319 quod
794 1246 969 1301 habet
1016 1246 1276 1302 mendica
1328 1247 1656 1318 postulatio,
1713 1248 1928 1317 linguae

211 1338 464 1391 idoneas
518 1342 575 1390 et
606 1337 771 1390 laude
818 1336 1131 1406 locupletes
1165 1335 1403 1406 paginas
1433 1336 1726 1389 destinatis
1761 1364 1770 1388 ;
1806 1351 1924 1389 ma-

212 1426 325 1494 gni
358 1442 520 1479 more
553 1425 828 1491 fluminis,
856 1424 954 1495 qui
985 1424 1252 1495 quotiens
1285 1425 1351 1478 ab
1382 1424 1572 1490 alveis,
1608 1429 1667 1477 ut
1694 1424 1923 1477 aridita-

210 1519 339 1567 tem
365 1513 671 1567 ﬁnitimam
696 1519 996 1583 temperet,
1024 1514 1089 1567 ad
1115 1514 1348 1585 obliqua
1380 1514 1669 1579 invitatur,
1704 1512 1926 1582 optanti

211 1606 465 1655 tenuem
490 1603 733 1655 rivulum
766 1606 917 1655 totus
948 1602 1221 1666 illabitur,
1259 1607 1314 1655 et
1357 1601 1607 1655 marcida
1640 1601 1924 1671 profundo

211 1691 499 1761 squalore
523 1697 677 1761 terga
697 1707 802 1760 per
817 1690 1151 1745 ebrietatem
1176 1660 1343 1744 undae
1357 1691 1622 1744 salutaris
1640 1660 1916 1743 infundit.
1963 1660 2003 1713 Β

213 1777 491 1830 Fortium
518 1782 706 1831 tamen
739 1794 970 1830 servans
1007 1777 1481 1832 consuetudinem
1522 1793 1919 1847 personarum,

210 1866 570 1935 magnitudo
599 1870 695 1919 tua
726 1866 873 1919 circa
915 1866 1283 1936 exiguitatem
1334 1883 1519 1919 meam
1556 1866 1703 1920 bene
1742 1870 1925 1935 empta

209 1971 343 2008 non
372 1955 599 2008 deserat
630 1971 642 2008 :
677 1960 740 2008 ut
779 1955 838 2008 in
872 1954 1204 2008 testimonio
1248 1954 1558 2024 diligentiae
1599 1969 1735 2007 cura
1764 1954 1924 2024 pagi-

205 2041 371 2096 nalis
392 2042 691 2107 habeatur,
717 2047 774 2095 et
796 2042 923 2112 puri
947 2042 1157 2095 amoris
1176 2042 1640 2111 astipulationem
1661 2041 1922 2096 deferant

204 2130 616 2184 blandimenta
644 2130 935 2201 colloquii.
960 2131 1229 2184 Occasum
1250 2131 1469 2184 nesciat
1493 2131 1719 2193 caritas,
1746 2145 1921 2201 quam

204 2226 358 2273 ante
388 2219 642 2272 culmina
698 2219 1038 2289 promisistis
1069 2236 1082 2272 :
1130 2223 1355 2273 tantum
1388 2220 1533 2273 circa
1586 2235 1676 2272 me
1707 2223 1924 2273 crescat

207 2307 431 2379 gratia,
474 2314 754 2377 quantum
794 2307 950 2362 vobis
980 2308 1188 2361 invicta
1231 2312 1365 2361 sunt
1395 2307 1621 2377 fastigia
1662 2307 1921 2377 dignita-

210 2402 352 2451 tum
384 2414 397 2449 :
434 2412 507 2449 ne
537 2396 847 2449 amicitiam
871 2412 1041 2466 quam
1070 2395 1215 2451 fovit
1245 2396 1629 2460 mediocritas,
1662 2396 1924 2449 videatur

212 2484 522 2553 abjurasse
572 2484 846 2554 potentia.
882 2484 1019 2537 Nam
1053 2484 1149 2555 qui
1200 2484 1405 2537 fastum
1457 2483 1513 2537 in
1565 2483 1921 2538 sublimitate

213 2574 493 2639 castigat,
541 2572 706 2626 docet
749 2590 807 2626 se
843 2573 1119 2626 meruisse
1148 2573 1301 2643 quod
1332 2573 1570 2642 adeptus
1606 2577 1707 2625 est.
1761 2571 1918 2626 Resi-

212 2666 402 2727 gnate
424 2676 528 2730 per
548 2659 889 2729 probitatem
908 2660 1292 2725 conscientia),
1316 2660 1643 2714 felicitatem
1667 2659 1923 2713 submitti

214 2766 397 2819 posse
441 2749 653 2802 amoris
704 2739 1138 2819 imperiis-Illa
1185 2749 1361 2803 libera
1404 2765 1705 2818 procerum
1755 2748 1919 2815 colla,

212 2839 367 2892 dum
393 2838 639 2891 formam
670 2838 941 2903 tribuitis,
976 2838 1274 2908 subjugate
1320 2837 1655 2907 diligentiae.
1705 2838 1806 2891 Fas
1851 2836 1925 2891 sit

212 2925 288 2978 de
327 2924 491 2977 vobis
520 2925 785 2992 assuesci,
834 2930 901 2979 ut
944 2925 1332 2995 amplissimus
1370 2925 1429 2979 in
1476 2926 1744 2979 societate
1788 2923 1923 2978 reti-

215 3018 386 3078 neat,
418 3028 590 3082 quem
623 3013 814 3066 minor
840 3013 1114 3083 acquiret.
1156 3013 1323 3067 Ludit
1354 3013 1423 3068 de
1455 3012 1565 3067 illis
1587 3029 1767 3077 casus,
1803 3010 1925 3082 qui-

214 3101 337 3154 bus
374 3102 718 3154 oblivionem
754 3118 985 3155 suorum
1020 3102 1250 3166 indicet,
1274 3118 1416 3173 quos
1444 3102 1510 3156 ad
1545 3100 1690 3155 celsa
1720 3101 1925 3171 perdu-

216 3191 320 3242 cit.
388 3188 551 3258 Apnd
592 3191 867 3243 scientem
907 3206 1099 3244 rerum
1156 3190 1412 3260 relegere
1457 3190 1625 3255 bona,
1682 3205 1795 3243 non
1841 3194 1927 3243 est

216 3277 644 3331 admonitionis
681 3277 1011 3345 necessitas,
1054 3278 1151 3331 sed
1183 3278 1369 3332 laudis
1410 3278 1648 3332 occasio.
1685 3277 1819 3332 Novi
1851 3279 1927 3332 fa-

218 3365 513 3420 bricatam
546 3364 614 3419 ad
643 3365 796 3418 bona
843 3365 1030 3419 studia
1069 3365 1289 3435 ingenii
1334 3366 1505 3419 vestri
1542 3365 1927 3436 tranquillita-

219 3462 349 3510 tem
387 3472 399 3507 :
440 3471 611 3525 quam
662 3454 792 3509 ideo
843 3454 1140 3526 speciatim
1188 3470 1595 3520 commemoro,
1640 3458 1703 3507 ut
1734 3459 1926 3508 osten-

222 3546 394 3609 dam,
424 3543 523 3597 ubi
554 3543 775 3597 aﬁectio
802 3544 983 3597 solida
1021 3549 1105 3597 est
1144 3543 1460 3597 honoribus
1487 3541 1565 3596 nil
1600 3542 1787 3597 licere.
1817 3542 1929 3597 Sed

221 3632 603 3703 epistularem
635 3632 961 3686 transcendi
1002 3632 1337 3697 terminum,
1383 3632 1520 3685 dum
1568 3630 1930 3685 commenda-

220 3721 385 3776 tioni
417 3736 556 3773 mea:
586 3720 797 3774 multus
819 3719 1072 3775 inhaereo
1104 3736 1116 3774 :
1151 3721 1320 3774 redeo
1338 3720 1406 3774 ad
1432 3720 1618 3774 oftlcia
1646 3720 1929 3791 paginalis

222 3809 504 3877 alloquii,
531 3814 585 3863 et
614 3808 803 3862 valere
842 3824 934 3862 me
961 3808 1257 3878 nuntians,
1298 3808 1698 3878 prosperitatis
1731 3812 1930 3864 vestrae

220 3903 496 3955 actutum
532 3897 778 3952 secunda
809 3897 1083 3966 disquiro.

835 3985 1068 4039 EPISTO
1080 3986 1163 4039 LA
1192 3984 1330 4039 VIII.

692 4089 961 4128 EXNODIUS
993 4088 1278 4126 SYMMACHO
1314 4089 1475 4127 ΡΑΡιΕ.

304 4165 504 4233 Usque
550 4162 619 4216 ad
664 4162 1047 4216 temeritatem
1096 4178 1188 4215 me
1236 4161 1549 4231 apostolica
1602 4160 1934 4230 dignatione

1968 369 2013 418 A
2046 378 2141 415 vos
2189 361 2443 416 dedistis.
2496 361 2668 431 Cujus
2711 360 3004 431 negotium
3070 376 3200 415 cum
3248 366 3441 415 sancta
3488 362 3728 416 Ecclesia

2048 455 2235 503 vestra
2283 450 2539 521 legitima
2569 450 2829 521 pactione
2878 449 3127 504 decisum
3173 455 3283 516 est;
3334 451 3431 504 sed
3474 451 3728 505 hairedes

2041 540 2162 607 ejus
2192 555 2296 609 per
2321 556 2499 593 annos
2521 538 2823 608 plurimos,
2867 539 3092 593 debitos
3136 539 3243 592 sibi
3274 538 3488 592 fructus
3520 540 3732 593 deflent

2038 627 2213 681 fuisse
2245 627 2580 681 subtractus.
2619 629 2723 680 Pro
2757 627 2962 697 quibus
2995 628 3166 681 vestri
3195 628 3455 681 conscius
3474 633 3737 697 precator

2039 715 2289 769 accedo:
2332 716 2468 785 quia
2519 714 2611 769 cui
2661 731 2783 768 mos
2830 720 2915 768 est
2961 714 3057 784 pia
3096 714 3312 785 jngiter
3346 715 3547 780 facere,
3580 715 3731 784 justa

2036 820 2153 867 non
2184 804 2489 874 despiciet;
2539 808 2595 856 et
2627 803 2727 873 qui
2760 802 3002 873 largitur
3034 803 3350 873 proprium,
3388 803 3574 856 aliena
3618 820 3729 857 non

2037 893 2354 947 subtrahet.
2404 893 2571 945 Errat
2629 892 2728 961 qui
2786 892 2900 945 Deo
2955 891 3273 960 proximam
3310 878 3728 945 conscientiam

2036 981 2346 1035 commodis
2383 980 2564 1034 credit
2610 979 2871 1033 invitari:
2921 979 3332 1033 detrimentum
3382 985 3464 1032 est
3520 987 3729 1034 sancta:

2035 1069 2314 1125 voluntati
2356 1085 2471 1122 non
2521 1067 2786 1121 exhibere
2827 1067 3191 1121 beneﬁcium.
3226 1067 3359 1120 Sola
3391 1068 3602 1135 putatis
3639 1069 3729 1120 lu-

2036 1176 2152 1224 cra,
2187 1174 2317 1228 quae
2346 1156 2501 1211 vobis
2527 1156 2596 1210 de
2630 1155 2971 1210 liberalitate
3002 1159 3343 1220 nascuntur;
3371 1155 3470 1224 qui
3500 1154 3727 1211 divitias

2034 1247 2173 1300 dum
2205 1245 2477 1312 tribuitis,
2515 1244 2789 1314 accipitis.
2819 1245 3002 1298 Avara
3023 1247 3108 1296 est
3126 1243 3478 1313 dispensatio
3498 1251 3729 1297 sancto-

2034 1350 2185 1400 rum,
2216 1350 2347 1405 quae
2377 1334 2458 1387 nil
2488 1332 2849 1400 reservanda,
2877 1332 3143 1386 universa
3168 1331 3469 1401 proprium
3509 1333 3731 1386 reducit

2033 1426 2104 1478 ad
2152 1422 2420 1477 meritum
2457 1423 2656 1476 :nulla
2696 1426 2827 1475 sunt
2873 1422 3119 1491 potiora,
3171 1436 3344 1491 quam
3392 1436 3519 1490 quas
3572 1421 3727 1474 vobis

2034 1513 2310 1567 eveniunt
2341 1512 2411 1565 de
2441 1510 2709 1582 largitate
2741 1509 3102 1581 compendia.
3137 1510 3286 1579 Ergo
3318 1525 3549 1562 securus
3576 1526 3728 1564 com-

2035 1601 2306 1672 prehensi
2338 1600 2621 1670 superius,
2656 1599 2985 1652 haaredibns
3024 1597 3233 1652 laboris
3277 1598 3516 1666 promisi
3546 1604 3732 1651 vestra

2036 1691 2518 1760 contemplatione
2542 1689 2860 1759 jacturam;
2895 1704 2992 1741 vos
3022 1685 3498 1757 pollicitationem
3544 1703 3727 1740 meam

2034 1778 2284 1849 benigna
2314 1776 2691 1847 dispositione
2736 1776 3058 1845 complete:
3110 1780 3163 1829 et
3204 1774 3333 1828 illos
3371 1774 3595 1841 effectu,
3638 1790 3729 1829 me

2032 1868 2280 1922 relevate
2302 1864 2606 1936 colloquio.

2644 1954 2982 2009 EPISTOLA
3011 1952 3112 2007 IX.

2615 2058 2886 2096 ENNODIUS
2915 2057 3139 2096 FAUSTO.

2101 2133 2257 2187 Solet
2285 2131 2606 2201 epistolaris
2655 2130 3041 2195 concinnatio,
3085 2129 3280 2200 qundo
3329 2129 3522 2184 favore
3570 2131 3723 2200 rapi-

2032 2224 2146 2285 tur,
2172 2218 2392 2289 judicia
2420 2235 2533 2271 non
2558 2234 2773 2283 amare,
2797 2222 2853 2270 et
2874 2217 3158 2287 copiosius
3179 2217 3362 2271 facere
3379 2216 3725 2272 beneﬁcium

2032 2309 2169 2364 dum
2204 2308 2409 2362 attollit
2442 2307 2781 2361 immeritos.
2814 2306 2913 2361 Ille
2932 2306 3089 2360 enim
3108 2305 3276 2360 debet
3303 2306 3548 2376 amplius
3575 2323 3727 2360 asse-

2032 2397 2199 2465 renti,
2234 2396 2333 2468 qui
2364 2396 2515 2467 quod
2548 2396 2804 2449 moribus
2836 2412 2951 2449 non
2980 2394 3175 2464 exigit,
3224 2395 3408 2465 gratia
3437 2394 3727 2464 scriptoris

2032 2485 2382 2555 suffragante
2404 2483 2810 2555 consequitur:
2834 2482 2968 2554 quia
2989 2481 3161 2539 nullis
3184 2483 3411 2552 adjutus
3433 2482 3727 2537 conscien-

2032 2574 2128 2628 tia:
2160 2573 2412 2641 dotibus,
2443 2573 2573 2642 jure
2602 2572 2672 2625 ad
2706 2572 3047 2642 allegantem
3076 2576 3352 2641 reportat,
3376 2571 3421 2624 si
3443 2571 3579 2642 quid
3612 2571 3729 2625 adi-

2032 2659 2287 2729 piscitur.
2311 2659 2491 2730 {Aliud
2523 2663 2608 2712 est
2652 2658 2709 2712 in
2740 2675 2805 2713 eo
2832 2659 2930 2729 qui
2964 2658 3417 2723 commendatur,
3452 2663 3728 2729 tanquam

2036 2748 2223 2802 nobile
2251 2764 2512 2818 germen,
2560 2748 2639 2801 ita
2682 2747 3109 2818 peregrinantia
3154 2747 3308 2800 bona
3354 2746 3542 2799 verbis
3584 2746 3731 2800 inse-

2032 2853 2190 2903 rere;
2226 2836 2383 2890 aliud
2418 2836 2611 2889 innata
2648 2838 2881 2906 vulgare
2916 2854 2928 2890 :
2958 2836 3443 2907 quemadmodum
3478 2835 3523 2887 si
3558 2836 3731 2889 rusti-

1964 2941 2004 2993 c
2034 2941 2165 2979 cum
2205 2941 2375 2995 pecus
2403 2924 2569 2994 Tyria
2605 2924 2909 2977 conﬁrmes
2962 2940 3221 2993 purpura
3262 2927 3463 2992 sponte
3506 2923 3727 2989 vestiri;

2033 3018 2088 3067 et
2137 3013 2293 3065 virus
2336 3028 2708 3081 generosum,
2753 3013 2907 3082 quod
2951 3012 3131 3064 vellus
3182 3010 3362 3063 aheno
3406 3010 3728 3065 inebriante

2037 3118 2152 3156 non
2186 3101 2426 3167 sorbuit,
2460 3101 2611 3155 dicas
2645 3116 2779 3154 rura
2823 3100 3164 3154 diffundere.
3196 3100 3450 3169 Tinguut
3485 3099 3582 3153 alii
3623 3100 3731 3153 lin-

2033 3207 2161 3261 guas
2193 3190 2427 3256 murice,
2458 3206 2587 3261 quae
2618 3190 2809 3243 nullus
2830 3188 2897 3243 ad
2929 3190 3177 3259 regalem
3200 3204 3363 3241 usum
3384 3188 3544 3242 fucus
3566 3188 3724 3242 exhi-

2034 3279 2174 3345 buit,
2209 3282 2264 3332 et
2304 3278 2532 3331 discreti
2562 3277 2737 3332 maris
2774 3278 2974 3347 ignota
3002 3277 3247 3331 cothleis
3278 3277 3407 3331 lana
3439 3277 3617 3330 solam
3646 3278 3731 3331 1η-

2033 3384 2155 3421 cem
2201 3367 2347 3421 bibit
2389 3366 2605 3437 eloquii
2646 3384 2658 3420 :
2715 3366 2972 3421 redditur
3018 3365 3263 3436 dig-"mm
3315 3365 3727 3435 principalibus

2034 3455 2403 3523 indumentis,
2434 3455 2714 3526 quidquid
2744 3456 2805 3509 in
2831 3454 2926 3508 vili
2948 3469 3186 3508 munere
3220 3454 3526 3508 relatorum
3558 3455 3730 3509 verba

2035 3544 2430 3598 coloraverint.
2466 3543 2571 3597 Sed
2602 3544 2672 3596 ab
2714 3542 3044 3612 hujusmodi
3079 3558 3167 3595 me
3216 3540 3538 3596 uibinitate
3581 3544 3731 3597 vires

2036 3633 2250 3703 pariter
2266 3637 2324 3687 et
2351 3636 2482 3685 vota
2506 3632 2851 3686 subducunt.
2888 3631 3053 3686 Nulla
3074 3630 3328 3684 clarioris
3358 3632 3470 3686 fuci
3498 3632 3731 3686 ﬂamina

2038 3737 2138 3791 per
2160 3737 2250 3775 me
2277 3720 2580 3791 splendore
2606 3720 2959 3774 rutilahunt:
2987 3735 3157 3774 nemo
3188 3720 3401 3774 dictum
3436 3720 3505 3773 de
3538 3721 3729 3789 aliquo

2036 3809 2307 3875 inveniet,
2360 3807 2511 3878 quod
2561 3807 2622 3861 in
2672 3808 2794 3877 ejus
2831 3806 3051 3861 actibus
3101 3823 3214 3861 non
3259 3812 3543 3873 agnoscat.
3592 3808 3733 3861 Ilinc

2036 3897 2247 3968 pudori
2278 3913 2407 3950 meo
2440 3896 2525 3950 vel
2558 3895 2853 3967 proposito
2886 3912 3120 3949 manum
3163 3897 3421 3967 porrigo,
3454 3898 3605 3967 quod
3646 3898 3728 3950 illi

2039 3985 2317 4057 praevium
2347 3985 2620 4055 impendo
2644 3985 2756 4038 oris
2788 3984 3066 4051 ofﬁcium,
3102 3986 3201 4057 qui
3233 3985 3299 4038 ad
3323 3986 3588 4039 notitiam
3626 4001 3726 4039 vc-

2040 4081 2216 4129 stram
2245 4073 2416 4127 rebus
2456 4073 2601 4128 bene
2650 4072 2824 4143 gestis
2868 4074 3137 4127 occurrit.
3188 4073 3529 4126 Venantium
3574 4075 3632 4127 V.
3668 4074 3728 4127 Ο.

2040 4165 2247 4234 loquor
2274 4161 2484 4216 idcirco
2515 4179 2548 4215 a
2586 4178 2677 4216 me
2703 4161 2971 4232 paginale
2997 4162 3333 4231 impetrasse
3365 4162 3727 4232 obsequium,

225 4251 609 4324 promovistis
644 4268 657 4304 :
686 4252 893 4305 ﬁducia
924 4266 1185 4303 concessa
1214 4250 1428 4303 exstitit
1453 4252 1636 4303 mater
1661 4250 1929 4306 audaciae.
1974 4284 2017 4338 Β
2042 4256 2107 4306 ut
2136 4250 2196 4304 in
2228 4267 2285 4303 se
2318 4250 2508 4303 oculos
2536 4256 2736 4303 vestras
2755 4249 3171 4320 magnitudinis
3194 4249 3484 4313 invitaret;
3512 4265 3581 4301 ne
3603 4264 3734 4301 eum

226 4342 344 4397 Sed
390 4342 487 4411 qui
520 4356 608 4393 me
650 4338 990 4393 humilitatis
1038 4342 1201 4409 putat
1248 4338 1536 4408 ignarum,
1570 4337 1932 4392 obedientem

230 4428 535 4501 probabit,
567 4430 612 4482 si
636 4427 793 4497 jussa
823 4427 1162 4482 consideret.
1208 4426 1589 4497 Praesumptio
1635 4431 1739 4491 est,
1769 4426 1814 4480 si
1845 4426 1941 4480 do-

235 4519 542 4572 minorum
568 4516 845 4571 beneﬁcia
874 4515 1073 4570 famuli
1105 4530 1219 4569 non
1253 4520 1569 4586 sequantur
1598 4514 1938 4586 obsequium

233 4606 651 4661 aestimandum
696 4609 861 4675 puto,
909 4604 1059 4675 quod
1103 4603 1395 4673 periturus
1454 4603 1748 4674 impendo.
1802 4603 1941 4656 Ecce

236 4710 481 4749 causam
513 4692 836 4764 scriptionis
867 4691 1103 4759 asserui,
1135 4693 1265 4763 quia
1297 4692 1512 4747 veritus
1543 4708 1670 4747 sum
1714 4707 1787 4747 ne
1816 4694 1945 4762 post

234 4785 590 4855 imperatam
627 4782 755 4853 styli
800 4796 995 4835 curam
1036 4784 1226 4836 tacens
1265 4786 1551 4852 praecepta
1586 4795 1937 4852 respuerem.

238 4874 371 4926 Huc
433 4868 661 4923 accessit
713 4870 868 4940 quod
928 4870 985 4923 in
1039 4885 1207 4923 causa
1260 4869 1603 4924 venerabilis
1651 4867 1941 4923 memoriae

238 4960 434 5027 Marii,
466 4959 602 5013 dum
634 4958 786 5029 apud
842 4957 1048 5012 Urbem
1079 4974 1281 5026 essem,
1316 4974 1473 5029 spem
1508 4958 1649 5012 meis
1680 4958 1944 5029 precibus

318 5088 333 5120 ¹
372 5084 611 5140 Juliano
659 5085 728 5138 ν.
764 5086 815 5138 Ι.
848 5086 916 5138 C.
967 5082 1053 5156 P.]
1100 5084 1155 5138 Id
1193 5087 1295 5150 est,
1330 5081 1711 5156 viro__illu_s_tri,
1738 5081 1944 5151 {comiti

238 5156 611 5237 patrimonii.
639 5151 1246 5237 Hrec‘monogifamma.
1270 5169 1401 5233 cum
1450 5151 1793 5237 Basilienscs
1830 5169 1945 5206 non

239 5222 670 5304 intelligerent,
687 5226 935 5304 ,Ιιίιξᾳῃο
954 5222 1217 5304 episcopo
1234 5224 1667 5304 inscripserunt.
1690 5222 1801 5304 Sed.
1818 5238 1949 5304 vera

239 5294 647 5368 lectiofquam
680 5296 906 5350 reddidi
936 5294 1319 5368 ex_Vaticano.
1372 5294 1471 5347 Hic
1520 5294 1675 5368 enim
1726 5298 1811 5368 est
1853 5294 1945 5368 J_u-_

240 5373 443 5424 lianus
474 5362 662 5422 comes
686 5366 1045 5436 patrimonii,
1088 5366 1156 5420 ad
1202 5381 1375 5435 quem
1409 5370 1588 5418 exstat
1614 5362 1951 5417 Theoderici

240 5441 408 5510 regis
468 5439 813 5509 rescriptum
859 5437 953 5491 lib.
984 5454 1003 5490 1
1038 5436 1359 5510 Variarnm.
1400 5436 1568 5505 epist.
1604 5438 1709 5510 με’),
1767 5449 1950 5510 eoque

242 5504 455 5567 alludit
487 5504 803 5573 Ennodius,
826 5524 952 5561 cum
972 5523 1285 5578 purpuram
1314 5504 1741 5578 ejus’nominat.
1766 5506 1955 5578 Quod-

244 5598 382 5637 nam
420 5587 610 5635 antem
646 5595 860 5634 munus
891 5576 1062 5632 fuerit
1086 5576 1384 5632 Comitivae
1417 5576 1555 5630 sacri
1592 5576 1949 5645 patrimonii,

614 5672 893 5735 Parum.
947 5669 1159 5733 LXIII.

2044 4340 2196 4394 inter
2226 4354 2491 4392 curarum
2544 4338 2722 4392 moles
2767 4336 3123 4406 contingeret
3158 4336 3428 4405 ignorari.
3481 4336 3623 4389 Sunt
3650 4335 3733 4389 illi

2048 4427 2317 4498 sutfragia
2348 4443 2468 4492 sua,
2498 4442 2600 4497 per
2622 4442 2750 4497 quas
2781 4425 2932 4480 inter
2952 4429 3240 4494 susceptos
3268 4428 3480 4477 vestros
3513 4439 3732 4478 merea-

2048 4523 2141 4571 tur
2172 4516 2397 4569 ascribi.
2457 4514 2728 4570 Exhibuit
2781 4514 2939 4568 vobis
2968 4513 3330 4579 modestiam,
3364 4513 3728 4583 religionem,

2050 4604 2458 4672 innocentiam,
2488 4603 2697 4675 quibus
2720 4602 3034 4675 penetralia
3065 4618 3279 4656 serenaa
3309 4602 3520 4655 mentis
3549 4603 3737 4655 comi-

2049 4695 2200 4749 tibus
2229 4692 2515 4747 introiret.
2568 4693 2909 4756 Exuberant,
2957 4691 3099 4745 mihi
3148 4690 3385 4757 credite,
3421 4692 3569 4761 apud
3606 4708 3736 4745 eum

2050 4781 2299 4852 insignia
2330 4797 2458 4851 qua).
2489 4780 2690 4834 fovetis
2722 4797 2873 4834 :non
2895 4781 3247 4835 laudatorem
3278 4797 3367 4834 me
3397 4780 3741 4834 continnoin

2053 4888 2119 4926 eo
2170 4869 2486 4940 probabitis
2526 4868 2720 4932 fuisse,
2766 4869 2861 4922 sed
2908 4873 3132 4922 testem.
3176 4869 3302 4935 Vos,
3350 4868 3429 4921 mi
3487 4867 3741 4933 domine,

2052 4958 2327 5031 perlatori
2368 4957 2763 5028 dignationem
2796 4957 3056 5028 principe
3084 4958 3211 5011 loco
3242 4957 3500 5021 tribuite,
3553 4973 3623 5011 ne
3654 4957 3742 5010 vir

2056 5086 2221 5164 docet
2266 5084 2326 5164 in
2371 5084 2493 5164 ejus
2537 5083 2784 5137 formula
2825 5083 2924 5137 lib.
2968 5082 3212 5163 v1_idem
3267 5082 3749 5164 cassiodorushet

2057 5159 2265 5212 Glossa:
2300 5152 2446 5224 juris
2503 5161 2735 5220 nostrai,
2789 5170 2918 5225 quas
2970 5153 3245 5225 primum,
3278 5153 3402 5225 ejus
3452 5152 3749 5225 dignitatis

2057 5222 2342 5280 auctorem
2378 5225 2592 5279 faciunt
2622 5222 2983 5278 Anastasium
3017 5226 3163 5291 Aug.
3196 5224 3283 5277 Sic
3311 5223 3464 5275 enim
3496 5222 3747 5275 habent:

2060 5295 2454 5358 Πατριμονιάλιαι·
2519 5296 2607 5344 ὃσα
2670 5294 2867 5349 ἕκαστος
2927 5293 3146 5356 βασιλεύς
3203 5292 3358 5353 ἑαυτῷ
3413 5292 3601 5339 κτᾶται·
3662 5293 3752 5339 ὑπὸ

2062 5367 2293 5432 βασιλέως
2350 5366 2680 5414 Ἀναστασῖουο
2727 5364 2868 5419 αὐτὸς
2914 5365 3005 5432 γᾴρ
3064 5363 3189 5411 ἐστιν
3232 5361 3257 5409 ὁ
3302 5361 3506 5432 ἐξευρὼν
3543 5365 3625 5411 καὶ
3664 5368 3755 5422 τὴν

2060 5430 2389 5501 λπροσηγορίςιν
2437 5437 2640 5495 ταύτην,
2686 5435 2767 5483 καί
2798 5437 2890 5481 τὴν
2936 5431 3097 5497 ἀρχὴν
3146 5434 3232 5479 τοῦ
3279 5430 3473 5493 κόμπος
3528 5436 3613 5480 *εθῦ
3667 5450 3756 5479 πα-

2060 5525 2088 5555 τ
2097 5524 2307 5555 οιυηονιου
2316 5542 2327 5554 .

3319 5666 3353 5719 τι
