4102 6182
1638 255 1917 314 ENNODII
1960 256 2273 316 EPISCOPI
2314 256 2699 313 TlClNENSlS
2870 232 2887 249 ί
3844 261 3908 313 7s

416 388 602 445 bonus
631 387 884 444 novitate
914 387 1213 443 turbetur:
1238 388 1456 459 liquido
1478 387 1659 443 aderit
1688 388 1944 459 partibus
1957 390 2095 457 suis,
2137 395 2180 447 Α
2208 406 2387 461 genus
2418 388 2672 460 inquiro.
2722 389 2859 445 Vide
2897 389 3038 461 quid
3069 389 3281 444 faciant
3309 405 3509 444 serena
3539 388 3853 462 diligentiae
3895 406 3910 445 :

420 482 476 532 et
502 478 631 531 vita:
665 478 868 549 opibus
894 478 1155 549 pensabit
1185 479 1394 532 damna
1422 477 1746 533 verborum.

1048 584 1380 639 EPISTOLA
1410 585 1480 640 Χ.

844 690 1117 728 ENNODIUS
1150 674 1163 706 ¹
1196 689 1534 727 τΒΑειΜυΝοο
1554 688 1606 728 v.
1639 690 1678 727 ι.

486 762 613 816 Non
670 763 962 815 temeritas
1022 778 1109 813 me
1166 761 1235 814 ad
1309 762 1571 830 paginale
1621 761 1777 816 duxit
1826 762 2101 829 officium,

416 852 647 922 quando
693 850 762 903 ad
805 864 1031 901 omnem
1084 848 1547 901 communionem
1600 849 1893 903 subditum
1937 867 2104 905 suum

415 939 587 1008 regiae
622 938 814 1007 stirpis
862 953 1096 1005 germen
1128 936 1346 989 invitat.
1395 937 1489 989 Est
1520 937 1671 990 enim
1712 938 1833 990 haec
1877 938 2104 992 claritas

416 1028 779 1081 dominorum
816 1025 1027 1077 inserta
1059 1025 1362 1088 natalibus,
1398 1029 1458 1077 ut
1488 1026 1740 1078 culmina
1767 1042 1866 1078 sua
1894 1026 2103 1095 digna-

413 1114 567 1168 tione
598 1114 926 1167 subliment.
965 1114 1142 1166 Vultis
1173 1113 1334 1182 quasi
1354 1115 1603 1182 aequales
1645 1119 1888 1167 tractare
1916 1116 2101 1167 famu-

409 1203 515 1267 los,
567 1208 629 1256 ut
682 1202 749 1256 ab
799 1202 924 1272 ipsa
964 1200 1120 1253 vobis
1166 1216 1267 1269 per
1309 1216 1562 1254 amorem
1607 1203 1931 1255 conditione
1973 1203 2104 1272 plus

411 1292 673 1345 debeant.
726 1290 905 1354 Unde,
961 1288 1217 1358 piiSsime
1259 1289 1510 1353 domine,
1562 1290 1902 1361 obsequium
1951 1291 2104 1344 exhi-

408 1379 549 1434 bens
580 1395 709 1433 cum
749 1378 1125 1447 generalitate
1180 1377 1537 1444 solvendum,
1587 1378 1848 1447 significo
1898 1395 1988 1432 me
2030 1380 2101 1432 ad

411 1469 603 1537 aliqua
625 1466 985 1535 suggerenda
1004 1468 1346 1533 perlatorem
1362 1466 1733 1535 praesentium
1752 1467 2064 1520 destinasse
2085 1487 2097 1522 :

406 1574 505 1610 vos
536 1556 738 1609 effectu
770 1554 975 1607 donate
1006 1555 1349 1623 supplicem,
1401 1554 1533 1624 quia
1565 1571 1663 1624 spe
1694 1556 1870 1609 fultus
1899 1571 2101 1625 preca-

408 1649 500 1699 tor
528 1644 751 1697 accessi.

1033 1748 1367 1802 EPISTOLA
1396 1750 1481 1802 XI.

954 1851 1223 1889 ENNODIUS
1262 1852 1551 1890 LUMINOSO.

479 1924 587 1988 Qui
619 1924 861 1977 amicam
902 1925 1314 1978 conscientiam
1363 1923 1680 1977 manifestis
1723 1924 1926 1993 pandit
1954 1925 2100 1979 indi-

407 2014 528 2080 ciis,
566 2014 714 2065 tollit
756 2013 962 2079 otium,
1005 2014 1215 2083 quibus
1258 2013 1456 2084 gratiae
1488 2013 1815 2084 praestiterit
1848 2014 2093 2084 dignita-

405 2108 543 2156 tem.
592 2102 689 2153 Vix
743 2102 897 2153 enim
935 2102 1137 2155 feriata
1180 2102 1293 2154 sint
1338 2119 1437 2155 ora
1489 2103 1633 2172 ejus,
1667 2102 1768 2171 qui
1798 2104 2095 2157 consuevit

408 2191 594 2244 audiri
637 2207 649 2243 :
684 2189 817 2259 quia
853 2206 1124 2258 magnum
1158 2188 1525 2259 dispendium
1557 2192 1793 2258 pudoris
1825 2195 1928 2258 est,
1972 2207 2097 2244 ver-

405 2280 612 2334 borum
645 2279 892 2331 retinere
917 2277 1280 2343 beneﬁcium,
1300 2283 1360 2331 ut
1379 2277 1525 2345 ,dum
1545 2277 1755 2346 lingua:
1789 2280 2095 2349 parcimus,

405 2368 719 2423 honestatis
740 2366 982 2437 prodiga
1026 2366 1185 2418 frons
1216 2366 1457 2419 laboret.
1511 2365 1619 2418 Vos
1669 2382 1758 2420 me
1803 2369 2097 2436 garrulum

405 2456 639 2522 fecistis,
671 2456 769 2526 qui
789 2471 982 2524 preces
1005 2470 1157 2507 meas
1189 2454 1501 2507 consuestis
1530 2453 1851 2507 admittere.
1885 2455 1991 2509 Sed
2028 2472 2097 2509 ne

406 2546 728 2616 praestanda
748 2544 1188 2613 circumloquar,
1232 2547 1289 2595 et
1338 2543 1593 2612 epistola:
1632 2543 1954 2613 prolixitate
1993 2544 2097 2597 im-

406 2635 686 2705 petranda
740 2633 1106 2703 suspendam,
1158 2632 1226 2684 ad
1285 2648 1406 2684 rem
1464 2631 1956 2685 redeo.Sublimis
2010 2633 2098 2685 vir

407 2723 744 2778 Laurentius
785 2722 999 2774 reditus
1030 2720 1138 2772 sibi
1170 2719 1409 2784 debitos,
1446 2736 1587 2790 quos
1629 2721 1885 2773 Romana
1909 2720 2095 2773 Eccle-

406 2812 487 2864 sia
531 2812 677 2864 facta
730 2826 858 2863 cum
890 2815 1122 2862 auctore
1153 2809 1275 2877 ejus
1325 2813 1410 2861 est
1440 2809 1700 2877 pactione
1750 2808 2022 2877 pollicita,
2065 2825 2097 2862 a

406 2901 615 2954 domno
640 2916 783 2970 papa
815 2899 1013 2951 asserit
1045 2897 1148 2950 sub
1179 2897 1365 2949 nescio
1400 2913 1512 2966 qua
1543 2896 1902 2966 oppositione
1934 2898 2097 2950 dene-

404 2990 547 3060 gari.
583 2991 646 3041 In
677 3005 790 3059 quo
832 2986 1059 3056 negotio
1088 2986 1338 3038 favorem
1368 3000 1471 3054 per
1501 3002 1590 3038 me
1646 2990 1845 3038 vestrae
1899 2984 2097 3039 defen-

405 3078 583 3131 sionis
622 3077 954 3146 implorat:
998 3078 1058 3128 ut
1105 3090 1223 3126 rem
1257 3089 1429 3143 quam
1475 3073 1693 3126 debetis
1736 3073 1980 3143 legibus,
2015 3073 2096 3127 vi-

405 3165 659 3220 deamini
690 3164 955 3217 exhibere
986 3162 1319 3229 diligentiae,
1353 3166 1409 3214 et
1435 3162 1574 3214 illud
1602 3168 1817 3214 crescat
1843 3162 2093 3229 effectui,

404 3255 561 3324 quod
609 3252 883 3320 denegari
932 3266 1043 3303 non
1095 3249 1226 3302 licet
1282 3249 1557 3319 aequitati.
1618 3249 1725 3301 Vos
1780 3250 1927 3302 hanc
1969 3266 2092 3303 rem

399 3343 560 3412 juxta
595 3339 879 3394 desideria
902 3354 1027 3391 mea
1065 3337 1298 3391 tribuite
1334 3354 1346 3390 :
1383 3343 1445 3390 ut
1474 3343 1755 3407 quantum
1789 3338 2087 3391 nominato

404 3429 525 3483 viro
580 3424 999 3480 commoditatis
1057 3424 1373 3491 accesserit,
1421 3428 1646 3478 tantum
1699 3441 1788 3478 me
1832 3426 2091 3479 muneris

406 3516 688 3587 accepisse
728 3514 1021 3568 contitear.
1062 3512 1313 3566 Salutem
1363 3528 1499 3581 ergo
1544 3512 1755 3579 dicens,
1791 3530 1979 3582 spero,
2032 3519 2093 3568 ut

404 3605 553 3659 circa
582 3603 777 3657 munia
826 3601 1171 3665 litterarum,
1214 3616 1317 3653 nec
1356 3600 1609 3653 sincerus
1648 3617 1813 3669 amor,
1848 3603 2091 3656 vacatio-

405 3711 537 3749 nem
566 3691 824 3762 accipiat,
860 3705 963 3743 nec
1010 3688 1274 3743 facundia
1316 3689 1490 3743 totius
1521 3689 1673 3743 orbis
1693 3690 1976 3745 celebrata
2007 3696 2087 3745 te-

402 3780 673 3835 stimonio
706 3778 1062 3832 conticescat.

994 3882 1331 3938 EPISTOLA
1351 3884 1494 3954 gxn.

979 4006 1214 4044 ENNODIU
1226 4005 1254 4044 S
1288 4005 1503 4044 JOANNI.

473 4100 685 4153 Natura
723 4102 950 4168 partum
978 4101 1082 4163 est,
1116 4100 1180 4150 ut
1208 4111 1345 4149 cura
1376 4095 1586 4166 migret
1616 4096 1676 4150 in
1700 4097 2000 4167 gaudium,
2032 4105 2087 4155 et

398 4192 652 4243 mutetur
681 4186 915 4257 querela
947 4183 1272 4255 praeconiis,
1301 4185 1567 4255 quotiens
1596 4185 1791 4255 cupita
1821 4185 2085 4239 tribuun-

398 4282 512 4331 tur.
557 4278 813 4329 Incertus
854 4274 1032 4327 animi
1088 4274 1171 4327 fui
1229 4273 1369 4344 quid
1427 4274 1532 4327 sibi
1594 4273 1765 4327 vellet
1821 4273 2080 4326 sublimi-

395 4365 526 4418 tatis
572 4369 690 4416 tam
751 4364 925 4431 longa
985 4360 1273 4415 cessatio:
1340 4362 1437 4415 sed
1499 4377 1629 4415 cum
1674 4360 1847 4431 potiri
1917 4360 2083 4414 datur

396 4458 609 4522 optato,
643 4452 762 4522 ipse
792 4468 894 4522 pro
922 4451 1175 4521 partibus
1205 4450 1316 4506 tuis
1354 4452 1658 4504 honestum
1704 4449 2084 4502 excusationis

468 4630 485 4662 ¹
537 4627 920 4682 Trasimundo
961 4628 1030 4682 V.
1071 4626 1149 4697 1.]
1186 4625 1323 4696 Regi
1368 4624 1751 4697 Vandalorum
1785 4623 1843 4675 in
1871 4623 2076 4697 Africa.

395 4700 680 4753 Illustrem
713 4701 896 4752 virum
928 4694 1327 4769 regem’vocat,
1370 4695 1506 4769 quia
1552 4694 1868 4769 illustratus
1915 4694 2081 4749 titulo

393 4772 453 4824 in
485 4771 741 4824 Romano
759 4763 1212 4842 imperio'nullus
1231 4763 1743 4842 honoriﬁcentior:
1775 4772 2081 4842 propterea

392 4843 546 4895 hunc
579 4833 1186 4913 regibustribuebant.
1228 4839 1453 4913 Manent
1482 4833 1653 4913 hodie
1701 4833 2080 4913 prisci'moris

390 4912 629 4980 vestigia
647 4905 735 4963 vin
775 4911 1105 4981 diplomatis
1154 4907 1513 4981 pontiﬁcum.
1566 4905 1885 4981 inquibus
1917 4922 2078 4981 reges

388 4976 820 5036 viros'illustres
839 4976 1168 5052 appellant,
1195 4978 1347 5052 Quin
1366 4981 1421 5030 et
1444 4992 1612 5052 reges
1640 4976 1750 5045 ipsi
1781 4977 1931 5029 hunc
1971 4977 2078 5031 sibi

389 5054 622 5106 titulum
654 5048 956 5106 addebant.
984 5053 1123 5104 Nam
1156 5050 1213 5101 in
1236 5048 1484 5119 antiquis
1516 5064 1719 5119 regum
1744 5052 2075 5119 nostrorum

386 5125 682 5194 praeceptis
713 5132 769 5176 et
814 5120 1313 5194 constitutionibus
1348 5118 1507 5194 nihil
1548 5118 1845 5194 usitatius,
1895 5134 2071 5194 quam

387 5188 799 5255 Childebertus,
862 5193 1163 5255 (llotarius,
1197 5191 1492 5259 Pippinus,
1538 5188 1772 5243 Carolus
1828 5205 1951 5254 rex,
1984 5189 2067 5241 vir

384 5266 624 5319 illuster.
672 5265 953 5319 Caeterum
1000 5262 1287 5315 Vandalici
1332 5259 1501 5328 hujus
1548 5260 1698 5327 regis
1743 5260 1842 5329 qui
1888 5260 2073 5313 Hune-

383 5337 502 5390 rico
525 5337 685 5389 fratri
730 5334 1017 5397 successit,
1061 5348 1271 5384 nomen
1322 5331 1475 5383 varie
1511 5330 1778 5382 scribitur
1816 5346 1849 5382 a
1883 5331 2071 5383 diver-

383 5410 478 5461 sis.
511 5409 947 5460 Taaasucmnns
973 5403 1179 5456 dicitur
1208 5403 1265 5454 in
1302 5399 1673 5454 acrostichide
1710 5400 1914 5454 veteris
1950 5401 2070 5470 epi-

381 5477 719 5548 grammatis
747 5494 780 5529 a
808 5478 867 5530 P.
895 5474 1118 5548 Pithoeo
1149 5472 1288 5526 editi
1308 5472 1409 5525 lib.
1440 5488 1506 5548 ii,
1528 5470 1679 5548 quod
1702 5471 1933 5540 quidem
1962 5472 2069 5524 etsi

380 5542 991 5619 antiquariorumvitio
1019 5542 1700 5619 depravatumsubjicere
1723 5557 1835 5619 non
1867 5557 2069 5619 grava-

381 5612 660 5683 bor,'tum
693 5616 764 5668 ob
800 5617 922 5685 ejus
951 5612 1257 5668 artiﬁcium
1291 5614 1567 5667 hactenus
1601 5612 1837 5665 minime
1869 5613 2069 5681 depre-

2214 480 2374 548 quasi
2404 483 2586 533 totum
2642 478 2783 532 mihi
2832 495 2900 533 ex
2930 478 3214 532 sententia
3244 478 3490 544 ﬂuxerit,
3517 479 3599 532 ita
3658 479 3909 550 simplici

2213 583 2452 621 munere
2512 568 2785 637 placatus,
2842 573 3030 621 errata
3070 567 3349 637 concessi.
3406 566 3585 621 Habes
3631 568 3780 622 unde
3828 569 3911 638 pii

2212 656 2425 710 amoris
2472 657 2717 710 formam
2748 656 2932 725 possis
2960 672 3270 721 assumere,
3331 659 3388 708 et
3415 657 3562 709 circa
3591 656 3909 710 amicitiam

2212 746 2545 799 constantiae
2600 746 2862 814 exempla
2904 744 3177 797 mutuari.
3232 743 3318 796 Me
3363 744 3411 796 si
3466 745 3743 813 sequeris,
3806 760 3912 798 nec

2213 834 2377 902 plura
2407 837 2461 886 te
2489 850 2519 885 a
2550 833 2952 903 conjunctione
2999 837 3227 901 peccata
3260 832 3578 897 retrahunt,
3625 838 3681 886 et
3725 849 3909 887 unum

2212 921 2566 974 benefactum
2599 920 2807 974 sodalis
2854 921 2938 973 tui
2974 921 3175 989 culpas
3219 920 3487 973 absolvet.
3535 920 3618 974 Me
3668 922 3908 989 silentii,

2211 1010 2405 1072 frater,
2452 1025 2543 1062 me
2586 1008 2886 1062 oblivionis
2920 1008 3197 1062 incessis?
3229 1008 3331 1063 Ubi
3361 1012 3483 1061 erat
3513 1011 3617 1062 iste
3652 1010 3904 1075 animus,

2211 1098 2440 1168 quando
2491 1114 2591 1150 nec
2630 1097 2994 1166 promulgata
3033 1097 3317 1167 colloquia
3350 1113 3612 1150 meruere
3659 1113 3903 1168 respon-

2210 1201 2372 1250 sum;
2408 1201 2511 1238 nec
2539 1186 2610 1238 ad
2652 1186 2780 1255 styli
2827 1184 3225 1255 imperandam
3269 1184 3714 1238 sollicitudinem
3755 1202 3908 1256 pras-

2210 1274 2333 1327 vius
2355 1272 2676 1327 existebas“?
2710 1273 2806 1327 ubi
2837 1272 2947 1326 fuit
2971 1272 3379 1326 inabstinentia
3406 1272 3747 1327 tabellarum
3791 1290 3910 1328 non

2209 1361 2357 1415 circa
2387 1377 2587 1414 omnes
2619 1361 2677 1413 in
2704 1360 2935 1430 Liguria
2966 1360 3287 1415 custodita?
3332 1361 3519 1414 Multis
3559 1377 3591 1414 a
3620 1361 3909 1416 desiderio

2210 1454 2308 1502 tuo
2335 1450 2861 1520 peregrinantibus,
2895 1448 2953 1501 in
2997 1448 3196 1502 solatio
3232 1448 3443 1501 doloris
3476 1448 3714 1518 paginas
3744 1450 3906 1503 exhi-

2208 1539 2419 1604 bendo,
2456 1546 2513 1592 et
2545 1539 3144 1591 mihitaciturnitatem
3168 1539 3535 1605 continuasti,
3556 1538 3739 1591 etillis
3762 1555 3911 1609 prae-

2210 1626 2380 1680 buisti
2412 1632 2606 1679 contra
2639 1632 2769 1680 vota
2799 1626 3147 1695 colloquium
3184 1641 3197 1678 :
3228 1625 3361 1696 quia
3383 1631 3471 1678 est
3497 1625 3603 1679 ista
3631 1626 3909 1681 humana-

2208 1731 2337 1768 rum
2368 1731 2561 1769 rerum
2595 1716 2759 1779 ratio,
2790 1720 2852 1767 ut
2883 1731 2985 1784 pro
3020 1729 3227 1784 magna
3252 1713 3591 1783 cognatione
3629 1730 3735 1783 par
3774 1720 3906 1767 stu-

2208 1802 2367 1857 dium
2400 1819 2626 1873 semper
2654 1808 2848 1856 exstat.
2882 1802 3054 1871 Cujus
3085 1802 3303 1856 ordinis
3348 1802 3673 1867 immemor,
3719 1801 3902 1854 volui-

2210 1891 2282 1944 sti
2329 1892 2543 1944 sociare
2590 1890 2855 1961 qnaedam
2904 1890 3171 1959 imperita
3229 1906 3359 1943 cum
3419 1889 3905 1958 litteris;putans

2207 1978 2360 2030 coire
2389 1994 2555 2047 posse
2586 1978 2645 2031 in
2675 1978 2938 2031 aﬂ‘ectum
2967 1984 3084 2032 toto
3116 1978 3258 2032 calle
3284 1978 3575 2031 distantia.
3600 1977 3743 2040 Quid
3772 1992 3905 2046 pro-

2206 2065 2388 2118 movit
2418 2066 2591 2118 suada
2639 2066 2820 2118 oratio
2868 2071 2983 2132 tua,
3020 2066 3368 2119 elucubratis
3407 2066 3744 2118 concinnata
3775 2079 3899 2116 ser-

2207 2153 2495 2217 monibus,
2528 2155 2756 2224 quando
2788 2153 3067 2207 bonarum
3093 2154 3300 2207 artium
3332 2154 3549 2206 nescios
3572 2151 3902 2223 appellabat

2208 2248 2435 2295 amante
2478 2241 2837 2311 posthabito?
2888 2240 2996 2295 Sed
3040 2240 3172 2294 hinc
3218 2241 3388 2309 alias;
3437 2242 3570 2294 nolo
3606 2256 3898 2294 excessum

2208 2330 2637 2384 multitudinem
2674 2332 2947 2399 relegere,
2993 2330 3093 2400 qui
3131 2330 3287 2384 brevi
3325 2331 3706 2384 satisfactione
3753 2329 3897 2383 deli-

2208 2420 2360 2472 nitus
2400 2436 2545 2472 sum.
2593 2420 2732 2472 Nam
2778 2417 3049 2487 parcitate
3097 2419 3154 2472 in
3208 2419 3548 2489 eloquendis
3594 2420 3704 2471 illis
3759 2434 3899 2471 usus

2206 2507 2447 2572 fueram,
2499 2506 2606 2559 nisi
2656 2522 2823 2559 nosse
2868 2522 2966 2559 vos
3016 2506 3331 2572 crederem,
3378 2507 3447 2559 de
3485 2506 3712 2559 offensis
3752 2505 3897 2559 illud

2208 2610 2503 2648 remanere
2558 2594 2711 2663 quod
2749 2593 2981 2662 tegitur,
3026 2598 3082 2647 et
3130 2593 3283 2663 quod
3323 2594 3381 2645 in
3410 2609 3604 2646 vocem
3642 2592 3899 2663 erumpit

2206 2682 2476 2736 amoveri.
2526 2682 2763 2735 Domine
2805 2681 2904 2747 mi,
2944 2697 3165 2750 precor,
3202 2686 3264 2735 ut
3295 2682 3529 2752 posthac
3562 2681 3629 2734 ad
3670 2698 3735 2734 ea
3764 2698 3897 2751 qum

2204 2772 2351 2823 male
2394 2770 2591 2825 haberi
2640 2771 2904 2830 didicisti.
2958 2786 3071 2823 non
3133 2778 3409 2841 tanquam
3482 2769 3896 2823 emendationis

2204 2863 2566 2928 contemptor
2595 2859 2830 2929 aspires,
2863 2859 2959 2912 sed
2989 2860 3189 2912 crebro
3243 2859 3384 2911 mihi
3432 2858 3624 2912 dulces
3652 2858 3893 2929 paginas

2138 2970 2177 3024 ρ
2208 2947 2408 3015 dirige,
2461 2954 2522 2999 ut
2569 2951 2782 2999 crescat
2828 2947 2932 2999 dos
2969 2945 3232 3010 facundo,
3283 2946 3422 3000 dum
3467 2952 3654 3001 servat
3709 2964 3898 3001 sacra-

2207 3040 2397 3088 mento
2436 3034 2775 3087 concordiae.

2797 3175 3126 3231 EPISTOLA
3162 3175 3301 3231 XIII.

2653 3297 2921 3336 ENNODIUS
2948 3297 3272 3335 CONSTANTIO
3310 3299 3362 3335 ν.
3404 3296 3443 3337 ι.

2273 3388 2470 3442 Servat
2508 3387 2841 3457 magnitudo
2893 3391 2991 3440 tua
3028 3389 3176 3440 circa
3222 3387 3434 3441 amicos
3485 3390 3542 3440 et
3590 3387 3894 3442 saeculares

2200 3476 2463 3547 proprios
2492 3476 2633 3528 illud
2654 3474 2807 3544 quod
2827 3475 3141 3546 sibijungit
3160 3475 3232 3529 ad
3262 3476 3524 3545 gloriam.
3554 3477 3701 3529 Dum
3734 3475 3891 3531 enim

2200 3581 2306 3618 nos
2356 3564 2632 3618 memoria
2660 3564 2862 3633 dignos
2909 3564 3138 3632 ducitis,
3172 3580 3270 3618 vos
3296 3564 3565 3634 probatis.
3615 3566 3755 3619 Nam
3788 3566 3891 3618 diu

2201 3654 2259 3706 in
2288 3653 2736 3707 consolationem
2771 3652 2980 3722 scripta
3000 3652 3335 3722 suscipiens,
3375 3652 3647 3706 absentiae
3680 3657 3887 3707 vestras

2200 3742 2410 3795 damna
2442 3741 2686 3812 suspiro.
2739 3741 2782 3795 Ο
2814 3740 3089 3795 artificem
3131 3740 3427 3794 scientiam
3460 3741 3623 3794 bonis
3649 3742 3894 3796 caelesti-

2196 3831 2301 3885 bus
2330 3830 2681 3884 institutam!
2726 3845 2799 3883 ne
2828 3830 2994 3883 liceat
3038 3829 3253 3899 aliquid
3290 3829 3526 3899 prolixa:
3568 3835 3893 3900 sequestra-

2197 3918 2421 3973 tionide
2461 3918 2666 3972 affectu
2698 3918 3024 3987 decerpere,
3051 3922 3461 3988 praesentantes
3484 3933 3703 3971 sacram
3733 3919 3886 3972 ima-

2196 4007 2387 4077 ginem
2444 4006 2663 4060 litteras
2711 4007 3111 4076 promulgatis.
3166 4006 3329 4060 Novit
3387 4007 3533 4060 Deus
3590 4006 3886 4060 discussor

2194 4111 2486 4161 sensuum,
2524 4111 2612 4148 me
2641 4094 2910 4149 culminis
2951 4095 3119 4148 vestri
3148 4095 3544 4149 recordatione
3582 4096 3885 4163 macerari,

2194 4188 2250 4238 et
2275 4184 2497 4237 nullum
2521 4183 2780 4237 invenire
2811 4183 2882 4237 de
2909 4184 3111 4253 optimi
3138 4183 3243 4236 viri
3261 4182 3725 4253 peregrinatione
3754 4183 3893 4237 sub-

2195 4272 2426 4325 sidium.
2462 4271 2656 4326 Reddo
2676 4275 2868 4325 tamen
2896 4271 3186 4342 epistolari
3233 4288 3364 4325 cura
3386 4271 3743 4325 salutationis
3772 4272 3885 4325 ob-

2193 4360 2483 4430 sequium,
2541 4365 2596 4414 et
2650 4359 2971 4431 dignationi
3021 4364 3220 4413 vestras
3290 4359 3533 4429 gratiam
3605 4359 3887 4429 referens,

2190 4447 2425 4502 fratrem
2475 4465 2703 4519 quoque
2743 4465 2937 4503 meum
2980 4449 3257 4503 Joannem
3288 4464 3391 4518 per
3417 4463 3515 4502 vos
3546 4448 3687 4501 mihi
3716 4447 3887 4503 resti-

2188 4624 2454 4689 hensum,
2482 4627 2603 4676 tum
2627 4622 2761 4693 quia
2787 4638 2916 4675 cum
2938 4622 3116 4692 ipsius
3145 4622 3296 4693 regis
3322 4622 3555 4676 nomine
3577 4623 3884 4693 scriptum,

2189 4694 2544 4763 thermisque
2583 4693 2652 4746 ab
2698 4709 2763 4746 eo
2792 4694 3028 4747 conditis
3057 4694 3383 4763 appositum
3421 4694 3513 4756 sit,
3557 4711 3671 4763 quo
3707 4694 3884 4749 modo

2188 4765 2359 4819 scribi
2390 4764 2494 4817 hoc
2533 4779 2745 4817 nomen
2776 4768 2897 4818 tum
2934 4764 3144 4818 soleret
3171 4765 3378 4818 certius
3406 4764 3660 4819 indicare
3681 4764 3881 4819 videa-

2186 4841 2297 4889 tur.
2324 4835 2383 4888 ld
2416 4850 2546 4888 vero
2569 4839 2652 4887 est
2672 4834 3001 4904 hujusmodi
3036 4851 3049 4888 :

2197 4943 2245 4981 v-B
2278 4940 2412 4988 Tran
2427 4938 2611 5002 quillo,
2634 4939 2900 5002 nymphae,
2932 4939 3192 5002 decurrite
3238 4939 3472 4987 ﬂuminis
3506 4944 3645 4990 ortu.

2197 5005 2243 5072 ζ
2278 5002 2372 5072 llic
2395 5000 2560 5072 proba
2590 5000 3093 5072 ﬂagranti‘succedit
3113 5002 3308 5072 vimine
3337 5002 3489 5055 ﬂebo.

2196 5069 2243 5109 ιτ
2276 5063 2512 5127 Rupibus
2543 5063 2877 5127 excelsisubi
2903 5077 3045 5127 nunc
3072 5064 3279 5127 fastigia
3305 5067 3552 5127 surgunt,

2193 5134 2241 5177 ἴεν
2274 5126 2669 5234 Equanturque
2698 5124 2819 5187 polo
2848 5126 2997 5173 tectis
3028 5124 3279 5188 praecelsa
3305 5124 3532 5174 lavacra.

2193 5199 2241 5231 ω
2275 5186 2338 5234 Se
2380 5188 2497 5234 ibus
2524 5186 2611 5234 hic
2643 5186 2846 5234 mannis
2874 5189 3129 5234 exardent
3153 5201 3417 5234 marmora
3445 5188 3532 5234 sic

2275 5186 2497 5235 Sedibus
2524 5186 2611 5234 hic
2643 5186 2846 5249 magnis
2874 5186 3129 5235 exard'ent
3153 5201 3417 5249 marmora
3445 5187 3630 5249 signis,

2192 5248 2240 5288 ἴδ’
2273 5250 2449 5297 Ardua
2474 5249 2725 5297 sublimes
2740 5248 3084 5311 ’praavincunt
3115 5249 3350 5298 culmina
3379 5248 3618 5297 therime.

2272 5311 2594 5372 Muneraque
2627 5310 2845 5359 eximius
2870 5311 3004 5359 tanti
3033 5311 3124 5358 dat
3151 5310 3367 5360 luminis
3397 5317 3601 5360 auctor.

2190 5347 2238 5435 ἕ
2272 5372 2369 5420 Uni
2397 5347 2663 5435 continua:
2696 5385 3032 5435 praenoscens
3062 5373 3278 5435 praemia
3309 5347 3463 5422 fama:

2189 5421 2238 5493 Ξ
2271 5435 2385 5482 Non
2416 5435 2501 5482 hic
2534 5421 2744 5482 ﬂamnia
2769 5435 2973 5482 nocebo
3000 5421 3235 5483 tuindem
3267 5435 3451 5484 discite
3476 5446 3709 5493 carmen,

2190 5479 2237 5561 Ξ
2270 5479 2469 5561 bishis
2479 5479 2804 5561 ᾖὲἰῖιῖιξιῖιεῖ
2815 5479 2964 5543 vivat
2987 5479 3577 5561 ε’ᾀῦέιὶᾇίῐέᾘῷρᾘὶζ

2188 5536 2237 5624 ἓ
2270 5536 2964 5624 Ῠδῇᾱδιξοῖιιέὖῖἶῖυὲηογᾳι
2990 5536 3196 5624 ριξηῗῶ
3210 5536 3731 5624 nomen

2189 5615 2238 5679 EI,
2270 5619 2379 5668 Sub
2409 5618 2561 5682 cujus
2585 5619 2737 5667 titulo
2765 5618 2963 5668 meritis
2985 5623 3086 5668 stat
3100 5621 3267 5682 gratia
3292 5620 3458 5669 factis.

3831 4949 3885 4986 <

3827 5006 3883 5046 O

3826 5066 3881 5104 μ]

3824 5124 3881 5165 >-

3824 5222 3880 5254 CD

3823 5279 3877 5316 ω

3822 5338 3876 5379 π

3822 5400 3876 5440 Et

3820 5456 3875 5496 Ζ

3821 5520 3877 5561 >-

3820 5581 3874 5621 2

3822 5637 3876 5671 ω
