4102 6182
196 249 256 303 77
1539 242 2027 303 EPISTOLARUM
2068 244 2193 300 LIB.
2226 243 2315 300 IV.
3632 250 3699 304 78

194 387 381 439 tutum
411 397 535 437 esse
569 380 867 436 conﬁteor.
922 377 1097 450 Cujus
1144 377 1424 450 hactenus
1457 379 1518 434 in
1551 379 1897 434 oblivionem
1935 383 1981 434 A

197 472 307 526 mei
347 471 645 525 silentium
676 470 814 540 quid
846 474 1069 539 gereret
1097 485 1210 523 non
1241 445 1461 523 tacebat
1497 485 1511 522 :
1546 469 1591 522 is
1624 484 1776 523 nunc
1807 485 1903 522 ve-

195 566 305 613 stro
338 558 487 612 mihi
512 558 855 612 reformatus
873 558 1076 610 affectu
1100 558 1168 611 ad
1192 557 1513 627 adjuratam
1543 557 1674 627 styli
1707 572 1904 610 curam

198 648 451 701 revertit.
489 648 664 717 Rogo.
677 652 868 699 tamen
892 662 992 699 vos
1015 650 1077 698 ut
1110 645 1408 699 maturatis
1428 646 1709 712 reditum;
1741 651 1835 699 aut
1857 643 1903 697 si

200 735 335 789 felix
367 751 535 789 mora
564 734 802 799 detinet,
832 733 1193 787 dilectionem
1218 733 1592 787 manifestetis
1624 732 1902 804 alloquio.

803 854 1147 910 EPISTOLA
1183 856 1315 910 XIV.

801 977 1068 1015 ENNODIUS
1105 978 1323 1015 FAUSTO.

280 1086 421 1149 Quae
453 1101 604 1156 sazpe
651 1084 1013 1139 mediocriter
1059 1084 1233 1155 gratis
1281 1085 1537 1156 impensa
1578 1087 1729 1151 sunt,
1763 1099 1908 1155 quo-

206 1174 357 1227 tiens
407 1174 753 1228 exhibentur
799 1173 971 1227 verba
1017 1173 1359 1243 conjunctis,
1404 1172 1683 1244 quidquid
1731 1170 1907 1226 favori

206 1262 547 1316 obsecutum
588 1267 690 1327 est,
722 1278 924 1315 sereno
973 1262 1333 1332 mancipetur
1377 1261 1623 1315 effectui.
1658 1262 1781 1315 Non
1812 1260 1908 1314 de-

208 1350 375 1420 pictis
416 1366 672 1404 amorem
703 1350 980 1403 mentitur
1009 1350 1297 1420 alloquiis,
1330 1350 1427 1419 qui
1469 1349 1740 1420 perlatori
1778 1364 1909 1402 caro

205 1439 506 1493 reddenda
550 1437 798 1492 dominis
828 1438 1037 1507 scripta
1085 1438 1415 1492 committit.
1470 1439 1532 1491 In
1565 1437 1825 1492 sublimis
1856 1440 1913 1490 et

208 1526 504 1597 magniﬁci
533 1526 637 1580 viri
668 1527 961 1580 Panfronii
993 1528 1103 1581 mei
1134 1527 1660 1591 commendatione,
1693 1542 1789 1579 ore
1820 1526 1907 1579 fe-

208 1617 355 1670 riato
407 1632 569 1669 mens
621 1616 796 1669 dictat
825 1615 1148 1685 epistolam.
1202 1615 1402 1669 Nescio
1435 1615 1589 1669 enim
1638 1614 1697 1667 in
1740 1613 1909 1684 quale

209 1706 444 1757 culmen
494 1705 701 1757 merita
734 1704 887 1773 apud
936 1720 1025 1757 me
1058 1704 1185 1771 viri,
1232 1720 1406 1773 quam
1455 1720 1582 1756 sum
1613 1702 1906 1773 prtefatus,

208 1792 488 1845 extollam
525 1808 538 1844 :
580 1792 641 1845 in
695 1807 811 1862 quo
853 1792 1064 1861 lingua:
1114 1791 1325 1844 macies
1367 1791 1624 1845 debitum
1668 1790 1915 1861 pectoris

210 1880 416 1950 nequit
441 1880 787 1950 exprimere.
820 1879 925 1933 Sed
957 1879 1338 1933 abdicandum
1369 1883 1515 1932 esset
1541 1879 1705 1943 mihi,
1740 1878 1914 1932 etiam

208 1968 255 2021 si
315 1973 670 2039 suppeteret,
720 1968 1005 2022 facundiae
1051 1967 1450 2021 lenocinium:
1505 1968 1644 2037 quia
1697 1982 1918 2036 pauper

208 2072 404 2109 sermo
447 2058 685 2110 uberem
718 2055 1078 2123 diligentiam
1122 2056 1331 2109 rectius
1379 2054 1685 2109 confitetur
1720 2071 1733 2108 :
1768 2060 1822 2107 et
1870 2054 1917 2107 si

209 2145 509 2197 elevamus
540 2161 643 2214 per
686 2145 892 2198 effusas
935 2144 1171 2213 paginas
1211 2144 1361 2211 illos,
1395 2160 1542 2214 quos
1582 2158 1788 2197 arcana
1818 2158 1913 2195 ne-

210 2232 430 2297 sciunt,
464 2234 595 2301 jure
642 2232 951 2285 tribuenda
998 2230 1325 2286 amantibus
1373 2232 1431 2285 in
1477 2238 1667 2285 artum
1709 2230 1918 2285 tabella

208 2318 599 2372 concluditur.
646 2319 887 2372 Causam
921 2334 1057 2388 ergo
1089 2318 1295 2372 modici
1323 2318 1606 2372 sermonis
1635 2318 1913 2383 elocutus,

211 2407 558 2460 foederatum
590 2406 821 2459 fratrem
851 2422 1185 2476 quanquam
1220 2406 1413 2476 paucis
1444 2406 1628 2460 verbis
1658 2404 1919 2458 insinuo:

215 2500 416 2547 tamen
466 2494 660 2547 multis
708 2494 1042 2565 obsequiis:
1088 2498 1151 2547 ut
1192 2493 1355 2563 jutus
1385 2492 1780 2563 magnitudine
1824 2507 1916 2544 ve-

213 2590 361 2648 stra,
408 2582 472 2635 in
529 2583 760 2653 negotio
813 2600 916 2636 suo
965 2582 1563 2653 circumstrepentium
1611 2580 1921 2651 aliquando

214 2671 485 2723 videatur
526 2686 824 2740 superasse
875 2677 1218 2725 commenta.
1276 2670 1436 2734 Quod
1484 2674 1683 2736 restat,
1735 2669 1921 2722 famu-

211 2760 439 2813 lantem
478 2760 881 2813 salutationem
932 2759 1229 2825 exhibens,
1264 2775 1353 2812 me
1401 2759 1587 2812 valere
1618 2756 1917 2827 significo;

214 2849 262 2901 si
296 2854 501 2901 tamen
534 2864 806 2919 prospera
830 2853 1015 2902 vestra
1059 2849 1228 2902 certis
1256 2848 1483 2902 indiciis
1512 2846 1656 2901 mihi
1687 2847 1924 2916 dispen-

216 2936 373 2991 satio
405 2954 470 2990 su
476 2952 655 3007 perna
683 2936 977 2991 concedat.

828 3059 1163 3114 EPISTOLA
1212 3060 1319 3113 XV.

816 3182 1087 3221 ENNODIUS
1124 3181 1345 3220 FAUSTO.

290 3290 610 3347 Proclivior
647 3290 717 3344 ad
760 3289 1185 3360 impetrandum
1215 3287 1304 3342 via
1332 3292 1434 3355 est,
1472 3286 1738 3358 quotiens
1770 3304 1804 3340 a
1837 3303 1925 3341 re-

217 3382 435 3452 ligioso
467 3380 683 3449 aliquid
733 3380 914 3448 exigit
958 3378 1204 3447 abjectio
1233 3375 1593 3445 deprecantis
1632 3390 1645 3432 :
1698 3380 1926 3429 coactus

218 3471 383 3523 enim
429 3472 659 3538 pra:th
687 3467 978 3531 affectum,
1027 3466 1126 3537 qui
1172 3465 1416 3519 miseriis
1460 3464 1736 3535 supplicis
1781 3464 1925 3517 invi-

221 3564 384 3611 tatur
418 3574 430 3609 :
474 3572 588 3609 non
622 3561 809 3626 potest
854 3555 1059 3609 afferre
1091 3554 1257 3608 obvia
1287 3570 1511 3621 manus,
1554 3552 1647 3607 cui
1684 3552 1930 3623 imperat

220 3646 591 3718 propositum
659 3643 899 3699 afﬂictos
955 3644 1173 3697 audire.
1248 3643 1502 3696 Perlator
1556 3642 1928 3711 praesentium

221 3737 387 3789 avito
418 3752 477 3787 se
526 3734 737 3803 cespite
787 3732 960 3787 deﬂet
991 3733 1297 3803 abjectum,
1329 3731 1428 3801 qui
1476 3730 1599 3801 spei
1630 3747 1744 3783 sua:
1790 3730 1928 3783 resi-

221 3824 416 3877 duum
459 3823 521 3875 in
563 3828 750 3875 vestro
792 3821 961 3891 ponit
1008 3822 1267 3874 examine
1302 3836 1315 3873 :
1370 3835 1441 3873 ne
1471 3818 1783 3873 adversarii
1810 3817 1933 3887 ejus

221 3910 491 3982 potentia
524 3910 592 3964 de
622 3911 778 3963 lucro
809 3915 865 3962 et
896 3909 1199 3962 securitate
1231 3909 1566 3978 gratuletur.
1601 3906 1710 3960 Vos
1743 3907 1930 3975 legum

224 4003 614 4064 sacramenta,
646 4015 747 4051 vos
776 3996 1034 4051 defensio
1072 3997 1305 4066 respicit
1346 3995 1778 4049 submissorum.
1813 3994 1933 4062 Ego

223 4094 430 4159 partes
496 4102 654 4140 meas
724 4085 1225 4140 commendatione
1296 4084 1535 4138 munivi.
1600 4082 1934 4136 Venerabile

226 4193 376 4247 ergo
422 4192 637 4229 nomen
687 4180 893 4245 augete
924 4174 1217 4229 beneficiis
1252 4189 1265 4226 :
1298 4173 1434 4243 quia
1466 4173 1605 4226 dum
1641 4172 1796 4241 justa
1826 4171 1933 4224 tri-

223 4266 435 4331 buitis,
496 4282 597 4318 nec
667 4264 767 4317 illa
810 4280 940 4335 quae
1003 4264 1075 4317 ad
1142 4260 1590 4316 misericordiam
1649 4259 1939 4331 pertinent

222 4353 611 4425 posthabetis.
664 4333 905 4406 Domine
954 4352 1055 4416 mi,
1107 4350 1487 4405 reverentiam
1531 4348 1762 4403 salutati
1802 4347 1942 4401 acci-
1977 4333 2019 4386 Ῑ)

227 4444 426 4514 piens,
455 4443 534 4495 ita
553 4442 817 4512 precibus
845 4440 986 4495 meis
1020 4440 1286 4495 effectum
1309 4439 1518 4506 tribue,
1554 4443 1615 4492 ut
1642 4437 1943 4507 proprium

227 4532 613 4597 desiderium,
660 4530 797 4585 dum
847 4531 1116 4585 honestas
1147 4530 1436 4595 asset-itur,
1483 4528 1663 4599 possit
1690 4527 1941 4597 impleri.

303 4684 325 4717 ί
370 4676 673 4749 Decorato]
709 4678 886 4747 Major
914 4676 1011 4749 hic
1055 4679 1197 4749 natu,
1213 4675 1399 4749 frater
1432 4672 1723 4749 Honorati,
1760 4677 1825 4726 ut
1856 4672 1949 4749 di-

228 4758 393 4805 ctum
430 4756 516 4803 est
547 4750 619 4803 ad
646 4742 810 4819 épist’.
847 4751 913 4802 28
945 4748 1043 4801 lib.
1068 4764 1138 4819 n.
1183 4746 1385 4800 Nobile
1432 4760 1537 4813 par
1574 4744 1814 4819 fratrum
1843 4742 1946 4796 ad-

230 4827 574 4874 vocatorum
617 4815 782 4873 et'ex
825 4818 1110 4873 advocatis
1155 4821 1530 4887 quaestorum.
1582 4815 1661 4887 De
1677 4828 1951 4887 “quorum

234 4894 543 4963 utriusque
588 4890 857 4963 laudibus
896 4892 1076 4963 multa
1105 4885 1485 4963 Theodericus
1516 4885 1749 4963 rextlib:
1779 4900 1813 4937 v
1846 4885 1949 4937 Va-

236 4955 465 5016 riaruni
509 4962 677 5030 epist.
714 4963 745 5013 3
794 4965 851 5014 et
898 4961 931 5011 4-
980 4961 1286 5013 Honorato.
1343 4957 1427 5010 Tu
1465 4955 1673 5030 inquit,
1711 4959 1955 5030 pecora-

234 5038 334 5086 tu:
372 5050 444 5087 ea:
468 5026 575 5085 illo
614 5030 804 5097 es,ille
835 5031 1175 5084 Honoratus
1215 5044 1284 5082 ea:
1306 5029 1358 5081 te
1387 5029 1490 5081 est.
1524 5028 1664 5079 ltem
1695 5026 1765 5079 de
1795 5042 1953 5097 quie-

234 5112 398 5157 stura
426 5104 695 5157 Decorati
718 5118 730 5154 :
773 5100 905 5155 Tali
932 5099 1668 5173 igiturrominepecoratus
1696 5097 1909 5173 evaluit
1932 5113 1949 5148 :

232 5175 476 5239 evaluit,
489 5175 753 5244 inquam,
769 5190 839 5244 ac
853 5189 914 5225 se
928 5166 974 5244 ΙῙ
967 5172 1232 5244 oneribus
1244 5168 1530 5240 palatinis
1532 5166 1748 5235 judicio
1760 5169 1957 5244 nostra

235 5237 518 5299 laudatus
534 5237 614 5298 ἱὶη
623 5237 874 5307 miscuit,
895 5237 1503 5308 dignitatem-summis,
1521 5254 1696 5308 quam
1709 5237 1959 5308 solemus

237 5261 518 5299 laudatus
534 5262 614 5298 2m
623 5261 874 5307 miscuit,
895 5261 954 5296 az
996 5261 1237 5296 nualem
1254 5261 1503 5305 sumens,
1521 5261 1696 5308 quam
1709 5261 1959 5291 οὐιενιιιιω-

237 5316 385 5370 dare
416 5315 824 5387 prudentibus.
858 5261 1424 5387 Sedqqueustorncum
1459 5311 1539 5387 ad
1560 5324 1692 5362 eum
1732 5307 1960 5387 scripsit

246 5379 569 5447 Ennodius,
621 5385 883 5439 nondum
927 5379 1069 5437 erat.
1106 5381 1321 5436 Humili
1360 5380 1653 5435 conditum
1694 5379 1958 5449 sepulcro

244 5460 423 5511 fuisse
455 5462 703 5512 testatur
736 5457 861 5525 ejus
901 5453 1283 5525 epitaphium,
1314 5451 1468 5522 quod
1504 5451 1655 5504 inter
1688 5449 1958 5505 Christia-

244 5543 330 5582 na
357 5530 717 5582 monimenta
745 5524 956 5596 legitur
985 5526 1076 5580 his
1106 5524 1294 5578 verbis
1328 5539 1342 5576 :

321 5615 461 5664 Hanc
488 5616 782 5665 Decoratus
806 5622 960 5676 opem
990 5612 1265 5676 subducta_
1280 5609 1398 5676 luce
1426 5608 1626 5671 petivit,

379 5678 648 5727 Conderet
672 5670 867 5739 exiguo
900 5680 959 5724 ut
982 5688 1079 5724 sua
1111 5673 1345 5723 membra
1371 5670 1504 5727 loco,

2600 378 2931 436 EPISTOLA
2969 382 3101 437 XVI.

2519 485 2849 525 EMNODIUS
2893 487 3191 527 AGAPITO.

2081 558 2216 611 Jure
2249 572 2589 627 responsum
2617 558 3029 628 multiplicibus
3057 566 3387 629 posceretur
3414 563 3700 635 alloquiis,

2012 645 2058 698 si
2097 661 2213 698 non
2253 645 2505 714 ingratas
2532 645 2812 699 exstitisse
2845 646 3082 715 paginas
3106 663 3262 700 meas
3286 648 3700 718 magnitudinis

2014 740 2128 787 tuae
2150 733 2440 786 silentium
2472 737 2796 787 testaretur.
2823 735 3016 788 Clama
3046 735 3200 788 enim
3230 736 3586 790 taciturnitas
3609 753 3704 790 ve-

2014 828 2150 883 stra,
2182 822 2476 891 garrulum
2503 820 2837 890 displicere;
2880 827 2935 874 et
2966 838 3179 876 novum
3210 824 3473 878 vindictas
3500 841 3703 894 genus,

2014 913 2079 963 ut
2107 910 2329 979 opinor,
2375 908 2637 978 inquirit,
2670 909 2898 978 quando
2933 926 2991 963 se
3022 926 3137 963 non
3169 909 3324 964 videt
3352 913 3705 981 promovisse

2015 998 2169 1068 quod
2192 996 2365 1049 siluit.
2396 996 2576 1066 Agitis
2609 996 2899 1066 epistolari
2929 998 3296 1064 abstinentia,
3330 1015 3399 1053 ne
3428 1001 3499 1053 ab
3522 1001 3706 1071 impe-

2015 1084 2139 1139 ritis
2168 1085 2241 1138 ad
2288 1100 2387 1137 vos
2430 1083 2641 1152 scripta
2688 1084 3005 1137 mittantur.
3047 1086 3361 1157 Ademptus
3400 1093 3591 1141 tamen
3624 1094 3709 1141 est

2016 1174 2250 1227 effectus
2278 1188 2291 1226 :
2325 1171 2695 1242 providentiae
2729 1176 2929 1226 vestrae
2960 1173 3517 1242 profuturatractate
3548 1193 3560 1229 :
3591 1192 3709 1229 cre-

2018 1261 2174 1316 brior
2204 1261 2384 1314 factus
2413 1277 2562 1327 sum,
2596 1260 2657 1313 in
2689 1260 2997 1330 scriptione
3030 1266 3408 1332 contemptus.
3442 1263 3548 1317 Sed
3579 1264 3708 1318 bre-

2015 1366 2144 1404 vem
2175 1365 2500 1403 sermonem
2531 1349 2692 1403 decet
2721 1349 2989 1403 cohibere
3021 1366 3175 1415 eum,
3217 1350 3315 1420 qui
3364 1367 3572 1421 magna
3602 1353 3709 1406 do-

2017 1436 2208 1492 luerit.
2235 1438 2525 1491 Cultorem
2547 1443 2799 1490 vestrum
2834 1438 3065 1490 fratrem
3095 1454 3284 1491 meum
3312 1439 3710 1507 Panfronium,

2019 1526 2342 1596 epistolaris
2386 1526 2540 1595 apud
2582 1526 2809 1579 culmen
2868 1532 3117 1579 vestrum
3175 1542 3310 1579 cura
3359 1527 3708 1582 comitatur:

2020 1614 2112 1667 cui
2155 1613 2434 1684 quidquid
2479 1614 2679 1682 gratia:
2726 1629 3053 1666 concessum
3099 1613 3293 1679 fuerit,
3345 1630 3437 1668 me
3485 1631 3713 1685 quoque

2022 1702 2417 1772 impensorum
2449 1702 2690 1754 vinculis
2742 1701 3019 1771 obligabit
3050 1717 3063 1755 :
3095 1702 3185 1755 cui
3216 1703 3388 1756 etiam
3423 1703 3615 1773 aliqua
3645 1702 3714 1756 de

2022 1790 2246 1843 vicariae
2292 1790 2567 1859 dignitate
2607 1790 2964 1858 suggerenda
3009 1790 3287 1844 commisi.
3335 1790 3441 1844 Vos
3477 1790 3716 1861 petitio-

2024 1894 2151 1931 nem
2184 1893 2369 1930 meam
2401 1878 2469 1931 ad
2520 1877 2782 1931 effectum
2815 1878 3143 1947 perducite;
3178 1878 3313 1948 quia
3354 1879 3552 1933 adsum
3587 1894 3714 1948 par-

2022 1966 2175 2019 tibus
2218 1966 2361 2018 meis
2408 1964 2676 2035 quotiens
2707 1965 2856 2035 apud
2883 1966 3375 2019 emendatissimos
3414 1966 3715 2020 hominum

2024 2069 2201 2123 cogor
2228 2052 2421 2106 subire
2452 2053 2867 2120 testimonium,
2903 2053 3039 2106 dum
3078 2054 3245 2107 certis
3274 2054 3537 2108 exhibeo.

2606 2140 2942 2197 EPISTOLA
2980 2143 3138 2195 XVII.

2484 2244 2805 2283 sanemus
2850 2231 2863 2263 ¹
2914 2244 3261 2285 υκεοιιλτο.

2100 2318 2267 2371 Recte
2298 2316 2549 2371 creditur
2577 2316 2923 2371 enuntiatrix
2950 2318 3147 2388 lingua
3169 2334 3289 2372 esse
3311 2319 3717 2388 penetralium,

2028 2422 2157 2477 qum
2188 2406 2414 2459 latentis
2446 2411 2661 2459 secreta
2692 2407 2898 2460 animus
2932 2406 3002 2459 ad
3035 2408 3220 2460 lucem
3247 2412 3411 2460 vocat
3441 2408 3673 2479 eloquio
3704 2425 3717 2461 ε

2029 2495 2344 2548 nesciretur
2373 2510 2537 2547 amor
2577 2500 2895 2564 pectorum,
2946 2495 3056 2549 nisi
3084 2496 3247 2549 illum
3291 2497 3546 2566 proditor
3580 2497 3724 2550 indi-

2028 2590 2202 2637 caret.
2248 2584 2381 2637 Jure
2429 2588 2687 2637 veterum
2735 2578 3017 2654 sapientia
3066 2585 3322 2654 epistolis
3377 2601 3496 2651 usa,
3556 2585 3722 2655 quasi

2031 2672 2304 2737 clavibus,
2324 2672 2637 2741 repositum
2666 2688 2769 2741 per
2797 2689 2890 2725 eas
2923 2673 3173 2742 vulgavit
3203 2672 3489 2727 affectum.
3521 2675 3720 2727 Tracta

2031 2765 2117 2815 est
2161 2760 2221 2813 in
2253 2760 2646 2813 testimonium
2681 2759 3010 2830 scriptionis
3051 2776 3214 2814 mens
3241 2766 3447 2814 testata
3474 2760 3721 2831 diligen-

2032 2849 2170 2903 tiam
2197 2864 2211 2902 :
2246 2848 2455 2901 mutari
2494 2848 2790 2901 caritatem
2820 2864 2936 2901 non
2967 2848 3148 2913 licuit,
3180 2865 3354 2918 quam
3396 2849 3725 2903 desiderans

1962 2969 2003 3023 Ο
2032 2935 2241 3006 pagina
2272 2935 2688 2989 interveniente
2735 2934 3110 3004 promisisset.
3146 2936 3287 2989 Huic
3320 2952 3409 2989 me
3440 2952 3547 3007 ego
3590 2954 3726 2991 con-

2032 3023 2323 3078 suetudini
2354 3023 2440 3077 vel
2484 3023 2597 3094 legi
2639 3023 2830 3093 potius
2880 3023 3221 3094 mancipavi,
3267 3041 3523 3078 asserens
3572 3026 3725 3079 litte-

2032 3128 2225 3166 rarum
2276 3111 2405 3179 fide,
2443 3112 2595 3182 quod
2628 3111 2697 3166 de
2738 3111 3137 3181 magnitudine
3180 3117 3279 3166 tua
3309 3114 3566 3167 sensibus
3597 3114 3728 3168 ino-

2034 3200 2189 3255 levit.
2222 3202 2332 3254 Vos
2362 3199 2406 3254 si
2444 3216 2667 3254 mecum
2702 3200 2826 3270 pari
2858 3216 2994 3254 cura
3043 3201 3104 3254 in
3134 3201 3555 3256 devinctionem
3586 3218 3730 3256 con—

2033 3290 2341 3354 venientes,
2378 3288 2426 3342 si
2473 3289 2588 3343 fida
2617 3289 2901 3359 interpres
2929 3290 3180 3343 amicitia
3214 3306 3272 3343 se
3312 3290 3601 3344 aestimans
3630 3307 3727 3344 vo—

2036 3383 2159 3432 tum
2182 3377 2335 3431 videt
2357 3378 2608 3445 alterius,
2633 3394 2969 3448 responsum
2993 3379 3254 3433 deferens
3274 3379 3480 3433 tabella
3515 3378 3732 3449 signifi-

2037 3471 2144 3521 cet.
2187 3468 2303 3537 Ego
2334 3483 2574 3521 munera
2599 3468 2955 3521 salutationis
2985 3467 3341 3538 impartiens,
3376 3468 3733 3522 deliberatio-

2037 3571 2170 3610 nem
2212 3571 2401 3610 meam
2444 3572 2562 3609 non
2596 3560 2867 3625 tanquam
2906 3556 3210 3609 verborum
3242 3571 3443 3609 avarus
3487 3554 3730 3611 occului.

2611 3644 2940 3699 EPISTOLA
2979 3644 3161 3698 XVIII.

2570 3746 2896 3787 ENNODIUS
2941 3747 3205 3787 FAUSTO.

2112 3821 2173 3874 In
2203 3818 2525 3874 asserendis
2564 3820 2772 3891 quibus
2816 3836 2981 3874 suum
3025 3836 3143 3874 non
3183 3820 3429 3891 denegat
3471 3820 3740 3876 honestas

2041 3906 2215 3977 plena
2246 3907 2607 3977 suffragium,
2654 3907 3069 3979 multiplicibus
3099 3925 3217 3963 non
3258 3915 3389 3963 utor
3419 3910 3689 3981 alloquiis
3726 3927 3739 3963 :

2043 4011 2114 4049 ne
2157 3995 2407 4066 prolixus
2434 4012 2621 4049 sermo
2651 4002 2927 4067 tanquam
2958 4013 2992 4051 a
3020 4004 3301 4068 negatum
3345 3998 3603 4053 videatur
3626 3998 3738 4052 im-

2044 4088 2294 4155 petrasse
2361 4084 2753 4139 beneficium:
2807 4086 2996 4140 soletis
3059 4087 3213 4140 enim
3272 4103 3401 4157 quae
3456 4087 3745 4156 poscenda

2045 4178 2195 4239 sunt,
2226 4172 2491 4242 precibus
2509 4173 2811 4227 anteferre.
2844 4175 2924 4229 Ad
2955 4174 3261 4228 sublimem
3295 4180 3350 4227 et
3376 4172 3743 4244 magnificum

2045 4260 2229 4314 virum
2283 4260 2627 4331 Opilionem,
2661 4267 2926 4330 parentes
2957 4264 3079 4331 ejus
3120 4262 3179 4315 in
3220 4262 3406 4316 Africa
3435 4261 3746 4315 consisten-

2052 4356 2134 4405 tes
2161 4350 2493 4405 direxerunt
2522 4355 2731 4404 certam
2754 4350 3046 4420 diligentia
3064 4350 3377 4420 inspirante
3400 4366 3704 4421 personam
3730 4367 3743 4404 :

2054 4457 2167 4511 qua
2195 4439 2267 4493 ad
2314 4438 2566 4509 patrium
2597 4439 2779 4493 solum
2812 4443 3122 4505 remeante,
3158 4439 3263 4492 hoc
3305 4438 3448 4491 mihi
3490 4439 3750 4492 muneris

2053 4529 2326 4599 prazfatus
2350 4528 2617 4599 injunxit,
2663 4532 2726 4582 ut
2750 4528 2818 4582 ad
2876 4526 3247 4598 magniﬁcum
3279 4525 3465 4580 virum
3491 4524 3514 4559 ²
3543 4528 3751 4597 Agnel-

2120 4670 2272 4727 Hinc,
2299 4668 2599 4732 Spoletane.
2631 4669 2825 4732 gemis;
2850 4668 3044 4732 pateris
3070 4667 3433 4732 hincdamna,
3458 4669 3644 4727 viator,

2182 4730 2461 4802 Incassum.
2483 4730 2726 4802 quarens
2751 4730 2868 4802 quis
2897 4731 3031 4800 ferat
3056 4730 3330 4802 auxilium.

2121 4794 2249 4842 Nam
2276 4792 2425 4842 fessis
2449 4791 2637 4855 tribuit
2660 4791 2913 4855 requiem,
2942 4791 3267 4855 miserosque
3292 4793 3504 4842 levavit.

2182 4854 2407 4904 Justitiie
2438 4854 2627 4917 cultor,
2658 4854 2836 4917 largus
2865 4859 2917 4903 et
2940 4854 3131 4917 hospes
3160 4854 3288 4904 erat.

2123 4917 2372 4981 Fascibus
2393 4916 2649 4981 insignis,
2667 4916 3001 4981 generisnec
3031 4916 3307 4981 stemmate
3330 4916 3498 4981 pejor.

2186 4978 2279 5026 Hic
2310 4978 2491 5026 lumen
2519 4979 2720 5040 patriae,
2750 4978 2835 5027 hic
2865 4978 3025 5028 decus
3051 4992 3208 5027 omne
3233 4978 3354 5028 fuit.

2066 5076 2268 5130 Fasces
2309 5073 2598 5143 intelligit,
2643 5092 2816 5145 quam
2864 5077 3109 5131 diximus
3152 5081 3521 5147 quaesturam.
3564 5074 3759 5145 Spole-

2063 5148 2317 5200 tinorum
2366 5147 2631 5217 meminit
2682 5147 2820 5217 quia
2877 5148 2937 5200 in
2997 5163 3195 5201 eorum
3240 5146 3514 5201 tribunali
3550 5160 3759 5217 causas

2065 5222 2294 5342 (egeratEi
2331 5222 2392 5269 ut
2438 5221 2566 5287 post
2610 5215 2802 5288 ipsum
2863 5220 3201 5285 Honoratus,
3258 5222 3489 5272 auctore
3544 5215 3758 5271 ibidem

2112 5304 2256 5340 assio
2302 5301 2422 5341 oro.

2112 5301 2422 5341 85510001‘0.

2138 5375 2160 5409 ²
2200 5372 2531 5446 Agnellum]
2576 5375 2903 5442 Patricium,
2937 5376 3037 5446 qui
3080 5376 3137 5430 in
3173 5374 3362 5446 Africa
3405 5375 3757 5429 versabatur.

2067 5444 2448 5501 Theodericus
2482 5444 2579 5499 rex
2628 5447 2791 5500 Festo
2825 5444 3063 5515 patricio
3093 5463 3105 5499 :
3152 5445 3373 5501 Idcirco
3402 5446 3763 5500 decernimus

2066 5519 2130 5570 ut
2153 5515 2354 5570 domus
2372 5516 2609 5586 patricii
2640 5517 2872 5587 Agnelti
2890 5516 2968 5569 ad
2989 5517 3257 5581 Africam
3280 5517 3639 5584 discedentis,
3664 5517 3763 5587 qui

2068 5586 2782 5658 regnumﬁpetcns‘alterius
2796 5591 3003 5658 nostris
3023 5592 3107 5642 est
3137 5588 3496 5654 utilitatibus
3524 5586 3764 5642 servitu-

2070 5656 2191 5721 rcis,
2221 5656 2402 5712 salsis
2426 5656 2642 5728 legibus
2660 5661 2757 5713 tua
2775 5657 3012 5712 tuitione
3034 5659 3299 5713 raltetur.
3323 5660 3440 5713 Lib.
3468 5674 3480 5711 ι
3518 5660 3642 5711 Var.
3680 5660 3759 5709 iii.
