4102 6182
449 302 516 351 ‘79
1680 296 1961 352 ENNODII
2004 297 2316 353 EPISCOPI
2357 298 2740 354 TICINENSIS
3882 308 3950 359 80

445 432 564 484 lum
597 446 699 499 pro
731 426 1233 481 commendatione
1264 440 1494 480 suorum
1528 441 1560 477 a
1581 424 1737 478 vobis
1771 426 1981 496 scripta
2021 442 2138 480 me-
2181 449 2224 500 Α
2251 443 2321 481 ne
2353 428 2689 498 petitionem
2707 434 2955 500 negatus
2982 428 3286 484 frustretur
3317 431 3571 499 effectus,
3605 434 3685 488 sic
3718 450 3948 489 conces-

447 523 655 570 reatur.
689 517 869 580 Quam
921 531 1040 569 rem
1074 512 1519 568 emendatissimi
1554 513 1856 567 hominum
1894 531 2007 568 non
2040 532 2145 568 ne-

446 605 671 673 gabitis,
704 620 820 657 nou
873 603 1125 657 contenti
1170 602 1583 670 benignitatem
1620 608 1862 657 vestram
1905 605 2054 657 solos
2085 603 2173 656 int

440 693 605 745 Italia
646 693 862 762 positos
896 690 1213 761 agnovisse.
1282 690 1442 742 Nunc
1472 690 1749 760 obsequia
1780 707 1907 744 mea
1937 692 2143 745 litteris

446 782 706 842 reddens,
764 796 991 833 causam
1040 778 1367 847 scriptionis
1420 778 1719 832 verborum
1787 780 2144 849 compendiis

444 869 707 924 iudicavi.
751 871 853 920 Vos
886 868 1098 922 dicenti
1131 882 1313 935 pauca
1344 873 1610 935 praestate
1640 868 1949 938 prmcipua.

1040 998 1372 1053 EPISTULA
1418 1000 1544 1051 XIX.

898 1130 1221 1169 ENNOUIUS
1268 1128 1686 1168 APOLLINARI.

514 1230 883 1285 l’roducendo
930 1231 1079 1283 circa
1129 1234 1417 1282 amantem
1468 1230 1634 1282 vestri
1672 1229 1897 1283 silentia
1942 1229 2010 1283 ad
2041 1230 2138 1283 ab-

438 1320 679 1373 sentiam
703 1319 1055 1388 corporalem
1081 1318 1339 1371 animum
1363 1318 1760 1371 trausmisistis
1784 1334 1796 1371 :
1828 1319 2134 1372 retinendo

438 1410 699 1479 paginas,
735 1408 789 1459 in
826 1407 1173 1459 immensum
1214 1406 1409 1472 crevit,
1445 1422 1572 1475 quae
1617 1407 1889 1459 hactenus
1934 1405 2136 1459 divisio

436 1496 517 1548 nil
551 1494 787 1546 valebat.
842 1494 949 1545 Res
992 1508 1060 1544 eo
1107 1491 1276 1545 rediit
1322 1508 1424 1560 per
1458 1491 1862 1545 abstinentiam
1906 1492 2136 1545 tabella-

438 1599 588 1646 rum,
626 1588 687 1634 ut
716 1581 922 1634 veteris
952 1582 1056 1633 aevi
1102 1580 1460 1649 providentia
1499 1582 1756 1634 conferat
1803 1580 1882 1634 nil
1928 1582 2131 1636 amori.

443 1670 733 1724 Raucessit
780 1669 1005 1727 caritas,
1058 1685 1229 1739 quam
1284 1668 1587 1722 verborum
1636 1686 1840 1723 avarus
1898 1670 2136 1740 despicit

2253 533 2379 571 sum
2408 516 2622 571 meritis
2653 496 2855 571 vestris
2886 518 3071 571 locum
3095 535 3198 589 per
3226 521 3399 591 longa
3420 526 3744 593 temporum
3770 524 3947 577 inter-

2252 606 2396 659 valla
2426 605 2687 659 teneatis.

2818 694 3055 749 EPISTO
3068 696 3151 750 LA
3190 697 3354 751 XXII.

2609 796 2933 837 ENNODIUS
2979 798 3334 839 SYMIACHO
3391 800 3587 841 ΡΑΡᾸΞ.

2323 867 2593 932 Quamvis
2632 870 2864 923 sublimi
2916 871 3035 923 viro
3084 873 3387 926 Laurentio
3435 874 3659 928 assistat
3705 891 3810 945 pro
3858 876 3948 945 pi-

2248 972 2493 1026 gnorum
2526 958 3027 1013 commendatione
3060 959 3314 1030 probitas
3344 978 3466 1023 sua,
3514 968 3571 1016 et
3602 964 3778 1033 patris
3812 981 3948 1034 pru-

2249 1044 2443 1097 dentia
2474 1062 2675 1099 causas
2705 1046 2913 1100 sobolis
2961 1054 3305 1118 exsequatur
3335 1066 3347 1103 :
3382 1055 3636 1104 attamen
3675 1053 3946 1106 sollicitu-

2248 1132 2380 1186 dine
2407 1134 2642 1203 genitali
2674 1137 2743 1189 ad
2771 1134 3048 1206 ampliora
3090 1138 3367 1207 procedit,
3402 1145 3459 1192 et
3502 1140 3589 1192 vix
3622 1140 3801 1195 credit
3843 1158 3948 1211 pro

2245 1220 2376 1273 filiis
2406 1222 2667 1276 sufficere
2696 1224 2848 1293 quod
2885 1230 3155 1278 meretur.
3188 1226 3540 1294 Adjutricem
3573 1228 3631 1281 iu
3680 1230 3947 1299 astipula-

2245 1309 2401 1363 tione
2450 1311 2725 1380 germinis
2764 1314 3035 1382 paginam
3071 1315 3321 1384 quazrit:
3361 1320 3418 1369 et
3446 1318 3769 1386 trepidante
3816 1318 3945 1371 dili-

2243 1399 2437 1467 gentia
2466 1404 2695 1469 patrum
2728 1401 2994 1456 ardorem
3028 1403 3234 1457 nititur
3259 1419 3388 1458 cum
3423 1405 3791 1459 universitate
3812 1422 3945 1477 par-

2243 1485 2358 1539 tiri.
2392 1486 2649 1555 Cogitate
2679 1488 2727 1540 si
2762 1488 2885 1542 viro
2913 1490 3132 1559 optimo
3155 1490 3352 1561 negari
3385 1491 3617 1546 effectus
3648 1494 3854 1564 potuit,
3889 1499 3947 1547 et

2243 1572 2337 1641 pia
2367 1579 2423 1627 et
2446 1576 2600 1643 justa
2631 1578 2907 1645 poscenti.
2942 1578 3177 1632 Tribuat
3205 1579 3473 1633 divinitas
3512 1581 3777 1635 effectum
3810 1598 3942 1652 pre-

2242 1661 2400 1714 cibus
2433 1663 2575 1732 ejus,
2603 1670 2660 1716 et
2690 1664 2840 1717 hunc
2860 1664 3235 1719 beatitudinis
3257 1671 3455 1720 vestrae
3478 1667 3789 1722 nominatis
3811 1684 3945 1721 con-

439 1760 716 1812 ventilare
752 1775 763 1811 :
800 1758 921 1811 sine
969 1758 1188 1810 cultura
1231 1762 1314 1809 est
1353 1757 1651 1827 diligentia
1693 1758 1753 1810 in
1801 1774 1967 1811 usum
2018 1774 2132 1812 non
2175 1746 2216 1801 Β
2247 1748 2439 1802 Cmam
2471 1750 2741 1819 ἀίεηθίιιν
2769 1751 3055 1818 δίῖθεῐυηιν
3095 1758 3156 1806 Ut
3201 1754 3384 1823 erigat
3431 1756 3691 1825 Parvulos
3730 1756 3941 1825 ίωῐδιο·

438 1847 672 1899 reducta
718 1862 822 1915 per
853 1847 1088 1915 paginas
1118 1863 1129 1899 :
1164 1846 1293 1915 styli
1347 1846 1666 1915 frequentia
1696 1846 1871 1899 vivaci
1921 1848 2134 1915 pabulo

441 1937 673 1988 insitam
707 1935 1031 2004 pectoribus
1062 1935 1244 1987 nutrit
1282 1934 1614 1987 amicitiam.
1650 1935 1910 2001 Facilius,
1939 1935 2131 2001 frater,

438 2025 626 2077 fuerat
664 2023 961 2076 desideriis
1010 2022 1151 2075 meis
1192 2026 1243 2075 te
1292 2023 1451 2075 nullo
1500 2028 1756 2091 tempore
1800 2023 1989 2093 cupita
2031 2024 2133 2075 tri-

436 2112 646 2179 buisse,
696 2128 869 2181 quam
921 2128 1072 2181 saepe
1121 2111 1344 2164 indulta
1388 2111 1721 2163 subtrahere
1756 2128 1767 2164 :
1803 2114 1936 2181 quia
1965 2112 2132 2165 corda

436 2201 718 2264 nesciunt,
756 2216 883 2269 qua:
915 2200 1052 2251 cibis
1094 2199 1355 2253 dulcibus
1400 2206 1593 2269 pastor
1624 2200 1823 2253 artifex
1875 2201 2129 2253 irritasti.

435 2289 743 2356 Aliquanto
798 2289 951 2340 enim
1000 2295 1260 2357 tempore
1311 2288 1695 2341 continuando
1738 2288 2129 2357 scriptionem,

438 2378 838 2429 immemorem
890 2392 978 2428 me
1024 2377 1493 2446 sequestrationis
1524 2376 1811 2442 effeceras,
1845 2378 1981 2429 dum
2014 2377 2131 2429 effi-

437 2467 589 2534 giem
659 2466 1039 2519 venerabilem
1106 2466 1329 2535 placido
1382 2465 1669 2518 inserebas
1717 2466 2013 2535 alloquio:
2075 2472 2133 2519 at

437 2571 590 2609 nunc
624 2556 1069 2608 commeantium
1106 2570 1308 2609 vacuas
1334 2571 1538 2608 manus
1582 2554 1771 2607 nudus
1802 2554 2127 2624 inquisitor,

435 2643 697 2713 inspicio.
729 2647 850 2713 Ego
882 2650 1071 2697 tamen
1117 2644 1249 2696 nolo
1288 2660 1480 2697 errore
1525 2659 1655 2696 meo
1694 2644 1906 2696 alienas
1938 2644 2129 2713 culpas

437 2749 709 2799 asserere,
746 2739 807 2786 ut
832 2732 987 2802 quod
1018 2733 1227 2785 factum
1260 2733 1451 2800 doleo,
1480 2733 1774 2786 admisisse
1806 2733 2123 2786 convincar.

433 2822 637 2890 Accipe
674 2837 835 2889 ergo,
868 2820 1328 2873 emendatissime
1360 2820 1684 2885 hominum,
1714 2821 2127 2874 desideriorum

433 2910 653 2975 solatia,
696 2925 799 2979 per
840 2908 1125 2961 caelestem
1171 2909 1413 2976 gratiam
1459 2909 1785 2962 absentibus
1831 2910 2126 2977 attributa,

433 3002 490 3049 ct
538 2999 874 3067 perlatores,
919 2996 964 3049 si
1014 2996 1126 3049 mei
1179 2998 1311 3049 estis
1361 3013 1662 3063 memores,
1708 2998 2025 3066 sublevate;
2066 3003 2127 3052 ut

2244 1844 2367 1891 rata
2400 1854 2625 1891 coronae
2664 1844 2861 1893 vestrae
2908 1840 3199 1895 miseratio
3237 1848 3559 1911 :quatenus
3601 1843 3753 1896 anxii
3788 1844 3940 1896 circa

2243 1926 2397 1996 ipsos
2442 1927 2718 1997 genitoris
2762 1934 2891 1982 vota
2937 1937 3298 1999 superentur.
3353 1932 3590 1985 Domine
3624 1932 3722 1997 mi,
3771 1948 3941 2002 spero

2241 2020 2305 2068 ut
2332 2015 2613 2084 promissa
2654 2016 2873 2071 dudum
2905 2017 3229 2087 benignitas
3259 2020 3320 2072 in
3364 2035 3429 2072 ea
3460 2026 3623 2089 parte
3668 2021 3938 2074 testimo-

2244 2104 2405 2157 nium
2437 2104 2599 2171 ferat,
2626 2104 2672 2157 si
2694 2106 3123 2175 comprehensis
3164 2108 3425 2177 superius
3456 2110 3803 2178 geminatam
3836 2110 3940 2163 im-

2242 2192 2414 2263 pendi
2445 2193 2709 2263 gratiam,
2745 2195 2842 2263 qui
2873 2211 2974 2263 per
2998 2212 3089 2249 me
3122 2201 3406 2267 precatur,
3437 2198 3743 2269 intelligat.

2809 2284 3135 2338 EPISTOLA
3182 2284 3365 2338 XXIII.

2690 2386 3011 2426 ENNODIUS
3056 2388 3485 2428 DOMINATORI.

2310 2456 2653 2526 Oportuerat
2698 2459 2930 2529 quidem
2980 2461 3265 2516 desideria
3316 2467 3519 2529 vestra,
3568 2478 3696 2533 quae
3739 2464 3937 2519 fratris

2242 2546 2468 2613 Aguelli
2510 2548 2777 2616 patefecit
2802 2550 3085 2619 allegatio,
3128 2557 3188 2604 ut
3214 2552 3423 2605 tabella
3448 2560 3746 2620 reseraret,
3773 2560 3830 2607 et
3863 2557 3931 2608 ad

2240 2633 2519 2688 elicienda
2566 2637 2850 2707 colloquia
2904 2638 3146 2693 formam
3178 2656 3364 2694 sermo
3410 2642 3654 2710 praevius
3699 2643 3934 2697 exhibe-

2240 2728 2325 2775 ret
2355 2740 2367 2776 :
2402 2724 2538 2793 quia
2562 2726 2752 2794 potuit
2799 2726 2899 2780 tibi
2931 2729 3152 2781 restitui
3184 2729 3333 2799 quod
3365 2729 3599 2784 debebis
3633 2748 3645 2784 :
3679 2747 3783 2784 nec
3812 2732 3935 2786 ullo

2239 2826 2329 2863 me
2374 2813 2561 2865 colore
2612 2813 3000 2883 defenderem,
3036 2822 3088 2869 te
3133 2818 3423 2887 loquente,
3455 2835 3485 2872 a
3515 2818 3737 2889 paginis
3764 2820 3938 2873 absti-

2238 2900 2445 2955 nendo.
2482 2903 2541 2954 In
2574 2906 2671 2956 tuo
2709 2903 2838 2973 jure
2873 2904 2999 2971 fuit,
3032 2905 3244 2975 linguie
3278 2912 3487 2960 nostrae
3526 2908 3693 2961 ferias
3722 2910 3938 2962 exerci-

2238 2991 2317 3042 tio
2361 2996 2733 3057 commutare,
2784 2997 2840 3045 et
2887 2993 3212 3063 rubiginem
3244 2996 3567 3049 rusticantis
3598 2997 3813 3067 eloquii
3857 2998 3939 3051 fa-

434 3052 687 3139 ηρδξείειηι
717 3083 1197 3155 peregrinationis
1228 3086 1611 3153 incommoda,
1642 3086 1777 3139 dum
1822 3087 2127 3140 nominatis
2166 3052 2205 3103 (ἶ
2238 3078 2477 3132 brilibus
2506 3080 2704 3133 studiis
2727 3097 2991 3135 amovere
3018 3099 3030 3136 :
3056 3084 3191 3153 quia
3213 3083 3652 3139 sicutdamnum
3682 3086 3936 3141 caritatis

431 3175 677 3241 patriam
728 3173 1146 3226 commendatio
1191 3175 1373 3226 amica
1404 3175 1728 3228 contulerit.
1777 3174 1995 3237 Quibus
2027 3191 2125 3227 re-

433 3262 787 3327 meantibus,
814 3262 1017 3313 nuntio
1067 3277 1159 3314 me
1206 3267 1407 3314 vestra;
1439 3263 1779 3317 valetudinis
1810 3264 2120 3317 sublevate.

1033 3394 1363 3447 EPISTULA
1413 3396 1519 3450 XX.

859 3515 1183 3555 ENNODIUS
1227 3516 1501 3555 JULIANO
1546 3518 1605 3557 Υ.
1654 3517 1692 3557 ι.

502 3613 806 3666 Exercetur
834 3612 1147 3682 diligentia:
1178 3612 1394 3666 bonum
1426 3611 1736 3683 scriptione
1768 3614 2071 3685 multiplici
2105 3630 2117 3669 :

428 3702 642 3772 lingua:
674 3703 826 3757 enim
877 3702 1086 3756 indicio
1136 3704 1461 3757 animorum
1507 3710 1719 3759 secreta
1767 3705 2116 3774 panduntur.

427 3792 683 3845 Assiduis
727 3808 921 3844 curam
952 3790 1235 3862 impendit
1264 3793 1528 3863 eloquiis,
1574 3794 1672 3863 qui
1704 3794 1882 3847 otium
1927 3810 2119 3849 amore

426 3886 761 3936 commutat.
798 3883 925 3934 Haec
955 3888 1088 3934 sunt
1125 3882 1328 3949 ofﬁcia,
1366 3898 1467 3952 per
1496 3899 1625 3953 quae
1663 3883 1868 3936 tacitus
1900 3883 2119 3938 innote-

428 3971 533 4024 scit
571 3970 820 4023 affectus.
858 3970 1171 4023 Familiaris
1202 3971 1475 4040 perlator,
1513 3971 1621 4024 nisi
1654 3972 1970 4026 reddendas
2000 3975 2116 4027 cul-

430 4059 570 4113 mini
600 4062 784 4111 vestro
818 4059 1055 4128 paginas
1102 4059 1427 4129 accepisset,
1465 4076 1556 4113 me
1586 4060 1823 4115 oblitum
1856 4078 2117 4116 reveren-

424 4150 519 4200 tia:
549 4153 754 4201 vestra:
786 4151 1107 4200 testaretur.
1154 4148 1349 4202 Nescio
1382 4150 1535 4203 enim
1567 4150 1818 4204 caritatis
1867 4167 1987 4204 esse
2018 4167 2116 4206 ne-

422 4238 662 4307 gligens,
713 4252 814 4289 nec
844 4242 1067 4306 partam
1116 4238 1307 4291 labore
1351 4239 1591 4307 gratiam
1638 4240 1818 4309 quieti
1865 4240 2115 4294 serviens

422 4325 693 4394 cllugare.
725 4325 899 4379 Multa
930 4325 1107 4379 debeo
1142 4326 1305 4380 verba
1349 4326 1550 4381 faaderi
1581 4344 1594 4380 :
1629 4328 1724 4381 sed
1771 4327 1837 4381 ad
1882 4326 2115 4383 brevita-

419 4421 534 4469 tem
566 4416 718 4484 cogit
768 4414 1027 4484 epistola.
1066 4416 1216 4483 Vale,
1251 4417 1329 4469 mi
1374 4416 1624 4483 domine,
1659 4417 1937 4470 honorem
1970 4418 2114 4471 salu-

421 4504 520 4557 tati
550 4504 854 4573 accipiens,
891 4510 949 4557 et
993 4503 1139 4557 circa
1179 4521 1270 4558 me
1316 4505 1568 4559 adultam
1617 4520 1778 4558 serva
1829 4505 2112 4575 dignatio-

419 4607 571 4645 nem.
609 4592 697 4645 Sic
727 4592 875 4645 bono
908 4592 966 4646 in
1020 4593 1272 4647 medium
1305 4593 1513 4647 ascitus
1552 4593 1902 4664 reipublicae,
1936 4595 2006 4650 de
2033 4595 2112 4650 fe-

420 4680 642 4734 licitatis
664 4686 775 4734 tua).
807 4681 1180 4735 diuturnitate
1206 4682 1530 4753 gratularis.

1006 4816 1338 4870 EPISTULA
1389 4817 1514 4870 ΧΧΙ.

690 4938 762 4975 EN
781 4938 1012 4977 NODIUS
1048 4938 1452 4979 CONSTANTIO
1501 4939 1821 4979 EPISCOI’O.

482 5024 720 5094 Vigilius
768 5025 1147 5079 subdiaconus
1186 5031 1369 5079 vester
1411 5026 1651 5096 experiri
1685 5026 1862 5079 voluit
1891 5031 2105 5096 quanta

412 5113 550 5166 mihi
600 5129 631 5167 a
684 5114 839 5167 vobis
885 5115 1089 5167 caritas
1143 5114 1503 5181 redderetur;
1540 5120 1597 5168 et
1641 5115 1709 5168 ad
1744 5115 2099 5170 occasionem

412 5203 696 5272 profectus
743 5203 830 5257 sui
872 5205 1329 5274 conjunctionem
1363 5210 1614 5257 nostram
1661 5210 1895 5258 conatus
1927 5204 2102 5259 addu-

410 5309 557 5358 cere,
592 5297 799 5346 statum
832 5292 981 5346 inter
1011 5309 1114 5346 uos
1151 5292 1438 5357 amicitim,
1471 5293 1606 5346 dum
1640 5298 1885 5361 augetur
1914 5293 2090 5347 hono-

412 5380 587 5445 ribus,
620 5381 947 5435 vultmetiri
981 5398 992 5435 :
1030 5388 1312 5451 quatenus
1341 5381 1409 5435 ad
1432 5380 1620 5451 ipsum
1642 5381 1858 5435 fructus
1880 5382 2093 5451 redeat,

407 5486 575 5540 quem
608 5485 673 5522 ex
708 5470 1020 5539 diligentia:
1073 5486 1255 5523 messe
1287 5469 1664 5525 condidimus.
1702 5471 1873 5523 Hunc
1902 5470 1943 5523 si
1974 5487 2091 5525 me-

405 5576 550 5627 reor,
586 5560 653 5612 ad
703 5559 949 5612 diaconii
980 5564 1329 5612 sacramenta
1378 5558 1668 5629 perducite
1698 5575 1709 5612 :
1752 5565 1817 5613 ut
1844 5559 2096 5629 dignitas

406 5647 623 5717 praefati
650 5647 716 5700 ad
750 5663 905 5717 spem
944 5647 1081 5700 milii
1118 5647 1376 5718 proficiat
1408 5647 1625 5717 majora
1659 5648 1948 5719 poscendi.
1985 5650 2090 5703 Sed

2235 3173 2319 3220 est
2341 3169 2593 3237 primum
2617 3170 2869 3240 cupienti
2888 3187 3003 3224 non
3025 3172 3287 3226 dedicare
3315 3189 3637 3228 sermonem
3663 3192 3675 3227 :
3702 3176 3779 3228 ita
3800 3191 3934 3246 pro-

2236 3256 2504 3324 mulgatae
2533 3256 2831 3326 scriptioni
2864 3258 3156 3312 silentium
3203 3260 3457 3329 reddere,
3512 3278 3613 3316 nec
3664 3264 3933 3319 amicitia:

2234 3343 2435 3395 suadet
2460 3344 2740 3397 memoria
2770 3360 2873 3397 nec
2902 3346 3157 3415 pudoris.
3183 3348 3342 3402 Nunc
3364 3354 3556 3403 tamen
3587 3351 3825 3405 accessit
3858 3353 3930 3406 ad

2232 3430 2466 3500 genium
2500 3447 2713 3498 meum,
2741 3433 2891 3503 quod
2925 3434 3163 3504 paginas
3190 3436 3512 3507 imperasti;
3541 3443 3596 3492 et
3631 3438 3679 3492 si
3708 3440 3933 3494 subtra-

2229 3518 2388 3572 hitur
2417 3520 2765 3589 testimonio,
2799 3525 2953 3593 quod
2989 3540 3285 3595 nunquam
3325 3527 3383 3580 in
3416 3543 3612 3581 amore
3644 3528 3793 3583 vires
3839 3530 3930 3584 in-

2231 3611 2478 3678 terrogo.
2533 3610 2792 3664 Facessat
2823 3612 2895 3665 ab
2938 3612 3186 3683 ingeniis
3216 3614 3567 3682 liberalibus,
3615 3622 3680 3671 ut
3724 3618 3931 3673 credas

2230 3695 2437 3750 fascem
2470 3713 2590 3753 esse
2618 3698 3062 3769 intolerabilem,
3096 3719 3266 3773 quem
3300 3706 3515 3759 amicus
3542 3706 3809 3776 imponit.
3842 3710 3929 3762 Tu

2229 3790 2454 3840 tantum
2501 3791 2693 3841 exacta
2740 3791 3141 3860 complectere,
3189 3797 3244 3845 et
3272 3808 3590 3849 'censuram
3638 3796 3931 3865 castigans

2228 3874 2864 3945 rancidajudicantium
2896 3878 3120 3949 depone
3163 3880 3408 3936 fastidia.
3445 3882 3602 3937 Absit
3639 3900 3670 3936 a
3702 3890 3755 3938 te
3790 3900 3930 3940 eum

2226 3978 2342 4017 non
2373 3964 2562 4018 fovere
2604 3966 2701 4036 qui
2731 3967 2941 4035 paruit.
2977 3969 3038 4022 In
3071 3985 3229 4039 spem
3261 3971 3478 4025 altioris
3517 3974 3708 4026 meriti
3747 3975 3929 4029 trahi-

2227 4058 2334 4117 tur,
2367 4053 2589 4107 etiamsi
2630 4055 2822 4108 veniat
2862 4072 2895 4109 a
2925 4063 3157 4111 moneta
3195 4060 3424 4128 triviali,
3476 4061 3576 4132 qui
3609 4061 3713 4116 tibi
3743 4062 3931 4133 impo-

2224 4141 2394 4195 situm
2426 4142 2540 4196 oris
2572 4144 2919 4214 mancipavit
2953 4146 3313 4217 obsequium.
3350 4150 3495 4220 Ergo
3534 4150 3677 4217 vale,
3711 4151 3792 4205 mi
3825 4152 3930 4206 do-

2224 4230 2399 4298 mine,
2431 4231 2565 4301 quia
2596 4232 2728 4286 nolo
2757 4232 2881 4287 fieri
2923 4235 3166 4305 prolixa,
3200 4253 3329 4308 quas
3370 4254 3488 4292 non
3534 4244 3667 4293 sunt
3696 4240 3765 4294 ad
3793 4256 3927 4311 per-

2152 4350 2195 4403 D
2222 4319 2591 4388 pendiculum
2646 4320 2919 4377 fabricata
2958 4324 3263 4396 colloquia.
3299 4328 3379 4380 Tu
3434 4344 3673 4382 messem
3718 4330 3925 4399 gratiae

2214 4408 2376 4477 juxta
2408 4408 2675 4464 fiduciam
2710 4427 2917 4480 meam,
2951 4417 3224 4484 tanquam
3252 4414 3395 4469 uber
3421 4418 3607 4471 solum
3636 4418 3879 4472 restitue
3906 4436 3920 4472 :

2221 4498 2357 4568 quia
2405 4498 2463 4552 in
2500 4503 2597 4553 tuo
2628 4501 2865 4569 posthac
2904 4502 3010 4556 erit
3041 4503 3301 4572 arbitrio,
3336 4505 3383 4558 si
3413 4506 3610 4560 crebro
3641 4506 3925 4577 epistolas

2220 4602 2374 4641 meas
2401 4589 2654 4658 accipere
2687 4589 2954 4657 volueris,
2988 4591 3076 4644 his
3104 4607 3194 4645 me
3223 4594 3435 4649 muniis
3466 4593 3729 4651 invitare.

2785 4678 3121 4734 EPISTOLA
3158 4681 3333 4735 XXIV.

2748 4780 3065 4823 ENNODIUS
3112 4785 3377 4826 FAUSTO.

2286 4854 2453 4923 A-Iger
2482 4852 2707 4909 animus
2737 4854 2882 4910 sicut
2910 4856 3135 4912 silentia
3166 4875 3279 4913 non
3312 4861 3546 4930 patitur,
3580 4862 3658 4916 ita
3691 4878 3925 4933 proces-

2215 4956 2339 4994 sum
2372 4942 2715 4996 narrationis
2767 4944 2992 5013 abjurat
3023 4962 3035 5001 :
3071 4948 3468 5003 contestationi
3509 4952 3768 5005 maeroris
3808 4969 3924 5009 nec

2213 5030 2587 5097 taciturnitas,
2629 5047 2733 5084 nec
2754 5034 3037 5105 colloquia
3058 5036 3280 5106 prolixa
3320 5040 3667 5093 conveniunt
3700 5047 3927 5097 :arcta-

2210 5122 2305 5171 tur
2346 5119 2577 5190 pagina,
2609 5119 2699 5173 cui
2748 5121 2835 5175 vix
2868 5121 3018 5177 inter
3044 5125 3295 5194 gemitus
3337 5126 3505 5181 verba
3549 5128 3917 5188 tribuuntur.

2208 5206 2313 5261 Sed
2347 5207 2483 5278 quid
2517 5224 2707 5263 assero
2736 5210 2948 5281 linguae
2980 5212 3150 5267 ferias
3180 5215 3309 5285 plus
3334 5210 3645 5287 loquendo,
3681 5223 3735 5271 et
3768 5234 3921 5274 coa-

2206 5300 2352 5349 ctam
2381 5297 2713 5352 necessariis
2743 5300 3044 5369 epistolam
3080 5303 3338 5357 terminis
3371 5306 3710 5374 garrulitate
3734 5308 3919 5377 polli-

2207 5385 2377 5437 ceor?
2406 5386 2585 5439 Deum
2622 5402 2838 5458 quaeso,
2872 5392 2937 5443 ut
2985 5390 3259 5445 anxietati
3306 5408 3446 5447 meae
3486 5393 3554 5447 de
3603 5395 3921 5452 manifesto

2206 5474 2603 5545 prosperitatis
2648 5482 2851 5531 vestra:
2896 5484 3190 5533 succurrat
3219 5480 3453 5537 iudicio.
3487 5483 3586 5537 Ille
3638 5483 3921 5542 admittat

2204 5562 2481 5631 lacrymas
2521 5579 2697 5629 meas,
2753 5566 2842 5619 cui
2888 5566 3079 5622 clausa
3134 5584 3234 5622 ora
3274 5569 3651 5627 fabulantur:
3699 5574 3794 5628 cui
3835 5577 3917 5631 ad

2204 5651 2433 5722 plenam
2463 5651 2806 5719 legationem
2836 5655 3042 5710 sufficit
3078 5672 3141 5711 ex
3176 5660 3615 5730 compunctioue
3647 5662 3919 5719 defluens
