4102 6182
212 260 270 314 8t
1575 248 2059 316 EPISTULARUM
2097 257 2224 316 LIB.
2268 258 2356 316 ιν.
3660 264 3728 316 s2

211 393 402 450 imber
430 392 754 450 oculorum.
789 393 909 465 Ego
954 391 1351 450 labefactatam
1379 409 1497 448 nou
1528 393 1716 448 solum
1747 393 1910 464 quie-
1948 398 1995 452 Α
2024 392 2302 466 principis
2333 393 2565 462 deﬂuat,
2600 395 2750 465 quod
2780 395 2842 449 in
2873 394 3034 450 vobis
3062 399 3309 450 aeternus
3360 396 3544 452 imber
3573 397 3722 452 infu-

209 487 324 537 tem
356 499 579 553 meam,
604 483 707 538 sed
730 487 787 538 et
807 483 1070 549 salutem,
1110 481 1481 536 inimicorum
1515 482 1839 538 valetudine
1863 486 1920 536 et

207 587 516 626 rumorum
547 571 815 642 procellis
844 586 1111 642 agnosco.
1139 572 1346 625 Potens
1394 575 1481 625 est
1510 570 1776 626 divinitas
1808 570 1917 625 im-

211 676 425 714 mensae
460 659 823 730 tempestatis
853 660 1070 714 incerta
1091 659 1240 714 bono
1269 657 1594 713 serenitatis
1628 675 1913 714 amovere.

208 749 331 812 Vos,
365 748 418 802 si
450 749 523 803 de
558 751 672 803 Deo
694 763 938 815 mereor,
983 747 1234 802 salvete:
1281 752 1338 801 et
1376 747 1596 801 amanti
1643 748 1704 801 in
1755 746 1916 802 vobis

207 838 646 904 conscientiam,
698 853 817 891 non
855 837 1207 891 Ravennates
1237 835 1519 903 excubias,
1572 835 1914 890 tabellarum

206 927 685 998 promulgatione
714 926 1018 980 consulite.

810 1013 1140 1070 EPISTOLA
1177 1013 1322 1067 XXV.

744 1117 1068 1157 sumamus
1112 1103 1126 1135 ¹
1171 1115 1380 1155 mssa.

270 1191 332 1245 Si
364 1194 535 1244 vetns
563 1190 864 1262 diligentia
885 1206 1012 1261 quae
1035 1207 1066 1244 a
1085 1189 1421 1260 parentibus
1459 1189 1599 1243 meis
1634 1203 1771 1260 erga
1787 1204 1909 1242 am-

205 1279 562 1349 plitudinem
594 1284 752 1334 tuam
784 1279 1002 1334 fructus
1031 1279 1237 1333 uberes
1266 1278 1336 1332 de
1362 1277 1560 1348 gratia:
1583 1293 1766 1332 messe
1783 1293 1912 1331 con-

204 1368 394 1434 debat,
429 1369 586 1423 circa
615 1383 922 1438 personam
953 1383 1141 1422 meam
1173 1382 1278 1436 pro
1308 1365 1446 1421 fidei
1477 1365 1756 1420 memoria
1792 1381 1908 1420 ser—

201 1459 453 1516 varetur,
503 1459 852 1509 monstraret
896 1454 1221 1524 frequentia
1271 1453 1614 1521 litterarum,
1667 1458 1723 1507 et
1754 1453 1906 1508 inse-

202 1544 426 1615 pultam
455 1543 759 1599 caritatem
784 1544 944 1598 testis
973 1542 1220 1613 pectoris
1247 1558 1437 1596 sermo
1468 1543 1810 1597 recluderet.
1836 1545 1909 1598 At

204 1648 354 1686 nunc
379 1631 636 1687 oblitum
661 1631 775 1686 mei
796 1636 851 1686 te
881 1632 1094 1698 sentio;
1124 1647 1230 1686 nec
1259 1631 1510 1702 aliquam
1535 1630 1788 1686 melioris
1805 1647 1905 1684 sae-

201 1720 308 1773 culi
341 1719 602 1774 retinere
629 1719 1025 1786 concordiam;
1063 1718 1294 1790 quando
1325 1718 1482 1773 nulla
1516 1734 1642 1790 qua:
1689 1718 1902 1773 sollici-

201 1808 460 1863 tudinem
490 1813 659 1862 tuam
691 1808 962 1878 resignat,
1007 1807 1220 1878 scripta
1264 1806 1611 1878 diriguntur.
1659 1806 1768 1862 Sed
1799 1823 1904 1878 ego

201 1896 474 1952 desiderii
521 1895 946 1968 impatientiam
1002 1896 1072 1951 ad
1119 1895 1290 1950 verba
1319 1895 1614 1951 converti:
1654 1895 1755 1966 qui
1787 1896 1903 1950 scio

199 1991 330 2040 tunc
362 1985 663 2040 novellam
710 1984 1022 2039 amicitiam
1059 1984 1269 2040 habere
1315 1985 1695 2052 dulcedinem,
1721 1985 1768 2039 si
1797 2001 1904 2039 au-

199 2089 332 2128 nosa
359 2078 664 2139 servetur;
690 2079 749 2128 et
765 2073 911 2128 illud
942 2088 1064 2128 esse
1081 2072 1141 2126 in
1165 2072 1464 2126 affectione
1494 2073 1717 2143 purius,
1750 2073 1904 2144 quod

200 2163 376 2218 nostri
408 2162 820 2217 examinavere
849 2161 1093 2232 majores
1125 2176 1138 2216 :
1171 2160 1356 2215 sciens
1383 2161 1518 2232 quia
1553 2163 1575 2196 ²
1599 2162 1645 2215 si
1689 2162 1902 2217 Camil-

202 2253 313 2306 lum
344 2257 552 2306 mente
583 2250 814 2318 retines,
849 2250 1170 2305 Ennodium
1214 2265 1333 2303 non
1373 2250 1622 2304 amittes.
1675 2250 1797 2313 Qua
1834 2250 1902 2303 de

202 2356 258 2394 re
306 2339 681 2395 salutationis
728 2355 971 2394 munera
1032 2338 1328 2410 epistolari
1369 2353 1506 2392 cura
1555 2339 1900 2408 persolvens,

205 2445 404 2499 precor
464 2434 533 2482 ut
588 2428 850 2498 bajulum
897 2427 1288 2497 praesentium,
1349 2426 1622 2480 clericum
1685 2442 1900 2491 meum,

206 2530 376 2585 quem
419 2515 492 2568 ad
536 2515 745 2570 Gallias
775 2520 829 2570 et
895 2531 1012 2569 sum
1053 2515 1316 2569 utilitatis
1349 2519 1406 2568 et
1454 2531 1597 2569 meae
1630 2515 1902 2586 jussionis

205 2619 367 2659 causa
395 2603 688 2675 perduxit,
725 2608 1050 2674 susceptum
1098 2604 1312 2658 habere
1343 2603 1616 2675 digneris.
1659 2603 1780 2668 Quo
1805 2620 1903 2658 re-

205 2698 432 2748 meante
463 2709 747 2764 prospera
768 2697 957 2746 vestra
978 2692 1283 2763 scriptione
1314 2691 1534 2762 signate
1560 2709 1572 2746 :
1605 2698 1667 2746 ut
1696 2692 1741 2746 si
1764 2692 1901 2763 quid

204 2782 259 2836 in
287 2798 491 2836 amore
537 2781 736 2836 damni
767 2781 901 2835 fecit.
949 2780 1179 2849 oblivio,
1212 2780 1534 2852 epistolaris
1582 2779 1902 2835 sollicitudo

205 2870 488 2926 restituat.

792 2957 1120 3014 EPISTOLA
1156 2958 1332 3012 XXVI.

586 3057 913 3103 ENNODIUS
953 3047 975 3081 ³
1017 3060 1334 3102 Ευαεκετι
1382 3062 1440 3100 v.
1488 3063 1528 3100 ι.

273 3137 549 3192 Faustum
569 3136 711 3191 caelo
758 3151 930 3190 omen
970 3134 1279 3190 adveniens
1318 3133 1766 3205 auspiciavestra
1786 3149 1904 3188 cor-

207 3226 457 3293 roboret,
518 3230 580 3279 et
627 3225 893 3279 tirocinia
935 3241 1090 3280 came
1140 3223 1432 3294 dignitatis
1484 3223 1599 3276 suis
1641 3222 1904 3276 muniant

205 3315 388 3370 divina
419 3313 698 3368 consiliis.
742 3316 850 3368 Per
881 3330 976 3367 vos
1007 3328 1300 3384 supernus
1330 3312 1487 3366 favor
1517 3316 1680 3381 regat
1709 3311 1901 3365 domi-

207 3419 338 3458 num
366 3402 657 3458 libertatis
693 3418 706 3456 :
748 3406 814 3456 ut
841 3417 908 3456 ex
939 3402 1184 3471 pectoris
1230 3401 1401 3456 vestri
1434 3400 1592 3454 fonte
1623 3399 1693 3453 ad
1736 3415 1900 3453 aures

272 3528 284 3561 ¹
317 3525 536 3598 Basso]
566 3526 812 3598 CalloﬂV.
860 3526 1052 3598 C.Sic
1091 3527 1244 3598 enim
1277 3525 1776 3598 appellavit_epist.
1809 3525 1896 3589 ‘20,

207 3599 295 3653 lib.
325 3615 368 3679 μ.
404 3595 661 3723 (aui—cum
709 3597 953 3652 Ennodii
1001 3595 1336 3669 parentibus
1355 3595 1535 3651 'vetus
1582 3595 1766 3650 fuerat
1807 3611 1900 3647 ne-

207 3676 409 3723 cessitu
458 3685 514 3723 0.

207 3670 492 3724 cessitudo

267 3711 723 3796 ῗὲῒδᾶἶηὶιιαηι
750 3741 936 3793 mente
954 3737 1190 3810 retines]
1214 3738 1322 3803 Qui
1342 3741 1563 3808 patrem
1585 3736 1808 3810 amasti,
1841 3736 1902 3789 ﬁ-

202 3812 338 3866 lium
380 3827 506 3866 non
537 3826 793 3882 spernes.
823 3810 1068 3882 Ennodii
1102 3809 1239 3882 ergo
1265 3817 1425 3882 pater
1451 3809 1896 3882 Camillus._Jaui

205 3883 446 3960 Ennpdii
496 3877 767 3960 parentes
815 3881 1000 3960 Gallos
1044 3877 1216 3960 fuisse
1252 3877 1472 3960 scimus
1523 3897 1554 3934 e
1602 3877 1901 3960 provincia

207 3949 584 4019 Narbonensi,
606 3952 903 4022 laremque
923 3952 984 4006 in
1005 3967 1067 4005 ea
1091 3951 1358 4006 habuisse
1377 3957 1556 4005 totam
1580 3949 1700 4022 ejus
1718 3949 1898 4003 ferme

203 4025 626 4094 cognationem.
667 4021 894 4094 Quibus
932 4039 1067 4094 sane
1111 4021 1487 4092 argumentis,
1541 4037 1611 4094 ac
1649 4021 1896 4075 duorum

204 4092 368 4148 simul
424 4093 680 4148 Ennodii
733 4093 1162 4163 praenominum
1209 4095 1540 4162 conjectura
1583 4092 1780 4163 ducor,
1834 4095 1898 4144 ut

207 4181 457 4236 augurer
486 4162 797 4236 Camillum
855 4164 978 4234 ejus
1007 4170 1229 4236 patrem
1261 4165 1427 4218 illum
1466 4163 1655 4234 ipsum
1700 4162 1895 4236 fuisse,

205 4232 373 4306 quem
404 4235 681 4290 Sidonius
710 4232 962 4288 carmine
1001 4232 1070 4290 ad
1101 4235 1362 4306 Felicem,
1397 4232 1896 4306 summumipsius

206 4302 557 4377 patruelium
591 4311 780 4377 vocat.
817 4306 965 4360 Felix
1007 4306 1292 4377 siquidem
1332 4305 1487 4377 ﬁlius
1513 4303 1628 4377 fuit
1658 4302 1844 4377 Magni
1878 4318 1890 4355 :

2030 482 2195 536 derit.
2233 484 2369 536 Ecce
2400 498 2526 554 quae
2572 483 2742 537 debui
2786 487 2916 538 vota
2943 485 3299 547 rudimentis,
3340 485 3468 539 licet
3511 487 3722 541 coactis

2026 568 2089 622 in
2119 575 2304 624 artum
2337 570 2712 634 sermonibus,
2745 572 3026 626 enarravi.
3061 573 3169 626 Vos
3195 577 3547 628 mementote
3577 591 3719 644 pro-

2027 658 2186 712 missi
2218 658 2429 711 amoris
2461 663 2517 712 et
2545 658 2794 725 foederis,
2824 663 2885 714 ut
2905 660 3027 713 sine
3061 660 3397 732 mutationis
3414 662 3716 732 dispendio

2024 747 2278 801 debitum
2321 746 2461 800 mihi
2502 752 2792 817 quaestura
2825 748 3109 802 dissolvat.
3163 751 3372 803 Tenete
3425 751 3574 804 circa
3621 768 3712 806 me

2026 838 2046 870 ‘
2064 835 2321 889 animum
2343 835 2656 890 decessoris
2683 851 2694 888 :
2715 836 3007 906 dignitatis
3021 841 3220 891 vestrae
3245 838 3579 907 pollicitatio
3597 856 3712 893 non

2023 922 2320 994 frangatur
2351 924 2566 978 variata
2607 925 2886 996 personis.
2924 925 3153 978 Domini
3185 925 3321 993 mei,
3368 927 3575 980 salvete
3611 943 3714 997 pro

2023 1012 2300 1066 desiderio
2321 1012 2613 1084 supplicis,
2639 1021 2691 1066 et
2717 1012 2778 1065 in
2798 1029 3003 1083 magna
3024 1013 3432 1067 beneficiorum
3461 1017 3710 1084 promul-

2021 1101 2249 1170 gatiane
2276 1101 2540 1172 suscipite
2561 1117 2732 1172 parca
2764 1101 3065 1171 colloquia.
3102 1101 3251 1155 Talis
3283 1102 3436 1155 enim
3470 1107 3552 1155 est
3574 1119 3711 1156 usus

2019 1190 2269 1244 felicium
2298 1195 2354 1244 et
2381 1194 2584 1244 natura
2623 1190 2950 1255 meliorum,
2981 1195 3040 1244 ut
3063 1190 3276 1260 linguae
3309 1190 3498 1262 copias
3533 1191 3704 1244 rebus

2020 1282 2077 1332 et
2105 1278 2374 1349 praestitis
2405 1279 2763 1333 antecellant.

2564 1366 2897 1421 EPISTOLA
2935 1364 3152 1418 XXVII.

2533 1468 2855 1510 ENNODIUS
2900 1469 3201 1508 SENARIO.

2090 1542 2394 1598 Festinatio
2442 1543 2742 1614 perlatoris
2790 1543 2851 1596 in
2905 1547 3095 1596 artum
3143 1542 3327 1612 coegit
3379 1542 3704 1613 epistolam,

2017 1630 2309 1685 dolentem
2356 1646 2565 1698 magna
2594 1631 2730 1685 fecit
2761 1647 2941 1700 pauca
2985 1631 3220 1691 dictare.
3253 1631 3421 1700 Apud
3463 1647 3596 1684 eum
3633 1637 3712 1684 ta-

2016 1735 2147 1774 men
2177 1719 2284 1774 ista
2312 1735 2430 1773 non
2461 1724 2718 1789 gravant,
2749 1719 2847 1791 qui
2876 1719 3026 1773 inter
3054 1735 3387 1773 sermonum
3419 1719 3711 1790 angustias

2016 1808 2295 1880 interpres
2348 1811 2404 1862 et
2449 1824 2740 1862 sensuum.
2793 1808 2976 1878 Super
3008 1807 3277 1862 tarditate
3329 1808 3484 1861 enim
3515 1809 3711 1862 domui

2015 1896 2204 1951 Fausti
2259 1900 2314 1950 et
2340 1895 2681 1965 opinionum
2737 1896 3008 1950 varietate
3053 1896 3379 1950 discrucior.
3422 1897 3532 1949 Vos
3583 1901 3711 1965 post

2016 1986 2195 2039 Deum
2226 1984 2500 2039 anxietati
2534 2001 2676 2038 meae
2723 1985 2895 2039 celeri
2944 1984 3314 2056 rescriptione
3345 1986 3656 2039 succurrite
3693 2001 3706 2038 :

2015 2073 2152 2144 quia
2176 2072 2424 2127 deterius
2451 2076 2532 2126 est
2563 2071 2780 2126 incerta
2827 2073 3105 2126 macerari
3147 2089 3266 2142 spe,
3301 2088 3476 2144 quam
3517 2072 3708 2126 mani-

2014 2161 2211 2215 festam
2271 2161 2735 2232 desperationem
2787 2160 3001 2215 indicio
3064 2161 3308 2216 amantis
3364 2177 3696 2232 agnoscere.

2014 2251 2225 2317 Valete,
2263 2250 2342 2303 mi
2369 2249 2612 2315 domini,
2645 2254 2700 2304 et
2739 2251 3097 2305 advertentes
3146 2251 3287 2322 quid
3321 2251 3573 2322 cupiam,
3609 2267 3707 2305 vo-

2012 2338 2127 2392 tiva
2155 2339 2243 2394 vel
2273 2337 2588 2392 necessaria
2617 2339 2982 2408 promulgata
3012 2338 3316 2410 colloquia.

2557 2427 2895 2482 EPISTOLA
2931 2427 3160 2481 XXVIII.

2531 2529 2854 2570 ENNODIUS
2895 2529 3188 2570 AGAPITO.

2081 2602 2138 2657 Si
2171 2602 2312 2657 mihi
2360 2619 2426 2657 ex
2478 2603 2760 2658 sententia
2786 2603 2904 2658 dies
2935 2605 3196 2670 fluerent,
3245 2620 3362 2658 non
3394 2601 3710 2674 negotiosis

2012 2707 2248 2762 operam
2279 2691 2505 2762 paginis
2545 2692 2738 2762 potius
2778 2707 2952 2764 quam
2993 2692 3442 2763 obsequentibus
3473 2691 3702 2745 exhibe-

2012 2796 2162 2847 rem;
2196 2797 2299 2835 nec
2327 2797 2536 2834 munus
2559 2781 2808 2835 caritatis
2839 2781 2912 2834 ad
2943 2781 3129 2835 ofﬁcia
3177 2781 3484 2850 peregrina
3519 2785 3702 2833 trans-

2013 2870 2299 2924 ducerem.
2353 2869 2460 2924 Sed
2517 2873 2743 2923 coactus
2813 2886 2934 2924 rem
2995 2869 3312 2939 diligentiae
3370 2867 3702 2922 necessariis

1941 2985 1981 3039 α
2012 2958 2376 3012 commutavi.
2440 2958 2709 3011 Sublimis
2759 2958 2912 3011 enim
2972 2963 3024 3010 et
3076 2958 3411 3027 magnificus
3462 2956 3547 3008 vir
3596 2971 3701 3024 pro

2013 3046 2223 3101 dolosis
2252 3045 2616 3099 inimicorum
2636 3046 2858 3099 laborat
2886 3045 3139 3099 insidiis:
3161 3045 3260 3115 qui
3283 3060 3384 3114 per
3408 3061 3496 3098 me
3518 3043 3700 3114 aequi-

2011 3137 2141 3189 tatis
2172 3140 2370 3188 vestra:
2403 3134 2673 3204 implorat
2705 3134 3117 3205 patrocinium;
3162 3151 3234 3188 ne
3269 3151 3444 3204 prava
3473 3133 3700 3187 concin-

2011 3223 2165 3278 natio
2198 3223 2531 3294 opinionem
2560 3223 2684 3293 ejus
2714 3224 3078 3293 permittatur
3107 3224 3407 3287 incessere,
3441 3227 3497 3275 et
3523 3222 3702 3275 fabri-

2009 3312 2118 3367 cati
2159 3311 2402 3365 rumoris
2443 3311 2588 3365 ferat
2635 3313 2781 3365 forte
2827 3311 3256 3382 compendium.
3326 3310 3567 3366 Domine
3600 3309 3696 3373 mi,

2010 3401 2415 3455 salutationem
2438 3401 2819 3471 largissimam
2851 3401 3045 3455 dicens
3069 3401 3361 3470 deprecor,
3385 3404 3446 3453 ut
3476 3400 3571 3453 ille
3600 3398 3699 3468 qui

2009 3534 2094 3581 est
2120 3528 2217 3582 lib.
2253 3544 2268 3580 ι
2303 3527 2540 3593 Variar.,
2573 3527 2735 3598 epist.
2795 3530 2849 3580 l2
2906 3529 2960 3579 et
3020 3529 3100 3598 l3,
3138 3525 3198 3579 in
3250 3526 3460 3598 quibus
3511 3526 3696 3598 Euge-

2009 3599 2155 3652 netis
2184 3599 2441 3652 doctrina
2461 3595 2957 3667 cum'eloquentia
2986 3595 3582 3665 singulari’prmconio
3615 3612 3702 3648 cc-

2009 3669 2284 3724 lebratur.
2320 3670 2575 3739 Itemque
2605 3669 2673 3722 ab
2711 3668 2966 3721 Ennodio
3000 3667 3237 3720 ibidem.
3271 3667 3496 3739 Etenim
3529 3667 3696 3739 prin-

2010 3741 2165 3811 cipes
2194 3740 2305 3794 fori
2339 3737 2580 3794 Romani
2612 3739 3099 3811 interadvocatos
3131 3739 3318 3811 fuerat
3342 3737 3702 3811 Olybriusrt

2010 3808 2271 3881 Eugenes
2301 3827 2313 3864 :
2348 3811 2502 3864 unde
2534 3809 2888 3881 Athalaricus
2931 3809 3086 3877 apud
3127 3808 3533 3863 Cassiodorum
3571 3808 3696 3881 lib.

2010 3878 2123 3945 vn;
2142 3881 2305 3952 epist.
2343 3884 2405 3935 19
2437 3881 2505 3934 de
2563 3880 2760 3933 Felicis
2813 3880 2885 3952 ad
2936 3883 3286 3952 qumsturam
3334 3878 3698 3952 promotioue

2012 3949 2262 4006 scribens
2298 3953 2361 4004 ad
2394 3952 2702 4005 Senatum:
2758 3949 3180 4016 Advocatianis,
3215 3950 3418 4019 inquit,
3470 3949 3700 4003 laudem.

2007 4022 2156 4076 inter
2175 4020 2485 4092 primarias
2504 4021 2833 4093 eloquentiae
2849 4023 3181 4093 frequenter
3199 4020 3407 4093 meruit
3427 4020 3694 4074 invenire.

2009 4095 2073 4146 Is
2100 4089 2304 4147 contra
2323 4089 2917 4163 magnumVOberium
2945 4089 3125 4157 stetit,
3144 4089 3202 4163 is
3221 4092 3554 4163 palmarum
3583 4095 3698 4146 Eu-

2005 4164 2224 4235 genetis
2249 4161 2455 4234 [iugum
2484 4161 2736 4216 ubertate
2763 4164 3018 4232 suﬂecit;
3049 4165 3102 4218 et
3129 4161 3253 4218 illis
3279 4179 3398 4235 ραν
3399 4162 3530 4230 fuit
3557 4178 3698 4235 quos

2006 4233 2347 4306 singulares?
2379 4237 2558 4306 Roma
2601 4235 2880 4303 cognovit.
2916 4235 3090 4287 Porro
3132 4234 3407 4306 Eugeneti
3440 4249 3545 4306 pro
3588 4234 3696 4306 Eu-

2005 4302 2138 4375 geni
2171 4309 2389 4359 mutata
2421 4302 2802 4359 declinatione
2833 4321 2900 4357 eo
2942 4319 3149 4373 genere
3191 4302 3549 4375 nictaplasmi
3601 4303 3693 4353 di—

206 4353 1891 4456 βξίξῑνάξῷῑμίῖξῖὶίεειεξξέέζήέξῑξῖῖεὶξῑρῑςζςξίάξίιὶιξξςῆξπί
1933 4353 1976 4406 ι)
2003 4353 2157 4456 seu
2168 4353 3685 4456 ξῐξῖίῆοἳξιῇᾖέιὶξὶξὲηξξρῗοέῌιὲὲιέῆξέ

206 4444 262 4501 in
291 4448 688 4518 descriptione
719 4444 960 4500 convivii
1004 4444 1349 4501 Arelatensis
1377 4446 1474 4518 lib.
1505 4463 1543 4513 ι,
1578 4444 1744 4514 epist.
1783 4447 1834 4518 ill
1877 4460 1890 4497 :

211 4515 592 4572 Recumbente
618 4523 746 4588 post
770 4534 851 4580 se,
884 4523 1014 4588 post
1044 4519 1307 4588 Magnum
1331 4517 1543 4588 scilicet
1571 4515 1893 4588 exconsule,

211 4590 449 4645 Camillo
469 4589 602 4658 ﬁlio
601 4585 846 4658 fratris,
861 4585 959 4660 qui
973 4585 1192 4642 duabus
1203 4587 1576 4660 dignitatibus
1595 4593 1651 4660 et
1670 4585 1898 4660 ipse_de-_

210 4664 386 4713 curris
405 4655 636 4730 pariter
653 4655 958 4714 ornavei'at
975 4655 1440 4730 proconsulatum
1459 4657 1667 4730 patris,
1689 4655 1898 4726 κραίναὶ

211 4731 589 4785 consulatum.
624 4730 808 4794 Quare
845 4731 996 4784 Felix
1051 4735 1106 4784 et
1147 4730 1420 4786 Camillus
1474 4730 1676 4782 fratres
1733 4731 1898 4780 erant

213 4803 512 4880 patrueles,
541 4801 813 4880 fratribus
837 4800 1126 4880 prognati.
1161 4800 1384 4880 Camilli
1411 4803 1630 4880 autem,
1672 4803 1736 4878 ut
1761 4813 1895 4850 con-

209 4869 358 4939 jicio,
391 4872 549 4926 lilius
591 4869 882 4925 Ennodius
915 4869 1129 4939 noster,
1181 4872 1282 4942 qui
1306 4870 1492 4942 Magni
1521 4869 1724 4942 Felicis
1745 4884 1896 4938 pra!—

212 4943 438 5014 nomina
481 4960 514 4995 a
543 4945 860 5013 propatruo
907 4941 1308 5014 ejusquegfilio
1358 4941 1649 4996 derivarit.
1685 4941 1891 4993 Verum

215 5012 326 5066 haec
352 5019 552 5067 nostra
578 5012 802 5067 tantum
835 5020 918 5067 est
941 5012 1235 5068 divinatio.

277 5085 297 5116 ³
329 5081 807 5156 EugenetiY.
846 5084 1127 5156 Qumstori
1146 5083 1344 5156 palatii
1371 5080 1703 5138 Theoderici
1725 5079 1892 5156 regis.

219 5154 361 5208 llauc
390 5154 550 5209 enim
581 5154 666 5208 illi
699 5154 1037 5226 dignitatem
1088 5154 1408 5225 gratulatur
1440 5169 1675 5226 :quam
1713 5155 1896 5226 etiam

217 5227 483 5296 expressit
514 5221 846 5294 carmine'Q,
882 5227 1033 5298 quod
1059 5221 1128 5281 de
1151 5227 1439 5297 Eugeucte
1472 5221 1595 5295 ipso
1618 5221 1893 5293 scriptum

218 5303 295 5348 est
318 5313 332 5348 :

270 5366 376 5414 V'ox
401 5366 534 5429 justi
566 5370 816 5428 quaestor,
848 5365 1027 5430 legum
1057 5367 1371 5423 substantia,
1399 5365 1554 5414 nobis

329 5429 428 5477 Ceu
462 5428 696 5477 thbus
725 5429 900 5477 mittet
917 5429 1170 5490 carmina,
1202 5429 1418 5492 plectra,
1445 5428 1610 5490 lyram

587 5463 696 5476 luuu
726 5463 900 5477 ωιυινυ
917 5463 1170 5490 νυιιιιιυιι,
1204 5463 1418 5490 ιιιννυιιι,
1446 5463 1630 5490 ιδιυωο

224 5507 334 5561 l-‘uit
381 5510 557 5563 etiam
621 5513 819 5580 postea
874 5509 1150 5581 magister
1206 5508 1548 5573 officiorum,
1610 5512 1669 5561 ut
1701 5507 1892 5562 videre

264 5632 294 5699 _'
320 5631 421 5681 Hoc
449 5634 530 5681 est
558 5631 890 5699 addlitteram
920 5650 938 5699 ς
977 5633 1231 5699 [neasptete
1251 5633 1470 5699 inferne,
1491 5648 1665 5699 quare
1692 5649 1768 5682 me
1785 5635 1894 5699 ju-

264 5693 271 5699 _
320 5651 421 5681 noc
449 5651 530 5681 ρει.
558 5651 624 5680 au
662 5651 890 5682 "ueram
926 5651 938 5682 :
977 5651 1470 5698 [Itaqueiam/erue,
1505 5651 1522 5676 ί
1543 5651 1665 5681 uw-e
1692 5651 1768 5682 me
1800 5651 1894 5696 Ju-

228 5705 400 5741 u‘raarem
418 5693 654 5758 rapuisti
671 5695 839 5745 subita
855 5695 880 5743 Ζ)
902 5697 1037 5755 Quid
1052 5697 1294 5758 festinas?
1319 5696 1431 5745 Non
1459 5651 1554 5744 ιὲίὶ
1573 5711 1743 5744 omnes
1761 5696 1898 5744 debe-

2003 4447 2300 4513 Niciatem,
2333 4443 2462 4518 ipro
2504 4443 2835 4518 Eutycliem,
2873 4444 3207 4518 Diogenem,
3255 4445 3553 4509 Eusebem,
3589 4443 3690 4518 Ni:-

2003 4519 2150 4572 ciam
2195 4515 2668 4588 apud‘iuferioris
2687 4517 2792 4588 αξνὶ
2813 4516 3115 4588 scriptores
3147 4529 3567 4588 nonnunquam
3609 4515 3688 4567 of-

2001 4585 2308 4653 fendimus,
2339 4593 2396 4641 et
2427 4588 2488 4641 in
2519 4587 2771 4658 antiquis
2822 4585 3294 4656 inscriptionibus
3348 4585 3683 4655 saepissime,

2002 4665 2067 4714 ut
2096 4659 2155 4713 in
2185 4659 2292 4714 hac
2317 4660 2576 4713 Romana
2611 4676 2626 4711 :

2608 5088 2618 5099 .
2684 5069 2840 5100 Ubi

2594 5117 3112 5172 ANICE'I‘US

2523 5190 2697 5242 ΡΑΤ
2727 5190 2762 5241 Ε
2797 5190 2868 5241 ll.
2944 5189 2980 5241 F
3017 5189 3052 5240 Ε
3086 5190 3152 5240 Ο.

2158 5293 2428 5356 Ἀπλήρῳτ“
2457 5292 2586 5351 did-ru
2616 5293 2663 5340 τί
2692 5309 2748 5355 με
2780 5293 2950 5356 νήπιρν
2977 5293 3199 5356 ἥρπασας
3226 5294 3385 5355 ἄφνω

2158 5355 2211 5403 Τί
2240 5353 2480 5417 σπέύδεις;
2513 5356 2567 5402 οὔ
2599 5372 2672 5402 σοι
2694 5353 2873 5408 ’πάντες
2901 5353 3189 5416 ὁῳειλὸμεθπ
3218 5358 3256 5402 ’⁵.

2076 5436 2100 5470 ’³
2127 5435 2400 5490 Animum
2430 5435 2763 5506 decessoris]
2789 5436 3000 5506 Fausti,
3035 5435 3237 5505 opinor
3272 5451 3283 5487 :
3328 5451 3496 5503 quem
3524 5450 3695 5505 supra
3723 5481 3728 5486 .

2007 5513 2351 5579 quiestorem
2375 5507 2620 5562 vidimus
2652 5505 2758 5560 lib.’
2785 5523 2842 5573 ιι,
2879 5505 3046 5576 epist.
3073 5509 3158 5559 '23.

2010 5649 2125 5682 mur
2153 5636 2240 5696 aut
2291 5634 2422 5682 forte
2466 5635 2638 5692 potius
2675 5648 2786 5682 cum
2821 5636 3016 5696 [macto
3062 5633 3425 5694 interroganti,
3469 5647 3568 5682 non
3602 5632 3696 5679 tibi

2007 5711 2176 5744 omnes
2203 5695 2482 5744 debemur?
2515 5697 2664 5744 Εῡιτ.
