4102 6182
331 261 399 316 83
1554 256 1839 314 ENNODII
1879 256 2190 313 EPISCOPI
2228 255 2620 313 TICINENSIS
3750 256 3820 311 84

332 395 393 450 in
417 392 576 448 vobis
606 397 776 448 notus
808 396 892 447 est
919 389 1082 463 vigor
1109 396 1383 462 assurgat,
1425 394 1481 446 et
1512 390 1664 461 quod
1702 407 1736 445 a
1758 390 2016 461 patribus
2051 394 2100 447 Α
2127 390 2357 462 pudeat.
2393 391 2558 445 Nefas
2588 394 2674 446 est
2702 390 2859 446 enim
2889 390 3217 446 credentem
3248 390 3320 445 ad
3340 391 3577 463 obliqua
3605 406 3820 462 provo-

332 482 535 538 vestris
564 482 817 553 poscitur
853 482 967 536 mei
994 479 1271 535 sermonis
1307 479 1603 550 obsequio,
1644 480 1717 533 ad
1756 479 2024 550 impetra-

335 572 555 626 tionem
586 586 900 642 congruam
928 571 1295 641 perducatur.

922 657 1250 712 EPISTOLA
1280 656 1446 709 XXIX.

869 748 887 785 ι
936 758 1248 799 enaoows
1296 758 1493 798 eam.

407 834 661 891 Caelestis
688 834 994 888 utilitatem
1024 832 1353 902 sequacium
1378 848 1513 884 cura
1530 830 1801 901 disponit.
1819 829 1843 862 ²
1865 831 2028 884 Inan-

338 924 555 994 spicata
587 924 731 977 bene
765 922 833 976 de
868 923 979 975 Deo
1012 920 1364 974 merentibus
1389 920 1539 974 dona
1560 919 2028 973 tribuuntur.In—

341 1012 488 1081 gerit
515 1026 763 1081 superna
788 1010 1133 1079 dispensatio
1169 1009 1340 1062 etiam
1382 1009 1538 1079 quod
1571 1009 1893 1078 supplicare
1922 1007 2028 1061 liu-

342 1101 584 1155 manitas
615 1114 729 1152 non
758 1098 1073 1169 praesumit.
1126 1101 1497 1167 Agnoverunt
1528 1097 1839 1150 adversarii
1881 1096 2031 1150 sedis

340 1195 560 1249 vestras,
595 1204 708 1257 quo
748 1193 1152 1257 propugnante
1187 1188 1489 1239 vincantur
1519 1202 1532 1241 :
1575 1187 1728 1256 quod
1771 1186 2030 1255 proxime

343 1279 413 1331 de
458 1276 811 1346 Aquileiensi
855 1276 1184 1345 redemptor
1233 1281 1422 1327 noster
1450 1290 1695 1344 persona
1733 1274 2027 1328 reseravit.

341 1366 411 1419 Et
439 1364 568 1419 ideo
617 1364 766 1417 inter
795 1364 1127 1418 excellentia
1159 1378 1465 1416 munerum
1498 1362 1824 1416 divinorum
1876 1368 2028 1432 peto,

344 1459 409 1508 ut
438 1453 550 1506 mei
595 1468 807 1505 corona
842 1458 1027 1505 vestra
1050 1451 1377 1504 meminisse
1402 1466 1518 1503 non
1548 1450 1776 1503 abnuat.
1822 1450 2031 1504 Invitat

345 1543 500 1597 enim
532 1542 605 1595 ad
648 1541 1045 1595 famulandum
1077 1540 1377 1610 plurimos,
1421 1539 1519 1610 qui
1559 1539 1819 1606 quamvis
1858 1538 2033 1609 longe

344 1632 598 1703 positum
637 1629 826 1700 diligit
854 1630 1283 1698 obsequentem.
1323 1629 1472 1681 Vale.

930 1716 1260 1771 EPISTOLA
1299 1716 1441 1769 XXX.

758 1818 1078 1859 ENNODIUS
1120 1819 1435 1858 EUGENETI
1481 1818 1629 1858 v.1.

418 1895 726 1965 Postquam
778 1896 964 1963 prima
997 1895 1118 1963 spei
1158 1909 1301 1947 mea:
1334 1892 1597 1946 effectum
1630 1888 1838 1943 dedere
1864 1886 2038 1940 collo-

348 1983 507 2053 quia,
559 1983 631 2035 ad
674 1997 840 2035 usum
871 1980 1154 2035 sermonis
1176 1997 1274 2033 ora
1301 1980 1396 2034 diu
1434 1981 1634 2033 feriata
1668 1975 1867 2030 laxavi.
1903 1974 2037 2030 Ani-

350 2077 540 2125 matur
570 2071 721 2124 enim
752 2070 1127 2135 successibus,
1165 2070 1338 2123 etiam
1371 2069 1463 2122 cui
1494 2083 1595 2138 per
1629 2064 2039 2119 conscientiam

350 2175 468 2213 non
515 2159 770 2229 suppetit
818 2158 1053 2212 Latiaris
1093 2157 1361 2210 eruditio.
1416 2153 1780 2209 Cessantibus
1836 2149 2042 2204 studiis

351 2264 500 2318 saepe
540 2247 845 2300 facundum
881 2246 1089 2316 gaudia
1117 2245 1489 2299 reddiderunt
1521 2260 1533 2297 :
1570 2241 1825 2297 maeroris
1845 2239 2044 2294 nubila

350 2334 608 2389 hilaritas
640 2333 897 2403 depellit,
942 2349 1075 2386 mox
1114 2332 1413 2386 rutilantia
1459 2348 1565 2401 per
1592 2329 1814 2383 sudum
1870 2328 2043 2381 verba

349 2424 693 2477 discurrunt.
725 2424 920 2493 Itaque
953 2427 1049 2474 aut
1073 2422 1353 2491 perfectos
1384 2437 1489 2473 nos
1511 2419 1708 2472 laetitia
1742 2421 2041 2481 monstrat,

351 2517 451 2566 aut
480 2511 728 2565 infantes
762 2510 895 2564 facit
923 2509 1253 2563 adversitas.
1299 2511 1445 2575 Haec,
1476 2508 1556 2561 mi
1586 2506 1840 2572 domine,
1884 2503 2043 2557 vobis

352 2599 525 2655 etiam
559 2598 1002 2671 astipulantibus
1031 2598 1463 2652 conﬁrmantur.
1502 2597 1644 2665 Ergo
1664 2600 1890 2664 tempus
1916 2608 2045 2662 pro-

352 2688 640 2761 speritatis
673 2689 991 2757 amplexus,
1024 2688 1200 2741 reddo
1230 2686 1504 2740 debendze
1543 2681 1906 2737 salutationis
1955 2681 2043 2734 af-

352 2775 858 2845 fectum;sperans
892 2782 956 2827 ut
978 2775 1128 2828 circa
1158 2791 1248 2828 me
1281 2774 1486 2829 nobilis
1518 2772 1821 2843 promissio
1843 2786 1972 2840 quin
2011 2785 2044 2821 a

351 2863 717 2933 plenitudine
757 2862 955 2933 gratiae
1005 2862 1250 2932 sumpsit
1296 2862 1613 2926 exordium,
1655 2860 1818 2932 quasi
1849 2859 2042 2913 incre-

353 2954 562 3006 mentis
592 2967 774 3022 egena
804 2951 1150 3023 geminetur.
1189 2952 1337 3005 Vale.

931 3038 1268 3095 EPISTOLA
1297 3039 1467 3092 XXXI.

911 3142 1239 3182 ENNODIUS
1283 3141 1503 3181 AVITO.

426 3213 579 3268 Licet
609 3215 851 3269 multam
882 3213 1050 3268 nobis
1075 3229 1179 3283 per
1226 3213 1441 3266 litteras
1490 3210 1902 3282 magnitudinis
1932 3215 2048 3263 tum

356 3304 713 3356 occasionem
741 3302 937 3372 gaudii
965 3303 1246 3355 elementa
1287 3306 1654 3370 pepererunt,
1685 3316 1813 3353 cum
1847 3300 1913 3353 ad
1954 3298 2048 3352 hi-

356 3390 597 3446 laritatis
628 3390 967 3461 obsequium
1012 3390 1177 3443 index
1228 3389 1447 3443 funeris
1494 3404 1681 3442 sermo
1728 3388 2047 3456 militasset,

358 3496 475 3534 non
506 3485 697 3532 tamen
728 3495 832 3549 par
860 3478 1467 3549 lacrymisjucunditas
1484 3477 1741 3545 contigit,
1769 3492 1871 3530 nec
1908 3492 2047 3531 mce-

361 3567 503 3621 roris
540 3566 837 3620 turbidum
865 3582 931 3619 ex
959 3571 1079 3620 toto
1121 3565 1391 3636 colloquii
1434 3581 1637 3618 serena
1680 3566 2047 3635 depulerunt.

363 3654 587 3710 Retinet
615 3654 986 3708 afﬂictionem
1027 3669 1186 3707 mens
1218 3654 1286 3707 de
1323 3654 1465 3706 tanti
1502 3657 1524 3689 ⁸
1553 3652 1883 3707 decessione
1910 3670 2051 3724 pon-

361 3743 551 3811 tiﬁcis,
584 3742 756 3796 etiam
782 3747 910 3813 post
929 3742 1247 3795 desiderata
1272 3742 1593 3811 colloquia:
1650 3742 1720 3796 ab
1752 3742 1880 3807 hoc,
1916 3742 2053 3812 quia

363 3838 570 3886 natura
599 3847 790 3884 rerum
816 3836 920 3897 est,
954 3836 1017 3884 ut
1052 3831 1326 3901 quaelibet
1360 3832 1555 3884 laetitia
1585 3831 1670 3884 vel
1706 3830 1917 3884 modici
1951 3846 2052 3883 an-

364 3920 520 3988 goris
548 3920 855 3973 collatione
880 3926 1204 3989 superetur.
1236 3919 1344 3972 Sed
1371 3919 1510 3989 quid
1544 3934 1689 3971 nova
1705 3934 2053 3971 commemo-

365 4008 588 4062 ratione
631 4007 890 4072 facimus,
931 4022 1060 4077 quaa
1093 4006 1348 4059 animum
1379 4006 1733 4060 clandestina
1780 4005 2054 4060 hactenus

362 4096 672 4169 jactatione
700 4094 1086 4149 domuerunt?
1127 4095 1280 4148 Votis
1312 4095 1507 4148 vestris
1538 4111 1666 4148 cum
1702 4094 1803 4148 Dei
1834 4094 2055 4165 adjutoo

368 4186 455 4240 rio
484 4185 754 4239 comitem
787 4200 877 4237 me
916 4184 1235 4254 promitto:
1279 4184 1594 4238 dummodo
1646 4182 1800 4236 salva
1852 4183 2052 4237 domui

369 4290 534 4346 papas
565 4275 742 4328 nostri
796 4272 1213 4338 incolumitate,
1246 4273 1419 4326 talem
1449 4288 1543 4325 vos
1573 4272 1811 4343 elegisse
1843 4287 2058 4342 cogno-

372 4380 547 4429 scam,
582 4378 755 4434 quem
787 4377 919 4415 eum
943 4361 1031 4414 cui
1066 4361 1270 4414 anima:
1318 4377 1454 4415 cura
1499 4365 1602 4429 est,
1660 4360 1895 4413 laudare
1942 4376 2060 4413 non

443 4484 766 4557 *Ennodiu:
786 4484 975 4557 papae]
1007 4484 1345 4553 Symmacho
1372 4502 1384 4538 :
1420 4500 1591 4555 quem
1624 4500 1789 4557 papa:
1827 4483 2061 4557 nomine

375 4562 654 4628 perpetuo
688 4554 1011 4628 significat:
1062 4571 1259 4628 omnes
1305 4554 1589 4628 siquidem
1638 4554 1910 4623 epistolas
1965 4559 2064 4608 aut

374 4626 522 4700 pene
541 4627 885 4700 omnesillo
912 4626 1220 4700 superstite
1244 4626 1489 4700 scripsit.

446 4700 467 4732 ³
528 4695 931 4767 Inuus-picata]
988 4694 1143 4749 Nova
1171 4694 1591 4767 signiﬁcatione
1639 4694 2063 4767 inauspicatum

376 4768 675 4822 meliorem
706 4768 766 4820 in
809 4766 1029 4836 partem
1070 4768 1261 4837 posuit
1298 4783 1402 4834 pro
1444 4766 1757 4836 improviso
1786 4772 1841 4819 et
1873 4766 2064 4836 inspe-

378 4846 501 4893 rato
532 4838 703 4903 bono,
739 4838 891 4907 quod
920 4842 1131 4907 printer
1150 4852 1310 4906 spem
1341 4844 1396 4890 et
1442 4838 1916 4907 exspectationem
1947 4853 2068 4890 eve-

380 4911 519 4963 niat.
554 4909 642 4962 Sic
670 4906 766 4961 lib.
802 4924 840 4973 ι,
873 4909 1035 4977 epist.
1063 4911 1093 4961 ὅ
1130 4923 1145 4962 :
1176 4906 1569 4977 Inauspicalis
1610 4906 1929 4961 sucess‘ibus
1973 4906 2068 4961 illi

378 4982 740 5051 provectuum
757 4979 1105 5051 incrementa
1127 4981 1372 5051 uentura
1390 4981 1539 5051 sunt,
1559 4994 1723 5049 quem
1741 4977 1977 5051 cepisse
1993 4977 2068 5031 vi-

379 5048 578 5105 demus
601 5067 637 5103 α
676 5049 945 5113 fascibus.
983 5051 1120 5103 Item
1151 5050 1251 5103 lib.
1304 5065 1357 5102 ιχ
1389 5050 1457 5102 ad
1490 5048 1799 5102 Caesarium
1843 5048 2067 5117 episco-

381 5136 521 5192 pum
547 5136 569 5192 γε
608 5121 761 5176 Unde
785 5119 1123 5191 parentibus
1151 5118 1300 5192 meis
1319 5118 1686 5189 inauspicata
1703 5117 2067 5192 sublimitas?

382 5189 441 5245 et
465 5191 588 5245 aliis
621 5189 851 5263 quoque
884 5191 1022 5263 locis
1044 5206 1074 5263 εΔ
1112 5206 1241 5243 cum
1286 5189 1727 5263 inauspicatum,
1780 5195 1980 5263 contra
2010 5189 2067 5263 id

382 5262 495 5317 dici
536 5259 942 5332 soléatfquod
969 5260 1262 5315 sinistrum
1316 5265 1372 5313 et
1426 5259 1759 5326 infaustum,
1794 5266 1857 5313 ut
1887 5260 2069 5314 Plinio

385 5333 485 5387 lib.
508 5348 697 5397 xxvm,
733 5349 855 5403 cap.
880 5335 933 5386 2.

456 5399 1159 5474 i'Decesrione—pontiﬁcisl
1188 5399 1589 5474 Aquileiensis.
1645 5400 1726 5453 lbi
1757 5399 1910 5454 enim
1938 5416 2070 5455 ver-

387 5473 620 5529 sabatur
637 5472 952 5529 Avitus‘lib.
985 5489 1040 5539 v,
1072 5472 1237 5542 epist.
1273 5473 1359 5525 20.

461 5545 662 5599 ‘Vt'ros
689 5542 1076 5600 comitatensis
1101 5540 1387 5612 exercitii]
1404 5541 1560 5612 Quod
1597 5556 1807 5595 munus
1836 5541 2069 5594 comita-

388 5621 548 5672 tense
580 5616 788 5671 dicitur
829 5614 941 5685 leg.
993 5618 1060 5669 38
1093 5613 1219 5667 cod.
1262 5611 1475 5675 Theod,
1521 5611 1591 5667 de
1630 5611 2065 5667 Decurionibus.

2130 496 2279 546 care,
2307 485 2363 533 et
2392 496 2564 551 quem
2587 480 2791 535 affectu
2821 480 3135 551 obligastis,
3160 496 3261 552 per
3284 481 3498 535 incerta
3520 480 3821 536 deducere.

2133 564 2284 620 Vale.

2700 656 3026 714 EPISTOLA
3055 656 3256 711 XXXII.

2628 759 2950 799 BNNODIUS
2998 759 3339 799 EUGENETL

2206 831 2328 885 Non
2361 832 2582 887 aestimo
2615 850 2735 887 rem
2766 834 3026 905 obsequii
3058 833 3382 904 frequentia
3405 848 3566 903 posse
3590 848 3823 886 rances-

2134 934 2293 973 sere:
2328 936 2427 974 nec
2449 922 2731 975 culturam
2763 923 3072 993 diligentias
3104 923 3236 975 vitio
3268 921 3622 991 garrulitatis
3662 920 3830 974 ascri-

2137 1008 2211 1061 bi.
2244 1008 2521 1078 Suppetat
2548 1011 2689 1064 forte
2729 1011 2799 1065 de
2829 1010 3177 1065 abstinentia
3223 1011 3565 1063 tabellarum
3602 1025 3831 1063 excusa-

2136 1098 2216 1149 tio
2257 1097 2389 1163 illis,
2443 1098 2540 1167 qui
2588 1099 2829 1168 publicae
2862 1098 3124 1152 utilitatis
3162 1098 3374 1151 muniis
3416 1103 3771 1168 occupantur
3814 1112 3826 1149 :

2138 1185 2361 1238 veniam
2394 1202 2509 1239 non
2526 1191 2799 1251 meretur,
2831 1187 2876 1239 si
2904 1203 2938 1240 a
2964 1186 3292 1256 scriptionis
3323 1186 3650 1239 assiduitate
3684 1192 3830 1238 tem-

2137 1278 2299 1343 peret
2337 1273 2645 1327 absolutus.
2682 1274 2925 1345 Liquido
2956 1274 3262 1327 conﬁtetur
3293 1273 3503 1327 amoris
3526 1272 3831 1342 negligen-

2139 1362 2298 1429 tiam,
2327 1362 2425 1432 qui
2465 1378 2594 1415 cum
2621 1362 2819 1433 possit,
2853 1362 3124 1432 epistolas
3146 1362 3205 1415 in
3237 1362 3445 1432 quibus
3471 1367 3557 1415 est
3575 1362 3829 1415 affectio-

2142 1450 2228 1503 nis
2268 1448 2566 1520 pabulum,
2600 1467 2715 1504 non
2746 1451 3068 1504 ministrat:
3095 1466 3257 1503 error
3288 1450 3457 1503 otiosi
3481 1454 3584 1515 est,
3619 1450 3666 1502 si
3685 1450 3838 1503 bene

2140 1545 2431 1609 comperta
2458 1555 2620 1592 meus
2652 1555 2754 1608 per
2786 1538 2997 1608 linguae
3028 1538 3200 1593 ferias
3222 1537 3559 1592 desideratis
3578 1542 3838 1591 attenue-

2142 1631 2236 1680 tur
2264 1628 2510 1696 impasta
2539 1626 2860 1698 colloquiis.
2894 1627 3003 1682 Sed
3032 1627 3177 1680 sicut
3210 1643 3313 1680 nos
3342 1626 3685 1695 religionem
3714 1641 3843 1696 gra-

2145 1716 2239 1769 tiae
2270 1716 2459 1769 fovere
2491 1716 2775 1782 convenit,
2822 1716 2972 1769 curis
3011 1714 3381 1769 saecularibus
3412 1715 3491 1767 nil
3522 1714 3835 1767 debentes:

2144 1804 2225 1858 ita
2248 1804 2359 1858 nisi
2392 1805 2728 1874 magnitudo
2760 1810 2943 1858 vestra
2974 1803 3230 1875 partibus
3268 1804 3382 1857 suis
3413 1803 3661 1857 adfuerit
3691 1818 3838 1872 pro-

2147 1893 2501 1962 mulgatione
2524 1893 2804 1963 responsi,
2824 1893 3111 1946 damnatis
3133 1892 3314 1961 probe
3337 1891 3484 1944 facta
3504 1890 3795 1944 reticendo
3824 1905 3838 1943 :

2150 1981 2285 2052 quia
2309 1982 2355 2033 si
2388 1982 2662 2035 tollantur
2696 1980 3002 2034 virtutibus
3050 1980 3305 2051 praemia,
3353 1995 3525 2050 quem
3559 1978 3845 2032 laborasse

2150 2086 2265 2123 non
2296 2069 2548 2139 pudeat?
2595 2070 2730 2123 Ecce
2778 2075 3079 2140 quantum,
3110 2068 3354 2133 aestimo,
3403 2068 3564 2121 brevi
3585 2068 3845 2120 elocutus

2153 2163 2530 2225 utrorumque
2565 2159 2958 2228 propositum;
2991 2157 3185 2210 animo
3218 2171 3344 2210 meo
3368 2155 3516 2209 male
3548 2170 3669 2207 esse
3696 2169 3843 2207 con-

2152 2248 2339 2313 ﬁteor,
2371 2246 2522 2316 quod
2555 2252 2845 2300 remeante
2878 2246 3248 2311 Montanario,
3281 2260 3411 2297 cum
3445 2243 3727 2297 dedissem
3748 2258 3848 2313 pa-

2152 2336 2335 2406 ginas,
2365 2351 2480 2388 non
2510 2335 2732 2404 recepi:
2765 2335 2915 2405 quod
2943 2334 3202 2387 debitum
3243 2347 3413 2401 posco
3448 2332 3571 2400 lege
3595 2329 3842 2397 restitui,

2152 2424 2369 2493 pudore
2396 2422 2699 2492 geminari.
2736 2422 2896 2475 Nunc
2926 2422 3069 2488 vale,
3104 2420 3184 2473 mi
3221 2421 3475 2485 domine,
3512 2424 3567 2472 et
3595 2423 3845 2472 vestram

2152 2527 2437 2582 quaerens,
2469 2511 2761 2581 propriam
2792 2510 3063 2563 nuntians
3090 2508 3444 2579 sospitatem,
3488 2508 3666 2561 Deum
3703 2522 3845 2577 pre-

2153 2616 2269 2666 cor,
2294 2607 2359 2654 ut
2389 2599 2434 2652 si
2475 2599 2589 2652 mei
2633 2614 2853 2652 memor
2883 2602 2987 2662 est,
3031 2612 3306 2668 prospera
3343 2602 3530 2649 vestra
3567 2594 3849 2665 multipli-

2156 2692 2259 2742 cet.

2696 2773 3032 2828 EPISTOLA
3070 2772 3306 2827 XXXIII.

2669 2875 2996 2915 ENNODIUS
3040 2874 3341 2915 SBNARIO.

2085 2967 2126 3022 ρ
2225 2952 2282 3007 Si
2310 2966 2472 3004 amor
2501 2949 2708 3020 pudori
2738 2950 3143 3019 acquiesceret,
3165 2948 3214 3001 si
3252 2946 3502 3001 caritatis
3530 2946 3840 3018 impatien-

2160 3042 2239 3095 tia
2270 3039 2622 3094 verecundiae
2659 3041 2780 3109 lege
2812 3043 3121 3105 teneretur,
3171 3054 3202 3090 a
3234 3036 3598 3108 paginalibus
3645 3035 3850 3090 ofﬁciis

2157 3136 2563 3200 temperarem,
2596 3133 2653 3181 et
2682 3127 2893 3181 silentii
2922 3128 3164 3181 formam
3202 3126 3372 3179 vestri
3403 3126 3657 3179 imitator
3697 3140 3852 3178 assu-

2158 3234 2375 3273 merem
2409 3234 2420 3271 :
2462 3233 2574 3269 non
2633 3215 2988 3285 improvidus
3043 3214 3353 3267 aestimator
3395 3213 3719 3282 conjiciens,
3752 3211 3854 3266 illa

2158 3308 2367 3378 quibus
2398 3304 2786 3360 remuneratio
2818 3320 2849 3356 a
2882 3302 3037 3356 vobis
3077 3301 3450 3367 subtrahitur,
3474 3317 3587 3354 non
3620 3300 3800 3354 amari
3829 3315 3844 3353 :

2159 3413 2261 3451 nec
2304 3393 2529 3449 suaderi
2558 3392 2780 3447 facilius
2839 3391 3180 3444 tabellarum
3210 3389 3637 3455 abstinentiam,
3671 3404 3872 3468 quam.

2157 3482 2395 3537 tacendo
2432 3498 2444 3535 :
2478 3480 2502 3517 “
2551 3481 2702 3535 viros
2758 3479 3144 3534 comitatensis
3190 3479 3440 3532 exercitii
3486 3494 3585 3548 per
3640 3477 3853 3548 linguas

2158 3572 2326 3626 ferias
2355 3573 2620 3639 clamare,
2662 3569 2798 3641 quid
2831 3574 3121 3639 respuant.
3180 3568 3289 3623 Sed
3321 3584 3435 3621 non
3483 3568 3563 3624 ita
3603 3572 3686 3620 est
3729 3582 3852 3619 ma-

2160 3661 2396 3731 gnitudo
2424 3666 2521 3713 tua
2556 3660 2720 3713 lineis
2754 3658 3037 3730 quadrata
3088 3657 3408 3723 fabrilibus,
3468 3660 3531 3709 ut
3588 3655 3858 3725 quolibet

2160 3753 2307 3801 tecta
2337 3748 2617 3801 velamine
2649 3746 2892 3800 amantis
2935 3746 3131 3799 oculos
3190 3746 3369 3815 possit
3406 3744 3660 3815 effugere
3719 3743 3860 3813 quia

2162 3837 2282 3891 sine
2314 3837 2604 3890 obstaculo
2634 3834 2877 3888 vestium
2905 3834 3218 3905 penetralia
3258 3834 3489 3903 respicit
3518 3849 3680 3887 mens
3711 3831 3856 3885 ami-

2163 3924 2233 3977 ci.
2268 3924 2444 3978 Nemo
2476 3923 2738 3989 aestimet,
2773 3922 2927 3994 quod
2962 3922 3187 3976 latentis
3212 3922 3437 3975 interna
3456 3920 3678 3975 consilii
3702 3918 3857 3989 apud

2163 4027 2324 4065 caros
2367 4011 2566 4064 aulicis
2597 4016 2824 4064 excocta
2858 4011 3181 4065 fornacibus
3226 4012 3371 4064 celet
3398 4008 3713 4063 urbanitas.
3748 4008 3857 4062 Sed

2163 4100 2354 4166 credo,
2386 4099 2635 4170 querelis
2658 4099 2798 4152 meis
2830 4098 2972 4152 illud
3003 4098 3222 4152 ordinis
3247 4098 3418 4152 vestri
3449 4103 3647 4168 aptum
3680 4112 3855 4149 excu-

2166 4188 2482 4242 sationibus
2521 4204 2703 4258 genus
2742 4203 3037 4258 oppones:
3082 4189 3205 4242 Non
3252 4192 3402 4240 recte
3448 4187 3517 4240 ab
3566 4185 3856 4255 occupatis

2097 4300 2140 4353 ι)
2168 4277 2483 4331 otiosorum
2512 4276 2707 4331 munia
2737 4277 3039 4348 postulari;
3076 4277 3161 4330 vix
3193 4276 3264 4330 ad
3312 4276 3430 4329 hinc
3472 4275 3658 4329 ofﬁcia
3690 4289 3862 4344 posse

2173 4366 2511 4420 descendere
2543 4365 2833 4436 obsequiis
2864 4366 3276 4436 principalibus
3331 4364 3703 4418 adhaerentes.
3749 4366 3864 4417 Au-

2172 4492 2602 4557 Comitatenses,
2653 4490 2798 4543 sicut
2860 4488 3120 4554 Palatini,
3171 4488 3518 4557 generaliter
3570 4487 3861 4542 interdum

2172 4571 2445 4616 vocantur
2475 4577 2673 4614 omnes
2694 4560 2792 4630 qui
2825 4559 2880 4612 in
2910 4576 3067 4612 sacro
3101 4560 3316 4629 palatio
3346 4559 3596 4630 militant
3618 4560 3675 4611 in
3709 4559 3866 4627 prin-

2172 4634 2313 4704 cipis
2343 4632 2641 4685 comitatu.
2676 4628 2796 4704 Quo
2829 4645 2998 4704 sensu
3049 4628 3440 4704 comitatensis
3481 4628 3611 4699 jure
3657 4630 3868 4682 dicitur

2175 4699 2459 4767 senarius,
2503 4716 2673 4772 quem
2720 4702 2777 4752 in
2820 4700 2969 4769 regis
3011 4699 3286 4772 obsequio
3331 4700 3479 4772 inter
3536 4704 3867 4772 eaceptores

2174 4778 2449 4827 meruisse
2480 4770 2770 4824 ostensum
2806 4778 2891 4823 est
2913 4771 2980 4823 ad
3007 4771 3169 4840 epist.
3214 4774 3290 4831 ll,
3330 4770 3423 4823 lib.
3458 4786 3535 4823 ιιι,
3572 4771 3867 4823 Interdum

2176 4843 2419 4897 Palatini
2472 4841 2834 4912 peculiariter
2867 4841 3156 4910 appellati,
3208 4841 3307 4909 qui
3364 4840 3423 4893 in
3474 4840 3661 4894 ofﬁcio
3702 4846 3870 4893 erant

2178 4915 2476 4984 utriusque
2500 4912 2723 4984 comitis
2754 4912 3162 4984 largitionum.
3199 4913 3454 4984 Quorum
3490 4927 3555 4984 ex
3598 4927 3865 4984 numero,

2175 4992 2239 5037 ut
2266 4981 2516 5055 antiquae
2541 4983 2688 5051 juris
2712 4982 2916 5052 glossae
2946 4982 3172 5055 docent,
3219 4982 3318 5052 qui
3351 4982 3408 5033 in
3444 4981 3653 5055 palatio
3681 4982 3867 5055 subsi-

2176 5051 2423 5119 stebant,
2466 5051 2862 5107 comitatenses
2905 5051 3389 5115 nominabantur;
3419 5053 3515 5121 qui
3550 5051 3607 5103 iu
3643 5052 3872 5119 provin-

2176 5126 2291 5179 cias
2322 5125 2734 5195 dirigebantur,
2753 5124 3123 5195 mittendarii.
3152 5124 3241 5178 Sic
3268 5126 3419 5195 enim
3452 5123 3821 5195 distinguunt
3854 5138 3867 5195 ς

2178 5191 2461 5249 Παλατῖνοξ
2499 5194 2525 5242 ὁ
2574 5193 2869 5247 παλατιανὸς
2939 5192 3207 5254 ὑπηρέτης.
3271 5191 3531 5240 Παλατῖνοι
3580 5193 3672 5254 γὰρ
3724 5193 3873 5252 κοινῷ

2176 5266 2377 5329 ὀνόματι
2435 5267 2609 5319 πάντες
2670 5264 2934 5311 ἐκαλοῦντο
2990 5263 3033 5310 οἱ
3094 5262 3143 5309 ἐν
3193 5265 3289 5316 τοῖς
3347 5266 3472 5309 κατὰ
3527 5264 3583 5310 τὸ
3632 5258 3873 5309 παλάτιον

2177 5337 2431 5399 Θησαυροῖς
2501 5335 2852 5396 ὑπηρετοῦντες
2920 5334 3167 5391 ταξεῶταιο
3232 5331 3346 5378 ἀλλ’
3400 5331 3443 5379 οἱ
3509 5335 3599 5393 μὲν
3666 5331 3742 5378 ἀεὶ
3800 5334 3875 5393 τῷ

2177 5406 2397 5468 παλατξῳ
2480 5404 2911 5467 προσᾱδρεύοντες,
3001 5402 3227 5462 ἐλέγοντο
3315 5404 3645 5464 κομιτατίσιοι·
3727 5419 3876 5464 κομι-

2176 5480 2324 5525 τείτον
2373 5480 2465 5540 γὰρ
2513 5476 2538 5523 ὁ
2588 5475 2731 5529 τόπος
2777 5474 2827 5521 ἐν
2876 5472 2913 5536 ᾧ
2960 5472 3163 5534 διάγειὸ
3215 5473 3460 5538 βασιλεύς·
3512 5472 3557 5521 οἱ
3602 5474 3651 5521 δὲ
3688 5473 3750 5528 εἰς
3785 5473 3875 5529 τάς

2179 5547 2411 5610 ἐπαργίας
2473 5546 2791 5608 πεμπόμενοι,
2864 5543 3175 5606 μιτενδάριοιο
3240 5544 3369 5593 Mirm
3442 5546 3535 5607 γὰρ
3604 5544 3660 5591 τὸ
3726 5543 3873 5591 Ἀπο-

2179 5616 2389 5665 στέλλω.
