4054 6176
166 303 230 353 85
1557 300 2029 357 El’lSTOLARUM
2071 302 2202 358 LIB.
2247 304 2305 356 ν.
3601 308 3668 360 86

162 434 279 488 divi
331 435 571 507 quidem
609 450 758 506 saepe
798 435 973 490 talia:
1020 435 1117 490 sed
1149 436 1444 501 conﬁteor,
1484 452 1599 490 non
1629 437 1858 508 recepi:
1902 439 1947 491 A
1979 437 2134 491 frons
2179 438 2331 508 picta
2372 439 2666 509 proposito
2702 456 2713 492 :
2763 456 2868 493 nos
2916 440 2983 493 ad
3035 440 3180 494 hanc
3204 438 3474 493 fabricam
3510 439 3667 493 nulla

162 524 303 594 quia
349 524 683 595 frequentes
727 524 1083 578 necessitates
1116 524 1396 579 desideria
1432 526 1864 590 transcendunt,

163 619 216 666 et
253 613 383 667 sine
434 612 863 668 intermissione
906 613 1080 667 timor
1127 614 1276 668 cedit
1304 614 1550 669 aﬂ‘ectui.
1596 614 1866 668 Voluntas

161 701 217 754 in
250 702 430 772 culpa
460 706 563 766 est,
591 701 741 772 quia
769 700 1107 755 concinnata
1127 702 1489 755 excusatione
1515 702 1862 755 defenditur.

159 789 329 857 Ecce,
365 790 446 842 mi
486 788 741 856 domine,
777 804 951 860 quam
993 804 1201 858 magna
1231 790 1476 855 doleam,
1508 804 1638 843 cum
1678 790 1865 844 ofﬁcio

159 877 529 931 salutationis
576 877 829 942 asserui;
866 878 1210 946 perlatorem
1245 878 1474 948 utrique
1509 894 1727 944 carum,
1761 895 1864 948 pro

165 965 283 1018 tide
319 982 428 1018 sua
459 970 514 1018 et
549 964 845 1019 nobilitate
879 965 1309 1029 commendans,
1342 971 1404 1020 ut
1436 966 1714 1020 beneficio
1747 966 1865 1019 cul-

160 1054 349 1107 minis
394 1052 567 1107 vestri
613 1052 972 1107 inimicorum
1007 1052 1312 1107 insolentia
1354 1054 1574 1108 technis
1604 1055 1720 1107 suis
1763 1071 1863 1125 op-

158 1157 366 1211 pressa
397 1140 705 1210 subjaceat.
741 1141 892 1195 Vale.
1390 1214 1393 1217 _

719 1229 1052 1285 EPISTOLA
1091 1230 1315 1284 XXXIV.

615 1332 937 1373 ENNODIUS
982 1320 994 1352 ¹
1048 1333 1418 1373 ιιοιιιιιεοιε.

230 1407 550 1475 Postquam
592 1406 779 1458 votiva
832 1406 975 1459 mihi
1016 1407 1319 1461 necessitas
1362 1411 1549 1459 vestra
1588 1407 1864 1461 beneﬁcio

160 1494 555 1563 proximitatis
586 1492 849 1547 desiderii
894 1495 1066 1565 coepit
1097 1496 1379 1565 spondere
1410 1496 1695 1562 effectum,
1745 1496 1865 1549 ani-

160 1598 256 1634 mo
306 1582 376 1635 ad
428 1582 685 1651 longiora
731 1582 1071 1653 transiistis;
1104 1589 1160 1637 et
1208 1600 1337 1639 cum
1386 1585 1673 1655 Liguriam
1718 1601 1864 1655 pene

159 1686 344 1723 manu
390 1670 744 1740 coutingitis.
787 1671 1043 1741 linguam
1090 1671 1247 1725 feriis
1292 1673 1633 1743 deputastis.
1684 1674 1863 1728 Minus

160 1759 333 1812 licuit
357 1758 629 1813 absentia:
660 1759 796 1813 dum
829 1760 1189 1813 sanctitatem
1217 1766 1458 1815 vestram
1492 1761 1711 1833 prolixa
1743 1762 1864 1814 via-

160 1863 295 1899 rum
328 1846 632 1901 intervalla
660 1852 1004 1901 tenuerunt:
1028 1849 1301 1917 pensabat
1330 1850 1715 1903 confabulatio
1750 1850 1863 1903 dis-

162 1935 387 2005 pendia
420 1934 675 2001 visionis,
711 1936 850 1989 etin
884 1936 1152 1991 remediis
1184 1936 1408 2006 provisa
1440 1936 1752 2008 diligentiae
1780 1938 1866 1991 lit-

158 2029 423 2076 terarum
468 2024 809 2077 commercia
855 2025 1317 2094 praestabantur:
1362 2041 1465 2096 per
1502 2042 1633 2096 quae
1679 2026 1866 2080 officia

156 2112 317 2166 inter
361 2111 717 2165 habitatione
756 2112 1028 2166 discretos
1062 2113 1138 2166 nil
1187 2113 1409 2183 peribat
1438 2112 1688 2169 aﬂ'ectui.
1730 2116 1859 2181 Sed,

161 2200 359 2265 credo,
412 2199 624 2270 eligitis
663 2200 862 2255 amicis
901 2199 1219 2255 difﬁciliora
1260 2201 1514 2256 tribuere
1548 2218 1561 2256 :
1609 2219 1722 2256 non
1754 2220 1861 2273 pu-

159 2293 351 2341 tantes
396 2286 764 2353 beneﬁcium,
789 2289 835 2340 si
868 2304 1066 2357 pascar
1089 2287 1149 2341 in
1187 2293 1346 2342 tanta
1377 2288 1666 2343 vicinitate
1688 2291 1862 2343 collo-

164 2374 338 2446 quiis.
372 2378 445 2429 At
482 2391 618 2446 ergo
655 2392 849 2429 casum
890 2391 1083 2429 meum
1126 2392 1286 2429 versa
1328 2378 1709 2431 aestimatione
1740 2394 1863 2431 sus-

164 2465 313 2534 piro,
340 2480 411 2517 ne
442 2464 735 2517 beatitudo
758 2469 856 2517 tua
888 2463 1148 2518 retulerit
1167 2465 1233 2518 ad
1257 2464 1563 2535 judicium,
1598 2466 1752 2537 quod
1775 2482 1862 2519 ex-

164 2552 357 2606 hibuit
399 2552 845 2619 blandimentis;
895 2553 1032 2606 dum
1081 2554 1229 2623 quod
1274 2555 1579 2624 praecessit,
1633 2554 1865 2608 ascribit

166 2641 437 2712 tempori,
482 2657 601 2695 non
634 2641 835 2695 amori.
892 2642 1149 2696 Facessat
1194 2658 1228 2696 a
1264 2648 1462 2697 nostro
1507 2643 1569 2696 in
1598 2643 1864 2697 amicitiis

236 2767 254 2801 ¹
297 2764 671 2907 Hormiasz
709 2766 976 2819 Diacono.
1017 2765 1135 2820 Lib.
1176 2781 1324 2833 VIII,
1356 2767 1522 2835 epist.
1556 2770 1644 2822 33.

236 2835 260 2866 ¹
298 2838 643 2907 Aproniano
714 2837 774 2890 V.
809 2837 850 2890 Ι.
874 2836 1065 2890 comiti
1094 2836 1174 2889 rei
1205 2837 1458 2907 privatae.
1495 2837 1644 2893 Cassi

236 2835 260 2866 ²
298 2835 671 2908 Aproniano]
714 2837 774 2908 V.
809 2837 850 2890 Ι.
874 2836 1065 2890 comiti
1094 2836 1174 2908 rei
1205 2837 1458 2908 privatae.
1495 2837 1863 2893 Cassiodorus

167 2907 260 2960 lib.
307 2922 399 2961 vn
416 2922 457 2975 ι,
480 2906 875 2977 θρὶεῐῖιιιῐὶιῐιιι
899 2923 911 2960 :
935 2906 1276 2977 Aproniano
1290 2906 1417 2964 viro
1435 2908 1654 2962 illustri
1672 2908 1865 2962 comili

1977 527 2422 597 przecedentium
2468 527 2790 581 studiorum
2840 528 2975 581 lima
3034 527 3399 598 composuit:
3452 528 3664 581 nudam

1976 616 2188 669 scimus
2218 616 2287 669 ad
2325 616 2785 686 conjunctionem
2819 617 3019 670 afferre
3052 617 3415 671 concordiam
3450 632 3463 670 :
3498 617 3665 671 urba-

1979 705 2214 758 nitatem
2256 706 2405 759 inter
2435 721 2593 759 caros
2638 710 2701 759 ut
2742 722 2959 759 venena
2989 708 3332 775 respuimus.
3384 707 3551 775 Ergo,
3587 705 3665 759 mi

1977 792 2229 858 domine,
2271 793 2667 846 salutationem
2701 792 3004 862 accipiens,
3033 800 3320 847 amantem
3352 794 3436 847 tui
3473 794 3529 846 in
3562 794 3667 847 hac

1977 881 2165 950 potius
2196 886 2356 949 parte
2379 885 2610 942 sectare,
2645 886 2699 934 et
2730 886 2789 934 ut
2818 881 3102 934 culturam
3126 882 3259 935 lidei
3278 898 3379 950 per
3394 882 3665 952 frequen-

1974 969 2113 1022 tiam
2141 971 2418 1022 sermonis
2452 970 2764 1038 impendas,
2799 974 2853 1023 et
2893 986 2960 1022 ex
3000 976 3215 1023 secreto
3245 970 3487 1041 pectoris
3514 969 3665 1024 infu-

1975 1062 2095 1111 cata
2127 1056 2473 1127 exspectanti
2508 1058 2679 1110 verba
2719 1058 3016 1111 concedas.
3051 1059 3202 1112 Vale.

2533 1145 2866 1201 EPISTOLA
2907 1146 3106 1201 XXXV.

2402 1249 2723 1289 ENNODIUS
2764 1236 2785 1267 ²
2833 1249 3225 1289 APRONIANO.

2046 1329 2109 1381 lu
2140 1342 2247 1379 usu
2268 1329 2353 1378 est
2373 1325 2507 1377 viris
2531 1338 2755 1376 morum
2779 1322 3035 1376 claritate
3057 1322 3410 1390 fulgentibus
3432 1322 3665 1392 religio-

1974 1432 2105 1469 nem
2136 1414 2402 1469 amicitiae
2428 1428 2530 1482 per
2547 1413 2828 1466 culturam
2863 1411 3082 1464 nutrire
3108 1411 3381 1481 colloquii
3406 1427 3418 1464 :
3444 1416 3507 1464 ut
3528 1411 3667 1464 dum

1974 1494 2173 1565 gratim
2222 1492 2483 1563 germina
2530 1492 2648 1546 fotu
2699 1490 3177 1545 confabulationis
3206 1490 3559 1553 animantur,
3595 1490 3663 1543 ad

1976 1598 2217 1636 messem
2240 1580 2563 1649 conjunctio
2595 1580 2868 1634 fmderata
2889 1577 3199 1648 perveniat.
3235 1579 3340 1630 Per
3362 1577 3481 1630 haec
3513 1576 3667 1629 enim

1974 1670 2172 1724 munia
2213 1670 2392 1723 voluit
2424 1670 2619 1723 senior
2656 1666 3019 1738 providentia
3057 1666 3330 1720 absentiae
3364 1665 3444 1719 nil
3473 1666 3661 1717 licere.

1980 1760 2173 1814 Merito
2223 1760 2290 1813 de
2330 1758 2490 1812 vobis
2527 1755 3024 1811 emendatissimus
3074 1753 3375 1807 hominum
3420 1755 3668 1807 domnus

1977 1850 2213 1902 Faustus
2247 1846 2522 1917 praedicat
2562 1845 2848 1915 singulare
2893 1842 3310 1897 testimonium.
3345 1841 3476 1896 Sine
3517 1842 3668 1895 nube

1975 1938 2144 1989 datur
2171 1934 2423 2005 agnosci,
2455 1933 2599 1986 nihil
2625 1932 2696 1985 de
2728 1947 2793 1985 eo
2830 1931 3234 1997 dubitandum,
3265 1945 3432 1999 quem
3462 1929 3669 1998 proba-

1974 2030 2064 2079 tus
2097 2024 2323 2078 attollit.
2360 2023 2465 2078 Sed
2500 2038 2649 2075 nunc
2671 2020 2739 2075 ad
2761 2020 3019 2091 epistolae
3052 2018 3339 2088 angustias
3373 2034 3460 2070 me
3492 2018 3664 2071 redu-

1973 2128 2126 2180 cens,
2173 2110 2403 2165 secretis
2451 2110 2699 2163 debitam
2733 2109 2956 2162 laudem
3007 2107 3207 2160 claudo
3255 2105 3665 2176 penetralibus.

1975 2217 2046 2254 ne
2075 2200 2229 2271 quod
2257 2200 2408 2270 apud
2436 2204 2701 2251 externos
2751 2198 3074 2250 faciendum
3107 2200 3211 2261 est,
3248 2194 3397 2263 apud
3423 2211 3519 2246 vos
3559 2192 3666 2247 im-
3732 2240 3737 2245 .

1974 2288 2325 2359 portunitate
2355 2292 2665 2340 rancescat.
2697 2286 2850 2351 Vale,
2885 2285 2958 2337 mi
2985 2283 3237 2346 domine,
3263 2284 3663 2336 salutationem

1976 2377 2554 2448 obsequentissimam
2587 2374 2868 2444 accipiens
2898 2390 2909 2426 :
2948 2374 3123 2426 Deum
3170 2388 3391 2441 precor,
3447 2376 3507 2423 ut
3537 2387 3666 2440 pro-

1976 2482 2142 2536 spera
2183 2473 2368 2518 vestra
2395 2464 2453 2518 in
2486 2465 2724 2532 longum
2755 2463 3096 2531 producens,
3140 2460 3282 2514 mihi
3318 2476 3545 2530 quoque
3580 2477 3664 2512 se-

1973 2554 2175 2608 cundis
2222 2554 2534 2608 amicorum
2591 2551 2944 2605 successibus
2991 2550 3271 2621 spondeat
3319 2548 3667 2603 auctionem.

1975 2643 2129 2698 Vale.

2014 2769 2349 2894 rivalarum.
2383 2767 2488 2823 Sed
2523 2766 2797 2831 nondum,
2831 2765 3053 2837 opinor,
3088 2765 3195 2819 hoc
3223 2765 3440 2818 honore
3463 2765 3666 2835 funge-

2014 2857 2044 2893 a
2075 2856 2163 2893 ur.

2012 2856 2163 2893 atlll‘.

1408 3138 1778 3231 LIBER.
1854 3135 2413 3252 QUINTUS.

707 3382 1039 3439 EPISTULA
1081 3383 1317 3439 PRIMA.

477 3485 806 3526 BNNODIUS
854 3472 869 3507 ⁸
912 3486 1172 3528 ιιΒκιιιο
1212 3487 1539 3529 PATRICIO.

236 3560 377 3614 Dum
418 3576 527 3631 pro
559 3560 900 3614 venerandae
945 3560 1221 3630 religione
1271 3561 1635 3616 conscientia:
1682 3560 1858 3615 verba

171 3648 407 3719 dirigitis
438 3649 497 3703 in
524 3648 904 3719 Aquileiensis
928 3649 1204 3703 electione
1226 3650 1535 3720 pontificis,
1566 3656 1623 3704 et
1651 3650 1857 3705 divinis

170 3736 381 3791 initiata
410 3736 615 3806 lingua
643 3736 890 3790 cultibus
920 3737 1128 3791 militat
1156 3738 1561 3804 consecrando,
1582 3738 1639 3792 in
1672 3738 1858 3808 ignoti

169 3842 262 3880 nos
286 3825 589 3895 diligentia
620 3841 950 3880 sermonum
974 3825 1200 3879 vincula
1227 3830 1537 3880 tenuerunt
1570 3842 1584 3880 :
1622 3827 1757 3897 quia
1777 3824 1858 3879 ni-

170 3915 242 3968 hil
269 3920 504 3985 superat
529 3914 782 3984 judiciis,
807 3915 1073 3985 quotiens
1094 3914 1310 3985 aliquid
1334 3914 1609 3984 probatus
1640 3915 1856 3968 extule-

170 4004 253 4058 rit.
300 4004 449 4068 Quid
517 4003 672 4058 enim
731 4004 1025 4058 sententiae
1089 4003 1419 4074 sequacium
1471 4004 1855 4074 derelinquat,

169 4094 391 4164 quando
422 4092 654 4161 iustitiae
691 4092 1047 4161 obsequitur,
1080 4092 1241 4162 cujus
1278 4091 1332 4145 in
1364 4108 1606 4146 examen
1646 4092 1850 4147 delini-

171 4184 243 4236 tio
266 4198 385 4237 non
416 4183 688 4235 vocatur?
702 4182 885 4251 Agitis
916 4182 1065 4235 bono
1094 4180 1457 4236 conscientia:
1486 4182 1641 4252 quod
1671 4184 1856 4235 vestro

173 4272 257 4326 vix
286 4275 598 4342 negaretur
617 4270 879 4341 imperio.
915 4269 1181 4323 Exhibuit
1210 4271 1230 4304 ⁸
1264 4269 1416 4323 inter
1445 4271 1690 4325 arbitros
1712 4272 1855 4326 Mar-

174 4359 353 4413 cellini
392 4358 732 4412 venerabilis
760 4358 1036 4429 collegam
1070 4357 1351 4412 maximus
1381 4360 1710 4425 hominum,
1746 4359 1855 4414 hu-

177 4448 404 4502 militate
447 4446 794 4501 sublimior:
844 4452 900 4501 et
942 4463 1012 4500 ne
1057 4448 1321 4517 potestati
1360 4447 1523 4501 favor
1559 4464 1664 4518 per
1704 4448 1855 4502 obli-

176 4552 303 4607 quos
332 4536 718 4590 ascriberetur
759 4536 1123 4605 interpretes,
1168 4536 1323 4607 quod
1370 4537 1440 4591 de
1482 4536 1717 4607 proprio
1750 4536 1853 4590 de-

176 4626 371 4696 cerpsit
432 4624 625 4696 genio,
681 4624 900 4678 laudati
948 4625 1142 4695 junxit
1195 4625 1267 4679 ad
1323 4624 1591 4695 pretium.
1650 4624 1854 4695 Egistis

238 4768 251 4800 ¹
295 4764 522 4820 Liber-io
542 4762 814 4835 patricio]
838 4765 893 4817 In
921 4764 1137 4834 synodo
1161 4765 1502 4820 Aransicana
1527 4779 1574 4818 ιι
1597 4766 1864 4819 omnibus

178 4837 279 4889 suis
323 4836 660 4890 nominibus
691 4835 1035 4889 subscribit:
1089 4837 1297 4889 Parens
1340 4837 1660 4890 MARCELLUS
1700 4837 1862 4889 Feux

179 4908 433 4961 Ltaeaws
481 4906 546 4957 V.
597 4906 637 4959 C
678 4922 737 4958 ει
791 4922 897 4959 lNL.
944 4921 1269 4960 remeamus
1315 4923 1593 4960 enmoaio
1640 4923 1860 4960 GALLIA-

177 4992 271 5031 ac!
321 4992 503 5038 noua
564 4992 838 5031 PATRICIUS
890 4992 1255 5031 CONSENTIENS
1316 4992 1646 5032 suascawsr.
1710 4978 1863 5031 Nihil

175 5048 364 5101 habuit
406 5052 545 5101 tetas
597 5047 695 5099 illa
737 5046 947 5101 Liberii
994 5047 1223 5101 nomine
1261 5047 1559 5102 illustrius.
1608 5048 1865 5102 Primum

176 5119 311 5172 enim
363 5134 473 5188 pro
520 5117 773 5173 Odoacre
838 5118 1105 5172 adversus
1157 5119 1571 5172 Theodericum
1619 5118 1867 5172 ﬁdeliter

174 5190 317 5243 stetit
351 5205 366 5243 :
399 5193 535 5260 post
572 5189 683 5260 illo
717 5188 940 5243 devicto
988 5189 1100 5260 sub
1126 5188 1495 5255 Theoderico,
1531 5189 1787 5259 quandiu
1818 5190 1865 5243 is

173 5258 445 5330 regnavit,
478 5258 720 5331 summis
742 5264 891 5329 togas
922 5258 1257 5331 militiaeque
1285 5258 1600 5314 honoribus
1633 5260 1865 5330 perfun-

171 5336 307 5395 ctus,
368 5331 552 5385 multa
588 5330 646 5383 in
691 5332 852 5384 llalia
896 5336 954 5384 et
997 5330 1175 5386 Gallia
1220 5331 1495 5402 praeclara
1523 5346 1652 5384 cum
1695 5331 1863 5385 laude

170 5403 341 5471 gessit
371 5418 387 5456 :
438 5403 697 5471 itemque
744 5402 850 5455 sub
886 5402 1229 5455 Athalarico.
1262 5402 1537 5456 Theodati
1570 5402 1740 5456 etiam
1772 5418 1862 5455 re-

171 5475 251 5543 gis
274 5476 497 5543 legatus
516 5472 587 5527 ad
603 5472 988 5527 Justinianum
1022 5472 1289 5541 imperat.
1315 5472 1566 5526 delectus
1592 5489 1604 5526 :
1629 5489 1661 5526 a
1686 5472 1862 5527 Justi-

171 5544 335 5623 niano
383 5544 636 5623 denique
677 5543 825 5623 ipso.
855 5543 1201 5623 militaribus
1230 5543 1408 5623 copiis
1449 5543 1720 5623 adversus
1756 5544 1866 5623 _Go-

170 5616 291 5669 thos
320 5616 380 5669 in
413 5613 654 5697 [taliaet
675 5613 864 5697 Sicilia
885 5614 1244 5697 praepositus,
1269 5614 1415 5688 ἁνήρ,
1443 5620 1512 5695 ιιι⁸
1535 5615 1858 5697 Procopius:

170 5692 422 5750 testatur,
466 5685 619 5746 καλός
660 5703 716 5735 τε
753 5688 842 5734 καὶ
873 5681 1068 5753 ἀγάθὸς
1101 5681 1464 5757 διαφερόνέως,
1498 5684 1651 5755 λόγου
1686 5681 1739 5736 τέ
1768 5686 1862 5736 τοῦ

162 5755 387 5817 aii-1,995;
436 5757 794 5828 ἐπιμελείσθω
850 5754 1263 5826 ἐξεπιστάμενος(
1299 5754 1571 5819 Quorum
1604 5756 1859 5810 omnium

1892 3385 1932 3440 C
1964 3383 2332 3450 mediocrem,
2391 3398 2461 3436 ne
2506 3380 2763 3454 praecelsi
2813 3385 2959 3435 esset
3006 3385 3269 3452 suspecta
3311 3381 3670 3451 praedicatio.

1967 3472 2427 3529 Clarissimorum
2455 3471 2781 3525 testimonia
2815 3476 2876 3524 ut
2907 3471 3053 3527 vires
3079 3470 3378 3541 accipiant,
3415 3472 3665 3525 culmina

1965 3561 2337 3631 castigantur.
2389 3559 2543 3615 Felix
2601 3560 3005 3626 sacerdotium,
3050 3561 3141 3613 cui
3189 3559 3368 3613 facem
3415 3561 3669 3630 praetulit

1965 3650 2137 3720 plena
2182 3665 2343 3702 mens
2375 3648 2627 3702 luminis.
2675 3649 2843 3702 Beata
2878 3648 3257 3714 conversatio,
3291 3664 3418 3720 quae
3459 3649 3667 3703 idcirco

1964 3736 2026 3790 in
2057 3737 2469 3792 discussionem
2497 3737 2740 3791 deducta
2760 3741 2864 3803 est,
2897 3740 2961 3790 ut
2993 3741 3151 3791 tanto
3174 3737 3295 3790 viro
3317 3736 3663 3807 astipulante

1966 3831 2264 3895 superaret
2296 3841 2309 3879 :
2337 3841 2465 3896 qua:
2500 3841 2617 3879 non
2651 3824 2851 3879 didicis
2872 3830 2926 3877 et
2960 3841 3222 3895 saporem
3252 3825 3521 3891 victoriae,
3554 3825 3664 3879 nisi

1965 3914 2340 3983 subjacuisset
2386 3914 2637 3968 incertis.
2687 3912 2924 3983 Semper
2971 3914 3374 3968 innocentibus
3406 3915 3662 3983 gloriam

1967 4003 2201 4057 adversa
2248 4008 2634 4074 pepererunt;
2667 4003 2927 4074 providet
2962 4004 3291 4057 defensores
3320 4002 3663 4057 fortissimos

1967 4090 2270 4144 mediocris
2299 4092 2697 4162 ,‘impugnatio.
2747 4090 2857 4145 Sed
2891 4092 3028 4161 quid
3078 4092 3332 4162 epistolae
3383 4092 3663 4146 terminos

1967 4178 2308 4250 loquacitate
2343 4178 2608 4249 produxi,
2640 4185 2859 4232 coactas
2888 4179 3011 4246 lege
3045 4180 3280 4248 paginas
3316 4180 3375 4233 in
3408 4181 3662 4233 humana

1965 4268 2401 4322 concinnatione
2432 4269 2863 4335 transgressus?
2908 4269 3095 4336 Jungo
3125 4274 3180 4321 et
3223 4284 3347 4338 ego,
3384 4268 3663 4336 amplissi-

1965 4358 2066 4423 mi,
2098 4356 2357 4427 partibus
2380 4355 2583 4411 vestris
2614 4373 2717 4427 pro
2750 4356 2985 4409 modulo
3019 4356 3347 4424 exiguitatis
3381 4355 3653 4424 propriae,

1965 4447 2104 4501 coelo
2133 4446 2291 4501 vobis
2312 4446 2683 4517 obsequente,
2716 4461 3056 4498 consensum
3084 4461 3095 4497 :
3123 4450 3178 4497 et
3209 4444 3360 4513 quod
3396 4443 3658 4503 mirabile

1964 4535 2114 4589 inter
2142 4535 2402 4590 homines
2425 4535 2686 4599 habetur,
2721 4532 3176 4587 consideratione
3198 4533 3371 4586 vestri
3402 4535 3662 4589 attrahor

1964 4625 2033 4679 ad
2080 4640 2354 4679 amorem.
2397 4624 2676 4695 Inspirata
2730 4621 2871 4675 mihi
2916 4637 3018 4690 per
3061 4622 3302 4674 alterum
3354 4622 3539 4692 placet
3567 4624 3659 4679 af-

1972 4770 2231 4821 auct’ores
2252 4766 2415 4821 nobis
2437 4766 2803 4821 Cassiodorus
2834 4763 2931 4816 lib.
2958 4778 2999 4815 ιι
3026 4762 3238 4815 Variar.
3268 4765 3320 4817 ll
3347 4767 3400 4816 et
3435 4766 3524 4829 15;
3554 4761 3654 4819 lib.

1976 4853 2124 4903 vni,
2148 4837 2313 4907 epist.
2338 4842 2389 4895 6.
2415 4842 2470 4890 et
2491 4838 2588 4890 lib.
2616 4851 2703 4899 x1,
2727 4834 2888 4907 epist.
2923 4838 2983 4907 l._
3000 4834 3309 4907 Procopius
3334 4834 3483 4888 idem
3516 4835 3615 4907 lib.
3639 4851 3654 4889 1

1973 4914 2028 4960 et
2051 4924 2126 4962 ιιι
2155 4904 2223 4962 ἆε
2246 4909 2397 4963 Bello
2419 4907 2656 4961 Gothico
2683 4923 2693 4958 :
2717 4911 2770 4958 et
2790 4904 3082 4958 Ennodius
3104 4906 3223 4974 ipse
3248 4905 3344 4958 lib.
3376 4921 3459 4971 ιιι,
3490 4906 3655 4975 epist.

1971 4982 2038 5033 23
2071 4985 2128 5032 et
2157 4981 2245 5043 29,
2278 4980 2375 5032 ubi
2397 4979 2559 5048 plura
2582 4978 2651 5030 de
2688 4977 2927 5031 Liberio.
2964 4977 3119 5048 Hanc
3154 4977 3659 5048 porrogepistolam

1972 5054 2246 5121 tanquam
2305 5046 2634 5121 Symmachi
2694 5048 2929 5121 nomine
2990 5047 3257 5116 scriptam
3300 5046 3367 5099 ab
3402 5048 3659 5100 Ennodio

1974 5118 2124 5173 inter
2151 5118 2472 5190 Symmachi
2506 5119 2772 5188 epistolas
2799 5118 3170 5190 collocarunt.
3419 5188 3426 5190 _
3453 5188 3465 5190 _
3536 5188 3542 5190 Α

2043 5193 2065 5224 ²
2108 5186 2268 5244 Ιηίεν
2306 5186 2556 5244 arbitros
2600 5186 2959 5255 Marcellini]
3010 5189 3329 5241 Honoratos
3379 5188 3657 5253 videlicet,

1973 5277 2217 5331 quorum
2249 5262 2546 5315 arbitrium
2580 5261 2639 5315 in
2666 5259 2919 5331 antiquis
2949 5259 3345 5331 episcoporum
3382 5259 3663 5331 electioni-

1972 5329 2078 5385 bus
2109 5349 2170 5385 ac
2203 5334 2576 5386 testimonium
2602 5329 3170 5402 exquirebaturLLeo
3202 5329 3485 5398 episcopis
3531 5346 3660 5398 pro-

1974 5403 2170 5456 vinciae
2211 5404 2545 5457 Viennensis
2577 5400 2817 5473 epistola
2845 5402 2956 5473 89_:
3003 5400 3664 5473 Ezspectarenluricerle

1970 5476 2099 5528 vola
2145 5473 2371 5541 civium,
2406 5469 2739 5529 les/.imonia
2766 5469 3106 5541 populorum
3138 5490 3152 5523 :
3184 5474 3465 5540 quaere/ur
3495 5472 3664 5524 hono-

1970 5547 2222 5597 ralorum
2254 5538 2561 5600 arbitrium
2590 5538 2791 5597 electio
2818 5538 3335 5611 Clericoru~m,'quaz
3384 5542 3445 5595 in
3469 5558 3660 5595 sacer-

1970 5615 2161 5670 dotum
2191 5616 2373 5669 solent
2400 5614 2850 5669 ordinalionibus
2870 5612 2938 5664 ab
2960 5609 3035 5663 iis
3056 5614 3153 5681 qui
3178 5609 3387 5665 norunt
3423 5615 3661 5667 Patrum

1972 5686 2199 5756 regulas
2223 5685 2515 5741 custodiri.
