4102 6182
377 301 443 357 87
1601 300 1880 360 ENNODII
1924 300 2233 361 EPISCOPI
2272 253 2658 359 'I‘ltllNENSlS
3804 302 3871 355 88

376 433 588 502 fectio;
632 432 770 490 dum
821 436 1016 490 manet
1073 433 1276 490 caritas
1322 433 1452 488 imis
1499 432 1713 488 inserta
1758 432 2066 490 visceribus
2104 438 2149 489 A

380 523 784 594 peregrinante
833 540 1097 594 persona.
1148 522 1427 581 Comitem
1482 538 1540 576 se
1585 529 1777 577 tamen
1832 523 2071 577 cmlestis

382 611 561 681 gratia
591 611 883 666 desideriis
908 612 1116 682 jungat
1145 627 1158 666 :
1212 616 1267 665 et
1307 610 1444 664 dum
1476 610 1683 681 cupitis
1734 612 1901 666 datur
1930 611 2069 666 effe-

381 704 523 762 ctus,
582 705 679 753 aut
726 700 981 754 inveniat
1040 700 1253 753 bonum
1305 698 1687 767 pontiﬁcatus,
1730 705 1830 753 aut
1879 700 2066 753 faciat.

382 789 426 856 (ί
462 788 671 856 Valete,
707 788 785 842 mi
816 787 1067 853 domine,
1092 792 1147 839 et
1176 790 1463 840 amantem
1494 787 1665 841 vestri
1694 788 1904 841 crebris
1934 789 2074 844 rele-

383 882 509 931 vate
541 876 843 947 colloquiis
875 892 887 930 :
913 875 1044 929 utsi
1074 891 1193 929 non
1240 875 1427 946 exigat
1457 875 1778 946 negotiosas
1807 877 2073 948 frequen-

381 965 459 1019 tia
498 967 757 1036 paginas,
794 969 1141 1035 priestentur
1170 964 1441 1034 alI'ectui.)

1000 1052 1343 1107 EPISTULA
1384 1053 1451 1107 II.

835 1156 1157 1195 amemus
1202 1140 1224 1172 ³
1270 1156 1623 1197 nummo.

457 1230 601 1282 Dum
634 1228 784 1283 inter
813 1246 972 1299 spem
1004 1235 1059 1283 et
1090 1234 1306 1282 metum
1340 1230 1564 1284 animus
1594 1246 1755 1284 meus
1785 1231 1855 1287 de
1888 1235 1942 1286 te
1972 1248 2073 1286 an-

382 1317 476 1371 xio
518 1318 833 1387 jactaretur
886 1318 1123 1383 incerto,
1172 1317 1349 1371 solida
1402 1320 1689 1389 profectus
1738 1322 1822 1374 tui
1866 1320 2075 1374 indicia

382 1405 650 1477 colloquii
695 1406 862 1459 melle
912 1407 1212 1460 rescrasti:
1268 1407 1402 1477 quia
1448 1407 1815 1462 domesticam
1864 1410 2074 1480 origini

383 1500 496 1548 tum
528 1495 853 1549 facundiam
885 1494 1067 1549 fidelis
1098 1496 1372 1549 doctrinm
1394 1496 1573 1550 haeres
1595 1498 1930 1567 insequeris.
1952 1501 2072 1553 Non

386 1583 636 1654 degerat,
675 1590 736 1637 ut
780 1584 961 1650 video,
1001 1600 1141 1637 vena
1184 1584 1554 1655 linguarum;
1604 1593 1659 1640 et
1688 1587 1909 1656 peritia:
1943 1602 2074 1639 suc-

385 1672 560 1725 cessio
607 1673 705 1726 illo
746 1688 860 1743 quo
906 1674 1251 1742 patrimonia
1286 1674 1416 1743 jure
1463 1674 1750 1729 discurrit.
1796 1676 2071 1729 Putabam

386 1762 638 1815 scientias
667 1761 827 1815 dotes
861 1778 981 1815 rem
1010 1767 1231 1816 tantum
1266 1763 1632 1833 ingeniorum
1663 1780 1804 1829 esse,
1838 1779 1950 1817 non
1981 1765 2069 1819 fa-

388 1849 582 1915 miliw,
634 1866 739 1904 nec
794 1850 919 1904 duci
976 1866 1077 1920 per
1135 1857 1437 1905 stemmata
1480 1854 1634 1922 quod
1692 1852 1853 1907 labor
1894 1853 2072 1906 conti-

387 1954 535 1991 nuus
590 1944 644 1992 ct
696 1939 1007 1993 indefessus
1054 1940 1224 1994 sudor
1258 1940 1606 2010 adipiscitur.
1641 1942 1771 2009 Sed,
1796 1947 2075 2013 quantum

383 2033 640 2097 apparet,
674 2028 903 2082 ordines
931 2045 1062 2083 suos
1090 2034 1275 2082 servat
1306 2031 1659 2101 eloquentia,
1684 2035 1743 2084 et
1771 2032 1886 2085 oris
1915 2046 2076 2100 pom-

384 2131 459 2184 pa
490 2132 618 2186 qua:
651 2117 959 2171 exundavit
987 2117 1045 2171 in
1084 2118 1387 2185 veteribus,
1426 2118 1635 2189 migrat
1662 2118 1733 2172 ad
1772 2125 2023 2189 posteros
2058 2136 2070 2173 :

385 2204 688 2257 concordat
728 2205 978 2259 scientia:
1008 2222 1205 2259 cursus
1235 2212 1291 2260 et
1321 2206 1625 2261 (luminum
1657 2223 1669 2260 :
1703 2224 1808 2278 per
1838 2224 2075 2261 consue-

384 2295 471 2346 tos
510 2294 695 2347 alveos
742 2299 798 2347 et
837 2294 1060 2348 dicendi
1109 2294 1261 2348 unda
1307 2296 1662 2364 praelabitur.
1717 2295 1879 2350 Venit
1907 2297 1975 2350 ad
2022 2301 2076 2349 te

388 2396 518 2433 cum
559 2397 727 2435 censu
758 2382 935 2452 patris
967 2382 1245 2450 eruditio;
1280 2388 1335 2437 et
1362 2382 1514 2437 bono
1555 2383 1762 2437 sobolis
1789 2384 2076 2438 Asterium

389 2469 648 2539 sepulcra
712 2470 1041 2524 restituunt.
1095 2470 1295 2538 Invidi,
1343 2471 1539 2533 fateor,
1598 2471 1871 2525 hactenus
1913 2473 2078 2526 annis

387 2556 727 2613 senioribus.
780 2559 847 2611 Et
890 2564 1117 2613 aetatem
1147 2559 1239 2613 cui
1283 2559 1379 2613 ille
1412 2575 1711 2613 concessus
1754 2561 1941 2614 fuerat
1991 2578 2078 2614 su-

387 2646 618 2715 spiravi.
651 2647 1063 2701 Beneﬁciorum
1084 2648 1399 2701 caelestium
1424 2648 1723 2718 negligens
1743 2649 2075 2717 aestimator,

388 2734 616 2803 quando
660 2734 821 2805 potui
869 2735 1173 2805 desperare
1205 2736 1275 2789 de
1322 2741 1471 2807 togae
1521 2737 1824 2803 fructibus,
1876 2738 2080 2791 radicis

390 2828 658 2877 manente
692 2824 1050 2878 substantia?
1077 2825 1181 2879 Sed
1217 2841 1466 2895 superna
1496 2824 1865 2895 dispensatio,
1900 2833 1961 2880 ut
1986 2826 2083 2881 det

387 2913 621 2982 genium
667 2912 979 2978 beneficiis,
1029 2913 1404 2983 improvisum
1456 2913 1591 2967 facit
1633 2930 1753 2967 esse
1793 2915 1947 2985 quod
1977 2915 2075 2968 tri-

2790 430 3122 489 EPISTOLA
3162 431 3253 487 Ill.

2569 538 2890 580 ENNODIUS
2933 528 2952 559 ‘
2992 536 3277 578 OPILIONI
3324 536 3384 575 v.
3431 537 3474 577 ι.

2247 612 2434 667 Debeo
2481 612 2749 684 equidem
2802 611 3087 682 prioribus
3139 628 3412 681 responsa
3459 610 3785 683 colloquiis,
3821 615 3877 665 et

2177 701 2237 755 in
2267 702 2540 772 obsequio
2572 700 2847 772 propositi
2896 700 2983 754 vel
3024 700 3281 770 pudoris,
3313 700 3421 753 nisi
3451 700 3663 771 pagina
3706 702 3878 754 rusti-

2180 793 2341 844 cante
2383 790 2734 861 displiceam,
2770 808 2829 842 uc
2868 792 2995 858 cpta
3044 788 3372 859 geminare;
3405 805 3475 842 ne
3510 788 3749 860 potioris
3794 788 3877 842 di-

2178 879 2375 951 gnatio
2408 880 2475 934 ad
2518 878 2911 950 paenitentiam
2968 878 3166 931 redeat
3212 878 3280 932 de
3316 878 3673 948 abjuratione
3706 878 3872 931 fasti—

2178 969 2276 1023 dii.
2310 969 2509 1023 Nostro
2540 968 2696 1022 enim
2728 968 2866 1021 vitio
2898 966 2958 1020 in
2990 965 3241 1019 culmine
3268 966 3564 1019 constituti
3584 963 3877 1035 supercilii

2182 1058 2519 1111 memoriam
2551 1073 2664 1110 non
2695 1056 2988 1121 amittunt,
3024 1055 3070 1107 si
3102 1054 3242 1107 illud
3273 1055 3419 1107 male
3448 1070 3629 1124 genus
3666 1052 3876 1106 sectari

2180 1152 2237 1200 et
2278 1146 2522 1199 humiles
2566 1146 2948 1214 suspicentur.
3000 1146 3140 1197 Cum
3188 1142 3340 1195 enim
3374 1141 3877 1208 feminentissimos

2181 1235 2401 1288 attollat
2430 1234 2724 1303 castigatio
2749 1249 2870 1298 sua,
2903 1237 2959 1286 et
2986 1231 3274 1286 honorum
3312 1231 3609 1301 plenitudo
3640 1230 3876 1283 saecula-

2182 1324 2331 1376 rium
2387 1323 2491 1376 hoc
2532 1323 2652 1375 solo
2698 1322 2938 1375 artificio
2972 1321 3224 1391 patiatur
3254 1324 3584 1390 augmenta,
3616 1318 3878 1372 conside-

2183 1412 2425 1465 randum
2476 1416 2561 1464 est
2608 1409 2747 1481 quid
2790 1409 3029 1478 abjectis
3074 1407 3401 1462 detrimenti
3460 1407 3643 1478 pariat
3697 1412 3879 1475 status

2181 1500 2445 1570 angustia
2475 1516 2586 1552 non
2619 1498 2819 1552 metiti.
2864 1499 3009 1566 Ergo
3053 1497 3297 1550 sufliciat
3325 1494 3738 1566 Emagnitudini
3786 1510 3882 1547 ve-

2182 1596 2313 1643 stras
2339 1588 2491 1659 quod
2519 1592 2645 1658 post
2673 1586 2959 1657 duplicem
2987 1585 3358 1654 scriptionem
3398 1584 3579 1638 sentio
3606 1583 3743 1653 quid
3775 1598 3883 1653 per

2188 1677 2481 1732 silentium
2525 1675 2732 1729 erroris
2778 1674 3138 1729 incurrerim.
3166 1673 3300 1728 'Sed
3340 1671 3529 1740 timui,
3580 1672 3877 1737 confiteor,

2186 1782 2258 1821 ne
2293 1766 2361 1820 ad
2401 1765 2597 1819 vitium
2640 1780 2730 1818 me
2775 1764 3009 1817 duceret
3040 1762 3176 1833 fuga
3210 1762 3507 1832 culparum
3541 1776 3554 1825 ;
3589 1765 3644 1814 et
3690 1776 3881 1813 sermo

2184 1856 2489 1927 deputatus
2520 1854 2587 1907 ad
2624 1852 2888 1923 gratiam,
2920 1851 3055 1905 dum
3090 1851 3249 1903 nulla
3279 1849 3498 1920 peritiae
3533 1849 3669 1903 lima
3698 1865 3884 1903 come-

2187 1949 2365 2011 retur,
2436 1942 2719 1995 inveniret
2780 1940 3074 1995 offensam.
3136 1938 3340 2009 Refugi
3393 1938 3714 2004 horrorem,
3766 1937 3882 2008 .qui

2187 2030 2403 2103 ignaris
2434 2030 2502 2084 de
2542 2028 2773 2101 parendi
2807 2028 3101 2082 occasione
3132 2032 3459 2099 generatur.
3493 2028 3630 2081 Ecce
3662 2025 3884 2080 asserui

2188 2119 2452 2175 habuisse
2470 2134 2560 2173 me
2583 2123 2640 2172 et
2667 2118 2917 2171 animam
2942 2116 3264 2187 depositum
3287 2114 3632 2182 conﬁtentis,
3654 2118 3708 2168 et
3736 2115 3883 2169 bene

2188 2210 2257 2264 de
2292 2208 2506 2262 viribus
2537 2206 2750 2260 conscii
2791 2206 2850 2259 in
2881 2206 3241 2260 restitutione
3280 2205 3701 2258 verecundiam.
3739 2203 3881 2257 Res-

2188 2302 2269 2352 tat
2309 2302 2520 2362 autem,
2553 2293 3004 2349 emendatissimi
3036 2293 3357 2358 hominum,
3393 2298 3447 2346 et
3484 2292 3623 2346 illud
3656 2295 3884 2362 placere

2188 2385 2344 2439 vobis
2375 2383 2732 2454 allegationis
2766 2399 2905 2437 mea:
2942 2382 3297 2451 inspectione
3325 2397 3684 2451 cognoscam,
3725 2380 3885 2449 quod

2188 2476 2461 2529 hactenus
2500 2478 2728 2543 aecepta
2762 2488 2877 2525 non
2931 2471 3171 2524 reddidi.
3230 2470 3363 2523 Fida
3394 2470 3549 2524 enim
3583 2469 3747 2523 index
3798 2474 3888 2521 est

2189 2561 2577 2633 possibilitatis
2623 2565 2831 2614 nostra:
2878 2559 3294 2624 consideratio;
3334 2563 3388 2612 et
3436 2558 3580 2611 sicut
3608 2557 3666 2610 in
3707 2556 3889 2610 omni-

2188 2652 2293 2707 bus
2324 2650 2633 2721 praecipua,
2662 2649 2738 2702 ita
2768 2648 2919 2701 fama
2948 2648 3213 2701 muniens
3236 2647 3381 2700 circa
3402 2646 3615 2716 linguas
3641 2646 3883 2698 maciem

2190 2740 2489 2803 custodita,
2525 2737 2685 2809 quasi
2716 2736 2914 2790 crescit
2940 2736 3330 2806 eloquentium
3369 2734 3470 2788 dos
3501 2734 3715 2805 pudore
3750 2750 3761 2787 :
3798 2734 3885 2787 fa-

2190 2829 2296 2883 cile
2340 2828 2660 2898 prudentim
2704 2842 2913 2879 nomen
2969 2823 3323 2891 adipiscitur,
3369 2838 3498 2876 cum
3553 2838 3654 2893 per
3694 2821 3887 2890 ipsum

2191 2918 2530 2971 conticeseat
2568 2914 2824 2969 infantia.
2858 2916 3053 2967 Causas
3084 2919 3275 2966 tamen
3316 2927 3488 2982 quam
3539 2910 3886 2980 injunxistis,

388 3001 513 3055 buit
544 3017 556 3053 :
595 3004 652 3053 et
679 3000 814 3054 dum
849 3006 976 3054 vota
1005 3002 1444 3072 transgreditur,
1476 3002 1790 3072 potentiam
1822 3019 1984 3057 suam
2016 3003 2081 3057 li-
2121 3013 2161 3067 C
2186 3006 2468 3076 jacturam
2499 3003 2702 3058 frontis
2732 3002 2998 3067 exhibeo,
3023 3006 3079 3054 et
3108 3000 3242 3054 dum
3270 3000 3553 3068 imperata
3577 3013 3885 3068 exsequor,

390 3089 686 3143 beralitate
729 3090 1070 3143 manifestat.
1122 3091 1246 3143 Non
1308 3096 1393 3144 est
1423 3091 1590 3144 bonis
1625 3092 1902 3162 partubus
1935 3090 2081 3145 infe-

392 3178 579 3231 cunda
626 3177 900 3247 Liguria:
937 3179 1119 3231 nutrit
1164 3178 1288 3232 foro
1328 3180 1606 3248 germina,
1661 3196 1785 3250 quae
1837 3180 2083 3234 libenter

391 3266 770 3333 amplectatur
822 3270 877 3318 et
921 3266 1097 3333 curia,
1153 3267 1295 3318 Nota
1336 3267 1703 3336 proximitate
1752 3267 2083 3321 sociantur‘

392 3352 706 3415 causidicus
737 3359 794 3406 et
823 3358 1049 3407 senator
1080 3370 1092 3405 :
1132 3353 1220 3407 his
1256 3356 1354 3424 qui
1388 3355 1531 3409 bene
1565 3362 1700 3425 toga
1728 3356 1813 3409 usi
1846 3356 2081 3425 fuerint,

392 3440 657 3495 reseratis
696 3446 1030 3511 susceptura
1060 3441 1279 3495 sinibus
1309 3444 1560 3512 palmata
1598 3442 1907 3498 blanditur.
1950 3445 2082 3499 Vale

389 3528 741 3595 dulcissime,
776 3534 831 3583 et
862 3529 928 3583 ad
976 3529 1097 3584 haec
1129 3530 1333 3584 decora
1374 3532 1589 3585 multus
1636 3531 1901 3587 incumbe
1934 3548 1947 3587 :
1996 3537 2082 3586 to-

388 3612 511 3671 tum
540 3626 594 3672 te
624 3618 811 3672 studia
836 3618 1076 3672 honesta
1106 3618 1453 3689 suscipiant:
1488 3619 1714 3688 festina,
1756 3625 1818 3673 ut
1842 3621 1907 3674 ad
1942 3637 2084 3675 mes-

390 3722 511 3761 sem
542 3708 783 3777 patriam
816 3708 1025 3776 venias,
1051 3708 1302 3777 linguam
1336 3709 1597 3763 lectionis
1618 3709 1860 3777 sarculo,
1896 3726 2083 3765 mores

390 3798 674 3852 bonorum
706 3796 1024 3852 imitatione
1054 3800 1373 3869 purgando.

466 3955 481 4025 ἕ
535 3953 761 4025 Valete]
794 3954 1028 4009 Omissis
1069 3971 1196 4025 quas
1237 3961 1534 4024 sequntur,
1566 3955 1786 4009 codices
1816 3954 2083 4025 Symma-

388 4024 577 4078 chiani
610 4024 914 4095 epistolam
940 4025 1018 4095 ita
1050 4026 1399 4095 concludunt
1430 4042 1443 4079 :
1472 4027 1626 4080 Data
1652 4042 1821 4081 xvru
1855 4024 2079 4082 calend.

393 4094 691 4152 Novembr.
723 4094 831 4159 die,
862 4094 1171 4152 indictione
1206 4110 1350 4159 vm,
1386 4096 1494 4149 hoc
1523 4102 1609 4150 est
1645 4114 1819 4163 anno,
1850 4103 1910 4150 ut
1941 4099 2080 4163 dixi,

390 4182 599 4220 cuxcu.
629 4167 705 4220 Ex
738 4182 851 4237 quo
875 4172 1031 4236 patet
1056 4167 1324 4237 epistolas
1354 4167 1600 4221 Ennodii
1622 4169 1884 4223 ordinem
1916 4185 2081 4221 suum

390 4253 505 4292 non
527 4237 797 4291 retinere.
817 4237 1084 4307 Alioquin
1108 4238 1197 4292 lue
1227 4254 1353 4307 quas
1378 4239 1447 4291 de
1468 4239 1777 4294 Marcellini
1804 4239 2081 4294 electione

388 4314 587 4379 agunt,
620 4308 1011 4388 superioribus
1042 4309 1301 4379 praeponi
1341 4308 1629 4363 deberent.

460 4382 482 4415 ²
519 4379 833 4449 Marmano]
861 4379 1167 4444 Advocato,
1198 4379 1407 4433 Asterii
1435 4380 1577 4433 tilio.

1154 4420 1167 4444 ’
1198 4419 1350 4433 ιιυινι
1366 4419 1407 4432 ⁸⁸
1435 4419 1577 4433 1⁸⁸⁸νο

461 4454 482 4486 ³
523 4448 851 4505 Causidicus
878 4452 934 4503 et
958 4449 1213 4522 senator]
1245 4451 1328 4504 Ad
1351 4451 1565 4504 curiam
1597 4454 1652 4503 et
1682 4454 1941 4504 senatum
1965 4451 2081 4505 adi-

390 4524 481 4572 tus
512 4536 614 4589 per
655 4522 901 4574 honores
932 4521 1197 4590 patebat:
1240 4522 1311 4574 ad
1356 4522 1602 4574 honores
1645 4526 1835 4575 autem
1868 4523 2083 4591 gradus

392 4595 519 4663 erat
542 4592 857 4645 advocatio.
893 4591 1049 4663 Unde
1083 4592 1511 4663 Valentinianus
1540 4593 1766 4646 novella
1793 4592 1862 4646 de
1892 4599 2082 4663 postu-

395 4661 582 4727 lando,
617 4677 742 4731 quae
775 4667 860 4715 est
898 4663 965 4716 34
995 4662 1147 4715 inter
1173 4662 1619 4728 Theodosianas,
1653 4661 2081 4719 advocationem

391 4732 642 4805 appellat
683 4748 1028 4805 SEMINARIUM
1065 4749 1411 4805 memmium.
1452 4733 1546 4786 Vel
1599 4734 1733 4803 quia
1762 4751 1826 4788 ex
1857 4736 2081 4805 primo—

390 4802 549 4883 ribus
572 4802 856 4883 advocatis
889 4806 1229 4883 plerumque
1270 4804 1484 4883 tiebant
1514 4802 2082 4883 quaestorem—consu-

390 4821 549 4857 rinus
572 4821 856 4882 advocatis
889 4821 1229 4928 plerumque
1270 4821 1484 4883 nepam
1514 4821 1844 4883 quaesrores,
1881 4822 2080 4859 consu-

388 4875 557 4946 lares,
602 4874 871 4943 praesides
911 4879 969 4928 et
995 4874 1091 4927 aln
1158 4880 1370 4928 itterati
1403 4880 1768 4945 magistratus
1798 4876 1991 4946 :quod
2020 4877 2080 4930 in

390 4945 664 4999 Decorato
710 4951 767 4997 et
805 4946 1102 5016 ,Honorato
1148 4946 1393 4999 vidimus
1440 4946 1810 5016 ;passimque
1854 4945 2080 4999 exstant

389 5016 652 5085 exempla
667 5015 818 5087 apud
844 5015 1227 5087 Marcellinum
1257 5022 1312 5070 et
1334 5015 1733 5087 cassiodorum
1766 5033 1780 5069 :
1814 5032 1925 5086 quo
1959 5017 2081 5087 qui-

388 5087 519 5141 dem
550 5102 720 5140 sensn
748 5086 1001 5140 locutum
1030 5086 1136 5141 hoc
1164 5087 1289 5141 loco
1325 5086 1573 5140 arbitror
1601 5087 1945 5141 Ennodium.
1980 5086 2079 5142 Vel

390 5158 525 5229 quia
554 5163 654 5229 qui
685 5157 986 5229 praefixum
1016 5157 1239 5229 legibus
1268 5173 1573 5229 numerum
1593 5173 1877 5229 annorum
1900 5157 2078 5229 inad-

389 5228 682 5283 vocatione
712 5228 1097 5296 expleverant,
1129 5228 1483 5281 diversarum
1515 5228 1783 5298 deinceps
1822 5228 2075 5298 dignita-

388 5304 513 5353 tum
562 5298 880 5370 privilegiis
930 5299 1300 5352 ornabantur.
1351 5298 1473 5370 Quo
1493 5304 1767 5370 Aspectans
1813 5299 2078 5353 Sidonius

388 5371 488 5425 lib.
523 5368 579 5435 ιζ
594 5370 760 5439 epist.
786 5368 893 5436 Ἠ,
921 5370 1323 5441 advocatorum
1346 5368 1654 5438 dignitates
1676 5375 1799 5424 tum
1822 5370 2077 5441 incipere

388 5441 549 5504 dixit,
583 5456 712 5494 cum
742 5440 992 5494 actiones
1024 5439 1321 5493 ﬁniuntur.

458 5516 478 5548 ⁸
516 5510 769 5581 Opilioni
805 5512 864 5565 V.
898 5512 975 5577 1.]
1024 5509 1339 5581 Sublimem
1387 5514 1443 5563 et
1488 5508 1855 5581 magnificum
1890 5510 2073 5565 virum

388 5582 532 5637 dixit
562 5580 670 5635 lib.
710 5597 797 5646 ιν,
846 5581 1009 5652 epist.
1067 5582 1148 5635 18.
1190 5580 1359 5652 Illum
1411 5580 1723 5652 puto,’qni
1773 5582 2075 5651 postremis

380 5652 709 5707 Theoderici
741 5651 1093 5721 temporibus
1114 5651 1472 5705 consulatum
1507 5651 1878 5706 cum'Justino
1920 5656 2065 5723 Aug.

2190 3094 2526 3165 opinionem
2555 3092 2623 3147 ad
2661 3092 2875 3145 incerta
2920 3090 3263 3143 transmitto.
3313 3088 3591 3158 Agnellus
3619 3087 3688 3140 de
3737 3086 3885 3139 casis

2190 3198 2293 3253 per
2336 3182 2517 3235 varias
2546 3180 2989 3251 permissionum
3023 3178 3163 3231 mihi
3195 3176 3384 3230 illudit
3411 3175 3650 3246 eftigies,
3684 3175 3886 3228 volens

2191 3288 2224 3325 a
2248 3271 2412 3325 nobis
2456 3286 2739 3324 summam
2785 3269 2951 3339 pretii
2982 3266 3286 3337 designari.
3322 3265 3426 3319 Sed
3465 3264 3599 3318 mali
3632 3264 3890 3317 hominis

2190 3360 2458 3413 ardorem
2492 3358 2876 3412 insatiabilem
2922 3372 3041 3410 esse
3090 3354 3385 3421 didicistis,
3437 3354 3536 3424 qni
3588 3353 3696 3405 nisi
3741 3369 3881 3405 con-

2190 3452 2411 3519 temptu
2443 3446 2700 3518 pecunia:
2732 3462 2850 3499 non
2889 3448 3137 3498 sanetur.
3193 3442 3430 3497 Domine
3464 3442 3563 3506 mi,
3598 3443 3781 3496 saluto
3822 3446 3884 3494 et

2189 3552 2330 3607 rogo
2353 3540 2416 3590 ut
2436 3534 2639 3606 religio
2661 3534 2810 3588 circa
2832 3550 2921 3587 me
2945 3532 3025 3603 pii
3046 3532 3255 3586 amoris
3276 3535 3530 3585 servetur
3551 3536 3609 3585 et
3631 3529 3885 3584 foederis.

2808 3621 3139 3677 EPISTOLA
3178 3621 3265 3677 IV.

2674 3725 2995 3767 amoenus
3038 3713 3059 3745 ⁸
3102 3723 3417 3764 nausea.

2263 3803 2363 3859 Diu
2400 3802 2673 3874 quaesitus
2721 3800 3018 3856 desideriis
3062 3799 3204 3854 meis
3255 3797 3443 3851 evenit
3486 3795 3764 3851 effectus:
3818 3798 3895 3849 ut.

2191 3956 2364 4029 gessit
2390 3973 2585 4029 anno,
2606 3956 2708 4009 52’s
2737 3956 3011 4023 cujusque
3039 3968 3264 4029 nomen
3294 3951 3533 4029 concilio
3568 3951 3894 4019 Carpento-

2191 4022 2401 4083 ratensi
2434 4028 2732 4097 prmtixum
2766 4022 2870 4092 est,
2904 4022 3055 4095 quod
3077 4040 3153 4097 eo
3184 4039 3333 4097 anno
3363 4022 3714 4097 celebratum
3748 4037 3895 4097 con-

2190 4105 2319 4153 stat.
2353 4093 2513 4162 Qu—od
2554 4098 2707 4151 enim
2740 4093 3039 4166 perperam
3072 4094 3148 4147 ibi
3180 4111 3212 4146 a
3244 4095 3415 4147 sciolo
3437 4093 3699 4166 quodam
3735 4093 3895 4145 anti-

2192 4170 2393 4240 quario
2426 4167 2678 4240 Opilioni
2707 4164 3205 4240 consuli‘adjectus
3228 4170 3313 4218 est
3342 4164 3561 4240 collega
3592 4164 3894 4240 Vincoma-

2190 4233 2299 4306 liis,
2332 4233 2810 4310 quia-Opilionem
2833 4233 3078 4310 alterum
3104 4252 3277 4310 quem
3299 4235 3566 4310 eumdem
3593 4233 3890 4310 credebat,

2120 4307 2161 4360 D
2193 4327 2323 4365 cum
2349 4305 2683 4364 Vincoinalo
2724 4309 3017 4362 consulem
3066 4305 3216 4360 anno
3256 4308 3357 4361 463
3391 4305 3564 4359 fuisse
3608 4305 3892 4357 memine-

2191 4389 2312 4447 rat;
2342 4381 2399 4435 id
2435 4382 2651 4435 mirum
2676 4379 2855 4433 videri
2887 4379 3123 4431 minime
3155 4377 3321 4431 debet
3354 4393 3365 4430 :
3400 4392 3526 4429 cum
3563 4376 3685 4445 pari
3710 4376 3892 4428 auda-

2191 4452 2276 4506 cia
2302 4454 2361 4506 in
2392 4452 2658 4522 epistolas
2691 4450 3005 4522 Ilormisdae
3034 4464 3191 4522 papae
3212 4448 3296 4522 ad
3316 4449 3721 4522 Possessoreui,
3752 4462 3892 4522 quae.

2191 4522 2403 4578 Rustici
2428 4518 2702 4586 consulis,
2738 4520 2827 4575 cui
2858 4520 3076 4589 collega
3102 4519 3208 4572 fuit
3238 4518 3571 4571 Vitaliamus
3602 4532 3750 4589 anno
3782 4520 3893 4569 520

2189 4596 2557 4648 subnotatum
2597 4607 2807 4645 nomen
2838 4587 3097 4643 habet'in
3138 4588 3389 4657 antiquis
3421 4587 3844 4657 exemplaribus
3875 4608 3892 4654 ;

2189 4682 2320 4719 cum
2354 4664 2581 4719 Rustico
2618 4662 2936 4731 Olybrium,
2977 4660 3076 4730 qui
3115 4676 3244 4711 cuin
3278 4660 3893 4731 Rusticoialteroante

2188 4752 2368 4788 annos
2400 4750 2491 4787 sex
2523 4740 2577 4786 et
2601 4728 3238 4802 quinquagintaconsnl
3269 4731 3475 4802 fuerat,
3508 4730 3569 4782 in
3590 4728 3890 4802 plerisque

2188 4805 2536 4859 editionibus
2567 4800 2925 4874 suppositum
2956 4801 3267 4855 videamus.
3465 4804 3525 4853 ut
3546 4800 3625 4874 ‘ad
3656 4800 3884 4869 Opilio-

2185 4892 2317 4930 nem
2366 4870 2693 4940 redeamus,
2747 4874 3004 4927 diversus
3046 4890 3076 4926 a
3123 4871 3408 4925 consulari
3458 4870 3658 4924 eadem
3710 4874 3885 4923 aetate

2186 4947 2295 5000 fuit
2325 4947 2511 5017 Opilio
2549 4944 2731 5001 Boetii
2761 4944 2999 5017 delator,
3024 4958 3197 5014 quem
3229 4942 3565 5017 prestringit
3594 4941 3695 4994 lib.
3733 4954 3781 5017 ι,Δ
3810 4940 3887 4992 de

2187 5012 2606 5072 Consolatione.
2642 5017 2694 5069 Is
2723 5016 3020 5081 nimirum,
3042 5012 3634 5084 “quemAlhalaricus
3662 5015 3885 5081 postea,

2187 5093 2248 5142 ut
2279 5093 2364 5142 est
2386 5088 2535 5159 apud
2566 5086 2821 5159 Cassiod.
2842 5086 2959 5159 _lib.
2993 5081 3145 5159 Vit—Al,
3172 5083 3346 5159 epist._
3380 5085 3459 5148 l6,
3493 5081 3887 5159 comitein_sa-

2185 5152 2805 5227 crarumlargitionum
2833 5156 2962 5210 fecit
2988 5155 3186 5227 indiet.
3208 5152 3299 5221 'v1,
3333 5152 3440 5227 hoc
3461 5158 3544 5206 est
3565 5168 3715 5227 anno
3746 5153 3875 5218 5'28,

2184 5229 2433 5285 triennio
2465 5221 2769 5299 postquam
2808 5244 2840 5280 a
2867 5226 3214 5299 Theoderico
3250 5225 3452 5299 eadem
3481 5221 3747 5299 comitiva
3788 5238 3887 5275 or-

2186 5306 2352 5353 natus
2389 5293 2575 5353 fuerat
2604 5293 2918 5369 Cyprianus
2958 5297 3080 5369 ejus
3125 5297 3322 5369 frater,
3362 5295 3582 5369 delator
3625 5298 3680 5369 et
3729 5293 3883 5362 ipse,

2186 5378 2247 5425 ut
2274 5370 2468 5424 scribit
2500 5364 2743 5436 Boetius,
2796 5364 3001 5422 Albini
3028 5366 3356 5419 consularis.
3390 5365 3539 5436 Quin
3580 5369 3636 5418 et
3664 5364 3881 5436 horum

2183 5456 2414 5512 quoque
2457 5441 2696 5495 fratrum
2730 5434 3123 5512 pater_0pilio
3160 5436 3328 5512 alius,
3375 5435 3474 5506 qui
3508 5450 3697 5512 eomes
3733 5434 3879 5512 item

2182 5504 2468 5565 sacrarum
2499 5504 2862 5581 largitionum
2897 5504 3079 5561 fuerat
3104 5507 3208 5562 sub
3239 5504 3492 5562 Odoacre
3525 5505 3624 5561 llb.
3655 5504 3879 5560 Variar.

2185 5598 2241 5638 Χ.
2275 5585 2361 5635 (il.

2229 5624 2579 5720 ’3vﬁelisew]
2610 5651 2767 5707 Matri
2788 5650 2956 5715 Aviti,
2988 5648 3224 5703 Ennodii
3245 5647 3607 5717 propinquae,
3632 5646 3799 5715 epist.
