4102 6182
198 307 256 355 se
1566 294 1895 353 EPISTULA

2010 295 2046 351 il
2088 294 2211 353 LIB.
2256 298 2316 351 ν.
3618 303 3685 355 DD

197 436 351 491 detur
368 436 573 509 genius
601 434 918 501 beneficiis,
949 434 1277 490 transmissa
1296 434 1355 489 in
1388 434 1623 506 longum
1664 448 1869 505 exspe-
1907 434 1953 488 A
1982 434 2182 506 replet,
2213 435 2432 506 pudore
2475 434 2752 491 meliorat.
2787 436 3036 506 Superni
3068 451 3204 508 ergo
3236 435 3443 492 secreti
3484 436 3683 509 digna-

196 526 428 581 ctatioue
452 526 805 581 tribuuntur.
826 525 971 579 Vivit
987 526 1043 579 in
1058 541 1400 597 quacunque
1416 529 1698 579 terrarum
1714 528 1877 594 parte

197 616 519 685 proximitas
552 632 564 668 :
600 614 1053 685 sequestratione
1083 630 1387 684 corporum
1438 613 1731 683 sanguinis
1784 628 1882 666 ca-

196 708 313 757 tena
347 720 464 756 non
507 705 802 774 rumpitur
836 720 848 757 :
908 719 1009 773 per
1041 702 1281 757 discreta
1338 700 1638 772 regionum
1678 701 1884 755 caritas

198 793 395 845 damna
420 810 533 845 non
574 792 778 855 sentit;
826 790 1053 859 quando
1096 790 1246 843 inter
1278 806 1372 843 eos
1404 790 1501 859 qui
1532 788 1882 843 habitatione

198 886 548 951 separantur,
579 880 899 950 praesentiat
933 879 1049 932 vice
1080 884 1304 932 tenetur
1343 878 1581 931 affectio.
1621 880 1733 931 Deo
1759 894 1882 931 om-

202 969 478 1039 nipotenti
511 970 722 1039 gratias
764 969 963 1034 refero,
994 967 1129 1037 quia
1159 984 1256 1019 vos
1288 982 1572 1021 memores
1603 966 1737 1020 fecit
1762 981 1883 1019 esse

199 1057 438 1128 pietatis,
498 1063 553 1111 et
604 1058 885 1127 prosapiae
925 1056 1028 1109 sub
1069 1056 1335 1125 religiosa
1365 1055 1661 1109 occasione
1712 1054 1879 1108 remi—

200 1146 346 1200 uisci.
384 1147 551 1199 Teste
586 1148 713 1211 Deo,
749 1149 1052 1214 postquam
1090 1144 1229 1197 mihi
1259 1144 1471 1197 domua
1492 1142 1741 1213 Cynegia
1772 1160 1884 1196 me-

198 1235 361 1287 ritum
394 1240 600 1287 vestra:
649 1231 1093 1286 conversationis
1143 1232 1420 1302 exposuit,
1463 1231 1737 1285 visionem
1783 1246 1885 1284 ve-

199 1328 363 1375 stram
398 1322 635 1391 speciali
678 1321 881 1374 ardore
915 1318 1204 1389 requisivi,
1239 1319 1283 1371 si
1314 1319 1459 1372 votis
1505 1318 1731 1389 copiam
1780 1319 1885 1373 de-

201 1411 365 1463 disset
398 1415 597 1479 Optata
627 1410 865 1461 occasio.
900 1408 1160 1471 Domina,
1209 1406 1568 1461 salutationis
1620 1423 1885 1460 revereuo

201 1499 327 1551 tiam
400 1498 618 1563 dicens,
673 1498 733 1549 in
803 1497 1100 1565 designato
1152 1496 1354 1549 litteris
1405 1495 1601 1549 vestris
1655 1496 1886 1565 negotio

200 1586 577 1640 ministerium
602 1584 918 1639 devotionis
948 1585 1201 1655 spondeo
1236 1600 1248 1637 :
1285 1584 1421 1655 quia
1468 1589 1691 1638 tantum
1739 1600 1885 1655 pra:-

199 1680 371 1729 statur
431 1675 665 1743 animae,
728 1678 1007 1744 quantum
1066 1672 1274 1727 sanctis
1313 1673 1611 1727 exhibetur
1658 1671 1880 1726 studiis.

202 1765 329 1817 Vere
363 1764 493 1817 dico
525 1779 616 1816 me
646 1778 945 1833 nunquam
969 1762 1232 1815 dilexisse
1267 1777 1439 1832 quem
1484 1760 1889 1828 detestamini;

199 1858 248 1906 et
275 1852 525 1906 veritum
557 1868 627 1905 ne
660 1852 729 1905 ad
761 1851 869 1905 diri
912 1850 1161 1905 hominis
1191 1851 1505 1921 profectum
1540 1856 1721 1904 vester
1758 1866 1894 1920 quo-

200 1957 300 2011 que
330 1940 716 1995 inclinaretur
745 1956 1024 1993 assensus.
1075 1940 1237 1993 Adsit
1276 1940 1445 2006 Deus,
1482 1956 1555 1992 ne
1592 1939 1662 1993 ad
1710 1939 1895 1992 eccle-

200 2030 479 2084 siasticam
530 2028 871 2099 dignitatem
906 2028 1093 2083 veniat
1124 2028 1284 2082 nulla
1313 2028 1480 2083 bona:
1521 2026 1896 2082 institutionis

200 2119 399 2174 incude
428 2118 734 2172 formatus.

832 2196 1162 2260 EPISTULA
1202 2206 1264 2257 v.

766 2310 1086 2349 ENNODIUS
1132 2309 1349 2349 AVITO.

267 2384 483 2438 Vellem
518 2382 760 2453 produci
793 2398 1043 2449 causam,
1078 2381 1124 2435 si
1154 2380 1517 2452 propositum
1551 2396 1667 2433 nou
1695 2396 1897 2447 grava-

206 2489 336 2538 rem,
371 2488 476 2542 per
498 2486 673 2541 quam
705 2469 1029 2540 frequentia
1055 2469 1300 2523 amantis
1332 2468 1558 2539 scripta‘|
1583 2467 1896 2537 promerui.

207 2563 344 2615 Dum
377 2560 537 2614 enim
568 2558 893 2629 negotiosas
908 2559 1143 2629 paginas
1161 2557 1477 2623 destinatis,
1513 2555 1899 2610 ministerium

204 2650 467 2720 praebetis
500 2646 752 2701 effectui.
794 2647 900 2700 Sed
934 2647 1082 2716 apud
1117 2646 1428 2716 prudentes
1479 2650 1536 2698 ct
1574 2643 1898 2697 animorum

204 2739 448 2792 conscios
480 2736 780 2790 sufficiunt
809 2752 994 2805 parca,
1016 2735 1322 2804 colloquia.
1362 2734 1617 2786 Urbanus
1648 2733 1706 2785 in
1762 2748 1899 2801 pro-

204 2826 571 2880 missionibus
604 2839 725 2878 esse
756 2840 872 2877 non
903 2822 1061 2892 sapio
1095 2841 1111 2875 :
1147 2838 1246 2875 nec
1287 2821 1368 2874 eis
1402 2821 1609 2891 quibus
1643 2820 1895 2872 animam

206 2916 399 2981 debeo,
425 2916 617 2967 fucata
649 2914 831 2966 fronte
857 2911 1124 2965 blandiri.
1174 2910 1279 2964 Vos
1320 2915 1543 2963 tantum
1589 2906 1897 2978 cmptisin-

208 3005 405 3068 sistite,
450 3009 508 3055 et
548 3001 835 3055 mandatis
875 2999 1194 3054 caelestibus
1225 2999 1623 3068 obsequentes,
1685 2996 1899 3049 malum

210 3092 501 3147 hominem
548 3107 723 3162 quem
777 3088 983 3155 dicitis,
1031 3106 1063 3143 a
1094 3087 1392 3142 desideriis
1444 3084 1759 3141 deducatis.
1816 3084 1898 3138 Me

208 3180 471 3235 convenit
497 3181 625 3250 plus
669 3179 840 3232 rebus
870 3178 1188 3243 ostendere,
1232 3192 1405 3246 quam
1438 3190 1702 3228 sermone
1726 3172 1900 3243 polli-

209 3271 318 3324 ceri
345 3287 357 3323 :
382 3270 523 3340 quia
554 3268 705 3339 quod
738 3266 951 3333 tribuo,
985 3266 1089 3319 hoc
1122 3266 1266 3319 mihi
1296 3265 1519 3319 restitui
1563 3265 1899 3316 incunctan-

211 3366 295 3412 ter
330 3363 613 3428 exspecto.
669 3356 906 3410 Domine
943 3355 1043 3419 mi,
1073 3354 1469 3407 salutationem
1510 3352 1902 3423 plenissimam

212 3447 397 3499 dicens
429 3461 599 3515 rogo,
633 3449 695 3497 ut
741 3443 964 3497 domum
1000 3442 1236 3496 Heliseus
1267 3440 1561 3494 communi
1590 3439 1755 3493 matri
1800 3455 1901 3509 pro

213 3551 298 3588 me
325 3535 539 3604 gratias
572 3548 746 3601 agas;
782 3546 911 3601 quas
944 3530 1179 3601 dignata
1208 3528 1515 3583 estlitteris
1534 3528 1650 3581 suis
1680 3527 1904 3582 vincula

212 3621 595 3695 proximitatis
626 3619 948 3674 ostendere.

824 3706 1161 3763 EPISTOLA
1201 3706 1287 3760 VI.

568 3799 582 3832 ¹
634 3811 907 3853 LEONTIO
952 3810 1185 3851 ABBATI
1234 3808 1550 3849 auuonws

282 3890 465 3959 Supra
512 3886 784 3941 meritum
828 3900 1021 3938 meum
1069 3899 1296 3937 summa
1335 3882 1483 3935 circa
1514 3896 1606 3935 me
1640 3878 1905 3934 beneficii

216 3978 450 4033 ctelestis
478 3975 747 4039 adolevit,
777 3973 915 4027 dum
943 3973 1044 4043 qui
1072 3988 1244 4042 poena
1292 3971 1501 4042 dignus
1531 3984 1676 4037 sum,
1715 3969 1905 4039 justo—

217 4084 336 4121 rum
360 4065 603 4137 praemia
616 4066 955 4117 consecutus
988 4062 1229 4116 exsulto.
1257 4061 1485 4113 Frustra
1508 4058 1907 4128 delinquentes

218 4154 447 4226 periculi
481 4158 669 4207 mater
698 4150 1019 4223 desperatio
1050 4150 1120 4204 ad
1153 4154 1406 4202 extrema
1462 4146 1796 4218 praecipitat.
1844 4147 1907 4200 ln

216 4260 398 4297 errore
428 4241 686 4296 maximo
718 4238 1035 4303 constituti,
1089 4252 1215 4290 meo
1246 4236 1313 4289 ad
1348 4234 1590 4289 solidam
1623 4249 1782 4304 spem
1814 4248 1902 4287 re-

218 4336 486 4402 parentur
506 4330 790 4399 exemplo.
824 4328 1019 4382 Nescio
1051 4326 1119 4380 de
1142 4341 1256 4396 quo
1290 4340 1462 4394 opere
1497 4322 1659 4391 mihi,
1693 4322 1761 4376 de
1791 4338 1906 4391 qua
1944 4345 1988 4399 Β

219 4420 540 4475 innocentia
569 4418 942 4488 epistolarum
974 4420 1286 4468 vestrarum
1316 4412 1533 4465 fructus
1576 4410 1909 4479 accesserit;

217 4516 267 4563 et
292 4512 549 4563 animam
584 4506 799 4577 peccati
828 4504 1084 4558 ubertate
1119 4502 1464 4572 locupletem
1511 4500 1754 4555 coalestis
1773 4488 1910 4552 boni

220 4599 374 4652 melle
399 4596 626 4649 satiarit
658 4610 670 4648 :
702 4594 810 4647 nisi
838 4593 970 4664 quia
1005 4592 1098 4644 ille
1131 4590 1233 4662 qui
1284 4591 1523 4643 vulnera
1554 4593 1745 4641 nostra
1778 4604 1909 4641 sus-

218 4688 436 4758 cepitet
468 4702 574 4757 pro
605 4684 771 4737 nobis
796 4683 997 4747 doluit,
1059 4685 1275 4734 mutata
1306 4680 1641 4733 meritorum
1711 4675 1910 4730 condi-

220 4777 380 4842 tione,
418 4792 569 4846 quos
596 4772 837 4843 flagellis
867 4771 1073 4841 dignos
1105 4769 1333 4836 viderit,
1367 4767 1607 4837 castigat
1656 4765 1909 4820 muneri-

219 4863 313 4917 bus
342 4882 355 4918 :
386 4871 447 4918 et
494 4879 658 4917 versa
688 4861 807 4914 vice
845 4860 1150 4913 noxiorum
1190 4858 1431 4922 animas,
1466 4857 1601 4911 dum
1648 4854 1909 4910 secundis

284 4991 295 5022 ¹
330 4988 568 5045 Leontio
594 4987 789 5042 abbati
812 4987 825 5057 ]
854 4985 1026 5055 Cujus
1039 4984 1271 5057 hortatu
1294 4981 1469 5036 vitam
1502 4979 1647 5035 beati
1672 4980 1909 5036 Antonii

220 5060 457 5131 scripsit,
492 5076 667 5131 quam
687 5055 886 5131 eidem
919 5055 1289 5131 nuncupavit.

280 5130 302 5164 ²
323 5121 980 5203 ἴτριίθρἰκερὶιαρὴξιιηι]
1009 5121 1426 5203 Faustijuxoris.
1448 5124 1559 5177 Hoc
1573 5121 1727 5203 enim
1738 5121 1909 5203 docet

221 5193 453 5256 alterilm
469 5193 902 5273 Ejuse'pitaphiu
914 5193 1161 5273 m:,__qu_od
1178 5193 1477 5273 subjicitur
1498 5211 1585 5273 ep.
1610 5197 1678 5246 29
1696 5193 1790 5246 lib.
1808 5208 1901 5247 vu.

282 5278 301 5309 ³
319 5265 615 5329 Μεηίειιί
639 5265 830 5335 clara]
866 5272 944 5323 lta
965 5265 1095 5323 libri
1116 5266 1355 5335 antiqui.
1394 5265 1724 5319 Basilienses
1746 5280 1907 5335 mens

220 5348 305 5398 tua
323 5346 506 5408 clara,
543 5345 757 5413 inepte.
797 5334 902 5397 Sed
938 5339 1201 5393 movebat
1220 5334 1348 5391 illos
1378 5337 1596 5413 voculae
1629 5338 1727 5413 cui‘
1766 5334 1904 5388 dim-

222 5418 344 5470 resis
385 5429 440 5469 et
485 5410 772 5470 dimensio
806 5430 818 5467 :
871 5428 1000 5483 quae
1026 5416 1271 5485 “tamen
1300 5411 1559 5485 veterum
1601 5410 1904 5485 poetarum

221 5488 479 5557 exemplis
531 5486 780 5557 nititur:
818 5476 1128 5557 et'Paulini
1174 5478 1374 5557 Nolani
1416 5477 1482 5557 in
1531 5476 1904 5557 epithalamio

220 5548 409 5611 Iuliani
448 5575 460 5612 :
498 5555 651 5613 ιῖίεὶ
696 5554 753 5609 ei
769 5556 961 5609 vertex
1007 5551 1118 5613 vir,
1152 5548 1245 5603 cui
1283 5548 1548 5602 Christus
1575 5564 1746 5617 apex.
1790 5548 1903 5601 Nec

219 5626 482 5697 ignoravit
523 5628 949 5697 Goteschalcusg
975 5621 1287 5697 monachus
1340 5619 1696 5697 Orbacensis,
1742 5621 1902 5697 cujus

216 5690 333 5755 sunt
360 5698 627 5754 versiculi
682 5714 825 5769 quos
868 5693 1164 5766 subjiciam
1195 5692 1255 5744 in
1310 5690 1583 5760 prooemio
1631 5690 1900 5742 carminis

1988 524 2139 578 tione
2197 524 2672 579 contabulationis
2728 531 2924 579 vestrae
2973 526 3168 596 fruges
3232 526 3418 580 elicui.
3454 526 3565 580 Vos
3613 526 3681 580 de

1990 614 2244 683 corporis
2292 614 2402 667 mei
2443 614 2682 667 sanitate
2737 615 3006 668 sollicitos
3053 616 3149 669 ille
3209 615 3475 682 reddidit,
3542 615 3674 686 quia

1989 701 2195 755 anima:
2228 717 2367 754 mea:
2398 717 2593 755 curam
2622 717 2722 771 per
2754 701 3037 772 spiritales
3070 703 3320 757 medicos
3366 704 3436 757 ad
3467 708 3678 757 statum

1991 789 2205 842 indutze
2237 790 2583 843 valetudinis
2607 790 2788 844 redire
2842 793 3151 861 compellit.
3184 791 3321 855 Quae
3353 791 3423 843 sit
3480 790 3539 843 in
3594 806 3683 843 me

1991 876 2306 930 substantia
2354 878 2769 941 membrorum,
2818 878 3101 947 religiosae
3156 877 3557 931 sollicitudinis
3598 876 3684 930 in.

1991 964 2365 1036 vestigatione
2398 965 2729 1035 perquiritis
2760 981 2773 1018 :
2810 982 3055 1035 quorum
3089 970 3265 1019 status
3299 967 3507 1020 animae
3549 981 3685 1035 par-

1993 1059 2107 1108 tem
2146 1054 2461 1125 negligens,
2513 1058 2631 1107 toto
2676 1054 2875 1107 mundi
2907 1054 3066 1107 istius
3109 1060 3379 1123 gravatur
3418 1054 3681 1124 imperio.

1989 1142 2153 1210 Agite
2197 1159 2284 1196 me
2318 1144 2487 1195 talem
2515 1142 2769 1195 oratione
2801 1143 2945 1206 fieri,
2982 1144 3208 1213 qualem
3232 1143 3484 1196 asseritis
3514 1143 3679 1195 blan-

1993 1230 2264 1284 dimentis
2298 1248 2309 1284 :
2344 1231 2477 1301 quia
2505 1230 2619 1284 fuci
2662 1231 2846 1284 nescia
2876 1231 3153 1301 propositi
3186 1231 3353 1285 vestri
3386 1230 3682 1295 claritudo,

1996 1335 2165 1389 quem
2190 1320 2401 1373 bonum
2436 1335 2555 1372 esse
2591 1318 2861 1389 prtedicat
2893 1323 3021 1372 ante
3053 1324 3277 1389 tempus
3318 1318 3680 1383 innocentiae,

1995 1408 2299 1461 annuntiat
2326 1424 2454 1461 mox
2486 1408 2763 1461 futurum.
2803 1406 3091 1461 Fratribus
3120 1408 3259 1461 meis
3298 1412 3354 1461 et
3400 1406 3684 1461 conservis

1998 1514 2137 1568 quos
2168 1498 2471 1562 direxistis,
2507 1502 2785 1567 quantum
2828 1496 3093 1550 exhibere
3124 1496 3310 1549 solatii
3342 1494 3523 1564 potui,
3554 1499 3685 1548 voto

1998 1585 2185 1655 potius
2209 1602 2381 1657 quam
2412 1602 2470 1639 re
2498 1586 2758 1652 idoneus,
2794 1601 2909 1638 non
2938 1584 3159 1655 negavi.
3194 1584 3562 1653 Superestut
3591 1599 3687 1635 ac-

2000 1674 2277 1744 cipientes
2328 1674 2601 1743 obsequia
2668 1690 2794 1727 mea
2840 1689 2969 1728 cum
3003 1674 3264 1727 universo
3288 1672 3378 1726 cui
3432 1669 3689 1740 praeestis

2003 1764 2263 1830 concilio,
2298 1779 2400 1833 per
2425 1763 2523 1817 Dei
2561 1762 2973 1833 omnipotentis
3003 1759 3452 1814 misericordiam
3486 1757 3690 1827 conju-

2002 1854 2134 1919 rati,
2170 1855 2280 1907 Deo
2308 1870 2410 1923 pro
2446 1852 2723 1923 parvitate
2759 1867 2883 1904 mea
2912 1847 3487 1921 precibusinsistatis,
3522 1845 3694 1900 utcui

2005 1943 2161 1998 deest
2187 1957 2288 2013 per
2318 1942 2569 1994 actiones
2600 1956 2729 1994 suas
2782 1939 3012 2005 fiducia,
3043 1939 3327 1993 bonorum
3360 1953 3464 2007 per
3492 1935 3691 1989 suifra-

2004 2032 2097 2101 gia
2130 2035 2312 2083 vestra
2346 2028 2660 2099 contingat.

2612 2116 2947 2171 EPi‘STOLA
2990 2116 3121 2169 νη(

2486 2203 2819 2242 Ευρηερικ
2878 2200 3224 2241 ENNODIUS.

2078 2277 2344 2343 Quamvis
2386 2292 2537 2346 saepe
2589 2275 2802 2346 ingenii
2864 2275 2975 2328 mei
3023 2275 3262 2328 maciem
3306 2271 3695 2343 cognovisses,

2007 2366 2320 2438 periclitari
2351 2370 2542 2419 tamen
2581 2364 2803 2434 jejuuia
2833 2363 2945 2417 oris
2976 2363 3111 2417 olim
3164 2361 3390 2433 probati
3422 2359 3700 2430 jussionis

2006 2456 2289 2510 celeritate
2322 2453 2569 2507 voluisti.
2603 2453 2709 2507 Sed
2746 2469 2851 2521 ego
2884 2468 2998 2505 non
3046 2451 3236 2505 abnuo
3292 2449 3521 2505 obedire
3565 2447 3697 2502 dili-

2008 2545 2186 2615 genti,
2222 2549 2284 2598 ut
2321 2544 2367 2597 si
2398 2542 2679 2596 facundia:
2711 2543 2869 2596 deest
2920 2541 3211 2605 meritum,
3273 2539 3456 2609 gratia
3507 2537 3699 2592 veniat

2008 2632 2382 2704 obsequendi.
2420 2632 2600 2685 Varius
2633 2636 2764 2684 sunt
2799 2631 3078 2684 donorum
3102 2629 3435 2689 cmlestium,
3468 2626 3598 2681 licet.
3628 2625 3697 2679 ab

2008 2739 2123 2778 uno
2148 2727 2373 2775 auctore
2396 2719 2858 2791 progrediantur,
2893 2718 3127 2789 species.
3154 2717 3341 2772 Alium
3372 2728 3698 2785 ;commen—

2009 2813 2101 2866 dat
2157 2811 2448 2881 perfectio,
2496 2811 2737 2862 alterum
2773 2808 3024 2861 insinuat
3067 2807 3216 2877 quod
3252 2807 3373 2859 sine
3433 2803 3699 2857 tarditate

2010 2880 2204 2970 aliqua
2234 2900 2353 2952 vult
2374 2914 2597 2968 parere.
2628 2899 2861 2951 Domnoc
2879 2912 3021 2949 mea:
3049 2894 3311 2964 Cynegim
3339 2880 3698 2962 epitaphium

2012 2989 2097 3041 vix
2129 3004 2243 3040 una
2275 2988 2413 3039 hora
2439 2985 2652 3038 habens
2694 2982 2971 3037 tractandi
2999 2982 3246 3050 spatium
3279 2980 3573 3033 inelimata
3609 2994 3699 3030 ve-

2011 3076 2240 3130 locitate
2273 3072 2588 3143 composui.
2642 3071 2777 3125 Vide
2824 3069 3237 3134 necessitatem,
3270 3074 3333 3121 ut
3385 3066 3541 3120 illam
3573 3070 3696 3119 tan-
3756 3058 3763 3065 ’

2010 3169 2201 3218 torum
2232 3162 2565 3215 meritorum
2598 3159 2873 3213 feminam
2895 3157 3201 3210 verborum
3241 3155 3477 3207 saltibus
3520 3152 3699 3223 expli-

2013 3269 2219 3307 carem.
2284 3253 2482 3305 Parcat
2537 3247 2823 3302 sterilitati
2883 3263 3024 3300 meae
3097 3243 3439 3298 venerabilis
3487 3241 3699 3304 anima,

2012 3341 2326 3411 suscipiens
2344 3356 2447 3409 pro
2480 3338 2766 3391 schemate
2791 3334 3056 3391 dictionis
3082 3333 3339 3388 studium
3396 3332 3517 3385 sine
3550 3331 3703 3384 nube

2014 3429 2262 3486 dictoris.
2296 3430 2401 3492 Tu,
2431 3426 2681 3492 domina,
2720 3426 3015 3495 epistolam
3050 3422 3370 3492 prmsentias
3395 3435 3537 3473 meae
3585 3418 3703 3472 vice

2012 3518 2417 3587 complectens,
2451 3530 2548 3567 ora
2581 3518 2641 3567 ut
2687 3512 2919 3582 spiritus
2958 3511 3113 3565 illius
3166 3508 3436 3563 scabridis
3489 3524 3704 3579 nequa-

2015 3622 2188 3678 quam
2217 3604 2459 3659 ltedatur
2489 3601 2710 3657 ofﬁciis.

2441 3692 2464 3725 ²
2510 3703 2912 3747 ενιτΑΡιιιωι
2958 3702 3278 3743 (ιγΝεαιιιῑ.

2077 3784 2159 3833 Nil
2188 3796 2363 3841 sexus,
2394 3795 2493 3831 nec
2523 3780 2679 3829 busta
2708 3780 2917 3834 nocent,
2949 3776 3025 3826 nil
3049 3776 3137 3824 fila
3166 3787 3409 3824 sororum

2141 3846 2347 3907 Ultima,
2381 3844 2554 3907 fallaci
2589 3842 2777 3907 pollice
2814 3854 2937 3907 quas
2964 3842 3204 3907 tenuant.

2076 3908 2238 3956 Mixta
2264 3900 2369 3956 Deo
2402 3900 2743 3955 mulier—vivit
2770 3900 2888 3966 post
2916 3902 3102 3966 funera
3130 3900 3300 3959 factis,

2139 3969 2368 4018 Mascula
2400 3968 2625 4017 femineo
2658 3963 2863 4014 tramite
2894 3969 3041 4026 gesta
3074 3963 3265 4013 ferens.

2080 4032 2322 4093 Sanguis,
2358 4031 2551 4093 honor,
2569 4028 2774 4093 genius,
2791 4022 3043 4093 probitas,
3075 4022 3610 4081 constantia,‘vultus.

2142 4089 2394 4142 Vicerunt
2429 4089 2593 4141 tantis
2612 4089 2831 4139 exitium
2864 4089 3058 4150 pretiis.

2078 4156 2313 4204 Moribus
2344 4153 2567 4202 asseruit
2586 4164 2898 4213 magnorum
2925 4155 3147 4199 stemma
3166 4151 3468 4213 parentum,

2146 4218 2403 4266 Indicium
2434 4216 2640 4278 generis
2670 4211 2698 4249 3'
2722 4213 2966 4261 menscui
2992 4213 3133 4261 clara
3156 4211 3271 4259 fuit.

2082 4280 2315 4329 Instituit
2344 4283 2495 4327 natos
2531 4278 2687 4325 vitam
2704 4289 2909 4324 servare
2925 4287 3184 4329 serenam,

2144 4343 2279 4391 Dum
2311 4342 2462 4389 docet
2483 4338 2735 4400 exemplis
2766 4350 2973 4399 semper
2993 4348 3167 4383 amare
3200 4334 3382 4382 Deum.

2614 4418 2945 4472 EPISTOLA
2984 4416 3122 4469 VIII.

2543 4503 2864 4544 amoenos
2907 4492 2927 4523 ‘
2969 4499 3192 4541 PBTRO.

2092 4585 2397 4654 Postquam
2450 4577 2790 4633 venerabilis
2834 4574 3114 4645 judicium
3156 4570 3452 4643 principis,
3487 4569 3713 4641 pericli-

2019 4672 2150 4725 tatis
2191 4670 2446 4724 moribus
2470 4665 2884 4737 magnitudinis
2915 4668 3049 4731 tuae,
3083 4659 3318 4716 donavit
3341 4666 3395 4714 te
3423 4659 3712 4713 honorum

2020 4760 2281 4832 germine
2312 4775 2416 4830 pro
2465 4772 2646 4809 messe
2688 4753 2991 4818 virtutum,
3040 4766 3145 4821 per
3175 4750 3385 4819 lingua:
3414 4746 3583 4802 ferias
3634 4747 3714 4801 fo-

2021 4866 2152 4904 vens
2186 4847 2505 4918 irreligiosa
2553 4840 2799 4907 silentia,
2862 4846 2918 4896 et
2960 4841 3019 4895 in
3055 4838 3383 4907 eloquentia
3431 4841 3528 4891 tua
3558 4840 3615 4890 et
3652 4833 3713 4889 in

2020 4974 2086 5028 ad
2116 4974 2343 5028 Ratram
2354 4987 2491 5025 num
2518 4988 2529 5025 :

2390 5042 2516 5104 Age,
2547 5053 2747 5102 quaeso,
2774 5051 2931 5104 perge
2962 5037 3091 5093 Clio,

2395 5102 2616 5166 PEOpera
2644 5104 2780 5150 celer
2807 5102 3010 5162 virago,

2389 5165 2787 5236 [tepe‘daeagan
2824 5174 3082 5236 prepago,

2390 5224 2485 5276 Cui
2518 5227 2678 5276 frater
2696 5224 2785 5274 'est
2810 5224 3013 5287 Apollo.

2394 5291 2489 5338 Fer
2508 5289 2676 5337 amico
2702 5300 2865 5336 ovans
2891 5287 3195 5333 Ratrauino.

2389 5352 2635 5410 Domino,
2666 5350 2816 5413 patri,
2843 5347 3113 5413 magistro,

2388 5409 2841 5480 galamom'etrum
2874 5409 3132 5480 impolito,

2389 5476 2545 5533 Quod
2572 5476 2617 5524 ei
2650 5474 2817 5523 libens
2844 5474 3072 5520 remitto.

2091 5548 2105 5579 ⁸
2136 5542 2326 5611 Petro]
2361 5528 2448 5594 Illi
2472 5540 2708 5593 fortasse
2740 5536 2839 5605 qui
2871 5539 3070 5611 postea
3103 5529 3404 5611 consulatu
3468 5528 3707 5608 ordina-

2016 5615 2101 5669 rio
2134 5601 2360 5667 functus
2392 5615 2475 5664 est
2501 5626 2651 5662 anno
2691 5601 2809 5671 filii,
2839 5601 2927 5658 cui
2961 5619 3111 5657 nunc
3152 5602 3324 5655 aliam
3371 5601 3713 5671 quampiam

2017 5686 2354 5757 dignitatem
2376 5682 2582 5751 adepto
2614 5679 2935 5749 gratulatur
2968 5673 3279 5729 Euuodius.
