4102 6182
351 272 407 321 Ut
1572 263 1856 320 ENNODII
1896 261 2211 319 EPISCOPI
2252 262 2643 321 TICINENSIS
3781 272 3843 321 92

355 417 482 457 meo
515 416 711 456 amore
756 399 1020 472 peccasti.
1055 399 1199 466 Quia
1238 397 1594 454 naturalibus
1633 396 1906 451 adolescit
1933 396 2041 449 elo-
2079 397 2126 450 A
2217 398 2238 431 ι
2269 396 2550 472 Heicpyra

349 490 502 545 cutio
518 490 738 544 munita
775 490 1114 560 superciliis,
1140 488 1407 559 quotiens
1436 502 1778 557 prosperum
1808 486 2051 541 famula-

350 584 443 633 tur
462 578 675 633 indicio
700 594 713 633 :
739 571 1025 649 copiosior
1044 576 1308 631 facundia
1327 576 1614 629 honorum
1644 576 1853 629 militat
1874 577 2052 630 incre-

349 668 556 721 mentis
591 684 605 721 :
639 667 924 737 profectus
957 681 1088 719 suos
1111 680 1226 718 non
1259 663 1576 733 imparibus
1600 663 1925 734 signiﬁcant
1949 680 2049 733 pe-

348 754 596 807 ritorum
627 770 729 807 ora
762 751 1129 806 successibus.
1171 752 1305 804 Ecce
1327 750 1653 804 inamabilis
1668 751 2047 818 taciturnitas,

350 848 406 896 et
432 842 592 897 vobis
622 841 847 895 dicendi
881 838 1116 893 abstulit
1145 839 1400 908 genium,
1435 844 1492 893 et
1537 839 1680 894 mihi
1714 839 1922 894 laetitiae
1954 839 2048 893 in-

354 930 498 986 vidit
517 930 805 986 effectum.
841 928 1118 981 Referatis
1144 927 1381 981 forsitan
1415 943 1429 981 :
1468 929 1666 981 Posses
1699 944 1809 995 me,
1847 927 2049 994 amice,

353 1019 423 1073 de
455 1016 821 1089 ignoratione
843 1016 1093 1085 culpare.
1128 1013 1173 1067 si
1199 1014 1337 1084 quid
1361 1014 1546 1068 tibide
1580 1015 1736 1085 apice
1752 1031 1880 1069 meo
1912 1031 2048 1085 pro-

356 1106 587 1160 miscuis
637 1104 895 1158 dedicata
942 1103 1161 1157 nuntiis
1223 1102 1373 1156 fama
1413 1104 1748 1174 suppressit.
1801 1104 1910 1159 Sed
1943 1119 2048 1174 ego

352 1209 660 1265 agnoscere
711 1208 974 1246 carorum
1027 1192 1276 1245 culmina
1308 1207 1540 1246 rumore
1573 1188 1691 1245 non
1721 1192 1908 1262 patior
1942 1209 1954 1245 :
1996 1198 2051 1245 et

354 1282 658 1335 manifesta
698 1281 895 1352 gaudii
926 1280 1193 1350 colligere
1221 1280 1289 1333 de
1312 1280 1604 1350 opinionis
1647 1280 2043 1335 inconstantia.

356 1371 631 1424 Noveram
666 1386 839 1439 quam
868 1369 1010 1422 mihi
1041 1368 1420 1422 devinctionis
1450 1385 1608 1439 spem
1649 1368 1887 1438 simplex
1919 1385 2046 1423 eru-

352 1458 456 1511 diti
506 1459 722 1512 dudum
759 1456 979 1511 fecisset
1010 1457 1317 1527 allegatio:
1361 1457 1662 1511 credebam
1708 1459 1918 1512 frustra
1954 1474 2046 1512 me

352 1547 413 1600 in
457 1547 555 1600 illa
605 1550 765 1615 parte
816 1545 1030 1599 serenis
1086 1546 1343 1599 animum
1386 1547 1619 1601 auribus
1664 1547 2045 1611 committere,

352 1635 507 1689 unde
536 1639 597 1688 tu
652 1651 742 1688 me
781 1634 1020 1688 hilarem
1054 1651 1174 1687 esse
1197 1651 1312 1689 non
1355 1635 1618 1706 jubebas.
1664 1636 1824 1690 Illam
1861 1636 2044 1706 ipsam

352 1724 511 1776 mille
555 1723 774 1776 alarum
842 1723 1198 1777 fabricataml
1240 1724 1497 1794 remigiis
1552 1723 1878 1794 scriptionis
1935 1730 2047 1778 tua:

353 1811 705 1865 mstimabam
738 1811 978 1882 pedibus
1010 1811 1264 1881 potuisse
1303 1810 1583 1882 superari,
1607 1828 1679 1865 ne
1706 1812 1924 1865 amanti
1955 1829 2047 1867 ex-

353 1905 604 1969 spectata
623 1900 772 1953 bona
798 1900 901 1953 tibi
931 1900 1180 1953 fructum
1207 1902 1545 1971 praeripiens
1562 1901 1708 1954 alter
1733 1901 2045 1971 ingereret.

354 1990 511 2055 Ecce,
556 1988 634 2042 mi
666 1989 916 2053 domine,
950 1989 1227 2042 honorem
1252 1990 1479 2042 salutati
1507 1988 1809 2061 accipiens,
1838 1989 2049 2061 agnitis

356 2077 622 2131 dolorum
669 2076 873 2141 causis,
932 2077 1187 2130 remedia
1244 2082 1565 2147 preparata
1608 2094 1722 2131 non
1751 2077 1996 2149 deneges
2032 2094 2045 2132 :

354 2166 511 2235 quia,
545 2172 825 2235 quantum
860 2181 1171 2235 praesumo,
1206 2182 1310 2219 nec
1336 2165 1478 2219 ﬁdes
1516 2166 1577 2219 in
1606 2166 1922 2236 diligentia,
1945 2182 2049 2220 nec

355 2254 425 2307 ad
457 2269 706 2320 unguem
743 2255 943 2307 ductus
977 2270 1165 2307 sermo
1195 2270 1291 2306 vos
1322 2254 1533 2307 deserit
1557 2254 1617 2308 in
1641 2255 1885 2325 loquela.
1927 2257 2046 2309 Non

354 2347 655 2396 contentus
680 2349 871 2397 tamen
903 2360 1017 2397 uno
1047 2344 1269 2397 dicendi
1300 2359 1510 2413 genere
1548 2344 1869 2414 displicere,
1924 2359 2046 2397 car-

355 2446 489 2484 men
511 2431 691 2501 adjeci
726 2447 739 2485 :
766 2436 827 2485 ut
863 2437 994 2502 post
1031 2432 1227 2502 epulas
1258 2431 1569 2487 Antenorei
1596 2432 1861 2502 gurgitis,
1907 2447 2048 2503 quas

358 2521 371 2553 ¹
408 2521 631 2573 lavacra
663 2521 870 2590 Aponi,
902 2527 1097 2573 coacta
1128 2521 1185 2574 in
1224 2520 1431 2591 artum;
1455 2520 1640 2574 carnis
1682 2521 1830 2589 lege,
1875 2522 2048 2575 casti-

355 2614 515 2679 gant,
560 2608 694 2661 dum
742 2608 882 2662 illud
935 2611 1087 2679 quod
1136 2625 1416 2680 aquarum
1447 2608 1655 2663 fetibus
1683 2609 2044 2676 distenditur,

354 2712 504 2767 aqua
526 2698 777 2764 desecat;
810 2714 915 2767 ego
945 2714 1174 2769 quoque
1223 2698 1321 2769 qui
1363 2698 1645 2753 Heliconis
1674 2698 1891 2752 ﬂuenta
1934 2715 2047 2753 non

352 2786 536 2855 tetigi,
587 2792 755 2855 poeta
802 2802 984 2840 novus
1029 2786 1362 2840 admiscear.
1428 2787 1632 2857 Accipe
1684 2802 1821 2857 ergo
1867 2787 2044 2840 risum

355 2880 581 2929 motura
632 2880 929 2945 poemata;
975 2880 1027 2928 et
1070 2874 1488 2928 ’Glovidenum
1532 2879 1698 2929 tuum
1754 2880 1810 2928 te
1857 2876 2046 2928 solum

319 2976 322 2980 λ
353 2962 651 3033 agnovisse
683 2967 1006 3029 contentus,
1040 2980 1069 3016 a
1101 2963 1332 3033 publico
1375 2964 1563 3033 rigore
1593 2980 1684 3017 me
1728 2964 1997 3017 subtrahe
2028 2980 2041 3017 :
2085 2976 2125 3031 (ς

356 3052 489 3122 quia
527 3051 574 3104 si
600 3056 683 3104 est
714 3051 865 3120 quod
894 3051 1039 3105 forte
1070 3052 1313 3121 placeat,
1363 3051 1644 3106 sententia
1675 3051 1812 3106 mihi
1863 3058 2050 3106 vestra

355 3138 566 3192 sufﬁcit
598 3153 610 3192 :
644 3139 689 3191 si
719 3140 872 3209 quod
907 3155 1105 3193 morsu
1151 3139 1389 3209 dignum
1448 3141 1539 3206 sit,
1573 3148 1854 3194 secretum
1906 3147 2048 3211 puto

354 3227 507 3297 quod
538 3227 606 3280 de
638 3227 805 3279 amici
834 3227 1017 3297 culpis
1049 3228 1366 3297 agnoveris.
1395 3228 1562 3282 Dabis
1593 3231 1765 3281 etiam
1798 3230 2047 3297 veniam,

356 3314 493 3385 quia
509 3314 805 3368 oculorum
830 3331 1061 3384 pressus
1080 3332 1289 3386 angore
1305 3321 1569 3385 poemata
1590 3316 1827 3370 fortasse
1848 3318 2050 3372 clauda

356 3402 670 3473 composui.
702 3404 825 3457 Non
864 3404 1018 3457 enim
1052 3409 1288 3474 possunt
1318 3420 1439 3459 esse
1498 3420 1768 3459 versuum
1810 3406 2049 3461 solidata

360 3491 614 3561 vestigia,
650 3491 883 3545 luminis
909 3492 1098 3546 ofﬁcio
1133 3493 1421 3547 destituta.
1474 3493 1619 3564 Lege
1676 3510 1813 3565 ergo
1873 3512 2050 3567 aquas

356 3580 584 3645 calidas,
616 3596 756 3649 quas
780 3580 1005 3635 invises.

1070 3666 1338 3707 VERSUS.

418 3724 440 3757 3
472 3719 696 3769 Tollitur
725 3720 909 3770 adclivi
944 3720 1100 3770 tellus
1134 3722 1360 3771 subnixa
1391 3724 1617 3782 tumore,

480 3783 847 3846 Leniterelato
865 3783 998 3832 fulta
1031 3784 1332 3846 supercilio.

416 3845 903 3909 verticib_us_nullis
934 3845 1365 3909 caput’admovet
1392 3845 1483 3894 illa
1511 3846 1819 3909 superbum,

480 3907 584 3970 Nec
609 3907 798 3970 similis
828 3907 1022 3970 pressis
1043 3907 1409 3970 vallibusima
1438 3907 1582 3970 petit.

419 3968 664 4040 Fupiger
688 3968 773 4017 hic
803 3968 996 4040 patulis
1026 3969 1239 4040 Aponus
1265 3969 1383 4040 ﬁuit
1414 3968 1648 4040 undique
1672 3970 1839 4019 venis.

484 4029 734 4094 Paciﬁcas
759 4031 937 4080 mixtis
967 4029 1104 4093 ignis
1124 4030 1350 4094 anhelat,
1367 4032 1517 4094 aquis

419 4090 572 4158 Unda
599 4091 743 4141 focos
772 4097 961 4158 servat,
990 4090 1102 4141 non
1128 4094 1302 4158 sorbet
1321 4090 1541 4158 flamma
1568 4093 1855 4158 liquorem;

483 4153 907 4217 Infusocrepitat
926 4154 1043 4202 fons
1072 4168 1219 4203 sacer
1246 4154 1367 4203 inde
1393 4169 1539 4217 rogo.

418 4213 605 4281 Ebrius
634 4216 719 4265 hic
745 4213 949 4281 cunctis
968 4217 1283 4265 medicinam
1313 4213 1550 4281 suggerit
1571 4216 1747 4266 ardor.

482 4278 713 4341 Corpora
737 4278 1012 4327 desiccans
1035 4292 1152 4328 rore
1175 4278 1490 4342 vaporifero.

2663 397 2903 461 rgitibus,
2934 398 3178 461 scintillis
3216 398 3435 448 ﬂuctuat
3461 398 3689 449 humor:

2346 458 2551 508 Vivitur
2572 458 2787 509 alterum
2817 462 3001 509 mortis
3018 460 3263 509 amicitia.

2284 520 2355 585 ξε
2376 526 2569 585 pareat,
2598 522 2846 585 nymphis
2870 523 3137 572 Vulcanus
3167 522 3421 585 mergitur
3445 522 3566 583 illis,

2282 582 2499 633 Fcedera
2530 582 2744 634 natura!
2759 586 2901 648 rupit
2929 585 3213 634 concordia
3240 582 3471 648 pugnax.

2776 665 3109 721 EPISTOLA
3148 666 3227 719 1X.

2690 768 3013 809 ENNODIUS
3058 768 3322 809 FAUSTO.

2228 839 2508 895 Secundet
2539 840 2822 895 desideria
2869 842 3113 896 honesta
3142 841 3447 895 divinitas:
3487 840 3616 896 felix
3656 839 3850 911 auspi-

2157 926 2308 981 cium
2329 928 2494 982 bonis
2526 946 2642 983 non
2667 934 2912 1000 negetur
2935 930 3140 983 studiis
3165 945 3177 982 :
3212 929 3480 998 ingenuae
3504 928 3852 983 intentiones

2157 1031 2565 1085 prosperorum
2619 1017 2896 1071 fructibus
2944 1017 3362 1071 convalescant.
3398 1018 3671 1071 Votorum
3706 1015 3853 1069 obsi-

2157 1104 2286 1158 dem
2317 1105 2548 1159 tradidit
2602 1106 2909 1172 honestati,
2943 1106 3041 1176 qui
3082 1106 3151 1159 ad
3191 1105 3450 1159 liberales
3485 1106 3717 1175 aspirat,
3748 1120 3849 1157 su-

2157 1193 2307 1262 peris
2328 1193 2667 1259 faventibus,
2699 1194 3043 1265 disciplinas.
3072 1194 3356 1247 Bonarum
3382 1194 3614 1247 affectus
3635 1193 3852 1247 artium

2157 1281 2347 1335 dirum
2376 1281 2721 1352 dedignatur
2734 1282 3054 1349 ingenium,
3070 1283 3137 1335 ad
3153 1282 3497 1352 eloquentia:
3512 1286 3853 1335 ornamenta

2158 1384 2273 1422 non
2299 1369 2542 1423 tendunt
2568 1370 2677 1423 nisi
2710 1370 2964 1424 moribus
2994 1370 3260 1423 instituti.
3316 1370 3410 1423 His
3440 1367 3462 1402 ³
3512 1367 3853 1423 Parthenius

2157 1463 2367 1526 noster,
2401 1475 2691 1529 germanae
2719 1460 2891 1524 ﬁlius,
2926 1460 3191 1514 incitatus
3213 1458 3458 1513 stimulis
3501 1460 3740 1513 Romam
3790 1459 3852 1511 in

2156 1563 2269 1617 qua
2316 1552 2400 1600 est
2451 1547 2725 1600 naturalis
2790 1547 3059 1615 eruditio,
3128 1548 3358 1601 festinat
3428 1547 3707 1600 invisere:
3757 1546 3852 1600 cui

2163 1634 2575 1705 magnitudinis
2598 1640 2798 1690 vestrae
2812 1635 3082 1707 suffragia
3107 1652 3231 1690 sum
3267 1640 3503 1707 paterna
3536 1635 3847 1706 pollicitus.

2164 1723 2340 1776 Datur
2367 1722 2609 1776 culmini
2638 1727 2821 1777 vestro
2855 1740 2957 1793 par
2985 1723 3403 1794 supplicantem
3438 1722 3663 1793 genius,
3710 1722 3851 1776 dum

2157 1810 2312 1881 quod
2343 1826 2479 1865 usus
2509 1811 2706 1881 exigit,
2729 1812 2993 1881 precibus
3045 1812 3420 1881 imploramus
3452 1827 3465 1865 :
3498 1826 3601 1864 ceu
3641 1810 3686 1863 si
3720 1809 3852 1880 quis

2157 1900 2350 1953 credat
2380 1916 2438 1953 se
2468 1903 2658 1953 ortum
2678 1900 2834 1967 solis,
2865 1915 3096 1954 cursum
3119 1899 3376 1954 ﬂuminis
3395 1899 3656 1953 oratione
3700 1914 3844 1969 pro-

2158 1987 2386 2041 mereri.
2422 1989 2545 2043 Non
2578 1992 2665 2042 est
2701 1988 3179 2053 beneﬁcium,ubi
3199 1988 3340 2042 ordo
3371 1993 3658 2041 servatur:
3694 1986 3843 2040 mori

2158 2074 2515 2145 obsequitur,
2558 2076 2711 2146 quod
2732 2076 2949 2146 obligat
2970 2076 3283 2129 universos.
3322 2077 3437 2147 Ego
3462 2079 3654 2130 tamen
3673 2090 3852 2145 supra

2157 2179 2387 2217 cursum
2409 2180 2441 2217 a
2481 2179 2595 2234 quo
2628 2180 2991 2235 nequaquam
3022 2164 3329 2232 disceditis,
3347 2164 3561 2234 aliquid
3584 2168 3850 2232 acceptu-

2159 2269 2253 2305 rus
2282 2268 2536 2306 occurro.
2602 2253 2785 2307 Direxi
2847 2269 3171 2323 personam,
3218 2253 3277 2307 in
3330 2269 3445 2323 qua
3514 2252 3849 2305 meritorum

2155 2354 2420 2394 meorum
2452 2345 2633 2394 status
2670 2341 3000 2395 aestimetur.
3025 2341 3182 2395 Alios
3208 2341 3443 2395 forsitan
3463 2339 3851 2409 fcommenda-

2155 2428 2237 2482 tio
2274 2428 2437 2499 juvet
2484 2428 2740 2483 indebita
2780 2445 2795 2483 :
2841 2429 3173 2499 parentibus
3221 2428 3414 2483 minus
3448 2433 3532 2483 est
3570 2428 3850 2499 quidquid

2157 2532 2429 2587 superare
2453 2533 2571 2571 non
2598 2532 2921 2587 possumus.
2957 2517 3197 2573 Domine
3216 2518 3316 2585 mi,
3369 2516 3597 2571 servitia
3634 2517 3849 2570 saluta-

2157 2605 2329 2660 tionis
2359 2610 2795 2677 reprmsentans,
2841 2607 3177 2676 portitorem
3227 2606 3421 2678 paucis
3468 2606 3706 2676 ejusque
3746 2621 3849 2657 ne-

2156 2695 2379 2766 gotium
2431 2694 2711 2760 elocutus,
2748 2699 2925 2749 restat
2955 2700 3017 2749 ut
3044 2710 3349 2765 agnoscam
3381 2695 3521 2766 quid
3559 2699 3850 2747 mereatur

2155 2799 2422 2854 persona,
2451 2798 2639 2849 causa,
2672 2782 3026 2853 proximitas.

2793 2888 3125 2944 EPISTOLA
3163 2888 3223 2941 Χ.

2518 2992 2874 3033 SYIMACHO
2918 2992 3090 3032 PAPE
3142 2990 3485 3031 ENNODIUS.

2231 3087 2374 3141 Dum
2405 3085 2599 3140 sedem
2632 3084 3007 3155 apostolicam
3045 3098 3268 3136 coronae
3302 3087 3504 3136 vestrae
3542 3096 3679 3135 cura
3720 3097 3847 3135 mo-

2157 3178 2407 3243 deratur,
2440 3180 2497 3229 et
2524 3174 2767 3228 caelestis
2795 3172 3261 3242 imperiiapicem
3289 3171 3506 3243 regitis,
3553 3172 3853 3226 btanditnr

2155 3265 2507 3336 profectibus
2527 3268 2854 3334 parentum,
2896 3261 3051 3331 quod
3075 3260 3100 3294 ⁶
3121 3261 3263 3316 meis
3306 3262 3650 3331 promissum
3693 3265 3853 3314 tene-

2155 3360 2250 3409 tur
2271 3353 2491 3408 ofliciis.
2525 3352 2695 3422 Spem
2720 3350 2842 3404 sine
2883 3350 3073 3404 labore
3114 3350 3335 3404 obtinet
3370 3350 3521 3420 apud
3581 3352 3846 3403 constan-

2155 3449 2269 3498 tem
2310 3442 2495 3496 virum
2525 3441 2773 3495 ﬁdeliter
2808 3439 3132 3493 obsecutus.
3176 3438 3414 3493 Grandis
3465 3442 3551 3493 est
3634 3454 3851 3509 pompa

2156 3531 2501 3603 praestantis,
2530 3529 2798 3601 quatiens
2841 3527 2994 3599 quod
3027 3544 3174 3581 unus
3206 3528 3415 3581 meruit
3453 3527 3713 3597 pluribus
3760 3542 3849 3580 re-

2156 3625 2449 3693 pensatur.
2493 3618 2864 3688 Superiorum
2896 3616 3157 3671 instituta
3214 3620 3518 3682 sectantur,
3568 3632 3671 3686 per
3701 3632 3849 3687 quos

2156 3709 2446 3778 generatio
2477 3706 2677 3778 recipit
2703 3705 2857 3777 quod
2886 3719 3130 3777 persona
3166 3704 3503 3760 condiderit.
3538 3704 3627 3760 Sic
3648 3706 3847 3771 ,lsrae-

2157 3798 2295 3852 litici
2324 3797 2529 3851 delicta
2560 3795 2759 3866 pOpuli
2791 3800 3024 3865 propter
3062 3793 3234 3848 David
3268 3810 3438 3865 pcena
3485 3809 3601 3847 non
3633 3792 3845 3864 tetigit,

2157 3887 2292 3941 dum
2313 3886 2471 3957 genti
2502 3885 2781 3955 opitulata
2801 3888 2885 3938 est
2935 3883 3291 3954 praecessoris
3333 3882 3652 3953 integritas,
3704 3887 3761 3935 et
3783 3881 3850 3935 ﬁ-

2156 3977 2254 4030 des
2284 3974 2534 4029 hominis
2562 3978 2660 4027 aut
2686 3973 2899 4044 eripuit
2921 3974 2990 4026 de
3021 3988 3215 4026 errore
3249 3973 3547 4042 populum,
3579 3975 3676 4025 aut
3697 3970 3851 4041 juvit

2156 4065 2214 4118 in
2236 4064 2439 4134 gratia.
2471 4061 2996 4131 Partheniusigitur
3020 4061 3391 4130 praesentium
3423 4060 3687 4131 portitor,
3720 4075 3848 4128 ger-

2160 4168 2344 4206 manae
2387 4151 2559 4218 ﬁlius,
2611 4152 2715 4204 hac
2750 4150 2819 4204 ad
2863 4165 3134 4203 coronam
3178 4154 3425 4203 vertram
3468 4148 3679 4202 ﬁducia
3722 4148 3850 4201 ani-

2159 4246 2351 4295 mante
2371 4240 2714 4295 directusest
2737 4256 2751 4306 ;
2783 4255 2955 4310 quem
2980 4238 3303 4292 sollicitudo
3332 4237 3583 4291 liberalis
3606 4238 3852 4291 Romam

431 4412 731 4485 ‘Lavacra
759 4411 971 4485 Aponi]
1012 4414 1356 4484 Corruptum
1381 4414 1474 4468 hic
1492 4429 1704 4468 nomen
1733 4416 1856 4466 erat
1883 4412 2044 4466 nobi-
2088 4380 2128 4432 Β
2159 4402 2430 4485 {Ionicum
2449 4400 2909 4485 hominerpmihil
2925 4402 3205 4485 cumqu
3227 4404 3331 4485 aut
3347 4404 3583 4485 coturno
3622 4400 3859 4485 loquen-

358 4483 562 4537 lissimi
591 4485 788 4550 fontis,
816 4483 919 4554 qui
950 4483 1235 4555 hodieque
1295 4490 1533 4555 propter
1560 4485 1835 4537 salutares
1874 4498 2051 4553 aquas

358 4502 562 4537 llSSlml
591 4502 788 4550 tonus,
823 4502 919 4554 qui
950 4502 1235 4555 nocteque
1295 4502 1400 4555 pro
1446 4502 1533 4538 ter
1560 4502 1835 4537 salutares
1874 4502 2050 4553 aquas

358 4569 569 4629 magna
597 4555 898 4609 hominum
940 4556 1263 4629 frequentia
1289 4502 1695 4629 celebraturin
1725 4570 1861 4629 ag_r_o
1896 4556 2050 4629 Pata-

359 4624 493 4678 vino
528 4641 653 4694 quae
698 4630 897 4694 Apona
940 4624 1109 4680 tellus
1140 4627 1209 4680 ab
1238 4627 1346 4682 hoc
1394 4626 1549 4680 fonte
1581 4625 1731 4678 dicta
1787 4625 2047 4687 Martiali,

361 4698 785 4767 utrAntenorea
818 4697 1077 4750 Ennodio
1102 4703 1157 4751 et
1186 4697 1329 4762 aliis,
1367 4697 1439 4751 ab
1479 4712 1546 4749 eo
1577 4711 1753 4767 quam
1792 4696 2051 4767 Trojanzr.

358 4765 597 4839 colonia
620 4772 920 4839 auctorem
944 4768 1156 4822 ferunt.
1193 4769 1254 4821 ln
1286 4767 1471 4839 Aponi
1503 4765 1680 4839 aquas
1713 4766 1847 4839 lusit
1876 4766 2050 4820 etiam

358 4836 634 4906 peculiari
672 4837 924 4891 carmine
983 4836 1373 4893 Claudianus}
1407 4843 1463 4893 et
1516 4836 1882 4892 Cassiodorus
1946 4853 2051 4889 suo

359 4923 517 4978 more.
546 4906 605 4960 in
628 4908 867 4978 epistola
893 4924 1066 4978 quam
1097 4910 1429 4963 Theoderici
1452 4910 1601 4978 regis
1620 4907 1852 4961 numine
1882 4907 2054 4961 dicta-

361 4977 439 5030 vit
473 4978 541 5031 ad
582 4977 873 5050 AlOysium
904 4977 1297 5045 architectum,
1343 4986 1404 5033 ut
1447 4977 1849 5033 Patavinarum
1896 4978 2051 5050 ther-

362 5064 586 5103 marum
617 5048 854 5104 azdiﬁcia
880 5050 1368 5114 instauret,totam
1398 5050 1584 5117 Aponi
1615 5054 1899 5114 naturam,
1939 5048 2054 5100 vim

360 5125 534 5243 iitbque
567 5137 731 5175 usum
762 5120 1060 5243 szgtissime
1090 5127 1261 5192 atque
1288 5118 2051 5191 ingeniosissimedescribit,

382 5207 400 5243 ι
449 5230 459 5243 .
505 5192 749 5243 ιῐ.θῐ)ἱδῑ.
849 5232 860 5243 .

382 5190 459 5244 ib.
505 5208 563 5257 ιι,
587 5192 749 5262 epist.
775 5194 860 5246 39.

433 5290 454 5324 ²
489 5289 861 5344 Glovidenum
878 5290 1057 5360 tuum]
1089 5290 1150 5344 In
1165 5289 1501 5360 prmfatione
1518 5289 1785 5360 carminis
1801 5289 1884 5360 ad
1917 5289 2056 5343 Fau-

362 5363 507 5413 stum
524 5376 538 5413 :
558 5360 647 5433 Ad
672 5358 1056 5433 cammalem
1073 5358 1262 5414 tamen
1279 5358 1674 5433 ignominiam,
1687 5359 1894 5433 quibus
1910 5376 2053 5413 nun-

362 5446 537 5500 quam
573 5431 903 5501 gluvidinus
933 5431 1108 5498 deest,
1149 5430 1345 5486 versus
1382 5430 1591 5499 adieci.
1641 5430 1787 5485 Satis
1821 5434 2058 5500 apparet

364 5502 733 5571 glovidenum
765 5503 836 5556 ab
867 5502 1121 5557 Ennodio
1145 5503 1336 5557 saeculi
1366 5501 1450 5555 sui
1482 5516 1616 5555 voce
1645 5517 1711 5554 eo
1742 5501 1860 5555 fere
1883 5517 2056 5555 sensu

366 5573 503 5640 poni
531 5590 644 5642 quo
673 5574 1051 5643 gurdonicum
1085 5589 1118 5626 a
1150 5573 1400 5643 Sulpicio
1439 5572 1665 5643 Severo,
1699 5588 1803 5640 pro
1841 5572 1970 5643 rudi
2002 5576 2059 5626 et

368 5641 656 5710 imperito.
681 5641 934 5711 ‘Vereor,
959 5644 1167 5714 inquit,
1189 5641 1268 5698 ne
1286 5642 1540 5715 οπεηᾴᾳι
1563 5646 1782 5698 reslras
1808 5641 2057 5697 nimium

371 5714 623 5771 urbanas
649 5729 819 5768 aures
833 5731 1019 5770 sermo
1031 5714 1385 5771 rusticam-{.4
1394 5714 1604 5771 udielis
1619 5718 1829 5781 tamen,
1856 5715 2059 5784 ulgur-

2160 4478 2292 4529 lem.
2325 4474 2433 4545 Sed
2467 4474 2847 4545 gurdonicum
2876 4489 2907 4524 a
2950 4472 3409 4545 gurdodeduci,’
3431 4473 3539 4545 hoc
3577 4478 3662 4526 est
3694 4475 3854 4526 lento

2160 4552 2216 4623 et
2247 4543 2597 4623 inutili,'_ut_
2624 4544 3032 4623 interpretatur
3084 4543 3354 4623 Isidorus,
3388 4543 3571 4623 facilis
3587 4547 3668 4597 est
3713 4559 3851 4597 con-

2154 4613 3036 4688 jecturanzgluvideniSurenam
3068 4613 3142 4666 sit
3168 4614 3355 4688 origo,
3388 4614 3693 4688 no_n_it._em_.

2233 4692 2254 4723 ³
2287 4682 2531 4741 Tollitur
2550 4682 2781 4753 adclivi]
2817 4683 3159 4755 Claudianus
3188 4682 3476 4755 de'Aponi
3502 4684 3720 4739 balneis
3753 4700 3769 4738 :

2220 4756 2339 4806 Alto
2369 4756 2502 4805 colle
2531 4755 2722 4808 minor.
2752 4754 2928 4816 parvis
2955 4754 3178 4803 erectior
3200 4754 3356 4815 arvis,

2284 4817 2578 4890 conspicuo
2603 4816 2769 4890 clivus
2797 4816 3026 4865 molliter
3053 4816 3180 4889 orbe
3206 4817 3354 4867 nitet.

2222 4878 2466 4931 Ardentis
2496 4878 2752 4941 fecundus
2782 4892 2950 4941 aquae.
2982 4879 3283 4941 quicunque
3306 4892 3557 4928 cavernas

2286 4942 2538 4999 Perforat,
2562 4939 2765 4989 offenso
2790 4939 3021 4989 truditur
3042 4942 3162 5003 igne
3196 4939 3354 4990 latex.

2231 5010 2253 5044 ι
2281 5004 2401 5059 Hic
2423 5019 2573 5075 pyra
2586 5002 2923 5074 gurgitibus]
2939 5003 3029 5058 Sic
3045 5002 3350 5074 legendum
3368 5020 3472 5075 pro
3500 5018 3662 5075 pera,
3697 5003 3853 5075 quod

2162 5080 2247 5130 est
2276 5077 2336 5130 in
2385 5074 2654 5144 antiquis,
2703 5080 2836 5127 nota
2890 5075 3100 5127 litterae
3151 5074 3462 5129 mutatione
3504 5090 3517 5129 :
3560 5080 3623 5129 ut
3674 5074 3775 5129 lib.
3810 5091 3852 5139 ι,

2161 5147 2329 5216 epist.
2365 5148 2417 5213 4,
2448 5145 2749 5217 peripoma
2790 5160 2894 5217 pro
2917 5144 3247 5217 pyripoma.
3285 5147 3522 5200 Paribus
3552 5145 3857 5217 antithetis

2161 5215 2230 5271 de
2261 5215 2458 5271 eadem
2491 5215 3376 5271 rescribensutitu‘rtlassiodorus
3410 5233 3424 5271 :
3454 5217 3637 5270 Juvat
3660 5215 3858 5271 videre

2159 5294 2462 5359 secretum,
2494 5286 2696 5359 latices
2712 5302 2947 5359 vapores
2975 5290 3168 5359 igneos
3193 5287 3550 5359 exhalantes,
3599 5290 3856 5359 amicum

2161 5358 2331 5412 undis
2342 5356 2720 5411 indesinenter
2738 5356 3020 5419 ardorem}
3046 5361 3101 5411 et
3111 5357 3363 5412 calorem
3382 5360 3573 5413 venire
3595 5358 3666 5412 de
3681 5373 3857 5412 cursu

2161 5429 2291 5490 rivi,
2325 5428 2477 5481 unde
2506 5428 2792 5482 usualiter
2805 5428 3024 5482 solebat
3043 5429 3345 5498 exstingui.

2233 5498 2256 5533 ⁵
2299 5499 2644 5570 Parthenius
2670 5498 2892 5570 noster],
2918 5500 2991 5570 De
3022 5515 3137 5570 quo
3170 5500 3267 5553 lib.
3302 5516 3377 5565 v1,
3407 5500 3573 5570 epist.
3623 5502 3671 5553 l.

2233 5570 2257 5604 °
2290 5567 2438 5622 Meis
2466 5569 2696 5642 officiis]
2728 5567 2939 5634 Quzein
2960 5567 3466 5640 Symmachicausa
3489 5570 3855 5642 praestiterat,

2164 5647 2287 5696 tum
2320 5640 2541 5711 caeteris
2562 5640 2620 5694 in
2635 5642 2821 5711 rebus,
2852 5647 2973 5694 tum
3001 5641 3241 5695 maxime
3271 5643 3327 5696 in
3342 5640 3737 5711 Apologiapro
3760 5658 3858 5711 sy-

2165 5709 2509 5779 nodo,cujus
2524 5709 2851 5772 defensione
2869 5712 3189 5783 Symmachi
3205 5709 3859 5772 innocentia—nitebatur.
