4054 6176
169 290 221 342 93
1503 287 1934 345 EPISTOLARU
1946 290 1992 343 Μ
2034 290 2163 345 LIB.
2209 290 2268 343 V.
3571 296 3638 349 {li

164 422 322 494 coegit
341 425 621 492 expetere.
648 421 852 477 Sancta
882 424 1014 476 sunt
1035 420 1225 476 studia
1253 420 1574 477 litterarum
1606 423 1665 477 in
1696 423 1823 493 qui-
1864 424 1911 479 Α
1940 423 2189 490 theuius,
2221 424 2430 479 sororis
2462 440 2605 479 mete
2635 424 2806 492 ﬁlius,
2839 442 2943 497 per
2973 426 3227 481 liberalis
3268 428 3438 483 studii
3469 428 3637 483 disci-

166 512 254 566 bus
279 517 401 564 ante
443 511 798 564 incrementa
832 510 1053 579 peritiae
1103 510 1240 565 vitia
1280 510 1671 565 dediscuntur.
1712 511 1828 565 Hoc

164 601 343 654 itinere
370 616 508 652 cana
529 598 599 653 ad
619 614 800 651 annos
833 600 1081 668 pueriles
1112 600 1297 653 solent
1325 600 1518 653 venire
1550 600 1786 653 consilia
1812 616 1824 653 :

165 690 279 743 dum
323 688 471 758 quod
519 693 655 741 aetas
703 686 913 755 refugit
958 693 1172 741 norunt
1226 688 1485 741 instituta
1533 694 1825 759 prmstare.

168 778 344 831 Fovete
387 792 522 845 ergo
552 792 566 829 :
600 777 613 808 ¹
655 775 915 829 veniendi
945 790 1141 829 causas
1182 776 1459 846 patefacta
1487 778 1829 847 consangui-

165 866 317 918 nitate
360 863 656 916 didicistis.
714 863 940 918 Habetis
991 864 1272 928 obsidem,
1322 863 1379 916 in
1429 881 1541 934 quo
1587 864 1828 918 dilucide

168 953 477 1005 meritorum
527 952 676 1021 apud
728 968 825 1004 vos
874 967 1131 1004 meorum
1188 952 1433 1021 qualitas
1490 952 1825 1006 innotescat.

168 1042 399 1105 Domine,
450 1045 510 1093 ut
556 1056 751 1109 supra,
818 1039 1171 1092 salutationis
1231 1040 1607 1093 reverentiam
1661 1040 1831 1093 obse-

162 1131 404 1200 quiorum
435 1129 738 1182 devotione
764 1129 1085 1189 restituens,
1112 1144 1314 1198 precor
1338 1135 1401 1183 ut
1421 1131 1673 1198 perlator
1694 1146 1833 1199 pree-

1937 513 2121 583 plinas
2154 512 2435 582 ingenuus
2465 514 2584 566 vult
2625 514 2801 568 videri
2838 532 2850 568 :
2885 520 3065 585 optat,
3100 517 3159 569 ni
3207 516 3390 583 fallor,
3427 517 3638 587 peculii

1937 602 2107 655 vestri
2154 602 2365 654 habere
2415 602 2826 656 testimonium.
2864 604 3193 672 Magnitudo
3240 605 3418 674 igitur
3448 611 3635 660 vestra

1937 689 2359 760 praeteritorum
2410 694 2597 755 tenax,
2660 706 2882 743 memor
2938 692 3335 760 praesentium,
3387 695 3637 764 prudens

1934 778 2132 842 futuri,
2184 778 2523 847 perlatorem
2574 794 2674 847 pro
2725 795 2851 831 mea
2892 780 3396 834 commendatione
3450 782 3638 834 susci-

1940 866 2057 937 piat
2088 881 2100 919 :
2136 871 2191 918 et
2221 867 2319 935 qui
2350 865 2461 919 erit
2495 881 2596 934 per
2644 865 2920 919 visionem
2954 873 3200 920 vestram
3232 869 3517 923 scribente
3549 869 3637 922 fe-

1940 952 2119 1018 licior,
2173 952 2652 1021 peregrinationis
2699 969 2813 1006 non
2849 954 3095 1022 patiatur
3132 955 3365 1008 adversa
3396 956 3632 1011 sentire.

1942 1041 2180 1094 Domine
2226 1042 2323 1107 mi,
2386 1042 2640 1094 debitum
2694 1044 2982 1096 servitium
3039 1045 3281 1097 reddens
3336 1062 3537 1114 precor
3579 1051 3640 1099 ut

1940 1129 2022 1180 vel
2056 1144 2158 1197 per
2188 1128 2333 1180 hanc
2363 1128 2717 1181 occasionem
2748 1146 2860 1198 qua
2892 1130 3047 1183 illinc
3082 1132 3415 1184 Parthenius
3448 1148 3638 1185 susce-

164 1216 386 1268 sentium
430 1216 681 1268 famulus
734 1222 915 1269 vester
960 1216 1111 1269 felici
1162 1225 1313 1270 sorte
1362 1218 1649 1288 peregrini
1681 1217 1831 1287 apud
1936 1220 2060 1285 ptas
2092 1215 2300 1285 poterit
2334 1216 2568 1285 paginas
2601 1216 2908 1282 destinare,
2944 1218 3252 1272 desiderati
3285 1219 3632 1288 multiplice-

163 1320 247 1356 vos
290 1320 494 1356 nomen
544 1304 836 1374 excipiat:
889 1304 1023 1374 quia
1072 1305 1221 1375 quod
1270 1306 1611 1360 attributum
1661 1306 1834 1360 fuerit

160 1391 398 1459 precibus
437 1391 595 1451 meis,
643 1396 895 1444 vestrum
940 1407 1115 1460 supra
1141 1392 1300 1446 dotes
1331 1409 1460 1446 suas
1506 1400 1671 1448 ornat
1706 1394 1829 1447 ofli-

164 1494 317 1531 mum.

751 1584 1080 1638 EPISTOLA
1133 1586 1219 1638 Kl.

630 1686 951 1727 ENNODIUS
1008 1688 1352 1729 LUIINOSO.

220 1774 411 1828 Videor
456 1776 609 1845 apud
644 1792 785 1845 quos
832 1776 1096 1846 plurimis
1144 1777 1482 1831 asserendus
1520 1781 1621 1843 est,
1656 1794 1827 1848 quem

156 1863 381 1917 instituti
412 1864 664 1917 liberalis
694 1881 831 1919 cura
860 1866 1156 1919 sollicitat:
1194 1882 1292 1919 vos
1324 1871 1591 1935 patronos
1622 1868 1831 1921 meruit

154 1969 304 2006 causa
346 1954 685 2007 communis.
743 1955 863 2008 Non
910 1955 1096 2025 ignari
1143 1956 1480 2024 peregrinos
1520 1956 1827 2025 suscipitis,

154 2057 244 2094 nec
273 2042 612 2096 erudiendos
653 2042 939 2096 animatis.
975 2044 1233 2113 Expertis
1264 2060 1468 2097 manus
1514 2046 1827 2099 necessita-

156 2130 289 2182 tibus
326 2130 666 2200 frequenter
694 2131 1015 2198 adhibetur,
1055 2132 1193 2185 dum
1227 2133 1296 2185 ad
1328 2133 1667 2203 eloquentiae
1708 2135 1827 2203 pal-

159 2234 293 2272 mam
328 2218 532 2271 feriato
564 2235 661 2272 ore
693 2236 790 2272 eos
821 2221 919 2290 qui
952 2220 1203 2273 titubant
1236 2221 1508 2273 invitatis.
1544 2221 1831 2291 Exemplis

157 2308 398 2361 hortatur
428 2323 496 2360 ex
525 2308 831 2378 peregrino
850 2313 1071 2377 potens,
1098 2324 1165 2361 ex
1194 2308 1498 2378 insipiente
1526 2311 1829 2379 perfectus.

160 2396 386 2465 [traque
418 2396 752 2463 Parthenio,
786 2412 1073 2465 germanae
1106 2413 1245 2450 meae
1291 2397 1429 2461 ﬁlio,
1462 2414 1594 2467 pars
1623 2414 1830 2451 conve—

157 2486 267 2537 nit:
299 2484 387 2537 cui
435 2486 504 2537 ad
542 2485 895 2538 venerabiles
938 2484 1265 2554 disciplinas
1304 2486 1541 2539 Romam
1591 2488 1827 2556 petenti,

159 2588 246 2640 pro
274 2572 499 2625 ferratis
540 2573 853 2626 calcaribus
896 2573 1105 2627 sufﬁcit
1142 2589 1237 2627 vos
1270 2574 1485 2628 videre.
1539 2573 1595 2629 Si
1627 2575 1696 2628 ab
1724 2576 1829 2627 hu-

159 2660 412 2713 manitate
460 2677 575 2713 non
610 2660 911 2729 discrepat,
958 2660 1369 2714 sublimitatem
1418 2666 1575 2715 tuam
1627 2679 1831 2731 gerens

159 2756 271 2800 ante
303 2749 519 2813 oculos,
555 2749 724 2801 rebus
764 2748 831 2802 ad
877 2748 1143 2802 virtutem
1176 2749 1365 2819 potius
1397 2766 1568 2819 quam
1602 2750 1832 2803 monitis

160 2836 434 2889 excitatur.
473 2837 741 2907 Magistra
764 2837 975 2891 laboris
1005 2844 1089 2891 est
1129 2838 1313 2891 laudis
1348 2838 1603 2902 ambitio,
1639 2838 1832 2907 praeci-

158 2939 253 2991 pue
281 2924 512 2994 quando
552 2925 613 2977 in
662 2925 758 2977 illo
805 2926 1098 2993 exuberat,
1141 2942 1309 2996 quem
1351 2926 1554 2979 similis
1583 2926 1832 2980 retineas

159 3011 311 3065 fuisse
339 3012 608 3065 fortunas.
644 3012 752 3067 Sed
792 3014 836 3066 si
871 3014 1028 3067 vobis
1060 3014 1218 3068 cordi
1250 3030 1399 3081 sum,
1430 3014 1577 3068 circa
1608 3031 1834 3069 memo-

158 3106 324 3153 ratum
368 3106 597 3170 patrem
646 3102 889 3167 reddite,
924 3108 985 3155 ut
1032 3118 1193 3156 amor
1245 3108 1477 3156 mutuus
1526 3103 1595 3157 de
1627 3104 1837 3157 vicaria

158 3186 499 3258 impensione
530 3190 848 3259 gratuletur
883 3207 895 3243 :
931 3196 994 3244 ut
1034 3190 1312 3262 quidquid
1358 3192 1417 3245 in
1447 3192 1840 3261 magnitudine

159 3280 239 3329 tua
270 3276 488 3330 dudum
544 3277 753 3330 laboris
785 3278 1037 3344 exhibui,
1085 3278 1225 3332 mihi
1257 3295 1358 3348 per
1389 3280 1629 3332 alterum
1662 3280 1839 3333 refor-

161 3372 345 3418 metur.
387 3365 651 3431 Domine,
699 3372 761 3419 ut
794 3382 987 3436 supra,
1020 3366 1383 3420 salutationis
1423 3367 1700 3438 obsequia
1741 3369 1837 3421 de-

158 3453 412 3519 pendens,
472 3454 610 3506 satis
658 3470 779 3507 esse
820 3454 892 3507 ad
939 3454 1494 3527 commendationem
1526 3455 1762 3521 credidi,
1794 3454 1841 3509 si

159 3541 242 3609 qui
283 3548 430 3594 esset
481 3542 725 3611 portitor
789 3558 899 3595 non
950 3543 1169 3596 lateret.
1217 3544 1457 3597 Precum
1512 3542 1840 3612 prolixitate

159 3630 317 3681 utitur
342 3629 413 3683 de
444 3630 853 3699 impetratione
886 3630 1151 3684 difﬁdens
1177 3648 1189 3685 ι
1220 3636 1622 3701 argumentum
1644 3636 1729 3684 est
1760 3630 1841 3685 nil

157 3719 432 3781 merentis,
487 3718 589 3771 diu
636 3734 860 3788 rogare.
914 3719 1169 3772 Facessat
1225 3736 1256 3771 a
1314 3719 1570 3772 moribus
1616 3720 1747 3784 tuis,
1782 3724 1843 3773 ut

158 3805 343 3872 perdas
364 3805 779 3859 beneﬁciorum
797 3806 1054 3877 genium,
1082 3808 1217 3861 dum
1240 3808 1407 3877 longa
1428 3808 1841 3878 supplicatione

156 3894 479 3961 producitur
506 3894 574 3949 de
606 3894 811 3949 eﬁ‘ectu
837 3896 1008 3949 celeri
1032 3896 1435 3950 sublevandus.

756 4018 1080 4073 EPISTOLA
1122 4020 1235 4074 XII.

521 4121 843 4161 ENNODIUS
890 4122 1131 4162 FAUSTO
1173 4122 1463 4162 JUNIORL

212 4213 322 4265 Deo
352 4211 571 4282 gratias
604 4212 889 4282 praefatus,
930 4212 1032 4283 qui
1072 4214 1369 4266 oculorum
1415 4229 1672 4267 meorum
1701 4230 1842 4285 quas

155 4298 563 4370 inexplicabilis
596 4303 757 4355 dolor
791 4307 1090 4372 pepererat
1138 4302 1317 4354 nubes
1356 4303 1619 4356 abstersit
1652 4321 1664 4357 :
1711 4305 1842 4373 jure

156 4388 212 4439 ad
234 4390 423 4457 ipsum
446 4390 725 4442 beneﬁcia
742 4406 844 4442 sua
856 4389 1127 4454 referens,
1149 4391 1245 4460 qui
1263 4391 1456 4444 lumen
1476 4391 1699 4445 deditet
1718 4394 1844 4446 red-

157 4476 304 4530 didit.
345 4478 447 4530 Vix
485 4478 640 4530 enim
675 4484 803 4548 post
830 4479 1161 4532 innumeros
1192 4479 1314 4533 dies
1344 4480 1603 4533 sanitatis
1636 4482 1846 4535 ﬁducia

155 4565 431 4618 animante
464 4566 704 4635 respiro.
744 4568 811 4621 Et
842 4568 950 4620 hoc
976 4568 1047 4620 ad
1081 4566 1424 4620 sententiam
1456 4569 1723 4621 culminis
1753 4585 1845 4623 ve-

155 4654 242 4705 stri
271 4654 646 4723 prolixiorem
680 4654 930 4725 respicit,
957 4660 1018 4708 ut
1047 4670 1218 4726 quem
1244 4658 1447 4724 genius
1481 4672 1617 4710 suus
1647 4657 1715 4711 de
1740 4658 1845 4712 vici

159 4742 321 4795 nitate
362 4743 637 4809 deseruit,
672 4744 748 4796 nil
783 4744 997 4796 videret
1038 4759 1050 4796 :
1086 4743 1182 4796 sed
1232 4751 1433 4813 potens
1483 4750 1565 4799 est
1615 4746 1709 4799 ille
1746 4747 1845 4817 qui

158 4833 399 4899 corporis
435 4832 585 4884 tollit
616 4832 871 4897 nebulas,
905 4848 1098 4886 rerum
1138 4833 1445 4886 serenitate
1495 4838 1715 4887 mutare
1747 4837 1843 4889 tri-

158 4920 376 4972 stitiam.
415 4921 546 4972 Post
593 4921 973 4973 elocutionem
1016 4922 1385 4987 necessitatis,
1436 4922 1503 4974 ad
1553 4924 1844 4991 negotium

156 5007 312 5060 redeo
337 5008 492 5077 quod
520 5015 780 5061 coactum
809 5008 1139 5077 impetravit
1167 5010 1508 5079 alloquium.
1542 5011 1845 5078 Amabitis,

158 5102 207 5148 ut
232 5112 418 5166 spero,
452 5097 710 5166 bajulum
745 5113 913 5167 quem
948 5097 1151 5151 asserit
1188 5084 1358 5151 causa
1397 5098 1681 5153 veniendi.
1718 5102 1847 5153 Par-

215 5236 236 5271 ⁴
275 5240 335 5291 lu
368 5236 502 5291 edit.
534 5238 772 5304 Schotti,
802 5238 967 5306 cujus
986 5237 1268 5297 veniendi.
1304 5244 1411 5292 etc.

216 5310 239 5343 ²
282 5310 504 5381 Damno
535 5308 723 5381 papa]
774 5309 1162 5380 Symmacho:
1211 5316 1268 5362 et
1322 5311 1428 5364 hoc
1477 5310 1656 5380 igitur
1698 5310 1847 5364 inter

160 5378 390 5433 Ennodii
423 5378 563 5447 erga
615 5378 1020 5450 Symmachum
1071 5380 1347 5434 beneﬁcia
1394 5378 1837 5435 numerandum.

215 5451 241 5482 ³
275 5452 582 5505 Sanctitas
611 5451 823 5520 vestra]
860 5452 927 5505 Ut
952 5451 1253 5505 Beatitudo
1277 5455 1395 5514 tua,
1429 5468 1603 5520 supra
1634 5451 1733 5505 lib.
1770 5470 1841 5517 ιν,

158 5522 290 5592 epist
343 5525 412 5576 3i
454 5522 774 5577 Hormisdaa
806 5522 1016 5575 eidem.
1054 5524 1193 5576 Rata
1223 5524 1589 5591 compellatio
1612 5525 1670 5575 in
1700 5524 1841 5576 allo-

157 5595 368 5648 cutione
426 5595 678 5659 diaconi,
729 5592 893 5662 cujus
942 5593 1157 5647 ordinis
1205 5599 1329 5648 erat
1384 5594 1696 5647 Hormisda.
1753 5596 1846 5647 Est

157 5666 296 5719 enim
344 5666 748 5737 episcoporum
798 5664 989 5736 potius
1036 5665 1122 5718 vel
1176 5664 1640 5735 presbyterorum
1686 5682 1845 5737 προσ-

1941 1308 2033 1358 tur
2064 1304 2250 1357 forma
2282 1304 2575 1374 colloquii.

2532 1409 2863 1464 EPISTULA
2904 1410 3043 1463 Xlll.

2414 1529 2733 1569 BNNUDIUS
2782 1529 3155 1569 HORMISDﬁ.

2012 1618 2230 1673 Scimus
2261 1618 2509 1689 religiosi
2559 1625 2912 1673 sacramenta
2955 1618 3233 1689 propositi
3272 1619 3343 1674 ab
3391 1618 3639 1673 obnoxia

1872 1716 1912 1771 Β
1943 1707 2189 1776 peccatis
2236 1707 2621 1773 multitudine,
2656 1708 2983 1761 innocentia
3017 1714 3073 1760 et
3118 1708 3231 1762 ﬁde
3277 1707 3551 1777 separari,
3584 1714 3641 1761 et

1940 1795 2135 1849 titulos
2154 1796 2492 1850 venerabilis
2516 1796 2686 1849 officii
2719 1812 2903 1849 mores
2936 1797 3125 1867 potius
3157 1796 3434 1865 insignire
3466 1812 3638 1865 quam

1940 1899 2204 1952 corpora.
2237 1884 2371 1947 Quis
2394 1884 2608 1937 bonum
2637 1885 3000 1938 conscientia:
3025 1885 3174 1937 inter
3203 1885 3465 1939 homines
3483 1901 3637 1955 quaa-

1941 1977 2046 2038 rat,
2080 1972 2125 2024 si
2156 1972 2354 2025 mundi
2386 1972 2708 2026 adhibenda
2738 1978 2823 2026 est
2868 1974 3015 2026 circa
3056 1974 3396 2042 pontiﬁcum
3432 1977 3641 2026 statuta

1942 2060 2265 2125 necessitas,
2310 2060 2357 2112 si
2426 2062 2781 2114 sacerdotum
2864 2061 3167 2131 promissio
3234 2061 3641 2130 circumspecta

1941 2148 2203 2201 cautione
2266 2148 2619 2202 servabitur?
2682 2149 2984 2219 Nunquam
3049 2149 3249 2203 habuit
3310 2149 3370 2202 iu
3436 2149 3639 2203 aﬁ‘ectu

1942 2236 2347 2304 constantiam,
2394 2236 2483 2289 cui
2532 2237 2712 2290 facere
2762 2237 2919 2289 aliud
2960 2237 3028 2290 de
3078 2236 3490 2306 pollicitatione
3522 2253 3640 2290 non

1942 2325 2119 2378 licuit.
2186 2324 2389 2379 Surculi
2447 2325 2797 2378 conversatio
2854 2326 3043 2393 legum
3093 2332 3245 2379 metu
3305 2326 3634 2379 retinetur:

1945 2414 2043 2466 Dei
2088 2412 2332 2466 famulos
2362 2414 2512 2483 quod
2551 2413 2767 2467 bonum
2809 2420 2892 2466 est
2925 2412 3194 2467 exhibere
3225 2413 3492 2466 convenit
3523 2428 3638 2465 non

1942 2501 2257 2567 formidini,
2304 2502 2402 2556 sed
2433 2502 2632 2555 amori.
2680 2502 2905 2555 Dudum
2947 2502 3085 2555 dum
3125 2502 3292 2555 nobis
3323 2506 3510 2555 metus
3555 2501 3641 2553 in-

1944 2595 2137 2657 staret,
2192 2595 2246 2643 et
2277 2590 2345 2643 de
2394 2590 2699 2643 clementia
2748 2590 2827 2659 pii
2868 2591 3017 2660 regis
3070 2590 3245 2643 dubio
3300 2590 3636 2642 meritorum

1943 2677 2319 2732 aestimatione
2369 2679 2747 2749 penderemus
2786 2678 3020 2745 incerto,
3073 2679 3317 2731 camelos
3372 2682 3459 2731 tot
3504 2678 3645 2731 dan-

1946 2767 2046 2820 dos
2078 2766 2100 2796 ⁸
2127 2767 2337 2819 domno
2374 2783 2537 2836 papre
2566 2767 2667 2819 tali
2702 2767 3034 2819 reverentiae
3065 2756 3267 2820 vestrae
3309 2766 3641 2819 conditione

1945 2853 2308 2921 tradidimus,
2364 2860 2420 2907 ut
2481 2855 2527 2907 si
2584 2854 2748 2907 nobis
2792 2855 3061 2907 animalia
3116 2855 3239 2924 ipsa
3286 2870 3403 2907 non
3451 2858 3642 2906 essent

1946 2942 2282 3007 necessaria,
2312 2941 2533 3010 justum
2565 2958 2669 3010 pro
2718 2942 2855 3010 ipsis
2904 2941 3155 3010 pretium
3202 2941 3543 2994 mitteretur.
3580 2941 3643 2993 Et

1949 3029 2083 3099 quia
2132 3030 2289 3082 novit
2338 3030 2552 3100 Optime
2584 3034 2603 3064 ³
2653 3018 2919 3083 sanctitas
2969 3034 3174 3095 vestra,
3206 3046 3330 3096 nos,
3364 3029 3502 3083 dum
3542 3045 3643 3099 po-

1948 3116 2182 3184 tuimus,
2218 3133 2320 3187 per
2358 3116 2762 3187 allegationem
2808 3122 2964 3170 tuam
2998 3118 3270 3171 utilitates
3295 3122 3503 3169 sanctae
3539 3117 3645 3170 Ro—

1951 3220 2133 3257 manae
2189 3204 2445 3257 Ecclesiae
2505 3205 2850 3271 sublevasse,
2898 3221 3050 3258 nunc
3105 3221 3211 3275 pro
3257 3204 3646 3257 vicissitudine

1948 3291 2116 3345 facite
2149 3292 2216 3345 de
2238 3293 2474 3346 veritate
2506 3292 2868 3347 beneﬁcium.
2906 3294 3241 3358 Quaesumus
3272 3294 3467 3359 etiam,
3502 3293 3650 3346 salu-

1948 3380 2163 3434 tatione
2195 3382 2452 3451 praefata,
2485 3386 2546 3434 ut
2578 3381 2714 3451 quid
2760 3398 2931 3453 super
2976 3384 3079 3436 hac
3110 3388 3269 3452 parte
3311 3382 3645 3436 deliberatio

1948 3474 2132 3522 vestra
2172 3469 2400 3536 habeat,
2448 3469 2747 3523 indicetis:
2797 3471 2933 3541 quia
2979 3471 3264 3525 credimus
3310 3487 3411 3524 nec
3441 3470 3647 3540 praefa-

1949 3560 2070 3610 tum
2102 3558 2249 3611 sedis
2281 3560 2605 3623 apostolicze
2649 3561 2977 3629 prmsulem,
3012 3575 3115 3613 nec
3146 3576 3244 3612 vos
3284 3559 3383 3630 qui
3431 3557 3648 3611 media-

1949 3648 2101 3698 tores
2132 3645 2390 3710 existitis,
2424 3646 2579 3700 aliud
2625 3647 2899 3717 cogitare,
2937 3648 3045 3701 nisi
3078 3648 3229 3718 quod
3262 3652 3319 3701 et
3352 3644 3646 3718 proposito

1948 3738 2006 3787 et
2030 3732 2267 3803 justitio:
2301 3733 2421 3787 sine
2448 3734 2806 3788 dubitatione
2839 3736 3156 3790 conveniat.

2547 3841 2880 3896 EPlSTOLA
2918 3841 3051 3896 XIV.

2382 3943 2702 3984 suuonws
2746 3933 2766 3965 ι
2814 3944 3219 3985 saliviuom.

2026 4033 2100 4085 De
2132 4032 2480 4101 perfectione
2524 4032 2822 4087 conﬁdunt
2852 4032 3135 4103 discipuli,
3169 4034 3439 4105 quotiens
3473 4032 3653 4103 magi-

1950 4124 2197 4197 strorum
2249 4122 2615 4190 praesentiam
2659 4123 3083 4191 praestolamur.
3133 4122 3271 4192 Spes
3311 4121 3648 4175 eruditionis

1954 4208 2253 4262 manifesta
2293 4213 2399 4275 est,
2451 4214 2511 4262 ut
2557 4210 2781 4263 fruatur
2809 4210 2980 4280 genio
3014 4226 3137 4275 suo,
3186 4209 3427 4263 invitare
3462 4208 3653 4261 docto-

1881 4330 1924 4383 Β
1957 4314 2077 4351 rem
2110 4314 2124 4351 :
2157 4298 2307 4351 clara
2337 4302 2468 4350 sunt
2493 4297 2747 4368 ingenia,
2784 4315 2913 4369 qua:
2946 4299 3328 4352 instruentum
3357 4295 3652 4366 agitantur

1956 4387 2286 4441 desideriis:
2313 4386 2649 4440 monitorem
2674 4388 2998 4457 requirunt,
3029 4385 3128 4456 qui
3157 4384 3307 4437 felici
3332 4389 3483 4437 sorte
3507 4382 3654 4437 didi-

1954 4482 2173 4529 ceruut.
2212 4476 2301 4529 Sic
2336 4492 2472 4545 ergo
2506 4476 2819 4527 sanctitatis
2860 4482 2969 4529 tum
3001 4474 3299 4528 affectione
3332 4486 3650 4543 possessus,

1955 4552 2286 4635 quanquam
2313 4580 2400 4618 me
2435 4565 2502 4619 de
2525 4564 2727 4633 peritia
2754 4565 2967 4633 jactare
2993 4579 3108 4616 non
3131 4562 3397 4626 audeam,
3428 4561 3653 4614 vultum

1954 4657 2144 4707 tamen
2179 4654 2551 4724 praeceptoris
2595 4659 2856 4721 exspecto
2894 4668 2906 4705 :
2959 4668 3029 4705 ne
3064 4651 3335 4722 degeneri
3366 4658 3421 4705 te
3456 4654 3654 4707 credas

1956 4742 2397 4795 ecclesiasticum
2441 4757 2680 4811 germen
2712 4740 2829 4793 lilio
2858 4740 3208 4794 commisisse
3244 4757 3257 4794 :
3293 4740 3430 4811 quia
3456 4758 3655 4810 quam-

1955 4830 2039 4883 vis
2071 4830 2349 4883 memoria
2391 4846 2516 4883 mea
2546 4830 2616 4882 ad
2656 4834 2926 4882 centenos
2957 4846 3014 4882 se
3046 4846 3162 4882 non
3209 4834 3388 4884 valeat
3436 4830 3653 4883 fructus

1954 4919 2260 4984 extollere;
2295 4918 2398 4971 scit
2446 4923 2637 4970 tamen
2670 4919 2889 4971 semina
2937 4918 3315 4987 multiplicata
3351 4918 3651 4973 redhibere

1954 5006 2177 5061 cultori.
2228 5008 2366 5060 Veni
2417 5022 2573 5075 ergo,
2619 5010 2680 5058 ut
2719 5022 2908 5059 coram
2943 5006 3162 5076 positus
3193 5012 3447 5077 segetem
3495 5012 3654 5061 tuam

1954 5096 2085 5150 boni
2118 5095 2383 5165 agricolas
2419 5095 2535 5148 vice
2566 5095 2853 5166 respicias.
2892 5097 3038 5149 Deus
3069 5095 3264 5166 procul
3302 5099 3517 5149 avertat
3558 5095 3653 5148 in-

1956 5246 2199 5310 φώνησις,
2236 5243 2500 5293 Attamen
2536 5240 2803 5294 eumdem
2839 5241 3197 5295 Hormisdam
3232 5239 3538 5310 diaconum
3567 5240 3655 5310 ta-

1953 5308 2062 5364 eito
2093 5312 2323 5364 nomine
2355 5312 2778 5364 sanctissimum
2819 5313 2990 5364 etiam
3035 5317 3195 5363 vocat
3226 5308 3323 5361 lib.
3358 5324 3451 5371 vu,
3487 5308 3652 5377 epist.

1954 5385 2018 5436 28
2052 5382 2117 5434 ad
2151 5382 2452 5435 Maximum
2484 5399 2495 5435 :
2534 5383 2730 5436 Habes
2750 5398 2870 5436 ουκ
2890 5398 3014 5436 cum
3036 5380 3274 5434 diacono
3293 5379 3658 5434 sanctissimo

1954 5400 2018 5436 κδ
2052 5400 2117 5434 au
2151 5400 2452 5435 maximum
2484 5400 2495 5435 :
2534 5400 2730 5436 uaces
2792 5400 2870 5435 ua:
2890 5400 3014 5436 cum
3036 5400 3274 5434 (uacono
3293 5400 3655 5434 sancnsszma

1951 5452 2023 5505 de
2037 5451 2315 5506 institulis
2329 5469 2551 5507 morum
2576 5458 2714 5507 nota
2731 5400 2957 5507 (iacendi
2980 5452 3237 5504 ubertate
3249 5450 3655 5504 communices.

2024 5521 2047 5557 ⁸
2076 5524 2406 5595 Servilioni]
2444 5524 2683 5577 Ennodii
2727 5525 3020 5594 magistro,
3057 5539 3089 5575 a
3121 5537 3233 5593 quo
3265 5520 3658 5576 ecclesiasticis

1954 5592 2233 5648 institutis
2263 5592 2448 5649 fuerat
2479 5595 2752 5648 imbutus.
