4102 6182
390 302 454 355 95
1610 293 1892 353 ENNODII
1936 289 2043 349 ΕΡ]
2055 292 2249 350 SCOPI
2290 290 2682 351 TICINENSIS
3812 292 3877 342 96

389 430 617 487 vidiam.
652 432 736 485 Ita
764 428 1089 485 vomeribus
1132 427 1244 483 tuis
1294 424 1684 483 ecclesiastica;
1720 424 2079 481 fecunditatis
2117 426 2165 479 Α

388 522 579 591 planta
618 519 926 585 convaluit,
968 523 1033 573 ut
1072 518 1229 572 nulla
1278 515 1559 570 saavientis
1607 515 1867 587 procellae
1897 514 2073 585 possit

385 608 728 679 impulsione
751 606 1021 661 subverti.
1054 607 1192 661 Nolo
1219 605 1553 675 prazjudicio
1578 604 1731 658 laudi
1762 603 2073 658 sanctitatis

386 703 497 751 tum
530 712 764 767 gravare
806 694 1250 749 conscientiam:
1289 692 1558 762 inspicies
1596 708 1723 763 quin
1753 692 2072 746 litterarum

385 784 711 839 testimonio
734 784 1111 838 declarantur.
1138 782 1424 851 Superest,
1450 780 1795 835 salutatione
1812 780 2069 850 praelata,

384 876 445 927 ut
472 873 541 927 ad
576 872 783 943 gaudia
808 876 905 924 tua
926 869 1047 938 jam
1070 884 1343 939 properes
1377 885 1390 922 :
1419 868 1553 939 quia
1582 868 1773 922 divina
1799 868 2074 923 beneficia

380 962 650 1033 gradibus
680 974 906 1029 semper
931 957 1227 1023 accedunt,
1260 962 1313 1011 et
1334 957 1542 1028 quibus
1566 957 1719 1012 bona
1748 958 2070 1023 conferunt,

383 1050 619 1103 meliora
642 1048 1001 1119 pollicentur.

985 1152 1317 1207 EPISTOLA
1355 1151 1468 1205 XV.

892 1273 1214 1313 ENNODIUS
1259 1272 1561 1312 SENARIO.

450 1367 754 1436 Nunquam
798 1364 949 1434 apud
989 1365 1164 1418 Deum
1208 1363 1329 1418 fusa
1367 1363 1687 1434 deprecatio
1738 1364 1925 1418 votivo
1958 1381 2071 1419 nu-

374 1455 540 1509 datur
586 1454 808 1519 effectu,
843 1453 995 1522 apud
1030 1468 1198 1523 quem
1233 1452 1490 1507 hilaritas
1534 1452 1800 1522 lacrymis
1831 1452 2070 1508 obtine-

374 1548 487 1607 tur,
521 1547 578 1596 et
626 1557 837 1596 mmror
868 1541 1072 1595 transit
1100 1541 1160 1594 in
1192 1540 1470 1594 laetitiam.
1502 1541 1700 1595 Adfuit
1747 1541 2071 1596 Divinitatis

373 1631 649 1686 auxilium
692 1629 987 1684 desideriis
1018 1629 1180 1695 meis,
1222 1634 1279 1683 et
1318 1634 1394 1696 te,
1448 1630 1657 1685 animae
1701 1646 1845 1685 mea:
1886 1632 2072 1702 major

372 1720 580 1791 portio,
619 1721 631 1753 ¹
672 1720 741 1773 de
774 1718 1004 1789 prolixis
1034 1718 1293 1789 gentium
1335 1719 1545 1773 ﬁnibus
1588 1720 1769 1790 gratia
1797 1720 1938 1774 duce
1983 1736 2070 1774 re-

373 1806 613 1861 vocavit.
645 1807 784 1860 Vere
826 1822 941 1859 non
973 1821 1205 1875 possum
1247 1804 1548 1875 epistolam
1580 1805 1637 1858 in
1684 1808 1865 1860 multa
1893 1806 2069 1862 verba

374 1895 714 1961 diffundere,
740 1894 1070 1964 impeditus,
1095 1894 1345 1961 fletibus,
1371 1910 1513 1965 quos
1544 1894 1753 1964 gaudia
1786 1895 1844 1949 in
1871 1910 2071 1949 cumu-

374 1985 494 2039 lum
529 1984 774 2038 adducta
818 1988 1185 2054 pepererunt.
1224 1984 1348 2047 Fac,
1393 1983 1475 2036 mi
1520 1982 1771 2048 domine,
1807 1983 2074 2054 parvitati

375 2089 519 2127 meas
566 2072 808 2127 caelestis
853 2072 990 2126 doni
1033 2072 1455 2142 plenitudinem
1494 2087 1613 2126 non
1644 2073 1847 2143 perire.
1886 2074 2073 2127 Unum

374 2166 616 2232 uterque
656 2161 968 2215 habeamus
1008 2160 1365 2231 hospitium:
1400 2176 1502 2214 nec
1541 2160 1609 2215 de
1640 2161 1923 2231 parietum
1965 2178 2073 2215 an-

377 2249 566 2318 gustia
599 2247 936 2317 {sollicitudo
982 2253 1320 2319 generetur;
1364 2248 1593 2318 quando
1648 2265 1825 2303 unum
1877 2253 2074 2319 pectus

378 2336 667 2392 sufficiens
695 2336 998 2391 animabus
1026 2336 1237 2391 nostris
1266 2340 1497 2407 praestat
1518 2336 1927 2392 habitaculum.

968 2443 1301 2498 EPISTOLA
1342 2444 1471 2497 XVI.

815 2546 1141 2587 ENNODIUS
1185 2533 1205 2566 ²
1251 2547 1635 2587 ΡΑΝε-ειοηιο.

450 2639 650 2709 Magna
682 2642 815 2691 sunt
860 2636 1202 2707 gaudiorum
1250 2637 1493 2708 imperia
1526 2654 1538 2691 :
1581 2654 1783 2709 expers
1815 2643 1898 2692 est
1935 2655 2073 2693 con-

384 2728 639 2781 tinentim
664 2726 941 2793 hilaritas,
970 2730 1026 2779 et
1047 2724 1104 2780 in
1134 2742 1326 2780 vocem
1358 2726 1528 2796 gestit
1556 2742 1878 2797 erumpere.
1914 2728 2075 2783 Venit

378 2815 587 2885 optatis
619 2815 917 2869 desideriis
950 2815 1091 2880 dies,
1124 2820 1181 2869 et
1204 2815 1298 2868 ille
1329 2832 1501 2887 quem
1528 2831 1825 2886 nunquam
1858 2816 1927 2870 de
1959 2832 2073 2871 me-

378 2905 501 2958 ritis
536 2904 698 2969 meis,
730 2904 825 2957 sed
868 2919 1094 2975 semper
1128 2903 1197 2957 de
1242 2920 1491 2974 superna
1524 2904 1737 2974 pietate
1767 2904 2070 2974 postulavi,

378 2992 764 3063 magnitudini
795 2998 909 3046 tua:
939 2993 1216 3062 splendor
1248 2993 1484 3047 accessit
1516 3010 1528 3047 :
1563 2993 1818 3047 redditus
1858 2998 1944 3048 est
1981 3010 2073 3065 ge-

377 3082 501 3136 neri
540 3087 597 3135 et
643 3081 900 3135 moribus
933 3081 1046 3134 tuis
1090 3097 1251 3150 apex,
1285 3098 1386 3152 per
1417 3098 1588 3152 quem
1618 3081 1979 3137 conscientia:
2009 3084 2076 3138 ﬁ-

378 3170 518 3224 delis
548 3170 609 3222 in
639 3170 823 3223 lucem
856 3170 1084 3240 prodire
1132 3186 1244 3223 non
1277 3170 1547 3225 formidet
1575 3170 1894 3241 integritas.
1932 3174 2077 3227 Deus

380 3258 549 3323 bone,
587 3257 805 3311 indulta
850 3258 1071 3311 custodi
1109 3274 1121 3311 :
1164 3274 1309 3327 auge
1345 3259 1696 3313 successibus
1727 3261 1879 3330 quod
1924 3260 2078 3314 dedi-

383 3346 453 3400 sti
487 3362 498 3399 :
536 3345 619 3401 fac
649 3346 797 3400 circa
813 3362 1037 3399 servum
1061 3351 1225 3400 tuum
1250 3345 1504 3416 primum
1528 3364 1649 3401 esse
1682 3348 1946 3418 gradum,
1976 3349 2077 3420 qui

382 3450 640 3488 summus
666 3440 772 3489 est.
798 3434 1069 3505 Prmcipio
1100 3450 1198 3505 spe
1235 3435 1445 3501 futura,
1477 3450 1606 3506 quin
1639 3436 1916 3507 deprecor
1948 3454 2076 3492 :ne-

383 3522 570 3577 sciunt
598 3523 655 3577 in
687 3522 905 3577 foribus
934 3523 1169 3588 luere-re,
1208 3540 1337 3595 quae
1378 3525 1518 3578 ccelo
1548 3530 1777 3579 auctore
1806 3527 2076 3581 tribuun-

381 3622 492 3666 tur.
545 3612 781 3683 Semper
810 3612 1175 3667 incrementis
1216 3613 1287 3667 ad
1333 3613 1560 3668 culmen
1599 3615 1946 3681 ascenditur,
1980 3616 2075 3670 ubi

383 3717 666 3772 supernus
708 3701 866 3755 favor
895 3707 1127 3772 prtestat
1157 3702 1475 3756 exordium.
1522 3702 1658 3767 Quis
1696 3706 1803 3757 hoc
1850 3703 1911 3757 in
1964 3705 2074 3759 vita

386 3789 683 3843 hominum
716 3790 804 3843 vel
836 3806 1032 3844 eorum
1066 3791 1165 3861 qui
1194 3791 1679 3845 conversationem
1719 3808 1880 3846 suam
1918 3793 2077 3846 nulla

387 3878 719 3933 custodiunt
764 3879 917 3932 nube
966 3880 1313 3946 sordentem,
1365 3878 1664 3933 accessisse
1694 3880 1805 3934 sibi
1840 3881 1930 3935 die
1966 3898 2077 3935 una

389 3968 739 4035 gratuletur;
774 3972 828 4021 te
859 3968 1144 4021 honorum
1176 3968 1429 4037 auspicia
1458 3968 1800 4039 ingressum,
1827 3975 1884 4023 et
1914 3971 2077 4024 dulce

389 4070 584 4108 meum
614 4056 911 4109 Senarium
946 4055 1016 4109 ab
1047 4056 1266 4109 ultimis
1292 4062 1577 4111 terrarum
1612 4058 1872 4127 partibus
1914 4059 2078 4113 resti-

389 4145 620 4197 tutum?
653 4143 842 4197 Brevis
867 4144 1140 4198 horarum
1172 4160 1371 4198 cursus
1396 4146 1674 4212 interfuit,
1711 4151 1771 4200 ut
1800 4152 1856 4202 et
1885 4152 1950 4201 tu
1983 4164 2079 4219 pa-

390 4232 525 4285 latio
572 4236 757 4300 natus,
796 4238 851 4286 et
899 4232 994 4286 ille
1039 4234 1112 4286 sit
1162 4233 1439 4290 redditus.
1472 4236 1534 4287 In
1568 4236 1804 4289 veritate
1837 4235 1981 4302 dico,
2023 4242 2081 4289 et

389 4320 459 4374 de
494 4320 593 4374 Dei
623 4320 1013 4375 misericordia
1043 4322 1184 4376 mihi
1216 4339 1446 4377 securus
1475 4324 1752 4393 spondeo,
1783 4324 2075 4394 fragilitati
2115 4316 2158 4369 Ι)
2190 4286 2446 4353 respuet

390 4425 533 4463 mete
581 4410 848 4480 praesidia
890 4412 1030 4483 ccelo
1069 4411 1417 4479 obsequente
1463 4413 1715 4467 concedi.
1752 4413 2078 4483 Spondetur

390 4497 552 4563 mihi,
584 4498 739 4568 quod
780 4500 934 4553 vobis
978 4482 1064 4553 est
1093 4500 1434 4570 praestitum.
1469 4500 1709 4555 Domine
1742 4482 1839 4567 mi,
1873 4502 2079 4556 saluta-

389 4585 561 4639 tionis
592 4586 866 4657 obsequia
887 4589 1219 4658 suscipiens,
1247 4606 1386 4659 rogo
1409 4594 1471 4642 ut
1501 4590 1547 4642 si
1570 4590 1709 4660 quid
1738 4590 1918 4644 amori
1950 4606 2077 4645 meo

387 4672 611 4740 tribuis,
644 4674 942 4729 dominum
994 4676 1203 4731 anima:
1254 4693 1395 4731 mese
1438 4677 1760 4746 Senarium,
1815 4684 1877 4733 ut
1926 4680 2075 4750 apud

388 4777 479 4816 me
510 4766 759 4830 maneat,
790 4780 1024 4820 exorare
1052 4766 1298 4837 pleniter
1341 4783 1453 4820 non
1483 4767 1729 4823 omittas.
1770 4767 1935 4832 Quod
1968 4767 2078 4822 nisi

387 4850 724 4920 obtinueris,
761 4855 1007 4908 multum
1040 4855 1181 4909 mihi
1212 4856 1280 4910 de
1300 4856 1601 4911 hilaritatis
1631 4858 1860 4912 cumulo
1894 4857 2080 4911 decer-

386 4938 565 5009 psisti.

462 5084 476 5117 ¹
510 5085 605 5163 _De
630 5084 873 5166 proficis
897 5085 1151 5166 gentium
1177 5085 1607 5166 ﬁnibusl-Epist.
1641 5086 1901 5166 sequenti
1927 5101 1940 5139 :
1975 5087 2077 5166 S_e-

386 5155 614 5209 narium
632 5155 703 5210 ab
722 5155 937 5211 ultimis
964 5160 1240 5211 terrarum
1258 5155 1523 5227 partibus
1546 5155 1897 5213 restitutum:
1915 5173 1975 5210 ex
2006 5158 2079 5210 le-

386 5226 619 5299 gatione
641 5228 937 5299 nimirum
970 5229 1182 5299 aliqua.
1219 5226 1570 5297 Frequenter
1598 5227 1752 5299 enim
1790 5228 2073 5299 delectum

386 5298 447 5349 in
478 5296 782 5366 legationis
810 5296 1085 5352 honorem
1106 5298 1278 5352 fuisse
1304 5296 1540 5352 constat.
1577 5298 1944 5353 Cassiodorus
1973 5299 2073 5353 lib.

386 5368 657 5439 iv,7epist.
710 5373 739 5422 3
773 5370 1008 5424 Senario
1042 5386 1054 5423 :
1084 5366 1323 5423 Subiisti
1348 5384 1494 5439 swpe
1532 5369 1725 5423 ardua:
1773 5368 2078 5439 legationis

385 5438 638 5504 officium
662 5456 674 5493 :
698 5439 962 5493 restitiin
977 5440 1202 5510 regibus
1216 5457 1327 5492 non
1348 5438 1543 5509 impar
1558 5438 2077 5501 assertor.’coactus

376 5510 668 5575 justitiam
689 5516 944 5565 nostram
973 5514 1027 5564 et
1044 5509 1174 5565 illis
1202 5510 1511 5571 ostendere,
1546 5510 1645 5580 qui
1672 5512 1953 5565 rationem
1978 5511 2077 5567 vim

386 5583 651 5649 poterant
668 5580 1234 5649 crudaobstinatione
1252 5581 1486 5637 sentire.
1504 5583 1643 5636 Non
1666 5588 1717 5635 te
1730 5580 1931 5637 terruit
1949 5598 2074 5636 con-

389 5648 729 5705 tentionibus
746 5648 1107 5721 inﬂammata
1130 5650 1473 5708 auctoritas:
1496 5652 1628 5722 subj
1633 5652 1791 5725 πιθαιὶ
1810 5653 2075 5723 quinimo

2768 420 3103 478 EPISTULA
3140 420 3298 477 XVII.

2712 526 3036 567 ENNODIUS
3092 524 3355 565 AVIENO.

2266 620 2413 673 Bene
2461 616 2798 688 magnitudo
2829 621 3034 683 vestra,
3084 616 3221 671 dum
3269 615 3480 687 origini
3529 619 3585 671 et
3623 615 3877 673 moribus

2181 712 2415 779 praestat
2470 707 2837 778 obsequium,
2888 706 3349 761 emendationem
3412 705 3537 760 sine
3578 704 3877 761 intervallo

2181 796 2481 867 conjungit
2510 794 2689 849 errori
2725 812 2737 849 :
2773 799 2828 849 et
2871 795 3024 865 quod
3055 798 3352 865 peccatum
3385 792 3673 865 sapienter
3709 793 3875 848 intel-

2180 885 2325 956 ligit,
2390 885 2727 956 priusquam
2784 884 2959 937 altero
3024 882 3412 949 denuntietur,
3472 882 3692 936 avertit.
3741 882 3876 947 Quis

2180 974 2376 1028 credat
2414 972 2721 1044 deliquisse
2752 972 2810 1026 in
2849 971 3202 1026 correctione
3232 969 3693 1025 velocissimum?
3732 987 3875 1042 pene

2180 1078 2295 1115 non
2346 1061 2634 1115 vocandus
2699 1066 2783 1115 est
2838 1065 3084 1114 sectator
3132 1075 3449 1125 excessum,
3502 1058 3605 1129 qui
3651 1059 3873 1114 obviam

2182 1164 2417 1204 manum
2445 1150 2607 1221 ponit
2636 1149 2695 1203 in
2728 1148 3099 1219 subreptione
3139 1149 3458 1218 culparum.
3495 1149 3641 1214 Haec,
3677 1147 3755 1201 mi
3782 1148 3877 1200 do-

2182 1239 2356 1301 mine,
2388 1239 2456 1293 ad
2505 1254 2571 1291 ea
2601 1254 2730 1309 quas
2767 1238 3036 1309 dignatus
3078 1253 3136 1290 es
3176 1236 3440 1303 scribere,
3475 1236 3660 1307 gratia
3693 1242 3878 1289 vestra

2177 1328 2318 1382 duce
2348 1326 2689 1398 respondeo.
2725 1327 3007 1381 Caeterum
3037 1324 3408 1379 humiliorem
3455 1341 3546 1379 me
3581 1324 3877 1396 proposito

2182 1421 2411 1470 actuum
2453 1430 2713 1468 meorum
2754 1414 3010 1485 pondera
3058 1412 3434 1467 reddiderunt
3466 1428 3478 1466 :
3514 1412 3603 1465 vix
3649 1413 3879 1467 miseria

2177 1504 2429 1559 remansi
2474 1502 2712 1557 idoneus
2764 1503 3077 1556 reformare
3138 1501 3441 1572 colloquia.
3490 1501 3729 1555 Domine
3774 1500 3874 1568 mi,

2181 1592 2540 1648 salutationis
2599 1591 2873 1663 obsequia
2920 1594 3300 1662 praesentans,
3356 1591 3538 1645 Deum
3578 1605 3741 1660 rogo,
3776 1590 3878 1661 qui

2112 1720 2151 1773 Β
2180 1681 2526 1736 culminibus
2556 1679 2757 1734 vestris
2783 1680 3029 1733 fructum
3052 1695 3157 1749 pro
3182 1679 3287 1732 hac
3317 1695 3430 1750 qua
3453 1678 3732 1732 humilem
3760 1696 3878 1733 non

2180 1770 2469 1842 spernitis,
2500 1768 2956 1823 consideratione
2985 1766 3267 1821 restituat.

2744 1874 3076 1930 EPISTOLA
3125 1874 3309 1927 XVIII.

2708 1976 3033 2018 ENNODIUS
3091 1976 3356 2017 FAUSTO.

2253 2069 2350 2123 Vix
2381 2072 2465 2123 est
2497 2074 2559 2123 ut
2592 2068 2847 2123 intentus
2877 2068 3046 2122 rebus
3088 2067 3347 2123 felicibus
3378 2067 3615 2122 adversa
3646 2083 3876 2138 praeno-

2182 2165 2300 2214 scat
2332 2175 2344 2212 :
2384 2159 2537 2213 velut
2564 2158 2857 2212 sinistrum
2890 2158 3045 2211 enim
3089 2156 3265 2211 animi
3312 2173 3480 2211 omen
3511 2156 3797 2228 repudiat,
3830 2157 3879 2211 si

2182 2247 2316 2319 quid
2351 2247 2420 2301 de
2453 2246 2779 2301 austeritate
2814 2247 3140 2301 futurorum
3182 2246 3477 2300 intellectu
3519 2246 3879 2318 praecedente

2182 2335 2539 2406 respexerit:
2596 2346 2750 2390 certe
2799 2352 2867 2389 ne
2928 2339 2983 2389 et
3034 2335 3223 2390 alieno
3269 2340 3527 2407 tempore
3576 2351 3784 2389 amare
3820 2352 3880 2389 se

2182 2424 2475 2491 misceant,
2512 2424 2636 2495 ipsa
2665 2423 3059 2479 molestiarum
3086 2424 3281 2478 horret
3305 2423 3540 2494 agnitio.
3564 2424 3733 2480 Nullo
3764 2439 3882 2477 cre-

2186 2512 2393 2567 debam
2420 2512 2724 2567 intervallo
2757 2528 2911 2567 nunc
2952 2512 3320 2567 inamabilem
3352 2513 3708 2579 Ravennam,
3740 2513 3879 2567 dum

2182 2606 2305 2655 erat
2332 2601 2614 2655 thesauris
2648 2601 2788 2655 meis
2813 2602 3000 2671 plena,
3033 2601 3242 2655 distare
3278 2616 3426 2655 :non
3448 2616 3539 2655 me
3570 2599 3649 2655 sic
3679 2599 3879 2655 sitien-

2182 2692 2298 2743 tem
2328 2689 2478 2753 fons,
2521 2693 2858 2745 aestuantem
2890 2704 3046 2756 aura,
3084 2695 3143 2743 ut
3186 2689 3282 2743 illa
3314 2689 3383 2743 ad
3416 2705 3473 2743 se
3520 2705 3637 2743 non
3667 2689 3878 2742 lassum

2184 2778 2412 2848 requies
2442 2777 2738 2832 invitabat.
2770 2779 2843 2831 At
2881 2793 3035 2832 nunc
3064 2778 3188 2847 ipsa
3232 2778 3411 2832 Roma
3462 2782 3601 2849 puto
3635 2778 3704 2831 ad
3753 2778 3880 2832 lon-

2186 2865 2366 2936 giora,
2418 2882 2521 2936 pro
2563 2870 2927 2935 peccatorum
2977 2880 3239 2919 meorum
3268 2865 3440 2930 fasce,
3473 2865 3744 2919 translata
3773 2869 3879 2919 est.

2184 2954 2288 3008 Ubi
2326 2958 2410 3007 est
2454 2954 2568 3019 illa,
2601 2970 2729 3025 qum
2764 2970 2891 3008 rara
2931 2954 3256 3025 putabatur,
3301 2954 3618 3025 frequentia
3664 2953 3882 3008 littera-

2187 3042 2352 3096 rum?
2383 3041 2479 3096 ubi
2528 3043 2723 3097 crebra
2754 3041 2935 3096 visio?
2988 3041 3087 3096 ubi
3132 3046 3219 3097 tot
3267 3042 3467 3096 solatia
3520 3040 3883 3113 diligentias?

2188 3130 2325 3183 Vere
2360 3146 2461 3200 pro
2492 3130 2634 3184 meis
2665 3130 2919 3201 partibus
2959 3131 3161 3201 loquor
3202 3147 3214 3185 :
3244 3131 3494 3185 detestor
3524 3131 3719 3198 vitam,
3749 3147 3882 3203 quae

2188 3234 2290 3272 nec
2338 3218 2396 3271 in
2427 3235 2687 3273 aerumna
2718 3219 3041 3273 constitutis
3073 3220 3335 3289 estJodio.
3377 3220 3603 3291 Allegat
3640 3220 3881 3274 forsitan

2187 3306 2414 3360 culmen
2444 3323 2631 3375 suum,
2664 3306 2771 3361 sibi
2801 3324 2904 3377 pro
2937 3308 3188 3377 superna
3232 3307 3656 3378 dispensatione
3687 3308 3883 3377 cupita

2185 3394 2510 3466 contigisse.
2545 3396 2667 3449 Non
2688 3401 2773 3450 est
2802 3396 2971 3467 plena
2990 3396 3247 3463 felicitas,
3282 3397 3513 3468 quando
3549 3401 3882 3451 nostrorum

2185 3483 2393 3555 aliquis
2424 3483 2668 3538 miseriis
2708 3485 2868 3539 durae
2900 3485 3371 3557 sequestrationis
3415 3484 3710 3555 affligitur.
3762 3485 3880 3537 Deo

2185 3572 2419 3639 credite,
2468 3588 2586 3626 non
2633 3579 2766 3627 sunt
2797 3573 2982 3628 fucata
3012 3589 3142 3644 qua:
3183 3573 3395 3639 defleo;
3440 3588 3543 3626 nec
3587 3572 3656 3625 ad
3699 3571 3879 3641 expli-

2185 3661 2425 3715 candam
2458 3662 2644 3716 cordis
2684 3664 3044 3733 tragoediam,
3087 3667 3182 3716 aut
3214 3661 3536 3732 epistolaris
3568 3660 3880 3716 concinna-

2186 3750 2266 3805 tio
2316 3750 2545 3817 sufficit,
2579 3756 2677 3806 aut
2724 3753 3005 3807 sermonis
3051 3752 3337 3822 angustia.
3386 3750 3623 3817 Christe,
3684 3766 3878 3803 rerum

2186 3840 2420 3906 arbiter,
2471 3842 2721 3912 propria:
2769 3857 3034 3896 succurre
3096 3840 3450 3905 necessitati;
3503 3856 3573 3893 ne
3629 3839 3877 3892 humana

2186 3928 2485 4000 fragilitas,
2521 3932 2588 3984 ad
2621 3929 2888 3984 immensi
2925 3930 3133 3983 fascem
3164 3929 3375 3984 doloris
3414 3944 3531 3982 non
3568 3928 3882 3992 sufficiens,

2186 4034 2378 4089 pressa
2422 4019 2772 4073 succumbat.
2827 4019 3067 4073 Domine
3102 4019 3203 4080 mi,
3248 4016 3607 4072 salutationis
3651 4016 3882 4070 servitia

2187 4106 2535 4176 dependens,
2568 4122 2727 4177 rogo,
2762 4111 2824 4161 ut
2873 4107 3154 4178 paginalis
3194 4107 3342 4160 circa
3385 4122 3477 4160 me
3530 4122 3667 4160 cura
3697 4121 3883 4158 serve-

2188 4197 2279 4247 tur
2315 4210 2327 4248 :
2366 4198 2426 4247 ut
2456 4194 2541 4248 vel
2571 4196 2680 4249 hoc
2715 4194 2968 4250 remedio
3004 4195 3154 4251 inter
3185 4200 3355 4250 aestus
3384 4210 3547 4249 mens
3572 4192 3880 4248 constituta

2777 4371 3111 4427 EPISTOLA
3155 4372 3284 4425 XIX.

2652 4493 2974 4533 ENNODIUS
3020 4491 3413 4532 PARTHENIO.

2262 4586 2385 4639 Non
2428 4586 2485 4638 in
2530 4589 2585 4638 te
2633 4584 2885 4638 admiror
2927 4584 3207 4637 sermonis
3251 4582 3651 4638 abstinentiam
3687 4598 3700 4636 :
3743 4582 3881 4654 quia

2189 4674 2288 4745 qui
2319 4675 2523 4743 exigua
2571 4672 2909 4738 condiderit,
2962 4672 3039 4726 nil
3090 4672 3371 4743 producit.
3410 4672 3604 4727 Credis
3634 4671 3738 4726 sub
3775 4672 3884 4726 hac

2189 4762 2483 4817 occasione
2524 4760 2810 4832 profectus
2843 4761 2928 4815 tui
2974 4762 3149 4815 latere
3198 4761 3613 4817 substantiam?
3644 4766 3699 4816 et
3743 4760 3882 4816 taci-

2190 4849 2476 4905 turnitatis
2508 4848 2856 4920 imperitiam
2902 4850 3112 4920 prodit,
3148 4856 3203 4903 et
3235 4850 3571 4906 infabricata
3599 4850 3886 4904 confabu-

2189 4940 2325 4993 latio
2356 4938 2682 4993 manifestat
2720 4938 3042 4994 infantiam.
3077 4940 3299 4994 lnterea
3326 4946 3457 4995 ante
3488 4940 3649 5009 inops
3678 4938 3885 5009 gratia:

2187 5082 2490 5137 audaciam
2503 5082 2753 5146 veritati,
2769 5085 2824 5136 et
2835 5081 3128 5138 obsecutus
3138 5080 3590 5138 ordinationibus
3601 5079 3812 5135 nostris
3823 5079 3890 5134 in

2188 5153 2582 5224 conscientiam
2608 5170 2772 5209 suam
2807 5154 3078 5209 barbaros
3108 5152 3361 5224 coegisti.

2258 5222 2293 5297 δέ
2321 5224 2662 5297 Panfronio]
2693 5225 3009 5297 sublimem
3058 5221 3512 5297 etimagniﬁcum
3545 5221 3733 5297 virum
3755 5239 3889 5297 __ap-

2189 5296 2415 5363 pellavit
2446 5296 2537 5350 lib.
2574 5293 2840 5365 u,'epist.
2892 5298 2972 5360 16,
3013 5301 3069 5351 et
3100 5295 3193 5349 lib.
3240 5293 3313 5356 vi.
3348 5294 3634 5365 epistsl-i,
3668 5293 3891 5363 quibus

2187 5364 2349 5420 illum
2384 5368 2587 5420 Fausto
2622 5364 3005 5420 commendat.
3050 5368 3153 5419 Pro
3183 5364 3395 5419 eodem
3417 5364 3609 5419 scribit
3642 5370 3700 5417 et
3723 5367 3888 5433 Aga-

2187 5436 2304 5506 pito
2331 5437 2495 5508 epist.
2536 5440 2618 5502 l6,
2654 5437 2752 5508 ubi
2785 5436 3001 5508 aliquid
3031 5436 3285 5508 insinuat
3320 5437 3390 5490 de
3424 5434 3653 5508 Vicarias
3686 5434 3889 5505 digni-

2187 5514 2320 5576 tate,
2344 5506 2515 5579 quam
2546 5508 2631 5579 illi
2659 5507 2896 5561 fortasse
2919 5507 3035 5579 lioc
3065 5506 3188 5561 loco
3216 5508 3553 5578 gratulatur.
3587 5506 3886 5560 Illustrem

2186 5576 2377 5634 virum
2401 5579 2551 5633 dicet
2576 5578 2676 5632 lib.
2711 5593 2807 5646 vn,
2840 5576 3003 5648 epist.
3048 5581 3093 5631 l.
