4054 6176
215 236 293 286 97
1608 230 2090 287 EPISTOLARUM
2131 230 2261 287 LIB.
2305 230 2365 283 V.
3671 237 3738 287 98

217 385 350 424 non
380 370 561 438 fuisti,
603 371 788 424 sciens
806 369 946 441 quid
977 368 1295 440 diligentia,
1328 367 1465 440 quid
1503 368 1747 422 amantis
1776 367 1930 421 solli-
1971 370 2017 421 Α
2044 370 2264 421 avertat
2293 365 2583 435 divinitas,
2615 382 2688 421 ne
2717 382 2973 439 unquam
3004 368 3332 424 testimonio
3364 385 3495 425 meo
3528 370 3739 441 fragili-

213 458 426 513 citudo
464 458 750 530 ﬂagitaret
782 476 795 512 :
828 459 1009 512 factus
1038 474 1097 511 es
1138 457 1419 511 bonarum
1449 473 1643 511 rerum
1683 456 1928 522 nescius,

211 553 542 619 postquam
582 553 639 601 te
694 548 761 601 ad
810 546 1120 601 obtinenda
1167 561 1294 616 qua
1338 550 1615 615 putantur
1662 546 1930 607 maxima,

214 636 681 690 transmisimus.
724 635 884 699 Quod
916 639 1110 700 restat,
1153 636 1296 701 vale,
1330 639 1386 688 et
1428 634 1710 706 accipiens
1741 633 1931 687 moni-

216 724 383 776 toris
439 714 655 790 verba,
690 724 1057 778 melioratum
1113 727 1170 777 te
1225 722 1548 793 scriptionis
1604 720 1931 777 assiduitate

216 811 495 883 divulga.

852 900 1183 955 EPISTULA
1226 901 1327 954 XX.

796 1022 1122 1063 RNNODIUS
1170 1021 1375 1062 AVITO.

295 1114 456 1167 Dum
487 1113 742 1167 remedia
772 1129 873 1167 sua
908 1113 1112 1184 quarit
1142 1112 1385 1179 affectio,
1414 1118 1469 1167 et
1494 1116 1693 1167 astum
1722 1114 1931 1167 sollici-

215 1200 455 1253 tudinis
500 1201 788 1271 colloquio
836 1201 995 1270 cupit
1045 1200 1332 1254 mediante
1378 1200 1640 1268 relevari,
1690 1200 1933 1255 ardescit

215 1289 463 1343 animus
504 1289 851 1359 provisionis
882 1288 1163 1342 beneficio
1200 1303 1211 1341 :
1244 1289 1392 1343 unde
1426 1289 1711 1358 exstingui
1741 1290 1932 1344 credi-

213 1380 349 1442 tur,
392 1377 751 1446 geminatum
792 1376 1103 1446 diligentia
1146 1377 1329 1446 surgit
1359 1376 1711 1430 incendium.
1768 1378 1931 1448 Sape

214 1465 378 1519 mihi
417 1465 746 1534 bajulorum
794 1467 1016 1535 copiam
1048 1465 1406 1535 perquirenti
1445 1466 1578 1519 inde
1619 1482 1931 1535 agrescere

214 1554 493 1622 contigit,
559 1554 709 1607 unde
765 1554 1045 1623 opinabar
1100 1553 1250 1624 quod
1307 1554 1601 1623 prodesset
1652 1554 1926 1609 accidere.

217 1641 371 1696 Ecce
419 1642 682 1695 medetur
732 1642 1027 1695 desideriis
1080 1643 1246 1710 meis,
1297 1642 1397 1712 qui
1447 1658 1684 1696 suorum
1730 1643 1798 1696 ad
1832 1659 1929 1697 vos

214 1745 400 1783 causa
428 1730 792 1801 properavit:
821 1729 888 1783 flt
908 1729 1306 1799 adjumentum
1331 1730 1681 1784 necessitatis
1703 1731 1925 1799 aliena,

214 1819 385 1888 quod
416 1818 668 1889 propriae
708 1818 1165 1872 consideratione
1197 1818 1522 1888 suscipitur.
1559 1819 1761 1872 Videro
1790 1819 1929 1889 quid

214 1908 732 1960 commendatione
776 1922 904 1959 mea
934 1906 1256 1960 Bonifacius
1289 1912 1618 1976 promoveat
1647 1926 1662 1960 :
1696 1907 1924 1960 interim

215 1995 551 2065 Opitulatur
578 1994 783 2048 studiis
834 1996 996 2059 meis,
1029 1994 1180 2066 quod
1220 1996 1458 2065 prolixis
1483 2013 1514 2048 a
1541 2010 1630 2048 me
1662 1996 1927 2065 precibus

216 2084 579 2153 impetravit.
626 2084 788 2137 Hunc
833 2083 997 2137 bonis
1029 2090 1221 2137 ortum
1266 2082 1551 2138 natalibus
1594 2084 1751 2138 testis
1791 2101 1927 2138 san-

216 2173 425 2241 guinis
455 2188 617 2225 mens
648 2171 925 2240 designat.
971 2172 1313 2225 Germanum
1350 2188 1516 2225 suum
1556 2173 1826 2242 prafatus
1866 2174 1926 2227 in

216 2261 519 2314 vicinitate
553 2260 937 2330 Aquileiensis
966 2261 1206 2313 civitatis
1236 2261 1435 2314 asserit
1461 2278 1580 2315 esse
1599 2262 1884 2332 captivum
1909 2278 1921 2315 :

219 2348 329 2419 qui
364 2355 428 2401 ut
459 2366 491 2402 a
538 2349 695 2401 vobis
730 2350 976 2418 juvetur,
1026 2350 1297 2419 exposcit,
1331 2349 1547 2403 Sancta
1581 2350 1785 2404 domus
1822 2367 1924 2404 ve—

220 2443 360 2491 stra
402 2438 759 2490 consuetudo
792 2437 1017 2507 vulgata
1051 2443 1134 2491 est
1167 2454 1179 2491 :
1224 2439 1395 2492 talem
1427 2439 1597 2491 vitam
1639 2439 1923 2493 bonorum

223 2530 459 2578 actuum
505 2525 761 2579 obsidem
789 2526 908 2594 jam
957 2525 1210 2593 dedistis,
1243 2542 1275 2579 a
1315 2543 1428 2597 qua
1466 2528 1622 2581 velut
1665 2528 1921 2582 debitum

220 2619 443 2683 poscat,
477 2614 580 2684 qui
609 2615 932 2667 calamitate
958 2614 1319 2684 deprimitur.
1352 2615 1591 2668 Domine
1630 2617 1730 2684 mi,
1772 2617 1923 2669 acci-

220 2702 451 2771 pientes
478 2703 667 2770 plena
699 2702 1058 2755 salutationis
1089 2701 1448 2773 obsequium,
1485 2703 1647 2756 facite
1678 2704 1920 2772 exorari,

222 2790 376 2861 quod
416 2795 620 2860 sponte
659 2790 1048 2858 consuevistis,
1090 2796 1156 2844 ut
1186 2792 1283 2862 qui
1311 2792 1509 2845 vestris
1546 2793 1784 2863 supplex
1817 2798 1918 2852 est,

226 2879 393 2933 alteri
428 2895 562 2933 eum
597 2894 718 2933 esse
740 2895 859 2932 non
888 2879 1073 2933 liceat.

833 2986 1161 3042 EPISTULA
1190 2988 1320 3042 XXI.

777 3108 1104 3149 ENNODIUS
1148 3109 1375 3149 AVITO.

294 3197 748 3268 Astipulatorem
782 3215 874 3254 me
905 3200 1198 3270 opinionis
1219 3216 1336 3254 sua
1369 3200 1708 3271 magnitudo
1742 3206 1925 3256 vestra

222 3287 298 3339 ita
326 3287 745 3358 supplicatione
790 3290 1062 3359 postulat,
1095 3288 1259 3361 quasi
1294 3289 1361 3343 ad
1401 3290 1678 3344 amicitias
1710 3291 1922 3345 recenti

224 3375 413 3429 adhuc
440 3376 555 3430 sim
586 3376 795 3431 incude
825 3377 1101 3432 formatus
1132 3396 1143 3432 :
1181 3382 1279 3432 aut
1318 3394 1431 3432 non
1466 3378 1634 3449 genio
1682 3395 1786 3433 suo
1819 3379 1924 3433 de-

224 3464 467 3529 fraudet,
519 3464 622 3536 qui
655 3466 1015 3537 propositum
1066 3467 1380 3537 diligentia
1424 3468 1529 3521 sub
1579 3483 1922 3539 quacunque

225 3554 523 3607 occasione
559 3560 896 3608 commutat.
953 3557 1208 3609 Facessat
1233 3572 1266 3609 a
1299 3556 1636 3611 Christianis
1666 3557 1924 3612 moribus

225 3642 376 3694 varia
406 3642 476 3695 de
504 3648 735 3697 amante
767 3645 1050 3697 sententia
1083 3661 1097 3698 :
1130 3645 1230 3715 qui
1265 3645 1516 3699 officium
1550 3645 1665 3699 oris
1698 3646 1786 3700 sui
1817 3646 1924 3700 de-

224 3729 498 3784 dicaverit
527 3731 811 3793 laudibus,
845 3731 1088 3787 liberum
1129 3749 1245 3787 non
1274 3734 1447 3787 habet
1472 3734 1741 3789 inchoata
1767 3735 1925 3789 dese-

224 3834 368 3885 rere,
419 3836 491 3874 ue
540 3819 879 3874 devenustet
907 3820 1130 3891 prafati
1179 3823 1349 3876 mella
1401 3822 1669 3893 praeconii
1703 3824 1922 3878 vilitate

224 3908 612 3978 sequentium.
649 3910 851 3963 Videro
893 3910 993 3980 qui
1037 3911 1050 3943 ¹
1093 3909 1392 3980 ingenium
1440 3911 1631 3965 credat
1676 3928 1796 3967 esse
1833 3929 1921 3967 se-

226 3998 364 4050 ctari
408 3997 764 4064 novitatem;
816 4014 920 4069 ego
967 4004 1031 4053 ut
1081 4000 1242 4053 tarde
1288 3999 1501 4053 amicos
1531 4001 1707 4071 eligo,
1749 4001 1830 4057 ita
1862 4003 1921 4056 in

226 4084 312 4138 his
341 4086 843 4141 indemutabiliter
868 4103 1190 4157 persevera.
1226 4089 1358 4143 Mihi
1390 4089 1615 4159 adsum,
1654 4092 1921 4161 quotiens

229 4175 564 4244 opinionem
595 4180 839 4230 vestram
875 4178 1039 4230 astris
1058 4194 1358 4248 aquavero
1391 4194 1406 4233 :
1438 4179 1574 4249 quia
1603 4180 1754 4250 apud
1780 4196 1920 4251 quos

230 4263 407 4333 ignoti
455 4280 655 4319 sumus
685 4265 942 4320 moribus
972 4267 1203 4334 nostris,
1247 4267 1315 4320 de
1348 4267 1640 4321 sodalibus
1669 4268 1915 4322 astima-

228 4370 375 4407 mur.
424 4355 568 4408 Vere
618 4354 802 4410 fateor
857 4356 1222 4427 splendorem
1287 4356 1645 4411 conscientia
1693 4362 1917 4427 vestra,

226 4441 394 4495 fama
420 4444 564 4511 vice,
598 4443 884 4514 copiosius
910 4443 935 4478 ²
967 4443 1162 4500 effudi.
1194 4448 1338 4499 Ante
1370 4444 1678 4500 adventum
1709 4446 1915 4501 culmi—

231 4532 314 4584 nis
355 4532 461 4598 tui,
511 4532 789 4603 obsequio
830 4535 1112 4588 sermonis
1157 4534 1269 4588 mei
1312 4534 1371 4588 in
1423 4534 1674 4605 Liguria,
1720 4536 1922 4605 quanti

234 4620 445 4688 essetis,
481 4620 751 4675 innotuit.
780 4623 895 4677 Deo
933 4623 1165 4695 gratias,
1201 4623 1300 4693 qui
1330 4639 1461 4677 cum
1484 4623 1764 4678 sententia
1794 4641 1921 4679 mea

230 4721 249 4740 ο
272 4709 703 4777 generalitatem
737 4710 869 4766 fecit
898 4711 1108 4767 habere
1147 4712 1529 4766 concordiam.
1570 4713 1795 4768 Utinam
1828 4730 1921 4769 me

232 4812 339 4851 non
374 4797 710 4854 humiliaret
740 4806 1044 4871 paupertas
1079 4800 1330 4871 eloquii!
1372 4800 1500 4871 plus
1544 4801 1760 4855 habent
1790 4806 1919 4855 vota

232 4884 295 4939 de
326 4887 551 4940 meritis
597 4887 730 4955 tuis,
782 4905 955 4960 quam
981 4889 1234 4960 proferat
1272 4889 1468 4959 lingua
1497 4889 1565 4943 de
1604 4889 1871 4944 laudibus
1902 4907 1915 4945 :

233 4976 386 5039 inops
405 4975 690 5031 facundia
720 4994 822 5048 per
852 4995 1226 5051 quoscunque
1260 4980 1528 5050 strepitus
1563 4996 1692 5051 qua
1723 4980 1920 5050 gloria

231 5068 336 5117 tua
388 5069 702 5136 potuerunt
747 5069 1072 5138 convenire,
1113 5084 1227 5124 non
1273 5069 1445 5125 tacui.
1509 5070 1674 5124 Facta
1704 5075 1787 5125 est
1826 5071 1919 5125 lux

230 5154 380 5223 genii
422 5156 598 5211 vestri
640 5158 997 5213 conscientiae
1047 5174 1189 5213 mea
1249 5159 1680 5215 demonstratio.
1717 5159 1919 5215 Procul

296 5301 312 5375 ξ
350 5300 416 5375 _In
450 5301 585 5375 edit.
620 5301 858 5375 Schotti,
888 5304 1217 5375 ingenuum.

291 5373 313 5405 ³
350 5372 412 5425 In
442 5373 579 5427 edit.
611 5373 852 5445 Schotti,
882 5372 1120 5445 eﬂ'undi.

292 5446 316 5516 ἢ
350 5442 655 5516 renuntio]
694 5444 823 5499 Viro
844 5442 1177 5514 clarissimo,
1212 5446 1312 5500 lib.
1351 5461 1440 5512 Iv,
1471 5444 1636 5516 epist.
1672 5448 1723 5499 9.
1767 5445 1919 5499 Duos

226 5512 391 5583 hujus
422 5516 532 5569 avi
557 5512 864 5570 Venantios
885 5512 1295 5572 commemorat
1320 5512 1703 5572 Cassiodorus.
1732 5516 1916 5570 Unum

226 5584 404 5638 virum
426 5656 429 5657 ν
451 5586 849 5657 spectabilem,
889 5595 1269 5642 correctorem
1312 5588 1573 5643 Lucania
1605 5592 1663 5642 et
1692 5587 1915 5644 Brutio-

225 5668 348 5710 rum
397 5656 498 5712 lib.
539 5672 647 5726 In,
680 5658 847 5729 epist.
893 5660 925 5712 8
956 5664 1013 5713 et
1048 5659 1134 5728 4-6,
1170 5674 1342 5730 quem
1384 5658 1614 5730 quidem
1650 5658 1915 5714 eumdem

2039 458 2125 508 tas
2154 455 2319 508 claris
2352 454 2609 508 moribus
2630 455 2863 509 inimica
2894 456 3190 526 subripiat.
3228 459 3393 512 Nulla
3422 464 3531 527 est,
3563 475 3735 529 quam

2042 543 2235 613 opime
2258 542 2538 611 texuistis,
2563 543 2625 597 in
2651 543 2811 597 vobis
2838 546 3047 598 erroris
3069 561 3239 599 causa
3261 563 3428 617 quam
3449 550 3696 603 recolam
3719 564 3731 602 :

2042 638 2099 684 et
2130 631 2175 683 si
2211 646 2316 700 pro
2359 631 2577 685 meritis
2610 631 2753 685 meis
2801 631 3121 700 exstitisset,
3157 635 3444 689 bonorum
3475 640 3734 689 veterum

2040 720 2437 775 recordatione
2500 721 2803 792 sopiretur.
2878 722 3039 784 Quod
3105 729 3298 790 restat,
3374 724 3575 792 valete,
3655 726 3736 779 mi

2042 808 2295 875 domine,
2330 815 2385 862 et
2414 810 2523 864 iter
2545 824 2735 863 meum
2760 815 3022 864 votorum
3044 798 3398 881 benignitate
3426 814 3732 884 prosecuti,

2040 897 2290 952 caritatis
2330 894 2726 952 recordatione
2758 898 3030 952 absentia
3073 915 3216 953 mea
3244 902 3453 955 damna
3477 907 3731 973 pensate.

2628 1003 2954 1057 EPISTOLA
2993 1005 3145 1057 XXII.

2492 1105 2812 1145 sanemus
2853 1091 2875 1124 ³
2920 1106 3277 1147 VENANTIO.

2112 1196 2169 1250 Si
2198 1196 2535 1266 proximitas
2564 1196 2861 1265 sanguinis
2894 1197 2964 1249 ad
3004 1196 3363 1267 diligentiam
3395 1202 3614 1252 mentes
3646 1198 3733 1252 in-

2041 1285 2198 1351 vitat,
2230 1286 2314 1355 pii
2344 1284 2555 1338 amoris
2590 1285 2895 1341 obsecutus
2935 1285 3217 1355 imperiis,
3262 1286 3441 1357 gestio
3473 1303 3562 1340 me
3585 1303 3732 1357 pra-

2039 1372 2197 1425 vium
2227 1371 2554 1441 prastitisse
2579 1388 2929 1439 sermonem,
2960 1376 3016 1425 et
3056 1372 3305 1425 orditum
3337 1374 3574 1442 paginas
3605 1390 3734 1427 am-

2040 1460 2352 1530 plectendis
2406 1460 2557 1513 viam
2611 1476 2893 1513 reserasse
2958 1460 3278 1531 colloquiis.
3344 1462 3445 1514 Diu
3498 1462 3733 1532 quidem

2041 1566 2196 1602 cassa
2234 1549 2651 1619 exspectatione
2686 1554 3022 1614 maceratus,
3049 1549 3185 1602 dum
3219 1548 3446 1619 operior
3473 1552 3729 1620 paginas,

2040 1654 2153 1691 non
2186 1638 2370 1691 emisi.
2418 1637 2526 1691 Sed
2560 1638 2872 1692 calcaribus
2914 1640 3028 1691 suis
3060 1638 3317 1691 animum
3366 1655 3559 1692 meum
3590 1640 3734 1693 fodit

1971 1720 2009 1774 Β
2040 1726 2285 1793 affectio,
2320 1732 2377 1779 et
2407 1726 2476 1778 ad
2509 1726 2848 1780 tabellarum
2896 1726 3095 1780 munia
3124 1727 3373 1797 priorem
3407 1728 3541 1781 fecit
3580 1744 3733 1781 acce-

2039 1814 2192 1868 dere.
2235 1819 2255 1850 ⁴
2294 1814 2478 1869 Habes
2508 1815 2970 1884 prarogativam,
3025 1816 3071 1868 si
3123 1815 3266 1868 bene
3304 1816 3569 1886 conjicio,
3602 1818 3731 1886 plus

2037 1903 2323 1957 amantis:
2356 1902 2457 1973 qui
2504 1908 2561 1957 et
2604 1909 2732 1972 post
2763 1903 3104 1972 productum
3155 1904 3365 1957 silentii
3411 1904 3579 1958 vestri
3614 1909 3731 1958 stu-

2035 1991 2193 2045 dium
2233 1992 2459 2061 loquor,
2493 1997 2550 2045 et
2570 1992 2751 2045 debeo
2783 1992 3123 2046 verecundia
3146 1994 3551 2047 commendare
3574 1994 3725 2064 quod

2035 2080 2206 2134 tacui.
2240 2081 2400 2133 Nunc
2429 2084 2644 2145 tamen,
2677 2096 2749 2134 ne
2781 2081 3109 2150 epistolaris
3139 2082 3499 2135 concinnatio
3546 2088 3729 2135 trans-

2035 2185 2230 2239 gressa
2276 2169 2591 2223 terminum
2631 2170 2968 2223 devenustet
3012 2175 3325 2235 auctorem,
3369 2171 3729 2224 salutationis

2034 2257 2262 2311 servitia
2309 2257 2669 2327 deponendo,
2724 2259 2827 2311 etsi
2870 2274 3114 2325 mereor,
3170 2258 3493 2328 dignationi
3528 2264 3729 2313 vestra

2032 2346 2422 2400 conciliandus
2441 2362 2675 2402 occurro
2706 2363 2719 2401 :
2748 2347 2884 2417 quia
2910 2349 3200 2417 potiorum
3218 2348 3543 2402 sublimitas
3565 2364 3727 2402 com-

2036 2435 2309 2490 munione
2341 2436 2688 2505 geminatur,
2724 2440 2780 2489 et
2803 2436 2984 2490 facem
3010 2437 3245 2507 prafert
3274 2437 3727 2491 eminentissimo

2033 2523 2219 2594 gratia
2249 2540 2515 2578 concessa
2545 2524 2834 2594 subjectis.

2594 2633 2930 2688 EPISTULA
2967 2633 3162 2688 XXIII.

2480 2736 2805 2777 RNNODIUS
2848 2736 3281 2777 CONSTANTIO.

2102 2808 2160 2863 Si
2191 2808 2386 2862 liceret
2414 2824 2543 2862 cum
2572 2811 2965 2880 magnitudine
2994 2818 3180 2864 vestra
3214 2827 3379 2881 aqua
3410 2815 3560 2865 sorte
3593 2827 3725 2865 cou-

2031 2898 2189 2951 tendi
2216 2914 2227 2950 :
2282 2897 2327 2950 si
2362 2897 2630 2964 honores,
2662 2905 2822 2963 atas,
2870 2898 3139 2952 meritum
3173 2900 3326 2969 quod
3358 2899 3516 2952 vobis
3544 2900 3723 2954 facem

1961 3015 2001 3069 ρ
2030 2986 2303 3056 pratulit,
2356 3002 2459 3038 nos
2508 3002 2625 3039 non
2668 2987 2725 3038 in
2770 2986 3033 3040 umbram
3074 2992 3326 3056 cogeret,
3377 3003 3484 3057 ego
3531 2989 3724 3057 potius

2033 3074 2260 3127 culmen
2306 3080 2560 3128 vestrum
2593 3075 2661 3128 de
2691 3075 3031 3128 tabellarum
3079 3075 3423 3129 abstinentia
3446 3078 3576 3146 jure
3602 3076 3722 3129 cul-

2030 3178 2230 3233 parem
2253 3180 2266 3227 ;
2290 3164 2389 3234 qui
2411 3169 2716 3235 postquam
2736 3164 2803 3218 ad
2830 3163 3026 3218 urbem
3048 3166 3288 3219 Romam
3310 3166 3549 3235 profecti
3568 3166 3720 3231 estis,

2034 3253 2192 3305 nulla
2224 3268 2314 3305 me
2364 3253 2778 3306 recordationis
2824 3254 2988 3324 fruge
3033 3254 3388 3308 sublevastis.
3423 3254 3535 3308 Sed
3573 3254 3721 3321 vide,

2031 3356 2135 3410 per
2170 3357 2365 3395 rerum
2417 3342 2835 3412 providentiam
2877 3358 3052 3413 quam
3106 3348 3273 3396 cauta
3316 3348 3401 3397 est
3430 3343 3723 3397 seniorum

2033 3429 2403 3500 dispensatio,
2452 3436 2509 3485 et
2549 3431 2838 3485 fabricatis
2868 3433 3038 3502 plena
3068 3432 3430 3486 sermonibus
3462 3448 3475 3485 :
3509 3448 3723 3502 prave-

2031 3518 2190 3572 nitur
2215 3517 2464 3590 querelis
2488 3519 2853 3573 innocentia:
2885 3526 2941 3574 et
2963 3536 3033 3574 ne
3064 3520 3319 3574 dolorem
3355 3537 3521 3574 suum
3551 3522 3608 3574 in
3634 3522 3719 3574 lu-

2031 3623 2155 3661 cem
2186 3608 2487 3677 producat,
2519 3609 2780 3679 arguitur
2807 3625 2819 3662 :
2858 3608 2923 3662 fit
2947 3625 3066 3677 rea,
3109 3626 3179 3663 ne
3201 3609 3391 3663 faciat.
3425 3611 3573 3680 Ergo
3601 3611 3721 3664 hac

2032 3695 2175 3749 mihi
2206 3696 2532 3766 digrediens
2561 3697 2841 3767 promissa
2866 3699 3189 3752 contuleras
3208 3697 3234 3751 ‘I
3269 3699 3392 3753 hac
3423 3699 3721 3753 deoscula-

2030 3789 2153 3838 tum
2189 3785 2400 3839 fiducia
2429 3785 2754 3853 sublevasti,
2790 3790 2850 3839 ut
2887 3787 3177 3841 crederem
3213 3787 3325 3841 mei
3358 3787 3721 3842 immemores

2030 3889 2129 3927 vos
2160 3873 2382 3928 futuros
2410 3874 2438 3930 ?
2467 3891 2538 3928 an
2559 3875 2628 3929 ad
2661 3874 2815 3929 aliud
2849 3875 3137 3931 attributa
3171 3882 3305 3931 sunt
3332 3877 3575 3947 pagina,
3610 3877 3721 3931 nisi

2033 3967 2092 4015 ut
2147 3968 2363 4016 secreta
2419 3969 2714 4034 pectorum
2774 3964 2888 4018 oris
2943 3965 3095 4019 clave
3152 3965 3562 4020 manifestent?
3612 3965 3721 4020 Sed

2027 4052 2287 4106 abstineo
2318 4053 2639 4123 prolixitatc
2674 4054 2946 4125 paginali,
2979 4070 3051 4108 ne
3088 4056 3459 4125 grandiorem
3488 4061 3723 4124 generet

2028 4140 2413 4194 confabulatio
2446 4141 2723 4211 producta
2753 4158 3071 4197 rancorem.
3106 4143 3191 4197 Ad
3230 4143 3589 4197 salutationis
3619 4143 3718 4196 ob-

2028 4229 2225 4299 sequia
2265 4244 2355 4282 me
2390 4229 2620 4297 reduco,
2656 4246 2864 4300 rogans
2895 4237 2959 4285 ut
2994 4247 3099 4301 pro
3132 4247 3219 4285 me
3252 4231 3403 4299 apud
3433 4231 3721 4298 apostolos

1958 4311 2001 4364 D
2034 4318 2134 4371 Dei
2154 4333 2349 4388 preces
2373 4318 2650 4378 effundas,
2684 4325 2746 4371 ut
2782 4335 2983 4373 eorum
3014 4318 3306 4374 beneliciis
3333 4318 3594 4372 mortalis
3623 4334 3720 4371 an-

2025 4406 2227 4476 gustia
2255 4411 2556 4476 superetur
2585 4406 2922 4473 obscenitas,
2959 4412 3014 4460 et
3044 4409 3111 4461 de
3138 4422 3283 4477 puro
3314 4407 3716 4461 mandatorum

2030 4496 2345 4550 calestium
2374 4496 2603 4551 tramite
2635 4512 2795 4549 mens
2826 4512 3025 4550 serena
3051 4496 3394 4567 gratuletur.

2598 4604 2834 4660 ΕΡιὸΤο
2845 4606 2928 4658 LA
2969 4605 3154 4661 XXIV.

2527 4709 2851 4749 ENNODIUS
2898 4709 3200 4750 LACONIO.

2100 4803 2248 4858 Bene
2279 4800 2486 4872 cupitis
2529 4816 2775 4872 superna
2828 4800 3177 4871 dispensatio
3226 4801 3381 4856 dedit
3428 4801 3714 4870 effectum,

2029 4895 2084 4945 et
2112 4890 2181 4944 de
2214 4889 2498 4959 negotiosi
2526 4889 2817 4944 occasione
2839 4891 3107 4962 colloquii
3129 4891 3441 4945 fraternam
3462 4891 3717 4945 refovens

2027 4978 2405 5049 diligentiam,
2435 4979 2586 5048 quod
2615 4978 2925 5050 putabatur
2954 4979 3365 5046 necessarium,
3393 4980 3527 5033 fecit
3555 4986 3716 5051 opta-

2026 5066 2158 5122 bile.
2189 5068 2334 5123 Iiinc
2362 5068 2605 5122 caelestis
2650 5084 2785 5123 cura
2822 5068 2979 5140 nepti
3031 5085 3174 5124 mea
3214 5068 3411 5139 procul
3446 5085 3559 5122 non
3593 5084 3716 5122 om-

2028 5157 2165 5211 nino
2185 5173 2219 5210 a
2238 5157 2514 5227 sanguine
2532 5162 2727 5213 nostro
2748 5160 3210 5230 peregrinantem
3228 5157 3399 5229 jussit
3414 5156 3680 5211 accedere
3701 5174 3713 5211 :

2026 5301 2199 5356 fuisse
2244 5316 2375 5355 cum
2410 5301 2746 5356 Ennodiano
2796 5301 2942 5356 nihil
2974 5305 3142 5356 vetat.
3191 5298 3449 5353 Alterum
3505 5297 3715 5352 Liberii

2026 5373 2230 5440 filium,
2275 5372 2462 5426 virum
2529 5374 2833 5451 illus_t_rem_,
2886 5371 2983 5451 qui
3028 5387 3218 5451 comes
3268 5370 3714 5451 domesticorum

2025 5459 2253 5509 vacans,
2304 5449 2524 5497 creatur
2569 5460 2599 5497 a
2640 5442 2982 5497 Theoderico
3030 5442 3131 5496 lib.
3185 5456 3260 5509 II,
3310 5442 3473 5510 epist.
3530 5443 3612 5510 15,
3662 5446 3717 5495 et

2027 5514 2335 5568 Venantius
2363 5514 2634 5585 patricius
2658 5514 2864 5585 dicitur
2896 5513 2991 5568 lib.
3032 5527 3119 5581 ιν,
3144 5512 3308 5584 epist.
3345 5512 3432 5567 36.

2097 5589 2117 5621 ⁸
2155 5586 2220 5639 In
2252 5584 2388 5639 edit.
2411 5585 2645 5647 Schotti,
2670 5584 2878 5638 Habeo.

2099 5657 2118 5677 ‘
2158 5654 2627 5724 Generalilalem]
2666 5658 2753 5710 An
2792 5652 3168 5728 generalem?
3200 5654 3305 5710 Sed
3340 5655 3481 5710 nihil
3534 5656 3713 5707 muto.
