4102 6182
370 228 442 284 99
1596 224 1681 281 EN
1694 222 1889 280 NODlI
1928 224 2246 283 EPISCOPI
2286 224 2674 283 TlClNENSIS
3775 228 3870 282 100

374 366 437 415 ut
471 358 609 414 dum
639 356 979 413 consulendi
1008 357 1180 412 instat
1206 356 1624 428 opportunitas,
1659 362 1856 411 sancto
1887 356 2070 411 amori
2108 368 2149 419 Α
2179 362 2464 427 pereunt:
2523 358 2715 429 potior
2767 356 2888 413 sitis
2940 362 3042 426 est,
3108 373 3282 429 quam
3339 358 3624 413 undarum
3672 364 3869 431 gustus

372 448 585 520 pabula
616 453 1041 519 praestarentur.
1078 447 1177 499 Vix
1218 445 1589 512 sustinebam,
1624 446 1820 509 fateor,
1853 462 2065 516 procu-

373 537 483 591 rati
514 537 703 591 studia
734 538 903 604 longa
934 535 1183 589 silentii:
1220 534 1315 587 sed
1350 534 1633 603 interpres
1668 535 1862 588 mitior
1891 540 2062 604 puta-

374 627 502 680 bam
528 626 932 696 applicandum
964 624 1155 678 timori
1186 623 1334 693 quod
1367 623 1789 676 subducebatur
1816 624 2060 677 effectui.

375 717 487 769 Deo
528 715 739 785 gratias
773 714 871 784 qui
914 714 981 767 ad
1025 727 1187 764 nsum
1218 712 1349 780 styli
1378 710 1791 765 fraternitatem
1820 719 2062 765 vestram

374 804 605 857 reduxit
642 808 699 855 et
727 802 941 871 gratim.
992 801 1005 833 ¹
1039 798 1254 853 Divinis
1277 805 1469 852 tamen
1498 799 1718 868 legibus
1765 801 2064 870 cognatio-

373 906 506 944 nem
555 890 802 944 indiculo
849 888 1322 957 comprehensam
1372 886 1432 939 in
1480 888 1848 941 matrimonio
1897 888 2066 940 licere

372 978 596 1044 sociari,
645 978 763 1030 sine
797 975 1151 1029 dubitatione
1198 975 1487 1030 noveritis.
1535 976 1642 1029 Sed
1692 976 1963 1029 continuo
1996 976 2065 1029 ad

372 1067 577 1121 urbem
609 1067 850 1120 Romam
882 1062 1143 1117 homines
1176 1079 1331 1116 meos
1364 1064 1569 1133 dirigo,
1600 1072 1900 1117 exacturus
1933 1080 1961 1116 a
1982 1080 2069 1117 ve-

272 1170 291 1187 ⁸
372 1153 612 1209 nerabili
652 1170 800 1223 papa
830 1169 1002 1222 super
1023 1154 1131 1205 hac
1149 1157 1308 1221 parte
1328 1168 1685 1221 responsum,
1721 1158 1783 1205 ut
1810 1153 2067 1206 animum

368 1247 621 1296 vestrum
652 1242 889 1311 potioris
922 1239 1190 1310 praecepti
1223 1240 1413 1293 firmet
1443 1240 1769 1294 auctoritas.
1803 1241 2063 1307 Domine,

370 1335 433 1383 nt
458 1346 651 1399 supra,
694 1329 1093 1381 salutationem
1120 1328 1512 1397 plenissimam
1542 1329 1903 1398 accipientes,
1937 1345 2065 1381 san-

368 1424 522 1473 ctum
555 1433 783 1488 quoque
814 1422 868 1468 et
906 1432 1272 1468 communem
1306 1422 1524 1485 patrem
1567 1417 1763 1486 parilis
1794 1417 2066 1470 noveritis

368 1523 491 1561 esse
525 1506 860 1558 sententiae:
892 1507 1050 1572 cujus
1083 1506 1147 1557 ad
1192 1522 1289 1557 vos
1311 1521 1413 1574 per
1444 1506 1733 1558 hominem
1771 1522 1985 1570 meum,
2020 1506 2067 1558 si

370 1595 595 1650 divinus
616 1594 772 1647 favor
803 1593 1089 1656 annuerit,
1123 1610 1252 1646 cum
1288 1594 1437 1646 sedis
1462 1594 1783 1664 apostolicae
1811 1594 2066 1663 apicibus

378 1685 596 1738 litteras
623 1682 938 1737 destinabo.

968 1788 1303 1843 EPISTOLA
1342 1788 1490 1840 XXV.

948 1909 1272 1948 ENNODIUS
1322 1908 1531 1947 AVITO.

444 1999 625 2063 Quam
656 2015 808 2069 saepe
849 2000 1034 2053 aliena
1072 2004 1300 2071 peccata
1332 2017 1435 2053 nos
1477 2000 1800 2069 ingravant,
1832 2004 1887 2053 et
1915 2000 2065 2071 quod

373 2103 403 2140 a
432 2088 599 2140 nobis
634 2104 748 2141 non
788 2088 989 2153 oritur,
1021 2088 1151 2157 jure
1194 2094 1388 2143 nostro
1431 2088 1750 2158 imputatur
1778 2087 2064 2141 excessui!

372 2178 449 2229 Ex
493 2192 584 2229 me
617 2176 787 2229 didici
836 2177 1007 2230 ﬁdem
1056 2183 1315 2231 veterum
1370 2193 1487 2230 non
1534 2177 1739 2246 perire,
1789 2177 1925 2230 dum
1966 2194 2069 2247 per

370 2264 602 2334 negotia
630 2266 850 2319 novella
878 2281 1017 2318 cana
1038 2270 1338 2335 poetarum
1368 2270 1667 2333 reparatur
1684 2264 2062 2318 annuntiatio.

374 2354 450 2407 De
482 2368 574 2405 me
606 2353 820 2406 dictum
854 2352 1091 2419 aestimo,
1131 2352 1350 2406 Decidit
1397 2352 1603 2417 infelix
1630 2352 1822 2406 alieno
1836 2352 2069 2406 vulnere

370 2440 613 2509 (Eneid.
650 2446 732 2509 ιι).
767 2442 950 2510 Super
978 2441 1371 2512 exspectanda:
1406 2442 1695 2495 memorim
1732 2442 1836 2494 viri
1872 2442 2069 2495 Sabini

370 2530 392 2562 ²
432 2527 550 2583 lilio
597 2530 899 2583 exhibetur
939 2530 1175 2599 prtefata
1205 2530 1565 2583 concinnatio
1601 2546 1613 2583 :
1657 2530 1757 2599 qui
1793 2531 2067 2583 hactenus

368 2618 724 2686 aegritudinis
745 2624 935 2671 tentus
972 2618 1299 2683 obstaculis,
1324 2619 1445 2671 sine
1469 2619 1604 2672 vitio
1628 2635 1730 2671 suo
1762 2620 2069 2672 constituta

371 2706 622 2759 violavit.
677 2707 897 2771 Fateor,
944 2721 1090 2775 pene
1124 2706 1377 2758 animum
1423 2722 1615 2759 meum
1648 2722 1810 2759 reum
1858 2706 2065 2759 fecerat

371 2795 786 2864 magnitudinis
816 2802 1017 2849 vestrm
1049 2795 1202 2848 dives
1233 2794 1495 2860 assertio,
1528 2799 1583 2847 et
1613 2794 1915 2848 credebam
1946 2796 2065 2846 cnl-

368 2899 502 2953 pam
532 2900 652 2937 esse
684 2884 1001 2953 propriam,
1048 2899 1220 2952 quam
1252 2882 1603 2936 conscientia
1635 2899 1749 2936 non
1796 2882 2061 2936 habebat.

371 2971 527 3036 Ecce,
563 2976 620 3024 ut
651 2971 903 3040 primum
930 2971 990 3023 in
1021 2971 1232 3024 bonam
1256 2970 1642 3023 valetudinem
1667 2970 1934 3024 reductus
1955 2975 2063 3035 est,

365 3059 747 3113 Mediolanum
792 3076 923 3113 cum
973 3075 1202 3112 summa
1230 3058 1638 3129 properatione
1686 3059 2053 3113 commeavit.

367 3148 587 3202 Czrtera
633 3148 782 3218 apud
826 3165 924 3201 vos
970 3148 1269 3217 alleganda
1310 3164 1431 3201 esse
1478 3164 1596 3201 non
1640 3148 1898 3201 credidi:
1934 3148 2070 3218 quia

367 3236 467 3306 qui
514 3237 884 3289 commendat
916 3236 1142 3305 magnis
1186 3236 1322 3289 viris
1360 3236 1665 3305 justitiam,
1716 3236 2064 3289 oblivionem

368 3322 591 3376 videtur
633 3323 917 3393 mquitatis
960 3339 1273 3393 opponere.
1307 3324 1547 3377 Domine
1586 3324 1684 3390 mi,
1712 3324 2069 3377 salutationis

369 3410 720 3480 plenissimae
755 3427 963 3465 munus
995 3412 1234 3465 exhibeo
1268 3429 1279 3465 :
1311 3417 1365 3465 et
1388 3412 1543 3482 quod
1565 3418 1842 3481 superest,
1871 3428 2066 3483 quasso

370 3505 431 3551 ut
462 3503 639 3552 status
670 3500 815 3553 circa
854 3516 943 3553 me
972 3500 1171 3569 gratia?
1200 3505 1426 3565 vestrae,
1458 3501 1719 3567 quamvis
1750 3501 1823 3554 sit
1853 3500 2066 3570 plenis-

370 3587 571 3653 simus,
605 3588 793 3642 adhuc
818 3594 1010 3642 tamen
1042 3588 1294 3658 recipere
1324 3594 1563 3659 cogatur
1593 3596 1921 3660 augmenta.

945 3695 1271 3749 EPISTULA
1310 3696 1491 3752 XXVI.

892 3799 1206 3838 ENNODIUS
1250 3799 1550 3839 AGAPITO.

450 3887 744 3943 Resistunt
764 3895 992 3958 peccata
1014 3889 1331 3957 desideriis,
1366 3897 1506 3944 etut
1529 3892 1865 3947 meritorum
1889 3898 2069 3947 status

379 3978 845 4047 delinquentibus
898 3978 1235 4044 innotescat,
1285 3996 1317 4032 a
1366 3980 1646 4033 labiorum
1705 3982 2069 4050 proximitate

378 4065 572 4135 cupita
596 4066 1031 4121 subtrahuntur.
1100 4068 1300 4121 Acrius
1367 4068 1632 4138 affligunt
1664 4070 1873 4138 oblata,
1938 4087 2067 4125 cum

450 4240 465 4273 ¹
505 4237 721 4311 Divinis
760 4242 953 4311 tamen
986 4238 1224 4311 leg-ibus]
1260 4241 1496 4310 Cognati
1529 4244 1752 4311 generis
1784 4245 2075 4297 matrimo-

379 4311 474 4364 nia
500 4316 557 4364 et
584 4310 793 4364 divinae
821 4310 971 4377 leges
989 4310 1366 4365 coercuerunt
1385 4319 1442 4365 et
1472 4310 1759 4374 humanae,
1786 4321 1907 4367 tum
1935 4315 2071 4368 civi-

378 4382 473 4455 les
501 4387 623 4434 tum
672 4381 975 4455 canonicaa.
1005 4384 1093 4455 ne
1146 4382 1319 4435 sacris
1370 4384 1601 4455 quidem
1646 4386 1870 4437 Litteris
1918 4386 2069 4455 apud

379 4452 645 4506 Hebraeos
675 4452 745 4506 de
774 4452 972 4521 paucis
1000 4452 1180 4522 iisque
1211 4452 1489 4522 proximis
1525 4462 1753 4508 cautum
1786 4456 1892 4509 fuit
1922 4452 2069 4510 z'nec

380 4523 608 4593 longius
637 4523 755 4575 fere
788 4523 1063 4592 processit
1104 4523 1493 4589 interdictum,
1528 4541 1700 4594 quam
1733 4542 1803 4578 ne
1831 4526 1922 4579 cui
1952 4528 2071 4579 ιω-

378 4594 483 4646 tris
524 4595 805 4664 sororisve
840 4594 959 4646 tilia
989 4596 1375 4663 copularetur.
1409 4595 1456 4617 ’·
1490 4595 1867 4664 Imperatores
1909 4596 2070 4650 Chri-

379 4663 549 4735 stiani
585 4666 758 4716 etiam
794 4664 1167 4718 consobrinas
1209 4666 1376 4735 jungi
1426 4663 1753 4732 vetuerunt,
1800 4675 1860 4720 ut
1888 4668 2070 4721 Theo-

380 4734 594 4806 dosius,
628 4737 887 4806 tantum,
927 4742 990 4788 ut
1017 4736 1140 4789 Sex.
1192 4735 1429 4788 Victoris
1460 4736 1645 4788 verbis
1693 4744 1837 4803 utar,
1868 4738 2074 4806 pudori

381 4804 632 4859 tribuens
660 4808 714 4857 et
734 4804 1113 4869 continentiae,
1145 4809 1207 4859 ut
1236 4806 1705 4860 consobrinarum
1725 4804 1956 4877 nuptias
1980 4826 2071 4863 ve-

380 4878 552 4948 tuerit
604 4878 882 4948 tanquam
919 4892 1197 4930 sororum.
1236 4878 1421 4939 Qnare
1452 4878 1573 4930 sine
1598 4878 1869 4948 principis
1908 4880 2073 4932 venia

379 4946 507 4999 duci
546 4962 664 4999 non
712 4947 949 4999 lieebat:
985 4949 1139 5016 quod
1173 4948 1422 5000 declarat
1452 4946 2073 5003 Cassiodori‘Formula

376 5032 490 5086 qua
515 5017 857 5070 consobrina
886 5017 1143 5088 legitima
1165 5019 1273 5086 ﬁat
1312 5034 1471 5072 uxor.
1510 5019 1909 5073 Ecclesiasticaa
1940 5037 2072 5074 vero

380 5088 554 5156 leges,
589 5104 715 5158 qua:
751 5088 991 5141 incestas
1022 5088 1193 5140 hodie
1226 5091 1455 5157 nuptias
1493 5095 1695 5159 quarto
1726 5093 1905 5160 gradu
1937 5092 2072 5145 deti-

379 5160 566 5225 niunt,
600 5160 667 5212 ad
700 5161 1230 5232 septimum-usque
1261 5160 1848 5232 gradumAaliquando
1879 5178 2074 5232 prove-

378 5237 484 5303 ctae
524 5235 676 5303 sunt.
712 5229 1040 5303 atEnnodii
1064 5229 1271 5282 saeculo
1305 5246 1427 5282 mos
1460 5229 2069 5303 adhucindulgentior.

380 5298 489 5362 Qui
520 5300 674 5354 enim
706 5300 775 5353 de
810 5315 877 5354 ea
909 5316 969 5352 re
999 5315 1247 5354 canones
1277 5306 1461 5369 erant,
1487 5301 1637 5355 intra
1665 5298 1866 5357 vetitos
1900 5305 2072 5358 sacris

2173 452 2513 517 exaggerat:
2568 464 2685 501 non
2716 454 2892 501 urunt
2939 449 3279 501 memoriam
3321 450 3507 518 prima
3534 450 3722 502 fronte
3770 465 3867 503 ne-

2173 540 2304 603 gata
2332 535 2607 588 beneficia
2631 550 2643 588 :
2665 536 2793 605 quis
2810 536 2954 588 ferat
2981 537 3263 606 ingestam
3288 537 3466 590 oculis
3491 554 3658 607 aequo
3677 537 3869 590 animo

2172 637 2230 674 se
2263 622 2576 691 perdidisse
2600 622 3004 677 dulcedinem?
3023 623 3128 675 Sed
3148 628 3298 675 recte
3322 623 3429 675 ista
3453 624 3522 677 ad
3551 640 3865 693 supernam

2174 709 2545 763 remittuntur
2575 711 3033 779 providentiam:
3070 726 3199 780 quae
3240 711 3481 764 caelestis
3522 711 3870 781 dispensatio

2176 798 2425 867 mysterii
2458 799 2666 852 idcirco
2682 799 2950 851 humanis
2973 798 3447 868 dispositionibus
3472 815 3673 854 manus
3696 816 3874 870 oppo-

2174 886 2279 949 nit,
2302 892 2362 938 ut
2381 893 2644 939 votorum
2664 891 2899 957 praestet
2920 887 3204 941 effectum.
3234 888 3475 943 Sanctus
3497 894 3658 958 pater
3678 894 3873 942 vester

2174 974 2422 1027 libenter
2463 990 2520 1027 se
2567 976 2893 1045 parituram
2919 975 3165 1044 jussioni
3214 976 3628 1046 magnitudinis
3667 983 3872 1031 vestrae

2174 1062 2361 1116 fuerat
2388 1063 2456 1116 de
2496 1079 2624 1117 mea
2653 1064 2944 1116 occasione
2971 1064 3261 1134 pollicitus
3293 1082 3305 1118 :
3340 1066 3435 1119 sed
3467 1067 3725 1119 animum
3748 1066 3872 1135 ejus

2175 1150 2236 1203 in
2263 1151 2541 1204 diversam
2580 1154 2805 1220 partem
2838 1168 2940 1221 pro
2966 1152 3230 1215 utilitate,
3264 1158 3545 1222 quantum
3575 1154 3733 1222 dicit,
3767 1155 3871 1207 Ec-

2175 1239 2359 1291 clesiaa
2392 1239 2854 1308 supervenientia
2886 1256 3126 1309 rapuere
3157 1240 3391 1294 consilia
3422 1258 3435 1308 ;
3470 1240 3618 1295 sicut
3647 1240 3873 1311 prmiati

2174 1327 2384 1397 pagina
2418 1328 2487 1379 ad
2521 1343 2615 1380 vos
2646 1327 2860 1380 directa
2894 1328 3219 1381 declaravit.
3270 1330 3638 1382 Praestolatur
3677 1337 3872 1382 tamen

2175 1431 2347 1484 super
2374 1415 2604 1486 negotio
2626 1416 2922 1486 designato
2959 1417 3370 1487 magnitudinis
3403 1424 3601 1471 vestras
3624 1417 3875 1471 secunda

2175 1504 2507 1573 colloquia:
2560 1521 2672 1574 quo
2713 1506 3074 1558 manifestius
3126 1505 3182 1559 in
3234 1506 3424 1559 fratris
3465 1507 3634 1559 vestri
3684 1506 3874 1560 Fausti

2178 1592 2400 1661 patricii
2433 1592 2673 1645 utilitate
2707 1608 2796 1645 me
2830 1610 2952 1646 esse
2996 1595 3376 1647 necessarium
3420 1602 3704 1648 reseretur
3733 1611 3745 1647 :
3773 1610 3874 1647 cu-

2112 1666 2151 1718 B
2174 1680 2267 1749 jus
2298 1680 2497 1749 gratim
2528 1682 2671 1734 nihil
2703 1682 2810 1733 sibi
2838 1683 3081 1736 aestimat
3114 1683 3357 1737 liberum
3389 1684 3682 1754 derogare.
3706 1684 3871 1747 Quod

2180 1774 2375 1835 restat,
2428 1768 2689 1839 obsequii
2735 1770 2849 1822 mei
2890 1770 3214 1823 humilitate
3247 1778 3507 1841 suscepta
3552 1788 3774 1841 precor,
3814 1776 3875 1824 nt

2181 1857 2366 1926 opifex
2398 1858 2493 1927 qui
2525 1857 2764 1911 culmini
2796 1861 2813 1879 '
2848 1865 3049 1911 vestras
3081 1860 3373 1931 parvitatis
3406 1877 3547 1913 meae
3573 1876 3766 1912 curam
3791 1864 3877 1912 est

2180 1945 2448 2015 dignatus
2488 1946 2807 2012 infundere,
2841 1947 2960 2017 ipse
2991 1964 3094 2017 per
3122 1964 3220 2001 vos
3251 1948 3540 2019 sequenda
3581 1946 3869 2018 disponat.

2734 2035 3069 2090 EPISTOLA
3107 2036 3303 2090 XXVII.

2679 2137 2999 2178 ENNODIUS
3047 2139 3387 2178 EUGENETI.

2246 2210 2429 2279 Supra
2463 2210 2697 2264 modum
2726 2226 2814 2263 me
2851 2211 3159 2266 sollicitant
3180 2212 3469 2282 procurati
3487 2211 3676 2266 studia
3707 2210 3874 2265 inde-

2176 2298 2324 2353 fessa
2354 2298 2567 2352 silentii
2597 2316 2609 2352 :
2644 2304 2699 2353 et
2741 2300 2872 2353 licet
2900 2300 3127 2354 animus
3159 2302 3217 2353 in
3249 2301 3492 2354 statione
3527 2300 3599 2353 sit
3626 2300 3869 2370 positus,

2177 2388 2477 2441 contristat
2506 2388 2786 2441 sermonis
2812 2388 3177 2455 abstinentia,
3208 2405 3335 2459 quae
3358 2388 3496 2441 vivis
3523 2388 3877 2459 imaginibus

2178 2481 2454 2529 secretum
2501 2476 2746 2546 pectoris
2784 2476 2898 2529 oris
2937 2478 3090 2529 clave
3143 2478 3485 2530 manifestat.
3520 2478 3709 2530 Patior
3748 2476 3878 2546 qui-

2178 2565 2307 2619 dem
2356 2564 2644 2619 interdum
2675 2566 2969 2618 caritatem
2999 2566 3103 2619 sub
3142 2566 3483 2635 paginarnm
3535 2566 3869 2636 promulga-

2178 2654 2331 2707 tione
2383 2654 2691 2708 simulari:
2746 2670 3043 2724 nunquam
3074 2660 3264 2708 tamen
3310 2657 3476 2708 credo
3523 2654 3611 2707 his
3657 2653 3879 2706 muniis

2178 2743 2460 2797 abstinere
2538 2743 2634 2813 qui
2704 2742 2971 2813 diligunt.
3032 2744 3261 2797 Referat
3329 2744 3469 2797 forte
3536 2742 3879 2812 magnitudo

2177 2838 2360 2885 vestra
2407 2831 2647 2901 publica:
2704 2833 3093 2902 occupationis
3152 2848 3347 2886 curam
3398 2833 3583 2885 locum
3647 2831 3880 2901 scriptis

2106 2950 2145 3005 Ο
2175 2920 2557 2974 familiaribus
2587 2937 2704 2974 non
2736 2921 2977 2975 dedisse.
3024 2921 3131 2975 Sed
3164 2921 3317 2975 idem
3351 2926 3527 2974 status
3560 2926 3700 2984 erat,
3734 2936 3871 2973 cum

2179 3009 2535 3079 praecedente
2557 3015 2817 3079 tempore
2850 3010 3136 3081 colloquia
3159 3011 3385 3063 culmen
3409 3023 3651 3063 vestrum
3671 3009 3878 3061 crebra

2179 3099 2525 3168 praestabat:
2575 3115 2680 3153 nec
2718 3104 2739 3134 ³
2779 3098 2977 3152 aulicis
3025 3100 3330 3170 deputatus
3377 3097 3457 3151 ita
3503 3097 3881 3167 premebatur

2178 3186 2454 3252 excubiis,
2490 3192 2553 3239 ut
2580 3186 2847 3256 promissi
2868 3186 3081 3240 amoris
3104 3185 3443 3239 memoriam
3472 3200 3587 3238 non
3616 3184 3877 3237 haberet.

2177 3272 2314 3335 Quis
2358 3272 2501 3325 favis
2533 3274 2731 3338 toxica,
2786 3274 2915 3343 quis
2946 3290 3171 3327 caenum
3203 3274 3455 3327 fontibus
3486 3272 3880 3326 clandestinus

2178 3366 2503 3416 susurrator
2529 3360 2878 3415 admiscuit?
2911 3368 3010 3415 aut
3037 3362 3185 3415 forte
3217 3361 3367 3431 quod
3406 3360 3591 3414 fuerat
3636 3360 3705 3413 de
3740 3360 3881 3413 affe-

2178 3448 2365 3501 ctione
2413 3448 2748 3517 subreptnm
2800 3449 2870 3503 ad
2914 3449 3195 3519 judicium
3244 3449 3558 3503 retulistis?
3604 3449 3712 3504 Sed
3761 3464 3876 3517 ego

2179 3552 2457 3607 occupare
2492 3554 2591 3590 vos
2619 3538 2958 3607 paginarum
2994 3539 3452 3608 promulgatione
3484 3554 3597 3591 non
3629 3537 3832 3591 differo
3859 3553 3874 3590 :

2180 3630 2241 3679 ut
2270 3625 2343 3679 ad
2374 3642 2541 3679 usum
2569 3633 2838 3691 veterem,
2869 3626 3221 3679 cessantibus
3252 3627 3546 3697 promissa»
3578 3625 3877 3696 dignatio-

2179 3715 2267 3769 nis
2318 3714 2584 3782 stimulis,
2636 3715 2723 3767 vel
2776 3715 3125 3784 garrulitatis
3172 3731 3312 3768 meae
3364 3714 3653 3784 provocati
3709 3714 3883 3781 fruge

2180 3804 2443 3858 redeatis.
2501 3804 2738 3857 Domine
2779 3803 2878 3871 mi,
2914 3804 3287 3879 salutationis
3335 3804 3674 3874 obsequium
3707 3804 3883 3872 plena

2179 3892 2501 3946 humilitate
2530 3894 2875 3962 persolvens,
2909 3892 3096 3945 indico
3120 3909 3209 3946 me
3231 3892 3431 3945 vestris
3452 3892 3722 3961 cupidum
3756 3906 3883 3944 esse

2179 3981 2503 4051 aspectibus
2538 3981 2871 4051 praesentari
2897 3997 2911 4046 ;
2935 3981 2981 4034 si
2999 3987 3189 4034 tamen
3222 3978 3887 4050 faciendum,perpensis

2179 4086 2308 4141 quas
2340 4069 2502 4124 vobis
2527 4070 2681 4124 cordi
2708 4086 2826 4123 esse
2859 4086 2973 4123 non
3003 4069 3226 4132 dubito,
3262 4068 3600 4123 rescribatis.

2110 4252 2153 4305 ι)
2185 4242 2408 4298 Litteris
2454 4260 2517 4297 ac
2560 4242 2886 4315 principum
2930 4244 3151 4315 legibus
3199 4244 3410 4315 gradus
3440 4244 3556 4298 fere
3596 4242 3885 4315 consiste-

2180 4315 2335 4380 bant,
2391 4319 2453 4368 ut
2501 4314 2761 4385 synodus
2801 4314 3140 4386 Agathensis
3186 4314 3232 4369 c.
3288 4318 3376 4381 61,
3430 4314 3782 4385 Epaunensis
3825 4329 3879 4367 c.

2182 4388 2267 4451 30,
2299 4387 2728 4439 Aurelianensis
2765 4402 2865 4450 III,
2902 4402 2948 4440 c.
3000 4388 3078 4439 10.
3126 4386 3253 4440 Sive
3297 4402 3435 4456 ergo
3474 4386 3694 4439 divinas
3727 4386 3889 4454 leges

2180 4456 2289 4510 hoc
2322 4458 2443 4510 loco
2483 4460 2862 4526 interpretere
2894 4474 3024 4527 quae
3046 4457 3218 4510 sacris
3242 4457 3463 4510 Litteris
3485 4456 3885 4527 continentur,

2182 4526 2298 4580 sive
2329 4544 2517 4581 sacros
2543 4544 2791 4580 canones
2825 4526 3125 4591 ita'vocet,
3160 4544 3275 4597 quo
3299 4528 3468 4581 modo
3496 4526 3674 4583 Graeci
3709 4528 3882 4586 θειους

2183 4602 2413 4663 κανόνας,
2466 4604 2523 4651 et
2568 4598 2790 4669 divinas
2842 4599 3070 4668 regulas
3118 4600 3331 4669 passim
3378 4599 3599 4665 Latini;
3636 4613 3885 4668 parvum

2182 4674 2302 4721 erat
2332 4668 2428 4721 illo
2468 4674 2729 4737 tempore
2762 4668 3088 4722 discrimen.

2252 4754 2514 4828 {Sabini
2536 4755 2687 4826 ﬁlio]
2721 4758 2828 4828 Pro
2861 4757 3061 4810 eodem
3098 4758 3292 4811 scribit
3317 4742 3489 4811 etiam
3518 4757 3684 4828 epist.
3724 4758 3786 4811 13
3827 4760 3889 4810 et

2184 4828 2248 4880 14
2280 4826 2409 4879 libri
2441 4828 2731 4897 sequentis
2764 4827 2832 4881 ad
2866 4827 3099 4882 Avitum
3133 4829 3419 4882 eumdem.

2252 4915 2274 4947 ³
2314 4915 2538 4969 Aulicis
2564 4914 2839 4987 excubiis]
2900 4916 3217 4980 Quaesturaa
3249 4917 3516 4986 palatina:
3547 4932 3659 4987 qua
3680 4916 3887 4985 funge-

2181 4985 2371 5050 batur,
2401 4993 2463 5039 ut
2492 4987 2705 5040 dictum
2739 4985 2917 5040 est'ad
2942 4988 3109 5058 epist.
3144 4990 3211 5041 26
3244 4985 3342 5041 lib.
3376 5003 3457 5042 ιν.

2192 5143 2206 5158 ⁸
2252 5087 2280 5158 ο,
2309 5073 2571 5128 Culmini
2596 5074 2814 5145 vestras]
2864 5076 3052 5130 Malim
3101 5076 3389 5146 equidem,
3418 5092 3468 5129 c.
3518 5078 3725 5130 vestro.
3772 5075 3885 5128 Sed

2181 5148 2386 5213 ἀπέχω.

2252 5234 2298 5255 ’⁸
2324 5234 2490 5288 Estin
2508 5235 2796 5306 opusculis
2818 5236 3204 5303 Sirmondi,ea
3225 5236 3294 5290 de
3309 5252 3368 5289 re
3389 5234 3628 5307 quastio
3648 5232 3885 5303 triplex.
