4054 6176
171 256 250 311 lOl
1510 254 1997 314 EPISTOLARUM
2038 257 2167 314 LIB.
2212 254 2307 312 Vl.

1706 403 2041 412 Μ

3554 261 3660 316 102

2066 403 2401 412 ...α-...ψ

1438 532 1802 627 LIBER
1885 532 2377 627 SEXTUS.

1766 705 2043 719 m-

688 784 1021 840 EPISTOLA
1060 785 1291 839 PRIMA.

601 887 924 926 nunonws
966 872 983 905 ¹
1030 887 1420 927 PARTHENIO.

218 958 331 1013 Nisi
376 963 434 1013 te
469 960 733 1014 efflictim
782 960 1102 1030 diligerem,
1153 966 1210 1014 et
1251 960 1333 1031 pii
1363 958 1546 1013 cordis
1596 959 1851 1013 soliditas

161 1047 560 1102 indemutabili
592 1049 779 1102 radice
815 1054 1116 1115 constaret,
1154 1053 1345 1119 posset
1376 1048 1719 1118 injuriarum
1750 1049 1851 1102 do-

161 1138 267 1191 lore
314 1142 683 1207 provocatus,
748 1138 834 1190 vel
886 1154 1016 1191 cum
1070 1137 1372 1208 pueriliter
1430 1137 1710 1201 irasceris,
1765 1138 1851 1192 vel

164 1242 283 1280 cum
326 1231 676 1295 arroganter
723 1227 1027 1296 supplicas,
1073 1226 1438 1280 commoveri.
1494 1227 1644 1279 Nihil
1696 1226 1851 1279 enim

161 1314 403 1381 invenio,
429 1314 593 1385 quod
621 1315 695 1368 sit
717 1314 985 1387 fabricata
1008 1314 1331 1368 humilitate
1356 1314 1674 1385 superbius.
1704 1316 1853 1368 Prce-

165 1404 273 1457 fero
321 1403 704 1457 contumelias
756 1403 955 1456 fucatze
1016 1404 1220 1457 frontis
1270 1403 1605 1473 obsequiis:
1652 1403 1854 1457 transit

166 1492 606 1545 amaritudinem
637 1492 877 1546 dulcedo
909 1492 1194 1545 simulata.
1228 1492 1347 1546 Non
1374 1509 1517 1562 opus
1540 1498 1623 1545 est
1658 1493 1852 1562 depre-

166 1581 495 1643 cationibus,
530 1581 578 1633 si
607 1597 734 1651 quae
760 1586 814 1633 te
846 1590 1041 1635 cateua
1071 1585 1259 1633 nectat
1284 1580 1577 1650 intelligis,
1613 1580 1853 1634 Poscant

166 1686 259 1739 pro
291 1669 619 1722 excessibus
671 1668 919 1733 veniam,
961 1668 1170 1738 quibus
1210 1674 1294 1721 est
1328 1668 1570 1722 liberum
1603 1684 1719 1721 non
1750 1684 1849 1738 pa-

166 1773 301 1811 rere.
350 1759 433 1810 lta
463 1757 712 1810 famulos
741 1755 902 1808 nobis
940 1756 1180 1809 caelestis
1198 1755 1400 1825 judicii
1432 1756 1709 1810 claritudo
1748 1757 1849 1809 de-

163 1844 398 1914 putavit,
432 1849 498 1897 ut
527 1844 588 1896 in
618 1859 959 1913 quacunque
994 1858 1155 1895 mens
1189 1848 1348 1912 parte
1388 1843 1701 1909 deﬂexerit,
1733 1843 1852 1897 illo-

164 1949 285 1986 rum
330 1932 643 1985 necessitas
707 1932 1032 1984 inclinetur.
1091 1932 1188 1984 Ille
1247 1937 1537 2001 exspectat
1577 1933 1846 1998 clemens,

164 2021 257 2091 qui
302 2021 660 2085 destrictum,
711 2020 760 2072 si
803 2020 959 2085 velit,
997 2019 1243 2072 refutare
1290 2020 1469 2089 possit
1516 2020 1845 2090 imperium.

165 2110 312 2163 Haud
346 2109 547 2179 procul
582 2114 637 2163 te
679 2108 749 2161 ab
795 2109 900 2161 hoc
930 2108 1131 2162 ordine
1163 2108 1396 2177 eVagari
1428 2114 1679 2175 potestas
1712 2109 1852 2162 mihi

164 2213 191 2249 a
240 2197 352 2250 Deo
407 2197 685 2250 attributa
746 2195 1015 2266 patietur.
1083 2195 1291 2265 Optare
1342 2200 1397 2249 te
1458 2196 1721 2249 convenit
1781 2212 1853 2249 ne

165 2286 657 2339 mansuetudinem
701 2300 875 2354 quam
923 2283 982 2337 in
1036 2300 1125 2337 me
1182 2283 1456 2354 praedicas
1514 2284 1852 2337 meritorum

163 2379 387 2427 tuorum
426 2373 810 2440 consideratio
841 2373 993 2442 justa
1016 2372 1372 2437 devenustet,
1405 2378 1461 2426 et
1482 2372 1712 2442 pietatis
1742 2377 1855 2425 tra-

164 2463 353 2515 mitem
375 2463 678 2531 culparum
705 2460 1012 2514 multitudo
1042 2461 1340 2531 depretiet.
1379 2461 1549 2528 Licet,
1575 2462 1633 2514 ni
1665 2461 1851 2527 fallor,

166 2551 604 2604 misericorditer
634 2550 885 2602 vindicta
915 2552 1221 2602 comitatur
1251 2555 1557 2613 errantem,
1594 2565 1695 2602 nec
1738 2550 1853 2603 ulla

165 2646 237 2692 est
268 2639 455 2708 potior
483 2638 761 2707 patientia
792 2636 899 2690 nisi
925 2653 1051 2707 qua
1082 2637 1231 2690 vitiis
1268 2636 1485 2690 aditum
1519 2654 1634 2689 non
1672 2638 1852 2691 reclu-

167 2728 257 2792 dit,
287 2744 318 2780 a
344 2734 401 2780 te
434 2732 631 2779 tamen
663 2725 1237 2794 facessatindignatio
1270 2732 1463 2778 nostra
1497 2742 1509 2778 :
1543 2725 1677 2795 quia
1700 2726 1853 2797 quod

167 2816 488 2885 deliqueris,
522 2831 637 2867 non
670 2813 920 2866 inclusus
958 2814 1122 2867 dolor
1158 2818 1214 2866 et
1244 2815 1426 2883 gratia
1467 2814 1698 2867 fallente
1728 2830 1852 2867 ser-

165 2910 333 2969 vatus,
376 2903 475 2956 sed
525 2902 762 2956 verbera
806 2902 1187 2971 castigabant.
1237 2903 1397 2955 Nunc
1427 2918 1543 2955 uno
1586 2902 1760 2956 modo
1792 2903 1851 2955 in

167 2992 479 3046 cicatricem
524 3007 729 3061 cogere
780 2992 1017 3045 vulnera
1040 2990 1432 3061 intemperatis
1465 2992 1848 3056 sermonibus,

168 3080 378 3150 ingesta
406 3079 770 3150 praevalebis,
800 3079 846 3132 si
883 3084 937 3132 te
980 3095 1083 3148 per
1111 3080 1362 3133 culmina
1391 3079 1644 3133 liberalis
1675 3081 1851 3134 studii

167 3168 479 3238 ingenuum
508 3168 773 3222 doctrina
815 3170 1235 3222 monstraverit.
1269 3168 1521 3235 Veniam,
1556 3169 1666 3222 nisi
1700 3169 1851 3238 peri-

162 3259 229 3310 tia
254 3257 632 3327 suti'ragante,
670 3272 782 3311 non
813 3258 1006 3327 exiges
1042 3274 1054 3311 :
1101 3262 1337 3323 mutata,
1375 3274 1487 3327 qua
1520 3263 1688 3310 notus
1721 3274 1848 3311 sum

164 3344 271 3413 lege
315 3346 616 3417 parcendi,
668 3345 815 3398 circa
843 3344 1098 3397 desidem
1140 3345 1416 3398 saevitiam
1446 3347 1551 3399 sub
1589 3345 1853 3415 perenni-

164 3440 263 3488 tate
295 3436 562 3489 servabo.
612 3434 774 3497 Quod
816 3438 1011 3499 restat,
1053 3434 1232 3486 Deum
1272 3449 1494 3503 precor,
1535 3439 1599 3488 ut
1643 3434 1850 3501 valeas,

164 3524 293 3577 etde
324 3522 591 3577 versibus
629 3522 764 3590 tuis,
798 3522 1015 3576 casiesti
1060 3522 1255 3576 favore
1298 3523 1620 3586 comitatus,
1684 3539 1849 3593 spem

167 3627 367 3681 augeas
397 3627 578 3683 quam
610 3610 834 3664 dedisti.

788 3698 1123 3753 EPISTOLA
1162 3699 1232 3753 ΙΙ.

702 3802 1023 3841 BNNODIUS
1069 3802 1332 3842 FAUSTO.

223 3874 461 3930 Summa
495 3874 838 3945 gaudiorum
878 3881 962 3928 est
990 3876 1386 3945 opportunitas
1408 3876 1726 3945 perlatoris,
1754 3877 1855 3947 qui

164 3964 413 4018 minister
466 3964 779 4033 diligentiae
824 3980 926 4034 per
977 3964 1339 4017 necessitates
1382 3981 1511 4018 suas
1558 3964 1856 4019 desideriis

165 4052 499 4123 obsequium
550 4056 783 4122 praestat
824 4051 1045 4105 alienis.
1102 4053 1262 4106 Hunc
1306 4053 1541 4123 quidem
1586 4053 1855 4107 honestas

162 4140 543 4203 commendat,
593 4147 649 4194 et
683 4141 1019 4211 peregrinus
1051 4141 1119 4195 ab
1151 4140 1337 4194 ofticio
1386 4142 1715 4195 mercatoris
1745 4158 1852 4211 pu-

162 4228 257 4281 dor
317 4230 627 4283 insinuat:
680 4229 969 4298 jungitur,
1020 4230 1174 4299 quod
1223 4228 1273 4282 ei
1324 4230 1525 4284 notitia
1588 4230 1855 4283 culminis

162 4319 319 4371 vestri
348 4321 425 4373 ad
482 4318 653 4371 ﬁdem
703 4317 1003 4387 probitatis
1051 4318 1301 4371 accessit.
1340 4319 1481 4372 Nam
1530 4317 1855 4388 scriptionis

163 4406 497 4460 venerande
543 4405 802 4476 frugibus
851 4405 975 4476 ipso
1021 4411 1381 4459 commeante
1426 4406 1660 4459 satiatus
1704 4422 1852 4459 sum.

163 4494 412 4549 Refundo
450 4510 591 4563 ergo
639 4494 985 4564 depositum,
1019 4493 1191 4548 ofﬁcii
1224 4495 1349 4564 lege
1380 4494 1724 4548 constrictus
1753 4510 1767 4548 :
1800 4499 1857 4549 et

163 4600 321 4653 quem
364 4585 432 4637 in
486 4582 715 4653 Liguria
760 4583 1013 4653 positum
1057 4599 1162 4652 pro
1211 4583 1420 4636 virium
1466 4583 1855 4637 mediocritate

162 4673 394 4742 suscepi,
428 4672 509 4725 ad
559 4671 855 4741 potissima
892 4670 1210 4741 patrocinia
1246 4672 1449 4726 tabella
1470 4676 1856 4742 prosequente

225 4850 241 4882 ¹
280 4847 635 4915 Parthenio]
658 4849 956 4903 Germana:
978 4848 1221 4903 Ennodii
1242 4848 1452 4902 sororis
1473 4849 1658 4903 ﬁlium
1677 4848 1855 4904 fuisse

164 4917 472 4990 docuerunt
503 4936 611 4974 nos
655 4922 877 4989 aliquot
909 4921 1203 4990 superiore
1241 4920 1389 4973 libro
1417 4920 1692 4989 epistola’,
1729 4920 1855 4990 qui-

163 4988 257 5043 bus
300 4991 683 5045 Parthenium
728 4988 994 5044 Romam'
1021 4991 1341 5045 studiorum
1396 4988 1565 5044 causa
1624 4988 1854 5061 proﬁci-

163 5069 407 5116 scentem
473 5062 971 5115 commendatione
1030 5078 1133 5115 sua
1184 5066 1519 5131 prosecutus
1575 5069 1685 5114 est.
1748 5062 1857 5116 Sed

163 5135 331 5204 sorori
387 5150 606 5187 nomen
638 5136 791 5204 quod
824 5132 1014 5198 fuerit,
1053 5149 1337 5203 nusquam
1376 5132 1608 5186 indicat.
1643 5133 1854 5200 Eupre-

162 5202 303 5270 piam
327 5206 493 5258 enim
524 5220 637 5257 non
658 5202 792 5257 esse
812 5205 867 5257 id
889 5204 1159 5269 Ostendit,
1188 5202 1344 5274 quod
1377 5204 1671 5274 Euprepim
1702 5204 1852 5256 ﬁlius

162 5288 321 5343 quem
353 5277 595 5328 unicum
630 5275 848 5340 habuit,
880 5273 1353 5344 Lupicinus,non
1384 5273 1722 5327 Parthenius
1751 5290 1849 5327 vo-

163 5346 409 5399 cabatur.
455 5346 673 5399 Deinde
692 5346 974 5416 Euprepia
1001 5346 1169 5399 vidua
1195 5351 1317 5398 erat
1348 5360 1361 5398 :
1400 5345 1688 5399 Parthenii
1717 5361 1849 5416 vero

162 5421 312 5482 pater
367 5424 665 5486 superstes
712 5415 808 5470 lib.
862 5431 983 5482 vn,
1034 5416 1198 5486 epist.
1232 5417 1299 5469 3O
1329 5419 1386 5468 et
1426 5418 1513 5470 3|.
1557 5415 1848 5469 Parthenii

200 5502 322 5540 οτι-ο
352 5487 723 5541 nobilitatem
751 5490 808 5541 et
835 5487 1019 5541 felicia
1047 5486 1386 5541 eruditionis
1417 5486 1671 5555 auspicia
1706 5487 1849 5540 cele-

163 5500 322 5607 porro
352 5500 723 5541 nobilitatem
751 5500 808 5541 et.
835 5500 1019 5541 IeIICIa
1047 5500 1386 5541 eruditionis
1417 5502 1671 5555 auspicia
1706 5500 1845 5540 cele-

198 5563 281 5628 rat
296 5558 355 5611 in
384 5557 656 5612 Dictione
686 5559 719 5611 4
750 5557 1100 5621 scholastica,
1128 5573 1243 5628 qua
1272 5557 1482 5628 gratias
1512 5558 1631 5626 egit
1658 5573 1845 5626 gram-

167 5627 381 5693 matico,
417 5628 653 5699 quando
685 5628 1018 5683 Parthenius
1040 5627 1182 5683 bene
1213 5627 1472 5683 recitavit
1500 5642 1515 5681 :
1546 5627 1682 5682 item
1713 5628 1843 5681 libri

1888 789 1935 839 Α
1964 786 2310 838 transmitto.
2360 785 2520 848 Quod
2553 790 2828 855 superest,
2873 788 3204 842 reverentiae
3236 795 3438 845 vestra:
3470 793 3647 863 quid—

1961 873 2097 943 quid
2128 873 2300 927 habet
2346 872 2643 926 humilitas
2692 874 3007 929 devotionis
3056 877 3369 946 offerimus,
3428 882 3656 951 suppli-

1959 977 2093 1015 cans
2142 967 2203 1015 ut
2235 962 2448 1015 litteras
2477 967 2691 1015 vestras
2742 963 2829 1016 vel
2864 980 2967 1033 pro
3013 981 3270 1020 mearum
3322 967 3654 1023 assiduitate

1927 1051 2075 1121 .jam
2107 1066 2353 1105 merear.

2581 1138 2914 1193 EPISTOLA
2955 1141 3047 1193 Ill.

2439 1240 2760 1279 ENNODIUS
2816 1241 3175 1282 EUPREPIE.

2030 1312 2243 1366 Rerum
2264 1312 2525 1367 omnium
2558 1330 2758 1368 cursus
2790 1314 3078 1384 obsequiis
3104 1316 3377 1386 corporis,
3411 1318 3640 1372 auima-

1961 1415 2089 1453 rum
2132 1406 2352 1455 constat
2384 1401 2627 1471 imperio
2655 1418 2667 1455 :
2704 1402 2859 1455 aliud
2891 1403 3155 1456 nobilitat
3185 1405 3426 1458 caelestis
3460 1406 3652 1459 afﬁni-

1960 1496 2065 1556 tas,
2119 1490 2273 1544 aliud
2324 1491 2565 1559 abjectio
2613 1497 2842 1545 terrena
2891 1492 3196 1546 submittit.
3250 1495 3358 1547 Nec
3406 1495 3650 1549 liberum

1961 1584 2045 1632 est
2074 1584 2135 1631 ut
2167 1595 2282 1649 quo
2314 1595 2477 1632 mens
2509 1580 2621 1633 Deo
2647 1586 2883 1649 parente
2916 1581 3120 1635 collata
3151 1582 3463 1649 deflexerit,
3499 1582 3654 1652 quod

1960 1666 2029 1720 de
2071 1667 2284 1720 ultimis
2323 1674 2679 1737 assumptum
2727 1675 2812 1722 est
2857 1685 2973 1723 non
3019 1676 3334 1740 sequatur:
3388 1686 3491 1723 nec
3527 1670 3656 1723 licet

1962 1754 2203 1808 militem
2231 1754 2455 1809 obviam
2489 1772 2724 1809 manum
2760 1758 3000 1811 decretis
3034 1758 3396 1827 imperatoris
3429 1758 3653 1811 afferre.

1961 1843 2108 1897 llinc
2146 1843 2375 1913 Crispus
2423 1844 2665 1896 asseruit
2713 1844 2869 1897 aliud
2921 1845 3085 1898 nobis
3137 1862 3268 1898 cum
3319 1846 3447 1911 diis,
3496 1844 3654 1899 aliud

1960 1946 2091 1983 cum
2142 1931 2347 1984 belluis
2400 1947 2520 1984 esse
2564 1948 2889 1985 commune.
2931 1936 2953 1968 ³
2994 1934 3175 2003 llujus
3201 1935 3400 1987 secreti
3434 1934 3657 1987 ratione

1961 2035 2091 2071 cum
2125 2018 2450 2072 absentibus
2485 2020 2941 2091 peregrinamur,
2975 2028 3031 2075 et
3070 2022 3224 2075 salva
3263 2022 3653 2076 membrorum

1965 2106 2315 2171 valetudine,
2357 2114 2653 2162 amantum
2701 2108 2956 2162 febribus
3000 2115 3351 2164 testuamus:
3403 2127 3505 2181 per
3536 2111 3656 2164 haec

1962 2193 2194 2248 vincula
2240 2195 2398 2248 nulla
2453 2196 2726 2250 itinerum
2774 2198 3172 2267 interjectione
3221 2198 3555 2264 dividimur,
3601 2205 3655 2253 et

1962 2283 2245 2353 segregati
2275 2283 2634 2351 habitaculis,
2683 2285 2743 2338 in
2792 2301 2970 2338 unum
3020 2287 3221 2339 studiis
3261 2288 3650 2341 convenimus.

1964 2372 2143 2437 Nosti,
2183 2388 2345 2425 soror
2390 2373 2752 2439 venerabilis,
2786 2380 2843 2426 et
2890 2390 3120 2428 omnem
3150 2376 3303 2444 apud
3338 2391 3426 2428 me
3473 2381 3653 2428 trans-

1961 2476 2155 2530 gressa
2186 2459 2567 2525 dulcedinem,
2601 2478 2729 2530 quas
2760 2461 3153 2531 praefationem
3185 2462 3463 2533 exegisset
3496 2480 3655 2518 occa-

1960 2548 2067 2602 sio.
2124 2549 2283 2602 Nuuc
2325 2555 2522 2619 aperta
2559 2552 2748 2603 tecum
2796 2554 2852 2602 et
2898 2550 3141 2619 prodiga
3186 2550 3425 2620 pudoris
3468 2552 3655 2605 fronte

1960 2636 2314 2705 congrediar.
2371 2636 2473 2689 Vix
2537 2653 2663 2707 quas
2731 2644 2859 2691 ante
2919 2638 3206 2692 direxeras
3261 2638 3654 2693 blandimenta

1962 2726 2206 2778 sustinui
2241 2742 2253 2779 :
2291 2732 2418 2796 post
2447 2725 2897 2780 admonitionem
2927 2743 3111 2781 meam
3144 2727 3393 2797 duplicia
3419 2727 3477 2780 in
3512 2728 3657 2781 litte-

1958 2813 2037 2865 ris
2078 2814 2247 2867 mella
2277 2813 2495 2879 fudisti,
2530 2830 2658 2884 quas
2700 2819 2818 2868 tota
2866 2815 3111 2884 pectoris
3139 2820 3355 2868 secreta
3387 2821 3652 2868 concute-

1961 2913 2092 2956 rent.
2122 2909 2179 2954 et
2225 2902 2299 2955 ad
2341 2900 2686 2955 desiderium
2722 2901 2807 2954 tui
2849 2903 3131 2972 captivam
3165 2903 3416 2955 animam
3460 2904 3654 2955 relicta

1960 2989 2213 3059 corporis
2263 2990 2397 3043 sede
2443 2990 2837 3043 transferrent.
2895 2990 3075 3052 Quam
3126 2992 3300 3043 timeo
3331 3006 3401 3042 ne
3460 3006 3653 3043 rursus

1959 3078 2030 3132 ad
2061 3078 2345 3130 incertum
2394 3077 2717 3131 remittatur
2763 3077 2982 3131 affectio
3017 3097 3032 3143 ;
3079 3081 3136 3130 et
3190 3093 3318 3130 cum
3348 3083 3464 3130 tota
3491 3094 3653 3131 mens

1962 3165 2275 3235 diligentiae
2310 3165 2430 3218 vela
2481 3165 2772 3231 laxaverit,
2830 3166 3107 3218 subducta
3160 3165 3482 3235 periculum
3538 3172 3651 3219 sta-

1960 3254 2114 3307 tione
2162 3250 2446 3324 patiaturl
2495 3254 2734 3306 Animus
2781 3269 2939 3306 meus
2984 3253 3121 3323 quia
3168 3254 3280 3307 fuci
3330 3254 3403 3307 sit
3432 3254 3656 3307 nescius

1893 3348 1933 3402 C
1962 3341 2313 3413 cognovisti;
2348 3357 2452 3395 nec
2498 3341 2892 3395 detestabilem
2937 3342 3089 3396 inter
3120 3348 3377 3395 amantes
3421 3343 3652 3396 urbani-

1962 3437 2137 3485 tatem
2180 3431 2356 3501 possit
2407 3447 2715 3485 assumere.
2765 3433 2882 3485 Tua
2925 3448 3121 3485 rursus
3169 3432 3456 3485 diversum
3487 3448 3653 3487 sexus

1963 3527 2021 3574 et
2037 3525 2241 3573 natura
2263 3519 2583 3589 pollicetur,
2608 3525 2671 3572 ut
2696 3520 2835 3573 dicit
2864 3520 3322 3590 sapientissimus
3344 3521 3608 3575 Salomon
3638 3538 3651 3574 :

1962 3607 2183 3661 Anima
2220 3608 2243 3641 ³
2281 3622 2403 3677 qua
2432 3610 2492 3660 in
2520 3606 2833 3660 saturitate
2879 3610 2987 3675 est,
3012 3608 3180 3675 faris
3220 3606 3417 3662 illudi!
3459 3609 3651 3678 (Prov.

1963 3712 2160 3762 xxvu,
2203 3696 2277 3766 7).
2328 3695 2441 3750 Scit
2486 3697 2790 3749 verborum
2843 3712 3105 3749 meorum
3145 3696 3305 3750 testis
3361 3701 3417 3749 et
3457 3696 3652 3766 judex,

1963 3785 2308 3855 disposuisse
2344 3800 2434 3837 me
2469 3783 2602 3849 (nisi
2649 3784 2792 3837 forte
2823 3785 3065 3838 subdolo
3095 3784 3294 3855 gratia:
3327 3800 3527 3854 sapore
3555 3785 3656 3838 de-

1962 3874 2161 3943 cipiar,
2197 3879 2254 3927 et
2300 3874 2617 3942 degustatae
2670 3873 2924 3926 caritatis
2968 3872 3181 3926 sitienti
3226 3874 3430 3943 pocula
3469 3873 3657 3926 oblata.

1964 3961 2340 4031 submoveris)
2372 3961 2646 4031 spiritalis
2676 3961 2932 4031 conjugii
2972 3977 3088 4015 non
3130 3960 3520 4028 simulacrum,
3556 3963 3655 4016 sed

1963 4050 2145 4121 ipsam
2191 4050 2433 4118 implere
2486 4050 2803 4103 veritatem.
2864 4049 2933 4103 Ut
2972 4049 3109 4103 dum
3153 4049 3305 4103 inter
3347 4066 3446 4103 nos
3474 4066 3656 4104 unum

1962 4137 2129 4202 velle,
2174 4142 2231 4189 et
2260 4152 2439 4189 unum
2481 4136 2633 4189 nolle
2675 4136 3014 4201 constiterit,
3048 4138 3135 4190 vel
3165 4138 3323 4208 quod
3371 4137 3554 4191 bonos
3584 4138 3655 4192 ad

1964 4224 2341 4279 imitationem
2377 4224 2653 4290 stimulet,
2699 4225 2786 4278 vel
2836 4225 2989 4294 quod
3036 4226 3217 4279 malos
3262 4226 3493 4290 afticiat,
3526 4242 3654 4279 om-

1968 4314 2125 4367 nium
2173 4313 2352 4367 oculis
2380 4317 2437 4365 et
2487 4313 2775 4366 mentibus
2806 4314 3095 4367 exhibere.
3138 4314 3219 4367 Tu
3259 4319 3503 4379 tantum,
3541 4314 3656 4368 Deo

1964 4402 2178 4467 medio,
2227 4402 2498 4455 adversus
2556 4416 2786 4453 omnem
2847 4417 2975 4471 quas
3022 4417 3089 4455 ex
3138 4400 3353 4453 invidia
3400 4401 3657 4455 noscitur

1964 4489 2486 4559 impugnationem,
2535 4489 2761 4542 ﬁrmam
2792 4489 3062 4557 promitte
3094 4494 3151 4542 et
3182 4489 3657 4544 indemutabilem

1969 4579 2304 4633 servandam
2353 4594 2475 4632 esse
2523 4577 2916 4631 constantiam.
2950 4576 3226 4641 Quocirca
3268 4579 3413 4645 vale,
3454 4579 3536 4633 mi
3566 4579 3660 4633 do-

1972 4668 2148 4735 mina,
2206 4673 2264 4722 et
2308 4667 2467 4722 brevi
2514 4684 2617 4738 pro
2644 4665 2911 4721 maximis
2942 4665 3336 4721 admonitione
3363 4672 3655 4734 contenta,

1964 4847 2134 4927 hujus
2165 4846 2329 4927 epist.
2362 4844 2703 4925 23:_Quibus
2726 4843 3081 4927 argumentis
3116 4843 3310 4927 ducor,
3336 4849 3400 4898 ut
3430 4845 3499 4898 de
3531 4846 3660 4899 Par-

1966 4914 2164 4972 thenio
2194 4914 2292 4971 illo
2322 4916 2642 4985 conjiciam.
2679 4916 2778 4985 qui
2811 4915 3083 4985 magister
3119 4914 3441 4969 ofﬁciorum
3466 4931 3528 4968 ac
3558 4931 3659 4984 pa-

1969 4989 2163 5043 tricius
2194 4987 2424 5041 tandem
2471 4987 2579 5039 fuit
2610 5002 2624 5038 :
2656 4987 2726 5039 ad
2761 5002 2932 5056 quem
2965 4992 3144 5039 exstat
3190 4988 3503 5056 elegiacum
3534 5001 3657 5038 car-

1969 5076 2101 5114 men
2131 5058 2405 5125 Aratoris,
2446 5057 2596 5127 quod
2633 5057 2728 5110 lib.
2773 5073 2830 5110 ix
2864 5058 3266 5126 producemus,
3299 5058 3357 5109 in
3402 5056 3661 5127 quosin-

1966 5133 2221 5200 gularem
2290 5129 2414 5198 ejus
2464 5126 2849 5200 eruditionem
2905 5144 3036 5200 cum
3088 5128 3312 5197 generis
3359 5126 3657 5180 nobilitate

1963 5198 2346 5268 conjunctam,
2379 5215 2443 5251 ac
2474 5199 2723 5252 diversas
2748 5198 3058 5269 legationes
3089 5203 3518 5252 commemorat.

2034 5273 2054 5305 ²
2094 5272 2331 5324 Sallust.
2367 5272 2425 5323 in
2458 5270 2622 5323 Catil.

2139 5286 2331 5323 allust.
2367 5286 2425 5323 ιη
2458 5286 2622 5323 hall].

2032 5348 2052 5379 ³
2091 5341 2311 5395 Anima
2347 5356 2474 5411 qua?
2515 5344 2576 5392 in
2619 5337 2945 5411 saturi/nte}
2982 5338 3286 5411 Cassianus
3328 5338 3514 5411 collat.
3573 5339 3654 5411 lg’i,

1957 5429 2080 5484 cap.
2116 5414 2230 5484 137:
2259 5407 2477 5484 Anima
2511 5407 3004 5484 quainsatg'etdte
3030 5408 3313 5484 est,.fat_2is
3332 5407 3660 5484 illudit._Ea

1957 5476 2043 5538 est.
2072 5483 2239 5552 lectio
2283 5476 2661 5552 interpretum
2720 5481 2854 5536 LXX
2888 5497 2901 5534 :
2935 5482 3091 5549 Ψυχή
3123 5476 3473 5552 ivga-Imma
3526 5479 3659 5530 οὖσα

1955 5558 2153 5627 κηρίοις
2175 5551 2415 5626 ἐμπαίζει
2434 5551 2573 5627 ξΝες
2596 5553 2840 5606 multum
2860 5552 3143 5621 discrepat
3160 5551 3422 5622 Vulgata,
3446 5554 3661 5606 Anima

1949 5621 2219 5683 saturata
2258 5623 2506 5680 calcabit
2532 5621 2746 5685 favum.
