4102 6182
403 235 501 287 103

1606 237 1895 293 ΕΝΝΟΟΙΙ
1933 238 2244 296 EPISCOPI
2284 241 2692 301 TICINENSIS.

3797 256 3897 307 104-

407 364 543 434 quia
599 380 702 418 nec
744 364 1061 435 epistolaris
1099 367 1462 422 concinnatio
1508 369 1674 437 plura
1723 370 1955 439 patitur,
1990 387 2094 426 nec
2134 375 2174 427 A
2205 390 2317 427 una
2384 374 2723 445 obsequitur
2766 376 2976 442 debito,
3047 378 3226 433 altera
3283 386 3588 450 praestatur
3645 385 3892 441 effectui.

406 452 547 506 ratio
592 454 968 523 penetralium
1030 455 1255 525 paginis
1313 456 1519 509 debere
1568 458 1867 525 committi,
1929 459 1971 511 si
2027 460 2095 513 ad

406 542 528 594 limc
557 557 687 612 quae
733 542 984 596 indicata
1026 550 1155 596 sunt
1189 549 1317 598 voto
1349 549 1404 597 et
1448 544 1558 597 fide
1604 547 1936 615 respondes,
1971 564 2099 617 pro-

406 627 543 697 pria:
587 628 913 699 scriptionis
944 631 1269 684 testimonio
1311 631 1600 701 pollicere.

1022 735 1357 789 EPISTULA
1396 736 1481 787 IV.

918 836 1241 875 ENNODIUS
1288 838 1550 877 FAUSTO.

477 927 598 980 Non
631 926 847 996 scripsi,
880 931 942 979 ut
973 942 1166 979 amaro
1198 927 1677 983 incommoditatis
1704 946 1849 985 mea:
1885 932 2094 987 indicio

404 1034 498 1071 vos
529 1032 821 1085 gravarem
849 1034 861 1083 ;
897 1018 990 1071 sed
1024 1023 1084 1071 ut
1116 1018 1559 1074 sollicitudinem
1594 1028 1861 1093 vestram,
1894 1028 2091 1094 quate-

403 1120 511 1157 nus
556 1105 781 1159 insistat
825 1106 1202 1171 orationibus,
1255 1108 1644 1163 convenirem.
1704 1110 1841 1164 Male
1900 1112 2094 1164 oculos

402 1209 559 1246 meos
588 1199 718 1247 ante
752 1200 995 1264 receptae
1018 1194 1360 1248 valetudinis
1382 1196 1758 1251 substantiam
1790 1200 2094 1269 impositus

397 1279 561 1334 labor
592 1281 824 1352 accepit,
852 1298 1021 1335 omne
1054 1298 1085 1334 a
1122 1299 1211 1336 me
1255 1283 1543 1338 vobiscum
1578 1286 1771 1340 lumen
1804 1287 2089 1341 abscessit.

399 1367 542 1422 Satis
596 1369 668 1422 sit
714 1370 1062 1439 signiﬁcasse
1118 1371 1268 1440 quod
1302 1372 1507 1441 patior.
1546 1375 1803 1429 Vestrum
1843 1381 1928 1430 est
1953 1394 2092 1446 pro-

399 1457 727 1526 speritatem
797 1474 982 1511 meam
1035 1476 1067 1511 a
1124 1462 1233 1513 Deo
1295 1477 1463 1530 quem
1534 1464 1797 1531 precibus
1854 1466 2091 1536 placatis

399 1545 646 1614 exigere,
681 1549 735 1598 et
766 1546 1039 1598 reserauti
1094 1547 1411 1601 litterarum
1461 1550 1611 1603 fores
1660 1553 1869 1606 crebris
1922 1571 2090 1623 opem

396 1631 544 1684 ferre
566 1632 885 1702 colloquiis.
925 1633 1163 1686 Domine
1195 1635 1294 1702 mi,
1335 1637 1511 1690 Deum
1541 1654 1758 1708 qumso,
1794 1646 1854 1693 ut
1884 1641 2025 1695 illud
2060 1658 2089 1695 a

399 1719 560 1774 vobis
593 1719 833 1773 indicari
863 1719 1031 1774 faciat
1061 1722 1213 1792 quod
1232 1739 1326 1776 me
1368 1724 1607 1780 delectet
1638 1743 1963 1797 agnoscere.

1014 1836 1341 1892 EPISTOLA
1383 1841 1443 1894 V.

862 1939 1182 1980 ENNODIUS
1228 1942 1624 1984 AURELIANO.

470 2022 592 2074 Non
623 2026 707 2074 est
738 2021 945 2075 fiducia
989 2039 1116 2076 mea
1168 2025 1528 2094 praecognitis
1558 2028 1771 2081 nudata
1812 2030 2088 2083 successi-

395 2108 521 2162 bus.
554 2109 784 2163 Validus
814 2110 870 2163 in
908 2109 1203 2165 affectione
1235 2119 1336 2180 est,
1371 2130 1541 2184 quem
1578 2116 1771 2169 animo
1800 2134 1927 2171 meo
1960 2118 2087 2171 dili-

395 2198 603 2267 gentiae
647 2214 956 2252 memorem
1006 2199 1159 2268 justa
1201 2218 1325 2254 sum
1362 2204 1739 2258 mstimatione
1781 2206 2084 2275 pollicitus.

395 2287 610 2340 Gratias
641 2287 765 2354 tibi,
790 2304 1037 2358 superna
1065 2288 1433 2358 dispensatio,
1460 2308 1588 2362 quae.
1611 2293 1880 2347 humanis
1922 2295 2090 2347 rebus

393 2390 804 2445 prosperorum
850 2377 1099 2431 fructum
1139 2378 1208 2432 de
1248 2380 1607 2434 adversitatis
1652 2383 1946 2437 occasione
1979 2384 2087 2437 lar-

395 2463 556 2531 giris,
596 2481 698 2517 nec
728 2467 941 2535 pateris
988 2467 1045 2520 in
1101 2467 1299 2521 ordine
1353 2485 1454 2521 suo
1512 2470 1693 2524 tristia
1723 2487 2085 2541 permanere.

398 2552 599 2605 Nescio
635 2554 771 2624 quid
811 2555 1196 2623 magnitudini
1242 2562 1447 2610 vestrm
1495 2557 1721 2612 hostilis
1770 2560 1986 2613 malitia
2018 2562 2086 2615 de

390 2642 725 2708 patrimonii
774 2643 1032 2697 ubertate
1082 2645 1459 2714 decerpserit;
1495 2652 1684 2701 tamen
1739 2648 1842 2701 sub
1891 2650 1996 2702 hoc
2025 2649 2088 2703 ti-

390 2731 509 2783 tulo
542 2730 902 2785 invictissimi
927 2732 1147 2786 domini
1172 2734 1415 2787 multum
1465 2735 1809 2805 locupletem
1844 2738 2085 2806 gratiam

391 2820 762 2888 comparavit.
819 2822 970 2874 Bona
1018 2825 1101 2874 est
1143 2821 1364 2890 jactura
1415 2823 1765 2891 substantiae,
1796 2825 1842 2877 si
1890 2825 2085 2897 inclyti

389 2906 593 2959 notitia
638 2908 915 2977 principis
946 2909 1261 2978 dispendiis
1296 2910 1603 2964 invenitur.
1640 2912 1761 2966 Non
1794 2917 1878 2967 est
1906 2913 2083 2967 facul-

387 2998 568 3048 tatum
624 2995 986 3051 formidanda
1031 2996 1305 3065 decessio,
1352 2998 1397 3050 si
1429 3014 1531 3067 per
1578 3015 1709 3053 eum
1743 3000 1843 3070 qui
1885 3016 2084 3055 omnes

385 3083 573 3136 vincat
607 3084 855 3150 divitias,
892 3086 1104 3139 summi
1140 3086 1366 3139 Domini
1398 3103 1561 3140 amor
1597 3088 1933 3158 acquiritur.
1967 3092 2084 3144 Huc

385 3172 603 3225 accedit
642 3174 1042 3242 quodvnecilla
1077 3174 1425 3240 imminutio,
1461 3176 1598 3229 dum
1638 3177 1786 3231 facta
1824 3183 1909 3231 est
1936 3178 2082 3232 lucri

386 3265 569 3312 mater
617 3265 673 3313 et
702 3261 990 3315 honorum
1037 3262 1145 3328 via,
1191 3262 1453 3332 impacta:
1505 3263 1843 3318 humilitatis
1894 3267 2081 3336 potuit

395 3352 589 3401 tenere
639 3348 1036 3403 substantiam.
1064 3349 1154 3404 Sic
1183 3357 1446 3420 reparata
1493 3356 1626 3405 sunt
1655 3369 1781 3422 quae
1812 3354 2080 3410 inimicus

389 3437 622 3507 eripuit,
654 3441 720 3491 ut
764 3437 949 3491 adhuc
994 3436 1339 3507 gaudiorum
1376 3440 1671 3493 cumulum
1705 3442 2074 3511 praestoleris.

384 3525 702 3596 Supersunt
744 3542 873 3597 quae
919 3525 977 3579 in
1028 3542 1129 3595 spe
1163 3526 1501 3592 habeantur,
1535 3544 1665 3581 cum
1710 3530 1948 3584 culmini
1977 3535 2075 3585 tuo

384 3614 688 3684 contigerit
734 3615 985 3669 maxima
1012 3615 1133 3685 jam
1183 3619 1398 3669 tenere.
1447 3616 1542 3669 His
1588 3616 1897 3684 beneﬁciis,
1933 3619 2074 3673 ccelo

382 3707 611 3755 auctore
633 3702 873 3769 collatis,
908 3702 1128 3756 notitia:
1160 3709 1215 3757 et
1238 3704 1659 3758 communionis
1687 3711 1897 3760 nostra:
1924 3706 2074 3760 bona

377 3789 712 3860 jungamus.
748 3790 984 3854 Quando
1028 3791 1169 3845 mihi
1207 3796 1428 3846 tantum
1462 3793 1667 3860 virum,
1701 3794 1811 3847 nisi
1843 3811 1945 3864 per
1976 3796 2074 3849 illa

383 3893 511 3947 quae
559 3877 827 3947 praefatus
875 3894 1021 3946 sum,
1058 3878 1392 3947 contigisset
1436 3881 1795 3950 agnoscere?
1828 3882 1934 3937 Sed
1969 3899 2071 3937 an-

379 3970 552 4035 geant
598 3982 845 4037 superna
899 3983 1027 4037 qua:
1068 3967 1377 4035 tribuunt;
1427 3972 1482 4022 et
1510 3969 1578 4022 ad
1611 3986 1737 4039 quae
1787 3970 2073 4026 desideria

379 4054 777 4124 porriguntur,
815 4054 1007 4107 divina
1036 4071 1138 4108 nos
1178 4071 1313 4109 cura
1355 4056 1647 4125 perducat.
1683 4058 1839 4121 Quod
1871 4065 2067 4127 restat,

379 4142 522 4205 vale,
556 4141 634 4194 mi
665 4141 915 4210 domine,
950 4148 1007 4197 et
1052 4147 1339 4197 amantem
1372 4144 1455 4197 tui
1485 4144 1694 4199 crebris
1741 4146 1865 4200 fove
1892 4148 2069 4201 collo-

379 4231 528 4301 quiis
563 4251 578 4298 ;
608 4232 744 4302 quia
784 4232 891 4286 nisi
929 4232 1252 4303 epistolaris
1295 4233 1658 4288 concinnatio
1703 4239 1925 4288 teneret
1954 4241 2067 4289 ter-

378 4320 598 4374 minum
632 4322 754 4391 lege
786 4322 1204 4393 praescriptum,
1232 4323 1441 4391 gaudia
1472 4338 1564 4378 me
1595 4324 1655 4377 in
1684 4324 1866 4378 multa
1894 4324 2065 4378 verba

376 4408 784 4465 dilfunderent.

989 4496 1324 4552 EPISTOLA
1366 4499 1453 4554 Vl.

878 4599 1202 4639 ENNODIUS
1244 4587 1259 4621 ¹
1308 4598 1556 4640 Βοιετιο.

447 4691 554 4744 Par
582 4689 812 4759 quidem
844 4690 1030 4745 fuerat
1076 4690 1209 4745 unis
1259 4689 1462 4743 litteris
1494 4690 1912 4761 magnitudinis
1954 4697 2065 4746 tua!

376 4777 733 4847 respondisse
782 4777 1134 4849 simpliciter,
1189 4793 1293 4831 nec
1324 4777 1617 4847 geminare
1649 4778 1855 4833 debere
1887 4780 2065 4832 collo-

376 4866 512 4935 quia
561 4867 735 4920 semel
781 4866 1146 4921 obnoxium:
1186 4866 1281 4919 sed
1340 4867 1601 4920 cautione
1651 4867 1718 4921 ad
1768 4868 1893 4934 hoc,
1950 4883 2065 4920 non

376 4954 596 5007 inscitia
645 4954 943 5010 devolutus
984 4972 1129 5010 sum.
1167 4955 1245 5009 De
1278 4954 1575 5026 utriusque
1599 4955 1751 5009 enim
1786 4954 2063 5025 epistolis,

450 5104 727 5177 'Boelioj
777 5107 905 5160 Ilaec
965 5105 1210 5159 secunda
1260 5105 1505 5177 Ennodii
1552 5106 1624 5159 ad
1674 5105 1932 5159 Boetium
1964 5109 2067 5177 est

375 5178 617 5248 epistola
651 5194 663 5230 :
694 5175 748 5230 et
774 5182 970 5230 contra
1009 5177 1192 5247 prima
1222 5175 1444 5229 videtur
1464 5192 1591 5248 qua:
1623 5177 1913 5246 sequentis
1936 5176 2065 5231 libri

374 5247 459 5302 est
490 5248 847 5302 duodecima.
874 5248 1030 5301 Adeo
1054 5263 1251 5300 verum
1273 5252 1357 5299 est
1379 5247 1527 5317 quod
1561 5248 1910 5315 monuimus,
1935 5248 2064 5317 epi-

373 5320 647 5373 stolarum
698 5317 944 5397 Eninodii
992 5318 1197 5397 seriem
1230 5317 1463 5397 ubique
1494 5323 1705 5397 rectam
1760 5334 1876 5397 non
1925 5335 2062 5397 esse:

371 5391 493 5444 Jam
526 5391 584 5443 in
633 5388 885 5443 nominis
929 5389 1207 5458 scriptura
1253 5388 1471 5440 variant
1500 5388 1738 5442 codices.
1794 5390 1933 5442 Nam
1965 5390 2064 5443 alii

376 5461 632 5515 Boetium
666 5460 939 5525 scribunt,
991 5460 1086 5512 alii
1140 5459 1477 5512 Boethium:
1514 5458 1664 5528 quod
1713 5460 1971 5526 quidem,
2016 5460 2064 5514 si

374 5533 588 5601 Graece
611 5530 760 5583 vocis
806 5530 965 5599 origo
1013 5534 1318 5601 spectetur,
1366 5528 1741 5601 rectiusmerat.
1788 5530 1893 5585 Sed
1927 5546 2062 5585 usus

374 5600 638 5662 obtinuit,
668 5604 731 5653 ut
755 5601 1007 5654 Boetium
1038 5599 1229 5670 potius
1259 5599 1529 5654 dicamus.
1568 5600 1765 5669 Etjam
1797 5602 1933 5655 olim
1966 5617 2059 5655 va-

2132 1667 2172 1719 Β

2205 462 2447 528 Credite,
2484 465 2639 518 nefas
2689 467 2883 535 putavi
2914 483 3029 520 non
3060 483 3186 522 cum
3234 469 3428 525 fenore
3461 489 3561 525 suo
3595 474 3896 528 restituere

2207 551 2361 620 quod
2423 566 2584 605 mens
2632 553 2973 607 venerabilis
3020 554 3203 624 prima
3253 558 3590 612 contulerat.
3635 561 3902 615 Dulciora

2206 644 2339 692 sunt
2362 644 2492 693 ante
2538 642 2864 711 exemplum
2912 642 3064 696 bona
3113 644 3474 714 diligentiam
3522 663 3627 700 nec
3670 652 3895 703 tantum

2205 727 2378 781 habet
2426 728 2635 782 virium
2679 734 2777 783 aut
2808 731 2963 800 genii
2993 732 3091 801 qui
3144 733 3526 787 amicitiarum
3561 737 3763 790 callem
3813 738 3897 791 fe-

2205 816 2420 869 cundus
2465 816 2800 887 ingreditur.
2844 819 3185 874 Summatim
3229 822 3334 875 sibi
3365 824 3604 892 gratiam
3640 841 3754 878 non
3789 843 3899 896 po-

2203 908 2315 956 test
2344 904 2649 973 vindicare,
2684 906 2774 959 cui
2798 906 2854 959 in
2887 924 3080 961 amore
3111 909 3294 963 forma
3316 915 3671 981 praestatur:
3704 915 3895 985 impu-

2203 990 2410 1044 dentiae
2443 998 2527 1046 est
2573 1010 2688 1047 non
2734 996 3081 1066 respondere
3128 999 3365 1065 caritati,
3402 1017 3530 1053 cum
3577 1002 3900 1056 manifestet

2203 1094 2291 1131 res
2322 1079 2466 1134 bene
2496 1086 2622 1134 orta
2649 1082 2937 1138 virtutem.
2964 1085 3179 1139 Haecin
3209 1087 3574 1141 festinatione
3596 1091 3898 1160 perlatoris

2205 1167 2357 1221 celer
2398 1169 2615 1240 scripsi.
2655 1171 2843 1225 Latius
2888 1174 3126 1242 posthac
3171 1176 3341 1229 verba
3384 1176 3696 1230 dilfuudam
3732 1195 3745 1231 :
3796 1194 3899 1231 nec

2203 1257 2441 1310 maciem
2475 1258 2694 1329 ingenii
2729 1260 2858 1327 mei,
2894 1261 3030 1315 dum
3056 1263 3257 1317 merita
3278 1270 3461 1318 vestra
3488 1266 3898 1335 respiciuntur,

2203 1347 2510 1416 aspiciam:
2559 1348 2605 1401 si
2650 1354 2841 1403 tamen
2883 1350 3178 1405 desideriis
3218 1354 3361 1407 meis
3405 1354 3742 1408 tabellarum
3787 1355 3898 1409 fre-

2203 1436 2495 1504 quentiam
2531 1438 2920 1492 commodetis.
2955 1440 3193 1494 Domoni
3214 1441 3311 1506 mi,
3340 1442 3700 1497 salutationis
3726 1444 3891 1497 uber-

2202 1523 2362 1576 rima:
2395 1525 2623 1577 servitia
2660 1526 3011 1595 dependens,
3051 1545 3263 1598 quaeso,
3302 1535 3363 1583 ut
3396 1531 3731 1585 memoriam
3766 1549 3899 1602 pro-

2203 1611 2472 1665 ximitatis
2504 1630 2597 1665 vos
2624 1613 2851 1685 {habere
2886 1616 3115 1686 signent
3151 1618 3513 1688 promulgata
3552 1620 3671 1674 sine
3711 1620 3895 1675 inter-

2204 1700 2475 1755 missione
2506 1703 2807 1774 colloquia.

2799 1811 3135 1867 ΕΡῙΞΤΟΙιΑ
3194 1814 3306 1867 VII.

2738 1931 3062 1973 ENNODIUS
3108 1934 3369 1975 AVIENO.

2274 2021 2381 2075 Diu
2424 2026 2509 2075 est
2562 2022 2712 2091 quod
2765 2023 3060 2077 desideriis
3090 2026 3385 2080 veracibus
3425 2042 3729 2097 suspensus
3774 2028 3896 2083 solo

2200 2108 2520 2163 litterarum
2562 2127 2765 2180 pascor
2795 2113 2981 2166 officio
3015 2129 3026 2167 :
3063 2114 3199 2167 dum
3248 2116 3403 2169 enim
3435 2117 3893 2185 magnitudinem

2199 2204 2444 2252 vestram
2482 2200 2766 2271 alloquor,
2801 2202 2983 2256 votivo
3018 2219 3108 2257 me
3149 2206 3371 2257 aestimo
3398 2222 3510 2259 nou
3542 2206 3731 2259 deesse
3761 2223 3898 2260 con-

2200 2288 2436 2356 spectui.
2473 2287 2577 2341 Sed
2624 2290 2892 2343 remediis
2924 2291 3038 2344 suis
3083 2292 3311 2346 animus
3359 2294 3617 2364 aegrescit
3646 2295 3889 2359 afﬂicti;

2202 2382 2258 2429 et
2306 2378 2461 2447 quod
2509 2378 2823 2448 diligentiae
2876 2379 3152 2449 pabulum
3197 2382 3503 2451 invenitur,
3563 2385 3671 2438 hoc
3706 2386 3894 2454 magis

2199 2471 2447 2521 macerat
2496 2467 2564 2520 de
2600 2467 2811 2521 amoris
2857 2469 3023 2539 fruge
3061 2470 3369 2540 jejunium.
3425 2474 3587 2540 Vere,
3631 2473 3885 2540 domine,

2199 2554 2276 2607 sic
2325 2571 2423 2608 vos
2454 2555 2673 2608 lumina
2716 2572 2841 2610 mea
2876 2558 3021 2611 Deus
3065 2564 3249 2613 servet
3278 2561 3631 2627 incolumes;
3676 2562 3811 2631 quia
3843 2563 3891 2614 si

2198 2647 2293 2696 aut
2328 2643 2475 2697 vires
2503 2644 2757 2714 corporis
2789 2645 2901 2699 mei
2926 2645 3207 2713 sivissent,
3236 2652 3337 2700 aut
3360 2648 3647 2702 festinatio
3668 2649 3885 2717 domni,

2197 2732 2526 2785 Ravennam
2564 2734 2696 2786 totis
2726 2733 3067 2788 intentionis
3098 2751 3239 2789 mea:
3278 2736 3494 2789 viribus
3524 2739 3887 2806 expetissem.

2197 2820 2306 2874 Sed
2356 2819 2403 2873 si
2434 2821 2581 2874 Deus
2630 2823 2894 2890 voluerit,
2945 2824 3098 2877 salva
3140 2824 3253 2877 vita
3304 2824 3500 2878 domui
3549 2826 3662 2879 mei
3709 2827 3891 2896 patris

2198 2910 2387 2976 vestri,
2418 2914 2472 2963 et
2497 2910 2724 2964 domnae
2775 2912 2991 2973 matris,
3026 2916 3152 2981 post
3184 2912 3394 2966 Pascha
3436 2930 3565 2967 cum
3596 2914 3888 2983 adjutorio

2195 3014 2441 3068 superno
2493 2998 2742 3064 veniam,
2783 3004 2845 3053 ut
2878 2999 3035 3053 vobis
3083 3000 3216 3054 visis
3246 3001 3313 3055 ad
3346 3017 3512 3071 opem
3556 3003 3681 3055 vita:
3722 3018 3886 3056 reva-

2194 3085 2424 3139 lescam.
2462 3087 2699 3140 Domine
2730 3087 2829 3155 mi,
2863 3088 3260 3142 salutationem
3300 3090 3648 3143 uberrimam
3690 3090 3889 3144 dicens

2193 3190 2414 3244 precor,
2450 3179 2510 3228 ut
2542 3190 2741 3229 omnes
2773 3180 2995 3230 sanctos
3034 3193 3197 3232 orare
3222 3193 3325 3247 pro
3358 3194 3448 3232 me
3479 3178 3889 3233 instantissime

2193 3263 2531 3334 procuratis.

2784 3372 3121 3427 EPISTOLA
3162 3373 3298 3427 VIII.

2704 3475 3027 3515 ENNODIUS
3072 3476 3373 3517 SENARIO.

2258 3565 2526 3629 Quamvis
2555 3582 2656 3635 pro
2681 3566 2923 3634 peccatis
2954 3566 3094 3619 meis
3122 3567 3293 3621 etiam
3317 3567 3631 3621 litterarum
3670 3571 3888 3621 vestra-

2188 3668 2315 3706 rum
2366 3653 2567 3706 solatia
2590 3652 3001 3721 subducantur,
3044 3671 3151 3724 ego
3196 3661 3389 3709 tamen
3435 3671 3655 3709 memor
3699 3656 3886 3710 debiti

2188 3758 2301 3812 quo
2338 3757 2428 3795 me
2459 3758 2563 3812 per
2591 3742 2833 3812 gratiam
2867 3747 3134 3810 vestram,
3177 3748 3241 3797 ut
3271 3744 3371 3798 Dei
3394 3733 3694 3805 memores.
3732 3745 3883 3799 obli-

2186 3830 2382 3899 gastis,
2408 3830 2670 3898 {scribere
2704 3847 2819 3884 non
2853 3830 3050 3885 omitto
3080 3848 3091 3885 :
3127 3848 3377 3902 sperans,
3414 3832 3621 3887 domne
3652 3833 3885 3900 Senari,

2187 3923 2248 3971 ut
2300 3919 2481 3972 Deum
2515 3934 2682 3989 quem
2727 3919 2786 3971 in
2821 3936 2911 3973 me
2942 3920 3223 3990 cogitasti,
3265 3938 3491 3991 semper
3520 3922 3775 3976 attendas
3824 3928 3887 3977 et

2184 4005 2515 4077 frequenter
2541 4005 2680 4059 mihi
2728 4006 3048 4059 litterarum
3078 4012 3389 4061 vestrarum
3419 4024 3630 4062 munus
3655 4009 3884 4078 imper—

2181 4095 2309 4148 tias.
2337 4096 2555 4148 Domne
2579 4093 2676 4160 mi,
2698 4095 2879 4148 saluto
2905 4095 3218 4164 plurimum
3244 4097 3561 4150 reverentia
3582 4102 3882 4162 consueta,

2184 4190 2237 4236 et
2276 4184 2521 4253 imploro
2570 4188 2629 4235 ut
2683 4198 2784 4253 per
2841 4199 3039 4236 omnes
3093 4190 3421 4238 sanctorum
3469 4184 3726 4238 basilicas
3768 4202 3882 4255 pro

2109 4256 2150 4309 Ῐ)
2183 4270 2490 4325 afflictione
2520 4286 2648 4325 mea
2680 4272 2857 4325 Deum
2890 4288 3094 4343 rogare
3129 4289 3243 4326 non
3273 4273 3516 4328 desinas.

2804 4379 3138 4433 EPISTULA
3181 4380 3265 4434 1X.

2709 4500 3030 4540 ENNODIUS
3079 4500 3339 4541 FAUSTO.

2246 4591 2513 4655 Quamvis
2568 4591 2640 4645 ad
2692 4592 2932 4645 tutelam
2982 4590 3267 4661 pontificis
3310 4591 3640 4645 innocentia
3698 4592 3879 4646 ofﬁcii

2176 4681 2296 4751 ejus
2326 4695 2515 4734 comes
2555 4679 2811 4745 assistat;
2846 4696 2949 4733 nec
2981 4696 3125 4750 opus
3166 4680 3238 4734 sit
3274 4680 3541 4734 humanis
3571 4680 3787 4734 solatiis
3820 4683 3879 4735 ei

2175 4769 2273 4839 qui
2312 4768 2729 4823 humanitatem
2770 4768 3120 4839 professione
3180 4768 3487 4839 superavit,
3532 4768 3634 4823 scit
3674 4774 3880 4824 tamen

2175 4856 2540 4926 omnipotens
2574 4858 2739 4923 Deus,
2774 4872 2865 4910 me
2896 4857 3076 4911 sancti
3107 4857 3356 4928 episcopi
3395 4857 3688 4928 portitoris
3719 4874 3879 4929 prte-

2176 4945 2423 4998 sentium
2478 4944 2722 5014 jussioni
2783 4950 3038 4998 exactum
3094 4945 3440 5016 impendisse
3490 4946 3875 5016 colloquium.

2175 5104 2393 5159 riabant
2431 5105 2636 5175 sculpti
2667 5105 2903 5176 lapides,
2935 5110 2996 5158 ut
3018 5106 3309 5160 Romanus
3333 5104 3423 5159 hic
3450 5104 3512 5157 in
3533 5104 3654 5158 aede
3686 5104 3877 5160 beatae

2174 5179 2361 5246 Agnes
2390 5176 2735 5229 suburbana.

2385 5246 2651 5300 VALENS
2691 5246 2754 5299 V.
2798 5247 2860 5300 D.
2906 5246 3134 5301 COMI'I‘.
3183 5245 3562 5301 DEPOSITUS

2387 5317 2545 5370 KAL.
2623 5316 2766 5373 IUL.
2844 5317 3040 5371 CONS.
3122 5318 3371 5371 BOETHI
3448 5318 3509 5369 V.
3588 5317 3648 5371 C.

2176 5388 2240 5442 Et
2263 5387 2425 5440 aliter
2454 5388 2514 5441 in
2548 5389 2608 5442 D.
2655 5388 2942 5441 Laurentii
2973 5386 3264 5457 tetrastylo
3298 5393 3455 5441 extra
3489 5403 3704 5441 muros.

2243 5458 2654 5513 GENEttOSUS
2728 5457 3099 5511 EUNUCHUS
3178 5458 3561 5513 DEPUSITUS

2245 5530 2312 5582 IN
2360 5528 2534 5582 PACE
2562 5529 2678 5581 VI].
2708 5529 2796 5581 ID.
2835 5528 3074 5582 OCTOB.
3110 5529 3359 5584 ΒΟΕΤΙΟ
3403 5528 3467 5584 ν.
3500 5531 3558 5585 C.
3593 5528 3801 5583 CONS.
