4102 6182
220 312 319 365 I05
1566 306 1915 363 EPIS’I‘OLAl

2040 307 2052 361 l
2093 308 2219 362 LIB.
2250 306 2338 362 VI.
3622 309 3719 365 106

220 447 327 502 Diu
378 445 535 504 enim
572 444 801 501 renisus
842 458 992 511 sum,
1039 457 1112 498 ne
1151 456 1429 514 arrogans
1470 442 1776 511 videretur,
1822 440 1836 473 ¹
1871 442 1919 497 si
1956 444 2001 497 A
2026 442 2325 514 alleganda
2354 458 2467 498 non
2496 442 2821 515 supprimit.
2856 443 3019 509 Quod
3041 446 3235 512 restat,
3256 445 3442 501 valere
3464 461 3578 516 me,
3604 448 3719 503 Deo

218 537 487 591 minister
518 534 858 595 antistitem.
889 536 943 587 et
981 533 1132 604 apud
1169 533 1582 587 sanctissimam
1622 532 1918 588 conscien—

220 626 359 680 tiam
392 623 762 697 potissimum
801 622 893 678 vix
924 622 1229 678 mediocris
1258 626 1555 678 assereret.
1602 622 1711 677 Sed
1742 622 1920 693 perfe-

219 720 306 770 cta
336 714 673 771 obedientia
703 717 806 781 est,
841 712 1124 785 quidquid
1157 728 1416 767 summus
1438 712 1631 783 exigit,
1668 728 1786 766 non
1816 727 1918 767 ne-

216 804 357 877 gari.
396 806 462 858 Et
501 804 632 859 ideo
677 803 915 875 praelato
966 802 1171 857 debitas
1217 802 1576 857 salutationis
1621 801 1915 872 obsequio,

215 910 437 966 precor,
473 897 537 948 ut
567 894 641 948 ad
671 892 1126 948 consolationem
1159 891 1354 946 multis
1388 890 1920 962 impugnationibus

216 982 559 1055 prmgravati
580 982 904 1037 subsidium
926 980 1228 1036 conferatis
1254 997 1266 1035 :
1301 985 1582 1052 quatenus
1614 979 1920 1052 singularis

216 1073 348 1129 boni
376 1089 503 1127 rem
531 1072 822 1140 facientes,
857 1088 972 1126 non
1002 1070 1307 1141 patiamini
1338 1070 1691 1126 immeritum
1724 1086 1915 1126 sacer-

218 1164 408 1220 dotem
440 1163 732 1218 diuturnas
761 1162 1055 1233 subjacere
1090 1161 1393 1217 maestitiae.

846 1252 1183 1308 EPISTOLA
1221 1252 1281 1306 Χ.

747 1356 1076 1398 ENNODIUS
1122 1355 1386 1397 FAUSTO.

281 1432 459 1500 Deus,
509 1431 612 1504 qui
638 1431 927 1487 bonorum
964 1447 1202 1502 operum
1238 1432 1428 1485 animo
1460 1433 1646 1485 vestro
1677 1428 1918 1483 inseruit

215 1520 509 1588 affectum,
546 1521 664 1591 ipse
702 1520 1117 1590 obsequentem
1161 1518 1268 1572 sibi
1303 1520 1476 1589 longa
1524 1517 1915 1572 felicissimum

215 1616 379 1665 astate
404 1615 637 1665 tueatur
662 1610 829 1680 :quia
858 1609 1119 1680 quamvis
1148 1608 1477 1663 innocentia
1501 1624 1673 1679 quam
1696 1608 1915 1673 fovetis,

215 1700 607 1754 indesinentes
630 1714 731 1769 pro
760 1697 920 1752 vobis
950 1698 1119 1752 ducat
1140 1695 1435 1764 excubias,-
1459 1696 1695 1767 obligati
1724 1701 1914 1751 tamen

216 1789 517 1845 beneﬁciis
548 1789 747 1842 vestris
778 1803 895 1842 non
927 1791 1168 1858 possunt
1199 1803 1326 1858 qum
1355 1802 1459 1858 pro
1491 1785 1650 1841 vobis
1680 1788 1794 1841 Deo
1827 1786 1919 1840 de-

216 1880 348 1935 bent
370 1882 510 1933 vota
532 1876 912 1948 comprimere
942 1893 954 1931 :
981 1876 1116 1948 quia
1145 1893 1248 1948 pro
1274 1876 1549 1947 impensis
1572 1876 1784 1947 gratias
1801 1892 1919 1929 non

216 1967 431 2021 referre
457 1971 516 2021 et
540 1968 687 2021 Deus
708 1966 768 2021 in
786 1982 956 2021 carne
977 1966 1320 2021 constitutus
1346 1966 1661 2020 exhorruit.
1693 1965 1919 2019 Utinam

215 2062 443 2111 tantum
479 2056 728 2111 valerem
761 2072 864 2128 pro
898 2055 1067 2110 rebus
1099 2056 1405 2110 verborum
1438 2055 1711 2122 tribuere,
1744 2071 1921 2126 quan-

217 2152 333 2201 tum
358 2146 554 2201 sentio
578 2162 668 2200 me
691 2144 928 2201 deberet
956 2145 1047 2199 llis
1071 2149 1282 2211 tamen,
1306 2145 1460 2214 quod
1486 2146 1555 2199 ad
1578 2144 1749 2199 aliam
1768 2160 1917 2200 mer-

215 2236 412 2289 cedem
445 2240 694 2289 vestram
730 2235 1035 2305 pertineat,
1085 2249 1397 2305 suggerere
1428 2250 1542 2288 non
1589 2234 1812 2304 omitto,
1858 2238 1923 2288 ut

217 2326 476 2379 chartam
510 2341 688 2397 quam
718 2325 777 2378 in
816 2340 985 2379 causa
1016 2323 1307 2379 Laurentii
1336 2323 1605 2378 tabularii
1636 2324 1921 2378 comensis

216 2415 451 2481 fecistis,
484 2414 787 2485 impletam
819 2414 962 2468 mihi
984 2413 1292 2468 transmitti
1304 2413 1587 2485 jubeatis;
1614 2416 1668 2468 et
1697 2429 1799 2484 pro
1822 2414 1921 2468 illa

216 2520 363 2558 caeca
394 2503 645 2558 muliere
677 2519 850 2575 quam
884 2502 1156 2559 Martinus
1189 2502 1500 2557 conductor
1531 2504 1552 2536 ²
1585 2502 1653 2557 de
1692 2502 1921 2557 Moditia

218 2593 519 2664 opprimit,
557 2592 785 2647 comitis
818 2592 1158 2665 patrimonii
1188 2592 1405 2647 litteras
1439 2591 1672 2658 tollatis,
1716 2591 1921 2663 quibus

215 2684 509 2754 jubeatur,
544 2682 704 2754 quod
734 2682 786 2737 ei
817 2683 1054 2737 abstulit
1085 2682 1458 2753 mancipium,
1492 2682 1611 2736 sine
1649 2681 1922 2737 dilatione

223 2773 576 2828 reformare:
610 2773 748 2843 quia
776 2773 929 2844 quod
970 2772 1031 2826 in
1058 2772 1325 2843 praesenti
1354 2772 1414 2826 in
1444 2771 1729 2826 mandatis
1761 2788 1915 2827 acce-

218 2864 320 2935 pit,
350 2863 543 2919 facere
574 2878 681 2933 pro
709 2862 921 2918 rustica
952 2862 1269 2916 temeritate
1304 2861 1635 2916 contemnit.

844 2951 1185 3007 EPISTOLA
1221 2952 1309 3006 XI.

753 3037 1084 3079 ENNODIUS
1130 3037 1395 3077 AVIENO.

292 3114 561 3186 Digresso
592 3113 661 3169 de
694 3112 1101 3168 Mediolanensi
1123 3112 1265 3167 urbe
1299 3111 1631 3166 3communi
1660 3111 1916 3181 domino,

217 3204 336 3257 sola
368 3204 429 3257 in
462 3203 852 3258 consolatione
886 3206 1286 3257 remanserunt
1318 3202 1520 3256 solatia
1546 3202 1868 3256 litterarum
1903 3219 1916 3257 :

220 3293 357 3364 quia
391 3292 534 3346 dum
583 3308 773 3346 sermo
817 3292 889 3345 ad
922 3307 1019 3345 vos
1050 3290 1340 3362 dirigitur,
1376 3290 1569 3362 aliqua
1598 3291 1921 3362 praesentiae

218 3387 422 3436 vestra:
476 3382 776 3437 desideriis
821 3380 965 3435 meis
1014 3380 1203 3452 imago
1236 3380 1549 3435 blanditur.
1594 3381 1755 3445 Quod
1794 3386 1850 3436 et
1891 3398 1923 3435 a

223 3471 386 3525 vobis
434 3471 692 3526 dominis
721 3470 883 3539 meis,
920 3474 979 3525 ut
1010 3470 1208 3526 crebro
1244 3470 1482 3538 faciatis,
1516 3486 1791 3542 exposco;
1836 3487 1924 3526 co-

220 3561 470 3632 gitantes
494 3560 817 3615 absentiam
836 3566 1085 3615 vestram
1116 3561 1222 3615 hac
1246 3562 1365 3615 sola
1395 3576 1560 3631 posse
1592 3561 1921 3617 assiduitate

222 3651 516 3705 sustineri.
560 3650 819 3705 Habeant
867 3648 1183 3704 felicissimi
1233 3651 1478 3704 votivam
1514 3651 1918 3721 praesentiam:

222 3740 364 3794 mihi
394 3740 607 3795 delicta
646 3756 774 3795 mea
822 3740 1097 3811 cogitanti
1129 3740 1450 3811 epistolaris
1480 3756 1619 3795 cura
1658 3740 1921 3795 sufﬁciet.

222 3832 464 3885 Domine
517 3830 621 3898 mi,
672 3831 916 3885 salutem
948 3829 1304 3885 uberrimam
1335 3830 1549 3897 dicens,
1592 3846 1811 3901 precor,
1863 3834 1925 3885 ut

224 3936 328 3991 per
374 3925 611 3974 sanctos
652 3919 883 3975 Domini
913 3935 1015 3991 pro
1051 3934 1143 3975 me
1174 3935 1369 3991 preces
1412 3920 1653 3975 fundere
1687 3920 1925 3974 minime

225 4010 532 4077 desistatis,
576 4013 635 4064 et
675 4010 919 4064 Domino
951 4009 1165 4079 gratias
1194 4009 1421 4077 referte,
1452 4008 1615 4081 cujus
1644 4010 1792 4065 circa
1833 4024 1925 4065 me

226 4098 509 4155 beneﬁcia
541 4098 716 4154 etiam
748 4100 1039 4171 insperata
1070 4099 1426 4154 tribuuntur.

837 4188 1171 4244 EPISTOIA
1208 4190 1319 4244 XII.

228 4291 1925 4349 ENNODIUSIJBERIO,EUGENETI,AGAPITO,SENARIO,

954 4365 1217 4406 ALBINO.

300 4438 674 4495 Uberioribus
712 4456 856 4511 opus
902 4444 987 4495 est
1025 4438 1274 4512 paginis,
1320 4438 1417 4493 ubi
1463 4438 1603 4494 ﬁdes
1653 4437 1928 4492 claudicat

226 4530 538 4600 perlatoris
574 4546 586 4583 :
621 4545 725 4600 per
749 4534 1042 4585 amantem
1074 4528 1188 4583 mei
1220 4529 1497 4583 cultorem
1530 4531 1779 4583 vestrum
1811 4527 1927 4582 Ste-

226 4620 489 4690 phanum
512 4619 838 4687 diaconum,
863 4620 1071 4675 sufficit
1087 4634 1259 4691 parca
1284 4618 1588 4673 collocutio
1607 4634 1619 4673 :
1640 4618 1931 4690 quitrans-

230 4710 504 4780 grediens
546 4708 820 4781 epistolas
850 4709 910 4763 in
954 4708 1137 4763 multa
1166 4708 1337 4763 verba
1388 4707 1639 4775 diffusas,
1695 4707 1931 4777 praefert

227 4798 601 4853 afﬂuentibus
622 4798 962 4867 necessaria,
995 4799 1132 4853 dum
1157 4798 1501 4869 compendio
1531 4796 1715 4851 ﬁdelis
1739 4796 1931 4851 arcani

297 4948 313 4981 ί
378 4945 445 5002 Si
502 4943 769 4999 minister
825 4943 1172 5017 antistitem]
1238 4944 1518 5000 Diaconus
1578 4942 1926 5014 episcopum.

225 5018 473 5078 mimae;
507 5023 593 5071 est
618 5016 895 5071 minister.
932 5018 1085 5081 Quos
1109 5033 1246 5088 ergo
1276 5017 1547 5071 diaconos
1578 5016 1931 5088 Graecamce

222 5090 281 5143 in
313 5088 565 5143 Ecclesia
596 5104 1020 5159 nuncupamus,
1062 5085 1357 5143 ministros
1386 5088 1558 5143 etiam
1596 5085 1931 5157 simpliciter

225 5161 623 5232 appellabant.
660 5160 1140 5215 Commodianus:

418 5253 680 5287 IINISTRIS.

230 5305 279 5351 Ξ
348 5304 374 5325 ⁸
412 5303 763 5351 Ministerium
796 5302 1007 5361 Christi,
1036 5303 1285 5359 Zacones,
1316 5303 1551 5350 exercete
1576 5303 1736 5350 caste.

232 5391 280 5409 ..-
349 5364 823 5435 ξᾳρρμξοο-ωἰῃίεῐιιί
860 5365 1012 5413 facite
1043 5368 1303 5435 praecepta
1333 5364 1586 5435 magistri.

232 5443 279 5481 2
352 5427 529 5476 Nolite
561 5426 742 5490 fugere
772 5426 1055 5490 personam
1074 5426 1271 5490 judicia
1300 5426 1457 5490 aequi.

232 5517 280 5533 .-
352 5487 829 5553 Ῑηῐεςτειῐᾷὶοαυὶιι
860 5487 1109 5548 vestruni,
1141 5503 1233 5553 per
1262 5487 1439 5537 omnia
1465 5487 1623 5553 docti.

233 5568 284 5601 ω
352 5548 580 5600 Sursum
608 5552 966 5615 intendentes,
1005 5548 1210 5615 semper
1240 5553 1345 5615 Deo
1369 5563 1576 5615 summo
1602 5548 1795 5598 devoti.

234 5622 283 5661 '-3
350 5615 487 5663 Tota
519 5615 627 5663 Deo
657 5614 861 5664 reddite
892 5614 1078 5665 inlaesa
1103 5612 1251 5665 sacra
1280 5612 1574 5664 ministeria
1600 5625 1723 5662 ora}.

282 5678 538 5729 Fortasse
569 5678 899 5739 mysterium.

596 5757 877 5826 PATROL.
932 5757 1150 5826 LXIII.

2031 534 2280 604 auspice,
2300 532 2589 602 nuntians,
2620 533 3015 604 prosperitatis
3036 538 3241 589 vestrae
3268 533 3419 591 bona
3443 536 3721 609 disquiro,

2029 627 2085 677 et
2115 624 2352 693 plenum
2380 622 2554 678 reddo
2588 623 2945 678 salutationis
2978 623 3341 697 obsequium,
3364 626 3721 698 deprecatus,

2032 718 2092 767 ut
2120 713 2387 768 fiduciam
2423 730 2612 769 meam
2644 714 2975 786 incorrupta
2996 714 3347 786 dignationis
3376 721 3573 773 vestrae
3607 732 3724 773 non

2030 802 2282 858 denudet
2312 803 2630 875 integritas.

2608 910 2944 967 EPISTOLA
2980 911 3127 967 XIII.

2578 1016 2904 1056 ENNODIUS
2949 1016 3167 1057 AVITO.

2100 1107 2500 1179 Importunum
2532 1121 2625 1162 me
2652 1108 2785 1162 facit
2814 1108 3001 1163 aliena
3023 1108 3346 1175 necessitas,
3372 1109 3508 1181 quia
3538 1110 3719 1167 debeo

2026 1213 2131 1269 pro
2182 1198 2525 1268 deprecante
2578 1213 2925 1253 sermonem.
2977 1198 3084 1253 Lex
3131 1198 3409 1271 propositi
3448 1200 3720 1256 interces-

2028 1287 2202 1341 sionis
2254 1287 2461 1342 refutat
2508 1287 2823 1343 avaritiam.
2867 1289 3007 1342 Nam
3057 1288 3127 1343 ad
3171 1290 3536 1345 conscientias
3582 1307 3723 1346 mem

2028 1378 2309 1431 sarcinam
2338 1377 2624 1448 jungitur,
2658 1377 2704 1430 si
2736 1393 3004 1447 respuam
3034 1378 3475 1448 supplicantem.
3511 1381 3723 1452 Exspe-

2028 1467 2247 1521 ctanda:
2286 1466 2582 1521 memoriae
2628 1467 2820 1521 Sabini
2860 1467 3014 1521 ﬁlius
3068 1467 3136 1521 ad
3170 1468 3321 1522 diem
3355 1470 3726 1525 constitutum

2029 1556 2370 1609 sententiam
2401 1555 2830 1627 prmstolaturus
2848 1556 3091 1610 occurrit
3116 1573 3127 1611 :
3159 1557 3256 1611 sed
3285 1557 3536 1629 agellum
3555 1574 3722 1614 suum

2028 1645 2295 1699 utilitatis
2328 1646 2551 1700 ratione
2594 1649 2679 1700 est
2727 1650 2953 1700 coactus
2989 1650 3285 1717 expetere;
3314 1648 3448 1719 quia
3487 1651 3543 1702 et
3589 1648 3725 1704 ﬁde-

1955 1736 1996 1788 B
2019 1735 2211 1806 jussor
2232 1739 2287 1789 et
2304 1739 2602 1790 exsecutor
2620 1735 2887 1790 defuncta
2900 1736 2989 1790 die
3008 1736 3331 1791 defuerunt.
3353 1738 3722 1809 Abjurantem

2028 1841 2120 1880 me
2152 1826 2221 1879 de
2248 1825 2472 1896 pravfati
2493 1826 2729 1897 negotio
2752 1826 2900 1881 ultra
2920 1826 3191 1881 vilescere
3223 1827 3449 1898 bajulus
3469 1828 3723 1900 impulit,

2031 1918 2093 1969 ut
2123 1915 2194 1969 ad
2233 1930 2367 1970 eum
2412 1916 2667 1983 nuntios,
2703 1918 2985 1987 quatenus
3026 1933 3223 1972 rursus
3256 1922 3601 1985 occurreret,
3638 1919 3724 1973 dc-

2030 2004 2334 2059 stinarem:
2368 2006 2521 2076 quod
2545 2021 2637 2061 me
2657 2005 2857 2061 fecisse
2875 2006 3156 2077 signiﬁco.
3183 2008 3343 2062 Nunc
3364 2007 3726 2063 salutationis

2029 2111 2172 2150 mem
2202 2095 2395 2150 dicens
2416 2096 2711 2167 obsequia,
2741 2096 2800 2151 in
2822 2100 3104 2168 potestate
3133 2100 3217 2153 est
3235 2098 3503 2152 culminis
3525 2098 3722 2167 vestri,

2028 2185 2089 2240 in
2128 2184 2388 2255 praedicti
2428 2201 2618 2250 causa,
2652 2186 2791 2257 quid
2834 2187 3059 2257 justitia
3102 2202 3277 2258 quam
3305 2187 3528 2257 fovetis,
3577 2186 3716 2259 quid

2032 2274 2235 2330 ﬁducia
2266 2289 2441 2346 quam
2466 2275 2701 2331 dedistis
2732 2279 3022 2330 mereatur
3051 2276 3371 2333 ostendere.

2622 2384 2958 2440 EPISTOLA
2996 2386 3125 2441 XIV.

2583 2489 2906 2531 ENNODIUS
2952 2489 3169 2531 AVITO.

2102 2561 2230 2617 Scio
2263 2578 2393 2618 mea
2426 2562 2578 2635 apud
2610 2580 2709 2619 vos
2739 2564 2985 2619 clamare
3008 2562 3390 2633 silentia;nec
3407 2564 3723 2638 quidquam

2032 2649 2173 2713 ﬁeri,
2203 2652 2356 2722 quod
2399 2668 2519 2706 non
2549 2656 2763 2707 secreta
2790 2652 3264 2724 interpretatione
3293 2657 3574 2710 teneatur.
3606 2656 3723 2727 Ego

2028 2743 2225 2793 tamen
2248 2757 2280 2795 a
2298 2742 2607 2813 scriptione
2630 2758 2747 2796 non
2776 2742 2998 2812 destiti;
3022 2758 3127 2797 nec
3152 2742 3412 2797 sublimis
3434 2744 3725 2799 memoriae

2028 2828 2135 2884 viri
2166 2829 2361 2885 Sabini
2392 2830 2576 2885 ﬁlium
2610 2831 2883 2886 fabricato
2905 2832 3137 2903 ingenio
3155 2849 3188 2887 a
3209 2831 3567 2902 judicatione
3592 2832 3726 2888 sub-

2029 2919 2197 2984 traxi,
2231 2920 2329 2990 qui
2350 2918 2649 2974 violentias
2676 2920 2733 2974 in
2764 2920 2950 2991 agello
2973 2936 3073 2974 suo
3102 2936 3424 2992 perpessus,
3448 2922 3727 2976 hactenus

1986 3049 2001 3102 z
2032 3024 2266 3080 operam
2306 3008 2513 3063 dicitur
2541 3026 2774 3065 navasse
2810 3025 2941 3064 cum
2973 3009 3249 3063 barbaris.
3293 3009 3520 3065 Credite
3550 3009 3715 3077 mihi,

2032 3098 2209 3151 aderit
2262 3101 2487 3152 secutus
2531 3098 2799 3165 examini,
2855 3103 2911 3153 et
2959 3098 3436 3169 disceptationem
3479 3101 3723 3153 vestram

2032 3186 2154 3241 sine
2188 3187 2378 3259 aliqua
2400 3186 2703 3243 formidine
2732 3188 2921 3243 veniet
2954 3188 3338 3259 ingressurus.
3364 3188 3603 3243 Domine
3620 3188 3724 3255 mi,

2031 3276 2261 3329 salutati
2321 3276 2701 3331 reverentiam
2762 3276 2976 3344 dicens,
3035 3292 3238 3348 precor
3305 3282 3371 3332 ut
3418 3293 3722 3348 personam

2031 3382 2221 3420 meam
2251 3367 2397 3421 tanti
2426 3366 2683 3422 habeatis
2714 3366 2899 3422 insitze
2936 3367 3156 3422 dudum
3189 3366 3505 3423 affectionis
3536 3383 3724 3425 recor-

2033 3455 2262 3511 datione
2291 3456 2515 3511 fulcire.

2649 3546 2981 3602 EPISTOLA
3017 3548 3122 3601 XV.

2560 3652 2885 3693 ENNODIUS
2931 3651 3195 3693 FAUSTO.

2107 3726 2255 3779 Bene
2288 3724 2644 3796 providentia
2687 3742 2937 3797 superna
2983 3724 3253 3796 disponit,
3286 3726 3353 3779 ut-
3380 3724 3517 3779 dum
3557 3740 3591 3779 a
3635 3740 3727 3780 me

2034 3812 2311 3869 beneﬁcia
2346 3814 2730 3883 postulantur,
2764 3814 2843 3868 sic
2882 3813 3206 3869 sollicitudo
3238 3828 3368 3868 mea
3394 3813 3612 3868 votivos
3638 3814 3726 3869 in-

2035 3902 2225 3955 veniat
2270 3903 2605 3973 perlatores.
2656 3904 2917 3958 Facessat
2963 3918 3172 3974 negare
3220 3902 3347 3958 aliis
3391 3903 3545 3974 quod
3584 3903 3727 3958 mihi

2035 3991 2267 4047 tribuo:
2318 3996 2374 4046 et
2420 3991 2565 4047 illud
2612 3992 2851 4047 avaritia
2894 3994 3162 4047 sordeute
3206 3992 3520 4062 continere,
3573 3994 3724 4066 quod

2037 4082 2288 4137 sublevat
2325 4081 2688 4152 largientem.
2721 4081 3126 4153 Simplicianus
3160 4082 3533 4153 praesentium
3572 4082 3733 4154 baju-

2035 4172 2146 4239 lus,
2174 4171 2499 4226 adolescens
2532 4171 2942 4239 nobilissimus,
2968 4172 3221 4227 natalem
3247 4171 3499 4227 scientiae
3533 4173 3724 4227 sedem

2040 4264 2283 4317 Romam
2333 4264 2569 4316 conatus
2602 4267 2886 4332 expetere,
2924 4262 3031 4317 hoc
3073 4261 3179 4316 sibi
3222 4261 3462 4317 credidit
3487 4277 3590 4332 pro
3622 4261 3732 4315 sin-

1970 4362 2012 4417 D
2040 4352 2228 4423 gulari
2273 4351 2504 4406 evenire
2549 4351 2906 4422 compendio,
2958 4350 3005 4404 si
3054 4351 3120 4405 ad
3152 4349 3418 4405 notitiam
3464 4349 3732 4403 culminis

2037 4439 2211 4494 vestri
2257 4439 2399 4493 duce
2428 4437 2642 4509 pagina
2690 4437 3033 4509 perveniret.
3068 4437 3171 4492 Cui
3203 4454 3310 4508 ego
3358 4454 3729 4510 nequaquam

2036 4528 2194 4583 volui
2230 4528 2427 4599 cupita
2458 4528 2820 4593 subtrahere,
2853 4526 3032 4581 sciens
3064 4526 3494 4582 consuetudinis
3526 4533 3728 4583 vestrae

2039 4634 2160 4673 esse
2198 4618 2352 4689 quod
2384 4618 2593 4689 reliqui
2633 4616 2849 4671 faciunt
2880 4616 3116 4671 exorati.
3152 4616 3330 4685 Nunc,
3364 4616 3446 4671 mi
3477 4617 3732 4685 domine,

2041 4706 2273 4762 servitia
2313 4707 2676 4762 salutationis
2719 4707 3079 4777 accipientes,
3129 4706 3295 4761 facite
3328 4710 3391 4761 ut
3426 4707 3731 4779 praefatum

2040 4796 2521 4868 peregrinationis
2573 4797 2716 4851 dura
2760 4812 2878 4851 non
2931 4799 3171 4851 onerent
3217 4812 3230 4851 :
3283 4813 3491 4869 meque
3539 4797 3737 4853 crebra

2114 4938 2336 5005 timebas
2367 4940 2420 4989 in
2451 4940 2672 4989 diversis
2697 4940 2995 5003 exemplum
3024 4939 3144 4989 date
3174 4941 3359 5005 parati.

2115 5004 2421 5076 :[ncliiiate
2435 5070 2442 5076 _
2456 5008 2611 5076 caput
2630 5007 2871 5076 vestrum
2902 5004 3204 5076 pastoribus
3233 5004 3353 5076 ipsi.

2114 5067 2249 5115 rl’Sic
2278 5066 2361 5114 flet
2395 5070 2451 5114 ut
2474 5066 2664 5114 Christi
2692 5066 2885 5129 populo
2912 5066 3030 5115 Veitis
3062 5066 3286 5129 probati.

2111 5156 2136 5190 ²
2163 5157 2262 5238 pe
2291 5153 2550 5238 modum]
2587 5156 2880 5238 Modo‘etia.
2902 5156 3103 5238 :_quod
3136 5161 3335 5238 not-um
3368 5160 3453 5238 est
3486 5156 3731 5238 Ligurim

2042 5227 2316 5307 oppidum
2340 5227 2488 5281 haud
2514 5228 2709 5308 procul
2740 5227 3083 5309 Mediolano,
3108 5228 3204 5308 ubi
3229 5227 3735 5311 hongobardoruin

2044 5306 2101 5354 et
2148 5300 2320 5353 IIth’D
2354 5315 2518 5368 reges
2550 5300 2689 5352 olim
2724 5304 3000 5354 coronati.
3055 5300 3283 5355 Modma
3315 5316 3417 5368 pro
3458 5302 3737 5356 Modoetia

2044 5316 2101 5354 et
2148 5316 2320 5353 naua:
2354 5316 2518 5368 reges
2550 5316 2689 5352 onm
2724 5316 3000 5354 coronati.
3055 5316 3283 5355 mouma
3315 5316 3417 5370 pro
3458 5316 3736 5356 nlouoetia

2042 5371 2167 5442 pari
2219 5370 2678 5451 antiquariorum
2710 5371 2948 5451 licentia
2962 5371 3283 5451 scriptum,
3328 5387 3398 5451 ac
3443 5372 3587 5451 mira
3631 5391 3736 5444 pro

2042 5442 2466 5521 mcera,_id_est
2514 5448 2672 5521 μοὶςρα
2719 5442 2870 5521 apud
2918 5442 3237 5521 Sidonium,
3289 5446 3347 5521 et
3393 5444 3585 5497 metici
3634 5442 3740 5521 pro

2045 5513 2282 5570 metoeci
2308 5517 2557 5584 μέτθικοι,
2592 5513 2654 5568 in
2693 5518 2882 5569 vetere
2921 5514 3066 5569 Galli
3096 5513 3340 5568 auctoris
3372 5516 3737 5588 panegyrico.

2116 5603 2139 5638 ³
2161 5603 2467 5660 Communi
2494 5602 2748 5676 domino]
2782 5606 3011 5674 Fausto,
3045 5606 3208 5676 patre
3232 5603 3455 5662 Avieni.

3303 5763 3342 5818 4
