4102 6182
424 338 525 391 107

1639 334 1921 390 ENNUDII
1962 333 2278 389 EPISCOPI
2318 333 2705 388 TICINENSIS

3822 335 3919 386 l08

418 463 741 535 scriptionis
782 468 979 521 vestrae
1014 481 1117 536 per
1144 466 1289 519 hanc
1318 464 1683 535 impetratam
1713 464 2099 535 frequentiam
2139 473 2184 524 Α
2214 464 2510 534 dignetur;
2562 469 2842 535 quatenus
2902 464 3006 518 sub
3065 462 3534 517 confabulatione
3580 464 3767 518 votiva
3820 464 3916 534 pia

419 555 674 608 revelare
706 554 908 609 munia
932 571 1045 609 non
1082 556 1376 608 desistant.

1016 660 1343 715 EPISTULA
1381 661 1512 715 XVI.

910 766 1231 805 ENNUDIUS
1277 765 1630 807 LUMINUSU.

493 857 619 911 Non
667 856 940 911 deberent
982 872 1102 910 esse
1154 856 1449 927 negotiosa
1488 856 1775 927 colloquia
1818 872 1946 927 qum
2006 872 2111 927 pro

419 945 674 999 remedio
700 944 807 998 sibi
836 961 997 998 amor
1023 945 1264 1014 invenit,
1300 961 1403 999 nec
1437 946 1728 1015 religionis
1763 945 2114 1016 stipendium

420 1035 489 1089 ad
542 1034 858 1088 necessaria
889 1050 993 1088 nos
1027 1038 1254 1105 oportet
1293 1051 1526 1089 evocare
1558 1035 1899 1088 commercia
1932 1051 1944 1088 :
1980 1034 2113 1105 quia

417 1122 580 1176 dulce
614 1127 762 1178 esset
791 1122 1161 1193 epistolarum
1194 1124 1390 1177 munia
1438 1124 1543 1177 soli
1591 1124 1839 1177 militare
1878 1139 2111 1177 concor-

416 1210 546 1277 diae,
600 1226 705 1265 nec
734 1227 856 1265 rem
888 1211 1199 1282 diligentia:
1244 1212 1303 1266 in
1333 1212 1577 1281 aucupia
1607 1213 1913 1267 transferre
1955 1228 2111 1265 com-

414 1300 634 1369 pendii.
667 1301 776 1355 Sed
815 1317 905 1354 res
957 1301 1025 1355 ad
1060 1301 1168 1355 hoc
1197 1301 1385 1367 rediit,
1431 1304 1496 1354 ut
1542 1301 1650 1353 nisi
1680 1301 1873 1354 senior
1910 1302 2113 1354 caritas

417 1404 547 1459 quae
580 1388 730 1443 inter
750 1406 855 1443 nos
882 1391 952 1445 ab
978 1391 1100 1461 ipso
1126 1390 1257 1444 vitae
1291 1390 1507 1444 lumine
1532 1390 1775 1460 sumpsit
1797 1390 2108 1456 exordium,

417 1482 475 1531 et
494 1493 600 1547 per
618 1478 805 1533 varias
828 1480 1189 1549 profectuum
1209 1480 1351 1533 vires
1376 1495 1616 1533 messem
1632 1480 1828 1549 gratim
1851 1479 2114 1549 perduxit

416 1566 489 1620 ad
520 1582 731 1630 aream,
782 1569 1075 1637 compulsa
1109 1586 1211 1639 pro
1243 1568 1385 1622 meis
1424 1569 1682 1639 partibus
1712 1568 1942 1621 stimulo
1975 1568 2111 1621 scri-

415 1655 632 1726 ptionis
665 1662 942 1727 assurgat,
969 1658 1172 1727 grandi
1196 1658 1623 1727 ingratitudinis
1658 1662 1710 1711 et
1737 1658 2109 1710 detrimento-

418 1760 549 1797 rum
573 1745 872 1798 sterilitate
903 1746 1211 1816 percutiar.
1244 1748 1261 1783 ί
1285 1747 1539 1800 Meminit
1559 1746 1878 1816 amplitudo
1903 1750 2105 1811 vestra,
2146 1771 2191 1823 Α

416 1848 547 1903 qua:
578 1833 647 1887 de
673 1835 937 1905 expensis
960 1851 1083 1905 qua)
1104 1836 1250 1906 apud
1276 1835 1601 1889 Ravennam
1626 1836 1925 1905 episcopus
1948 1851 2109 1889 meus

414 1921 648 1989 fecerat,
684 1938 774 1976 me
809 1922 863 1976 ei
912 1924 1352 1977 redhibitionem
1394 1925 1786 1995 promittente,
1820 1940 1922 1995 pro
1962 1924 2111 1978 sedis

416 2010 744 2080 apostolica:
796 2010 1059 2077 utilitate,
1097 2010 1389 2064 vobiscum
1436 2012 1607 2065 fuerit
1647 2013 1981 2067 collocutus.
2031 2014 2109 2066 De

416 2115 530 2169 qua
574 2099 927 2153 restituenda
966 2101 1209 2153 celerem
1240 2100 1631 2169 promiseratis
1663 2102 1923 2155 effectum
1961 2118 1973 2155 :
2013 2102 2111 2155 sed

412 2202 521 2256 pro
568 2189 813 2258 peccatis
856 2188 996 2241 meis
1028 2187 1216 2242 nescio
1248 2189 1348 2259 qui
1379 2205 1541 2243 casus
1574 2192 1840 2260 opposuit
1882 2207 2106 2245 manus.

414 2276 493 2329 De
526 2292 638 2346 qua
669 2277 738 2331 ad
770 2293 860 2331 me
883 2277 1139 2345 praedicti
1158 2278 1424 2331 antistitis
1448 2294 1504 2331 se
1532 2280 1815 2334 convertit
1841 2279 2106 2346 intentio,

412 2368 478 2417 ut
525 2364 617 2418 vix
666 2365 925 2419 inducias
969 2365 1044 2420 ad
1098 2367 1540 2420 sacratissimam
1596 2368 1792 2421 urbem
1846 2369 2111 2422 tribuerit

413 2452 760 2508 destinandi.
802 2455 959 2507 Nunc
1005 2458 1135 2524 post
1162 2457 1345 2509 Deum
1386 2455 1444 2508 in
1477 2457 1637 2508 vobis
1668 2474 1837 2510 causa
1871 2463 1978 2525 est;
2010 2457 2109 2528 qui

411 2542 648 2611 potestis
676 2549 733 2595 et
760 2559 1065 2612 personam
1094 2560 1279 2597 meam
1315 2544 1627 2599 offensione
1666 2547 1954 2616 pontificis
1995 2548 2109 2600 mei

415 2635 471 2683 et
523 2631 881 2685 detrimentis
939 2632 1185 2702 eripere;
1228 2649 1300 2686 ne
1349 2632 1601 2686 ofticium
1646 2634 1779 2688 ﬁdei
1821 2635 1961 2688 mihi
2010 2636 2107 2688 uni

410 2721 705 2790 peperisse
751 2721 1010 2775 videatur
1040 2722 1299 2775 adversa.
1339 2723 1577 2776 Domine
1610 2724 1709 2788 mi,
1748 2725 2102 2778 salutationis

414 2824 657 2862 munera
709 2810 1060 2880 persolvens,
1112 2810 1417 2864 Dominum
1467 2827 1688 2880 precor,
1742 2818 1799 2865 ut
1845 2814 2106 2867 animum

408 2903 661 2951 vestrum
686 2900 756 2953 ad
782 2899 1044 2952 utilitatis
1067 2915 1208 2953 mea;
1231 2900 1749 2954 considerationem
1774 2902 2106 2956 incunctan-

408 2989 497 3040 ter
527 2987 751 3040 invitet.
807 2989 920 3057 Ego
967 2987 1105 3058 quid
1138 2989 1386 3059 amplius
1416 2989 1658 3042 facerem
1690 2990 1949 3043 invenire
1992 3007 2106 3044 non

407 3075 594 3145 potui,
628 3076 740 3129 nisi
789 3082 854 3130 ut
882 3092 1013 3130 cum
1044 3077 1384 3147 allegatione
1417 3077 1721 3132 manifesta
1745 3078 1926 3133 fidum
1964 3079 2109 3133 mihi

408 3164 724 3235 dirigerem
757 3165 1126 3235 perlatorem.

999 3270 1333 3326 EPISTULA
1371 3272 1527 3325 XVII.

683 3373 1002 3414 ENNUDIUS
1052 3374 1463 3414 MARCELLINO
1510 3373 1834 3416 EPISCUPO.

483 3464 767 3536 Magniﬁci
812 3464 918 3519 viri
955 3465 1153 3520 domni
1197 3465 1574 3536 Stephanioni
1620 3466 1725 3519 filii
1758 3465 1931 3520 vestri
1972 3466 2105 3521 facit

406 3553 670 3623 dignatio
720 3561 785 3609 ut
832 3555 1174 3609 beatitudini
1215 3560 1415 3608 vestra:
1462 3554 1741 3625 legendus
1785 3572 2100 3623 occurram,

406 3644 569 3714 cujus
598 3644 879 3699 beneficio
908 3644 1131 3699 itineris
1144 3644 1349 3698 caritas
1367 3644 1709 3698 detrimenta
1732 3659 1847 3697 non
1864 3646 2099 3714 patitur,

407 3737 465 3787 et
512 3733 667 3803 quod
717 3735 1026 3804 praesentia
1074 3749 1189 3787 non
1223 3734 1391 3799 valet,
1434 3750 1697 3787 sermone
1746 3740 2097 3804 compensat.

406 3822 501 3876 IIis
535 3839 671 3893 ergo
699 3823 927 3878 servitia
956 3823 1300 3893 apostolatui
1348 3829 1533 3876 vestro
1564 3823 1753 3877 debita
1782 3839 2097 3893 repraesen-

406 3912 550 3976 tans,
597 3927 793 3981 quaero
833 3916 896 3965 ut
938 3928 1028 3965 me
1061 3912 1387 3965 orationum
1433 3911 1703 3982 suffragio
1751 3912 2093 3966 sublcvctis:

401 4003 687 4069 quatenus
729 4000 981 4055 insertus
1031 4000 1345 4054 venerabili
1391 4000 1765 4065 conscientiae,
1813 4002 1881 4054 de
1940 4000 2098 4053 omni

402 4103 627 4142 merear
671 4088 1019 4160 dignationis
1070 4093 1271 4143 vestra:
1310 4090 1473 4159 fruge
1516 4089 1825 4160 gratulari;
1868 4090 2001 4160 quia
2035 4090 2097 4142 fi-

398 4177 583 4232 ducia:
614 4194 758 4234 mea:
791 4195 1062 4233 coronam
1095 4183 1339 4233 vestram
1371 4196 1484 4232 non
1516 4179 1745 4249 ambigo
1780 4194 2097 4249 responsu-

398 4282 543 4320 ram.

968 4357 1304 4412 EPISTULA
1343 4358 1530 4413 XVIII.

877 4461 1205 4502 ENNODIUS
1254 4462 1612 4502 DUMINICB.

469 4552 620 4607 Fecit
658 4552 993 4623 magnitudo
1042 4561 1228 4608 vestra
1269 4554 1423 4624 quod
1472 4560 1529 4607 et
1574 4550 1782 4605 sanctis
1835 4551 2089 4605 moribus

394 4640 512 4693 suis
543 4642 711 4695 debet
754 4648 807 4695 et
837 4643 1125 4712 sanguini,
1162 4648 1223 4695 ut
1253 4641 1697 4712 propinquitatis
1748 4640 2087 4693 memoriam

394 4730 611 4784 silentii
643 4747 756 4784 non
783 4732 1037 4801 patiatur
1064 4737 1293 4801 torpore
1312 4732 1699 4799 languescere.
1726 4731 1786 4783 In
1807 4745 2088 4798 quacum-

392 4836 504 4890 que
566 4826 851 4874 terrarum
903 4827 1061 4891 parte
1112 4822 1253 4873 vivit
1285 4820 1551 4883 afﬁnitas,
1595 4835 1698 4871 nec
1748 4823 2088 4887 separantur

390 4908 725 4978 regionibus
769 4910 1078 4980 parentelaa
1129 4915 1331 4962 catena
1376 4907 1595 4961 sociati.
1648 4908 1869 4961 Credite
1917 4907 2082 4971 mihi,

390 4996 621 5051 dilectio
670 5003 861 5052 sancta
910 5015 1025 5051 non
1076 4997 1318 5066 deperit,
1355 5012 1457 5049 nec
1500 4997 1681 5049 ullum
1716 4996 1935 5064 patitur
1984 5011 2086 5063 per

389 5085 682 5140 divisionis
732 5087 939 5141 itinera
974 5091 1175 5139 natura
1214 5084 1597 5154 dispendium.
1634 5086 1774 5137 Nam
1806 5100 2083 5153 generum

393 5180 646 5229 vestrum
693 5180 918 5229 tantum
966 5174 1107 5228 mihi
1140 5173 1409 5227 noveritis
1438 5173 1692 5227 caritatis
1722 5172 2079 5241 impendere,

387 5269 671 5333 quantum
721 5266 791 5318 ad
824 5263 1271 5316 vicissitudinem
1321 5263 1481 5315 nulla
1520 5262 1826 5315 satisfactio
1881 5262 2082 5315 existat

384 5351 609 5406 idonea.
646 5352 810 5417 Quod
859 5356 1137 5421 superest,
1193 5350 1429 5405 domina
1469 5352 1569 5418 mi,
1604 5350 1943 5419 accipientes
1974 5351 2079 5405 de-

385 5440 517 5494 bitae
557 5441 916 5495 salutationis
946 5438 1235 5505 affectum,
1280 5442 1457 5494 Deum
1489 5456 1708 5509 precor,
1744 5446 1806 5493 ut
1837 5440 1894 5493 in
1927 5440 2077 5493 bono

381 5534 583 5584 mutuo
627 5530 914 5583 fclicitatis
970 5528 1204 5583 videndi
1254 5547 1349 5584 vos
1403 5530 1759 5585 occasionem
1817 5529 2071 5583 conferre

454 5689 472 5721 ⁶
506 5690 609 5742 lnf.
647 5688 811 5760 epist.
837 5692 924 5744 33.

2226 553 2509 607 desideria
2539 554 2928 606 subleventur.

2820 642 3152 695 EPISTULA
3191 643 3321 698 XIX.

2749 746 3074 786 BNNUDIUS
3126 745 3386 785 FAL‘STU.

2294 821 2603 891 Postquam
2638 820 2933 875 desideriis
2970 820 3109 873 meis
3141 820 3372 872 videndi
3412 836 3505 873 vos
3526 819 3761 876 facultas
3797 821 3912 874 ela-

2223 924 2326 978 psa
2356 916 2460 975 est,
2499 910 2707 963 iterum
2741 911 2811 963 ad
2856 910 3073 963 litteras
3108 925 3268 962 mens
3296 910 3595 963 revertitur
3626 926 3638 963 :
3692 909 3919 981 cogitur

2225 997 2551 1067 abjuratum
2582 1016 2815 1068 poscere
2850 998 3114 1068 paginale
3141 998 3481 1063 subsidium,
3510 1004 3567 1051 et
3596 999 3913 1052 institutam

2223 1088 2554 1141 melioribus
2607 1089 2786 1158 copiis
2838 1090 3109 1153 animam,
3150 1088 3311 1158 quasi
3351 1088 3569 1140 vilioris
3608 1088 3719 1140 cibi
3760 1089 3913 1141 alere

2222 1181 2321 1229 aut
2341 1182 2659 1231 sustentare
2678 1178 3041 1231 commercio.
3069 1178 3110 1229 0
3134 1192 3305 1246 quam
3330 1192 3497 1245 grave
3522 1181 3624 1239 est,
3650 1178 3913 1246 quotiens

2221 1265 2392 1318 variis
2422 1266 2853 1319 necessitatibus
2880 1266 3292 1335 obsequentem
3322 1264 3563 1335 fugitiva
3582 1265 3816 1318 libertas
3846 1267 3912 1319 ad

2223 1370 2371 1408 nova
2400 1354 2661 1409 instituta
2690 1355 3034 1409 transducitl
3068 1356 3202 1418 Qure
3238 1354 3381 1407 dura
3421 1358 3571 1420 sunt,
3608 1355 3914 1408 continua-

2222 1443 2380 1497 tione
2423 1444 2806 1515 franguntur:
2862 1445 3109 1497 multum
3153 1443 3222 1497 de
3251 1443 3525 1512 gravitate
3558 1444 3747 1496 oneris
3779 1460 3915 1495 usus

2224 1533 2455 1598 incidit;
2516 1534 2719 1587 ﬂebilis
2770 1534 3023 1587 conditio
3074 1534 3144 1585 ad
3186 1538 3377 1602 optata
3438 1549 3565 1601 quae
3614 1549 3731 1585 non
3782 1542 3915 1586 sunt

2223 1638 2495 1675 mansura
2523 1622 2817 1691 perducit;
2849 1623 3031 1674 levior
3063 1638 3183 1675 sors
3212 1625 3297 1673 est
3317 1621 3713 1690 curisjugibus
3745 1637 3911 1674 occu~

2222 1710 2362 1779 pati.
2400 1712 2513 1763 Hoc
2558 1727 2683 1763 sum
2727 1712 3008 1764 infelicior
3036 1715 3399 1779 peccatorum
3437 1710 3603 1775 fasce,
3658 1711 3813 1780 quod
3846 1710 3912 1763 de

2220 1798 2502 1852 bonarum
2546 1816 2741 1853 rerum
2777 1816 2979 1869 sapore
3024 1800 3267 1869 gustavi.
3297 1799 3405 1853 Sed
3431 1800 3565 1853 hinc
3590 1799 3747 1852 alias.
3798 1800 3913 1851 Deo

2217 1888 2599 1958 relinquenda
2648 1894 2798 1955 sunt,
2849 1905 2977 1959 qua:
3006 1889 3257 1942 humano
3294 1890 3615 1942 remedium
3650 1889 3911 1942 nesciunt

2222 1977 2435 2030 habere
2469 1978 2722 2031 consilio.
2761 1979 2928 2031 Vobis
2966 1978 3194 2030 interim
3219 1979 3592 2031 reverentiam
3616 1979 3912 2031 salutatio-

2219 2066 2305 2117 nis
2338 2066 2693 2134 impendens,
2730 2066 2947 2120 reditus
2980 2067 3090 2119 mei
3121 2067 3303 2120 facere
3336 2067 3545 2119 indicia
3578 2084 3692 2119 non
3721 2067 3909 2131 omisi,

2217 2154 2455 2224 CUpiens
2484 2155 2609 2225 pari
2638 2156 2963 2226 scriptionis
2997 2160 3191 2208 vestra:
3224 2154 3510 2209 hilaritate
3539 2157 3799 2209 relevari.

2822 2244 3161 2298 EPISTULA
3201 2245 3301 2297 XX.

2746 2348 3071 2387 ENNUDII‘S
3118 2348 3379 2387 FAUSTU.

2290 2423 2589 2491 Ignoratur
2622 2422 2906 2476 bonorum
2943 2438 3114 2491 sapor
3154 2422 3213 2474 in
3248 2423 3565 2492 prosperis;
3592 2422 3679 2476 vix
3712 2423 3916 2493 digno-

2217 2511 2395 2565 scitur
2438 2511 2675 2579 superni
2725 2511 2967 2581 qualitas
3003 2511 3287 2573 beneficii,
3323 2512 3459 2565 dum
3499 2518 3750 2577 tenetur;
3788 2519 3917 2582 post

2218 2602 2624 2671 migrationem
2669 2600 2861 2670 cupita
2899 2600 3259 2667 dulcescunt;
3303 2600 3573 2655 desiderii
3620 2601 3805 2670 pretia
3854 2604 3915 2651 in

2217 2690 2489 2743 manibus
2535 2690 2838 2742 constituta
2870 2690 3174 2744 nescimus.
3224 2693 3360 2744 Vere
3403 2690 3603 2757 fateor,
3652 2690 3912 2759 quandiu

2220 2779 2489 2832 Ravenna
2518 2795 2615 2831 vos
2649 2779 2867 2844 habuit,
2894 2778 3187 2832 sinistrum
3218 2796 3389 2832 omen
3419 2779 3630 2832 credidi
3661 2779 3917 2848 cogitare

2219 2884 2345 2937 qua}
2379 2869 2592 2937 patior;
2640 2883 2745 2920 nec
2776 2868 2928 2920 inter
2957 2884 3047 2920 res
3081 2870 3375 2935 secundas,
3426 2868 3585 2937 quasi
3622 2869 3915 2935 malignus

2219 2957 2463 3026 proprias
2498 2955 2784 3009 felicitatis
2833 2957 3132 3026 interpres,
3176 2974 3302 3027 qua:
3340 2973 3441 3027 per
3472 2957 3783 3009 absentiam
3818 2973 3919 3007 ve-

2149 3056 2188 3109 C
2223 3051 2398 3098 stram
2428 3045 2653 3098 evenire
2698 3050 2965 3114 poterant
2996 3046 3295 3115 suspiravi.
3329 3047 3452 3099 Non
3494 3045 3664 3098 debui
3704 3045 3918 3098 merita

2220 3148 2368 3198 mea,
2406 3131 2449 3185 si
2487 3133 2808 3186 abhomine
2832 3149 2947 3186 non
2983 3150 3298 3202 separarer,
3329 3149 3659 3203 agnoscere,
3695 3149 3801 3185 nec
3837 3134 3923 3185 in-

2218 3222 2475 3291 telligere
2509 3222 2811 3290 fugitivum
2848 3238 2987 3284 esse,
3020 3222 3171 3291 quod
3204 3222 3438 3275 sectanti
3484 3227 3714 3290 peccata
3742 3222 3915 3274 blan-

2218 3311 2389 3364 ditur.
2417 3311 2521 3364 Sed
2548 3312 2684 3379 quid
2717 3312 3039 3380 epistolaris
3083 3312 3445 3364 concinnatio
3477 3310 3764 3380 castigatae
3800 3316 3921 3363 ter-

2216 3398 2439 3451 minum
2473 3398 2734 3451 dictionis
2774 3399 3031 3452 excedit?
3065 3401 3225 3453 Ferat
3257 3401 3342 3454 his
3382 3400 3551 3453 rebus
3594 3400 3914 3465 medelam,

2214 3487 2375 3556 cujus
2403 3486 2649 3556 imperio
2681 3486 2949 3539 universa
2988 3488 3359 3542 famulantur.
3395 3490 3509 3557 Ego
3540 3494 3731 3541 tamen
3766 3504 3919 3557 pro-

2211 3581 2343 3644 pter
2391 3576 2538 3645 quod
2587 3576 2874 3629 attributm
2920 3583 3051 3630 sunt
3094 3579 3341 3653 paginae,
3380 3578 3540 3631 valeo
3590 3578 3921 3631 substantia

2217 3665 2530 3732 corporali;
2566 3670 2620 3717 et
2654 3681 2754 3735 per
2783 3665 2903 3718 haec
2925 3667 3145 3731 munia,
3179 3667 3281 3720 sub
3312 3666 3408 3720 Dei
3431 3683 3555 3737 ope,
3591 3671 3653 3719 ut
3678 3682 3921 3736 prospe-

2210 3752 2348 3807 ritas
2379 3759 2565 3807 vcstra
2597 3755 2899 3807 nuntietur
2916 3762 3195 3824 exspecto.
3213 3756 3460 3825 Accipite
3482 3771 3615 3825 ergo
3633 3755 3923 3824 obsequia

2209 3856 2364 3908 mea;
2400 3846 2455 3895 et
2484 3840 2531 3894 si
2566 3842 2702 3912 quid
2732 3841 2883 3895 inter
2904 3844 3027 3896 haec
3046 3860 3170 3913 qua:
3204 3860 3427 3897 mecum
3462 3843 3917 3913 gerididicistis,

2212 3935 2449 3983 eventus
2496 3931 2690 3984 dexter
2733 3932 3009 3998 attulerit,
3046 3932 3165 3985 sine
3213 3932 3682 3987 dissimulationis
3720 3933 3922 3986 obsta-

2208 4020 2335 4072 culo
2364 4020 2644 4073 nuntiate.

2813 4108 3138 4162 EPISTULA
3167 4109 3294 4163 XXI.

2734 4213 3056 4251 ENNUDIUS
3104 4214 3369 4252 FAUSTU.

2280 4285 2341 4336 In
2372 4285 2669 4339 occasione
2701 4287 2866 4356 rapui
2898 4287 3181 4341 solvenda:
3221 4287 3560 4340 humilitatis
3592 4303 3919 4355 personam

2206 4371 2505 4427 domestici
2531 4376 2849 4445 perlatoris.
2892 4376 3197 4429 Desideriis
3239 4377 3380 4429 meis
3413 4376 3703 4441 militabit,
3740 4379 3919 4446 quod

2202 4460 2259 4513 in
2294 4463 2540 4516 aliorum
2586 4464 2953 4533 negotiorum
2996 4465 3245 4518 efficacia
3276 4466 3617 4535 providistis.
3672 4467 3915 4531 Fateor,

2198 4550 2405 4604 durum
2430 4551 2644 4605 credidi
2665 4552 2902 4605 vicinior
2926 4553 3140 4605 litteras
3156 4554 3460 4621 denegare,
3481 4554 3577 4623 qui
3598 4570 3835 4623 nunqua
3851 4573 3917 4609 [η

2198 4641 2365 4708 potui
2417 4644 2474 4692 in
2503 4642 2818 4711 longinquo
2855 4643 3196 4694 constitutus
3242 4643 3527 4695 abstinere
3560 4643 3905 4710 colloquiis.

2199 4729 2389 4781 Visum
2423 4730 2573 4781 enim
2599 4730 2740 4782 mihi
2773 4746 2919 4795 sum,
2950 4732 3375 4784 Ravennatibus
3397 4735 3701 4800 occupatus
3734 4747 3922 4786 exon-

2194 4816 2324 4883 biis,
2355 4818 2811 4886 magnitudinem
2855 4826 3100 4872 vestram
3132 4820 3378 4889 quadam
3414 4820 3622 4873 mentis
3662 4820 3917 4875 dextera

2194 4905 2520 4976 contigisse.
2564 4906 2774 4960 Idcirco
2812 4908 2882 4961 ad
2913 4908 3173 4961 levamen
3213 4908 3482 4961 desiderii
3516 4909 3726 4977 scripta
3760 4926 3917 4979 pro-

2194 4994 2413 5063 rogavi,
2440 5000 2504 5047 ut
2530 4996 2682 5064 quod
2711 4996 2850 5049 vivis
2874 4996 3321 5050 subtrahebatur
3343 4997 3625 5063 affatibus,
3650 4999 3920 5053 lectione

2194 5099 2515 5152 pensarem.
2559 5086 2703 5154 Ergo
2734 5084 3010 5138 honorem
3046 5086 3271 5138 salutati
3301 5086 3594 5153 exhibens,
3634 5103 3799 5156 rogo,
3840 5097 3921 5143 ut

2192 5187 2283 5224 me
2314 5172 2667 5242 hujusmodi,
2702 5175 2970 5244 quotiens
3013 5174 3409 5244 opportunitas
3439 5174 3659 5242 ingesta
3697 5176 3917 5243 fuerit,

2192 5260 2457 5313 remediis
2478 5262 2804 5329 sublevetis,
2842 5264 2897 5315 in
2930 5264 3137 5332 quibus
3170 5264 3424 5317 absentia
3458 5265 3690 5317 unicum
3717 5264 3919 5321 habet

2190 5348 2384 5402 divina
2430 5351 2751 5420 provisione
2788 5352 3126 5405 subsidium.
3164 5353 3488 5421 Agnovistis
3520 5370 3649 5423 quae
3681 5354 3753 5407 sit
3801 5373 3925 5410 cu-

2188 5438 2333 5492 ratio
2356 5439 2649 5492 affectione
2670 5440 2963 5509 languenti
2989 5456 3001 5494 :
3032 5446 3279 5495 vestrum
3306 5447 3388 5496 est
3410 5443 3689 5497 medelam
3717 5446 3921 5515 aegris

2187 5544 2397 5581 animis
2432 5545 2547 5581 non
2580 5544 2809 5597 negare.
