4102 6182
267 298 369 353 109

862 436 1193 493 EPISTULA
1232 438 1387 493 XXII.

766 542 1077 583 ENNUDHE
1122 544 1465 584 EUGENETL

331 616 641 688 Diligentia
716 622 803 671 est
881 616 1283 686 multiplicium
1358 633 1526 671 causa
1598 617 1957 689 paginarum.

260 707 618 762 Reverentia
670 700 881 760 vestrae
924 706 1183 774 debetur,
1246 708 1399 777 quod
1441 723 1474 760 a
1502 707 1811 777 scriptione
1847 725 1963 763 non

262 800 570 865 tempero:
614 796 775 850 testis
822 796 1017 866 gaudii
1072 813 1187 849 non
1234 797 1450 866 patitur
1500 814 1599 850 vox
1653 798 1961 863 defectum,

263 886 398 956 quia
429 890 643 939 statum
687 885 1030 940 valetudinis
1062 890 1260 939 vestrae
1304 886 1465 939 latus
1498 886 1711 957 excepi.
1752 888 1961 942 Valete.

846 973 1180 1029 EPISTULA
1215 974 1392 1028 XXIII.

734 1076 1050 1117 ENNODIUS
1097 1078 1491 1117 PARTHENIO.

328 1153 448 1207 Deo
496 1150 728 1221 auspice
787 1151 1109 1206 dilectionis
1162 1156 1274 1206 tua
1330 1151 1645 1222 primordia
1702 1153 1963 1207 convale-

258 1246 456 1296 scant:
490 1241 639 1295 adsit
671 1241 970 1295 desideriis
1016 1242 1442 1310 communibus,
1478 1258 1580 1311 per
1616 1259 1787 1313 quem
1820 1244 1965 1296 vires

255 1331 444 1385 studia
473 1330 815 1384 sortiuntur.
849 1330 1155 1383 Declarasti
1187 1335 1240 1383 te
1264 1330 1587 1401 scriptionis
1616 1331 1740 1384 luce
1763 1331 1963 1385 urbem

258 1419 503 1472 amicam
532 1418 865 1472 liberalibus
898 1418 1100 1471 studiis
1122 1419 1245 1489 jam
1277 1424 1507 1473 tenere:
1542 1420 1873 1490 pramisisti
1904 1418 1963 1473 in

254 1506 477 1561 foribus
524 1511 677 1577 quod
722 1523 890 1560 avara
938 1513 1248 1577 parentum
1298 1512 1427 1560 vota
1474 1512 1789 1578 superaret.
1842 1510 1964 1562 Non

257 1612 386 1648 sum
442 1594 708 1647 dictionis
760 1598 874 1648 tua
926 1594 1147 1664 rigidus
1206 1594 1536 1655 astimator,
1603 1610 1707 1647 nec
1760 1610 1964 1664 respuo

256 1683 603 1737 tenuitatem
648 1684 1043 1755 praesentium,
1103 1683 1196 1737 cui
1236 1689 1500 1737 secutura
1560 1683 1957 1737 blandiuntur.

255 1774 532 1837 Quotiens
572 1773 902 1827 vomeribus
925 1778 1135 1827 terram
1158 1773 1479 1841 scribimus,
1510 1773 1734 1826 animus
1770 1773 1837 1826 de
1866 1789 1962 1844 spe

254 1868 515 1916 ventura
549 1862 732 1933 frugis
763 1864 1051 1917 elevatur:
1087 1879 1314 1933 semper
1343 1862 1411 1915 de
1441 1862 1632 1915 herbis
1659 1861 1964 1916 aristarum

254 1951 485 2005 divitias
518 1952 767 2005 amicus‘
789 1952 1022 2005 rationis
1047 1950 1321 2022 intelligit
1344 1968 1357 2005 :
1381 1950 1628 2021 diligens
1651 1951 1965 2005 rusticandi

256 2039 443 2092 adhuc
474 2040 536 2093 in
569 2057 709 2094 cano
732 2040 872 2094 ﬂore
903 2057 1213 2110 pomorum
1258 2042 1506 2112 populos
1551 2041 1673 2110 jam
1704 2041 1957 2095 metitur.

256 2128 517 2182 Facessat
575 2129 907 2193 adversitas,
965 2135 1018 2184 et
1082 2130 1362 2201 quidquid
1431 2130 1666 2200 pariunt
1734 2134 1964 2200 peccata

253 2216 528 2270 discedat.
564 2218 777 2271 Ductus
809 2217 953 2271 mihi
984 2218 1357 2272 oratiuncula
1388 2222 1499 2271 tua
1532 2223 1587 2271 et
1620 2217 1666 2271 si
1694 2218 1962 2288 eloquen-

254 2305 344 2358 tia
374 2306 565 2359 nitore
599 2322 714 2360 non
746 2307 1015 2374 subsistit,
1053 2308 1291 2362 Latiaris
1322 2315 1513 2362 tamen
1553 2325 1715 2363 vena
1757 2324 1961 2378 sapore

252 2394 516 2447 radiavit.
556 2396 744 2450 Fluxit
769 2413 956 2451 sermo
1000 2414 1109 2451 non
1149 2398 1438 2467 absonus;
1466 2398 1723 2451 lectionis
1768 2402 1959 2451 tamen

254 2485 461 2555 Opibus
484 2485 875 2555 ampliandus.
917 2486 1023 2541 Sed
1055 2487 1189 2557 quid
1220 2504 1326 2558 ego
1371 2492 1497 2557 post
1538 2493 1759 2541 tantum
1796 2486 1959 2556 judi-

250 2589 397 2638 cem,
434 2575 600 2644 cujus
632 2576 826 2629 oribus
858 2575 1049 2646 operis
1079 2576 1162 2630 tui
1194 2575 1691 2629 concinnationem
1732 2575 1958 2645 placare

249 2664 509 2733 signasti,
568 2664 729 2735 quasi
784 2670 914 2735 post
946 2665 1130 2720 olores
1175 2681 1365 2727 anser,
1413 2664 1791 2735 strepui?llli
1824 2664 1957 2734 qui-

252 2769 485 2824 cunque
514 2754 754 2824 placuit,
790 2771 1031 2809 examen
1061 2772 1291 2809 securus
1324 2755 1665 2825 ingreditur,
1691 2754 1957 2807 facundia

250 2842 321 2895 ab
344 2844 447 2895 illo
478 2843 788 2912 praedicata
817 2844 1090 2914 praevalet
1110 2844 1361 2898 favorem
1395 2844 1564 2898 etiam
1608 2844 1676 2897 ab
1708 2842 1955 2896 inimicis

247 2933 497 3002 exigere.
530 2933 754 2987 Labora
799 2950 957 3004 ergo,
991 2941 1052 2987 ut
1100 2934 1231 2988 felix
1286 2935 1431 2989 bene
1486 2938 1671 3003 coepta
1720 2936 1954 2986 eventus

1615 301 2104 358 EPISTULARUM
2143 303 2272 357 LIB.
2317 302 2414 357 VI.

3662 305 3769 359 ἨΟ

2002 443 2044 495 Α
2077 456 2183 494 usu
2207 444 2307 509 est,
2342 456 2439 494 vos
2467 438 2765 505 beneﬁcia,
2800 453 2889 493 me
2921 438 3091 493 verba
3129 439 3407 506 conferre,
3449 444 3507 495 et
3547 442 3768 513 magni-

2071 530 2333 584 tudinem
2368 545 2559 584 rerum
2585 528 2931 583 desiderium
2965 528 3190 583 vincere
3212 529 3571 600 postulantis.
3608 531 3663 586 Si
3697 533 3767 587 ab

2070 618 2159 671 his
2192 610 2402 672 muniis
2434 622 2771 689 temperem,
2805 617 2957 671 salvo
2993 634 3300 672 munerum
3323 624 3641 675 vestrorum
3665 637 3765 691 ge-

2071 708 2189 772 nio,
2224 724 2328 777 ego
2349 712 2541 761 votum
2568 706 2829 761 benevoli
2872 724 2984 761 non
3028 707 3267 762 habebo.
3318 710 3571 764 Perlator
3622 726 3768 781 pra-

2073 797 2323 850 sentium
2370 797 2635 851 Pertinax
2684 800 2825 851 teste
2867 797 3016 867 apud
3060 812 3161 851 vos
3209 799 3488 854 natalium
3535 816 3768 854 suorum

2072 886 2295 955 pudore
2334 885 2707 957 vulgabitur:
2744 886 2841 957 qui
2889 886 2948 940 in
3001 888 3403 958 astipulatione
3451 890 3770 944 stemmatis

2075 990 2281 1029 usurus
2313 979 2395 1028 est
2418 975 2566 1028 bono
2600 975 2976 1040 verecundia,
3002 991 3105 1045 per
3135 993 3331 1047 quem,
3353 977 3583 1032 indiciis
3614 978 3775 1033 vale-

2072 1064 2290 1117 tudinis
2338 1080 2479 1118 mea
2530 1080 2633 1133 pro
2682 1068 2867 1117 vestro
2923 1063 3207 1119 desiderio
3247 1066 3428 1136 factis,
3477 1084 3681 1138 precor
3710 1071 3775 1122 ut

2074 1152 2294 1207 ﬁduciae
2350 1169 2467 1207 sua
2512 1154 2758 1206 fructum
2821 1152 3007 1222 capiat
3055 1169 3121 1207 ex
3174 1155 3524 1225 dignationis
3571 1162 3769 1210 vestra

2074 1257 2253 1295 messe
2277 1242 2620 1311 locupletem
2652 1258 2664 1295 :
2691 1246 2747 1295 et
2778 1241 3043 1311 quotiens
3073 1242 3292 1296 votivus
3338 1250 3769 1299 commeantum

2073 1346 2270 1383 cursus
2303 1331 2619 1395 accesserit,
2653 1331 2720 1383 ad
2756 1330 3171 1384 sublevandum
3203 1348 3312 1400 me,
3342 1349 3481 1403 quas
3513 1335 3575 1388 in
3605 1350 3770 1388 amo-

2053 1416 2150 1470 .ris
2180 1418 2382 1471 solatio
2413 1418 2687 1488 accipitis,
2721 1417 2958 1488 paginas
2990 1418 3289 1471 destinate.

2005 1746 2042 1798 Β

250 3021 486 3074 extollat
519 3036 533 3073 :
567 3020 947 3076 honestorum
992 3028 1045 3077 te
1091 3023 1382 3095 obsequiis
1426 3022 1816 3076 indesinenter
1844 3021 1951 3074 im-
1992 3027 2032 3082 C

247 3111 477 3179 pende;
513 3127 609 3164 eos
659 3111 758 3182 qui
818 3114 1101 3166 consortio
1152 3130 1211 3167 se
1265 3130 1367 3167 suo
1415 3113 1700 3183 polluunt,
1744 3111 1957 3164 debens

248 3199 483 3251 monitis
519 3202 730 3254 nostris
780 3203 1181 3269 reverentiam,
1232 3204 1387 3256 velut
1440 3201 1643 3255 veneni
1688 3200 1959 3271 poculum

248 3286 424 3355 fuge;
461 3287 784 3356 profectum
814 3295 979 3343 tuum
1024 3290 1249 3360 paginis
1294 3290 1434 3343 scire
1483 3288 1690 3359 cupido
1736 3302 1961 3356 semper

250 3375 555 3428 annuntia.
592 3376 755 3439 Quod
800 3384 1079 3447 superest,
1135 3382 1277 3444 vale,
1330 3384 1383 3432 et
1413 3378 1679 3431 omnibus
1728 3374 1961 3446 superni

252 3463 471 3516 favoris
504 3464 737 3534 adjutus
764 3466 1012 3535 auxiliis,
1045 3467 1278 3521 familia
1302 3473 1413 3521 tua
1443 3468 1511 3521 de
1533 3465 1757 3537 peritiae
1780 3480 1961 3519 messe

254 3552 566 3622 responde.

831 3645 1163 3700 EPISTULA
1200 3646 1379 3703 XXIV.

672 3748 997 3789 ENNODIUS
1036 3740 1059 3773 ²
1100 3750 1563 3789 ARCHOTAMIB.

329 3822 609 3887 Quamvis
633 3822 727 3892 jus
757 3823 1093 3890 affectionis,
1129 3822 1645 3895 consanguinitatis
1676 3823 1800 3892 lege
1831 3838 1965 3875 con-

258 3914 545 3977 strictum,
578 3911 882 3981 regionum
910 3912 1234 3981 prolixitate
1253 3929 1369 3965 non
1391 3917 1607 3982 pereat,
1638 3927 1738 3965 nec
1768 3915 1968 3964 catena

261 4004 515 4071 generis,
570 4017 701 4070 qua
757 4001 980 4053 animas
1025 4002 1222 4068 nectit,
1276 4008 1555 4055 terrarum
1606 4002 1967 4072 separatione

259 4090 579 4155 dividatur,
615 4095 867 4142 attamen
898 4090 1175 4159 pabulum
1214 4088 1469 4143 caritatis
1500 4094 1602 4153 est,
1628 4094 1727 4143 aut
1750 4089 1964 4155 videre,

262 4184 365 4232 aut
395 4178 587 4232 ofﬁcio
636 4180 915 4233 sermonis
964 4182 1249 4250 appellare
1296 4195 1468 4250 quem
1517 4179 1720 4249 diligas
1748 4194 1761 4232 :
1794 4178 1969 4232 nesci-

260 4273 466 4321 rentur
497 4274 714 4322 secreta
760 4268 1065 4334 mentium,
1103 4268 1211 4321 nisi
1246 4269 1567 4338 proditione
1614 4269 1963 4338 linguarum.

264 4357 399 4410 Hac
430 4358 490 4410 in
523 4373 625 4409 usu
655 4358 875 4411 vocavit
900 4356 1233 4427 antiquitas,
1267 4362 1329 4411 ut
1360 4358 1457 4411 illa
1484 4373 1613 4428 qua
1642 4358 1970 4428 pectoribus

264 4446 465 4499 clausa
499 4452 652 4510 sunt,
682 4463 799 4500 non
829 4447 1089 4500 laterent.
1116 4446 1234 4516 Ego
1265 4447 1472 4501 Gallias
1502 4463 1632 4518 qua
1668 4452 1850 4500 totum
1881 4462 1970 4501 me

263 4542 505 4604 propter
533 4552 633 4588 vos
662 4535 773 4589 sibi
802 4535 1114 4601 vindicant,
1138 4535 1183 4589 si
1210 4537 1390 4590 oculis
1414 4553 1526 4590 non
1554 4536 1814 4605 inspicio,
1840 4535 1971 4588 affe-

266 4625 457 4677 ctione
491 4640 612 4678 non
638 4625 854 4679 desero.
889 4627 1105 4680 Gratias
1139 4632 1333 4681 tamen
1378 4626 1744 4698 prasentium
1777 4626 1971 4695 perla-

268 4707 408 4771 tori,
436 4707 539 4777 qui
571 4709 920 4761 necessitatis
980 4726 1093 4762 sua
1145 4710 1441 4765 occasione
1479 4708 1779 4764 desideriis
1829 4707 1971 4761 meis

268 4796 560 4865 praestitit,
612 4802 673 4849 ut
710 4798 858 4851 inter
906 4801 1077 4851 astus
1115 4800 1439 4853 animarum
1492 4798 1703 4869 quibus
1747 4798 1973 4868 bajulus

269 4884 486 4949 deerat,
539 4888 801 4953 optatum
845 4887 1131 4956 praberet
1178 4887 1450 4943 ofﬁcium.
1516 4888 1782 4943 Salutans
1838 4902 1973 4958 ergo

274 4974 505 5027 servitio
536 4973 749 5039 debito,
787 4990 985 5043 precor
1019 4980 1080 5028 ut
1110 4976 1356 5046 portitor
1385 4976 1644 5030 beneﬁcii
1675 4976 1764 5031 sui
1794 4976 1972 5030 vicem

274 5063 536 5132 recipiat,
573 5068 632 5117 et
681 5064 781 5134 qui
827 5064 888 5117 in
939 5064 1149 5134 gaudio
1182 5080 1311 5118 meo
1365 5066 1675 5135 opitulatus
1722 5072 1828 5131 est,
1860 5066 1975 5119 suis

276 5152 423 5204 votis
453 5152 789 5206 restitutum
818 5167 923 5222 per
951 5168 1042 5205 me
1073 5152 1265 5206 credat
1288 5153 1575 5209 effectum.

862 5241 1193 5296 EPISTULA
1232 5242 1397 5297 XXV.

809 5345 1138 5385 ENNUDIUS
1185 5345 1449 5385 FAUSTO.

343 5417 464 5471 Scit
494 5419 833 5489 magnitudo
856 5425 1042 5473 vestra
1074 5436 1185 5489 quo
1217 5436 1307 5473 me
1340 5420 1625 5474 honorent
1645 5420 1979 5491 prajudicio

273 5508 605 5561 studiorum
640 5508 968 5562 liberalium
1008 5512 1333 5575 sectatores,
1383 5513 1658 5580 tanquam
1688 5526 1812 5563 rem
1868 5509 1980 5563 sibi

274 5594 532 5649 debitam
559 5596 1075 5652 commendationis
1124 5614 1267 5652 mea
1317 5598 1527 5669 scripta
1569 5603 1882 5668 poscentes.
1917 5599 1980 5653 In

354 5720 367 5755 ⁸
405 5720 569 5775 Forte
592 5720 857 5775 sationis.

2010 4384 2051 4436 ι)

2651 1524 2987 1579 EPISTULA
3024 1525 3197 1579 XXVI.

2554 1629 2875 1669 ENNODIUS
2922 1628 3281 1668 EUPREPIE.

2144 1719 2432 1774 Debentur
2478 1720 2708 1790 quidem
2751 1720 3074 1774 necessitati
3114 1719 3360 1786 silentia,
3421 1720 3515 1775 sed
3563 1720 3771 1792 scripta

2079 1810 2411 1880 diligentia.
2472 1810 2653 1881 Exigit
2701 1816 2887 1864 metus
2936 1809 3338 1863 abstinentiam
3388 1810 3765 1877 tabellarum;

2074 1900 2170 1954 sed
2202 1900 2490 1953 interdum
2530 1900 2692 1953 cedet
2723 1898 2968 1954 aﬁ'ectui.
3014 1899 3111 1952 Vix
3145 1898 3433 1969 aliquibus
3464 1898 3772 1970 acquiescit

2075 1988 2385 2043 obstaculis
2418 2004 2579 2042 mens
2610 1990 2871 2056 amantis,
2909 1992 3094 2042 servet
3132 1988 3201 2041 ad
3250 1987 3604 2042 redhibenda
3636 2004 3771 2058 gra—

2072 2079 2166 2134 tia
2209 2076 2497 2149 stipendia
2545 2079 2737 2149 potius
2775 2093 2904 2132 cum
2948 2081 3190 2131 vetatur.
3244 2078 3378 2130 Ecce
3422 2077 3769 2147 pralocutus

2070 2182 2198 2237 qua
2229 2182 2320 2219 me
2346 2182 2519 2219 causa
2549 2166 2619 2219 ab
2653 2166 2740 2220 his
2772 2165 2986 2219 muniis
3034 2166 3454 2235 suspenderet;
3502 2166 3766 2237 relinquo

2068 2254 2436 2309 conscientia
2484 2258 2683 2309 vestra
2731 2271 2858 2326 qua
2901 2253 3071 2308 faciat
3117 2254 3550 2325 obsequentem.
3589 2255 3766 2309 Deum

2068 2347 2263 2398 tamen
2290 2348 2574 2415 precatus,
2606 2343 2663 2397 in
2694 2343 2842 2398 bona
2887 2359 2978 2397 me
3034 2342 3380 2411 valetudine,
3414 2343 3501 2397 vel
3536 2343 3767 2414 Lupici-

2068 2449 2207 2487 num
2238 2439 2503 2487 nostrum
2542 2449 2661 2487 esse
2710 2432 3006 2502 signiﬁco:
3046 2432 3153 2486 hoc
3203 2432 3271 2487 de
3302 2432 3463 2487 vobis
3510 2432 3766 2502 cupiens,

2067 2539 2196 2594 qua
2227 2539 2260 2576 a
2297 2539 2389 2576 me
2438 2527 2573 2577 sunt
2619 2526 2923 2593 prorogata
2971 2537 3331 2591 cognoscere.
3383 2520 3523 2577 Nolo
3572 2526 3766 2575 tamen

2066 2628 2262 2666 curam
2298 2617 2542 2665 vestram
2578 2610 2916 2681 sequestrati
2947 2610 3207 2680 pignoris
3232 2611 3378 2665 fasce
3405 2611 3763 2681 deprimatis:

2065 2702 2275 2755 credite
2306 2700 2671 2755 conscientia
2701 2716 2842 2753 mea
2868 2719 2881 2766 ;
2906 2700 3031 2769 plus
3053 2700 3137 2753 illi
3160 2716 3261 2770 per
3284 2700 3537 2755 studium
3563 2701 3763 2766 debeo,

2066 2806 2237 2861 quam
2272 2790 2395 2860 ipsa
2425 2789 2695 2843 exhibere
2718 2792 2942 2858 poteras
2970 2803 3075 2858 per
3095 2794 3381 2842 naturam.
3419 2788 3649 2842 Utinam
3684 2788 3768 2841 in-

2064 2879 2299 2950 genium
2321 2879 2474 2931 illius
2506 2877 2781 2931 beneficia
2808 2892 3057 2947 superna
3077 2876 3415 2931 meliorentl
3446 2877 3585 2929 Vere
3609 2877 3761 2943 dico,

2064 2968 2223 3020 vobis
2254 2967 2324 3020 ad
2357 2966 2615 3035 longiora
2649 2964 3128 3033 digredientibus,
3179 2964 3482 3034 utriusque
3515 2966 3767 3034 parentis

2067 3055 2389 3110 sollicitudo
2414 3071 2501 3108 me
2527 3053 2774 3123 respicit,
2802 3069 2973 3123 quam
2999 3051 3294 3122 potuimus
3316 3052 3375 3106 in
3391 3069 3572 3106 unum
3594 3053 3766 3123 positi

2067 3162 2195 3199 cum
2231 3143 2546 3198 ambitione
2569 3141 2788 3211 partiri.
2828 3141 3067 3194 Domina
3090 3141 3188 3207 mi,
3211 3132 3613 3195 salutationem
3642 3142 3768 3211 ple-

2067 3232 2365 3284 nissimam
2399 3228 2615 3295 dicens,
2649 3244 2853 3297 precor
2886 3233 2945 3280 ut
2982 3233 3209 3281 tantum
3244 3228 3387 3281 mihi
3416 3228 3665 3281 caritatis
3711 3233 3768 3281 et

2069 3320 2343 3375 orationis
2374 3318 2711 3382 suffragium
2743 3316 3084 3381 concedatis,
3122 3321 3402 3386 quantum
3440 3332 3533 3369 me
3565 3317 3635 3371 ad
3669 3316 3766 3370 de-

2071 3408 2264 3463 siderii
2293 3406 2465 3460 vestri
2493 3406 2760 3460 effectum
2792 3404 3023 3458 tendere
3057 3404 3495 3475 comprobastis.

2627 3510 2963 3566 EPISTULA
3002 3511 3203 3565 XXVII.

2583 3615 2905 3655 ENNUDIUS
2950 3614 3249 3655 SENARIO.

2146 3711 2292 3766 Uber
2317 3708 2723 3764 conscientiam
2762 3712 3007 3762 vestram
3040 3725 3143 3777 pro
3174 3723 3423 3777 superna
3470 3706 3769 3778 dispensao

2072 3800 2230 3854 tione
2262 3798 2585 3853 vicissitudo
2613 3799 2917 3852 comitetur
2945 3815 2957 3864 ;
2990 3798 3189 3852 reddat
3209 3814 3311 3867 pro
3340 3797 3615 3867 parvitate
3643 3813 3770 3851 mea

2075 3889 2399 3945 Altissimus
2431 3888 2584 3958 quod
2614 3888 2869 3958 agnoscit
2897 3904 2929 3940 a
2960 3886 3139 3953 vobis,
3173 3887 3273 3958 qui
3295 3902 3521 3956 semper
3563 3903 3769 3941 aman-

2077 3979 2230 4033 tibus
2256 3978 2448 4031 ﬁdeles
2472 3976 2785 4042 exstitistis,
2817 3976 2989 4030 fuisse
3020 3976 3310 4029 collatum.
3342 3977 3541 4031 Certus
3574 3981 3771 4046 portus

2077 4071 2179 4133 est,
2212 4065 2458 4135 pecteris
2510 4065 2681 4119 vestri
2730 4066 3017 4119 invenisse
3051 4064 3415 4135 diligentiam
3444 4081 3457 4118 :
3491 4066 3622 4118 estis
3670 4066 3775 4118 hac

2076 4153 2505 4210 conversatione
2537 4154 2785 4223 praditi,
2840 4159 2900 4209 ut
2934 4154 3252 4208 amicorum
3298 4170 3460 4224 spem
3509 4154 3770 4208 beneﬁcii

2076 4244 2375 4299 collatione
2435 4242 2690 4297 vincatis.
2743 4243 3059 4298 Secundam
3114 4243 3565 4298 admonitionem
3633 4242 3778 4296 desi-

2079 4336 2234 4403 dero,
2268 4338 2331 4388 ut
2361 4334 2685 4404 injunctum
2716 4332 2825 4387 iter
2854 4332 3148 4402 arripiam.
3184 4334 3319 4386 Date
3340 4331 3564 4386 felicem
3589 4331 3779 4385 dexte-

2080 4440 2200 4478 ram
2237 4421 2552 4477 humilitati
2600 4437 2761 4489 mea,
2812 4426 2868 4474 et
2897 4437 3171 4491 prospera
3222 4436 3449 4473 mecum
3478 4423 3662 4472 vestra
3693 4418 3778 4471 di-

2080 4514 2269 4567 vidite.
2305 4512 2547 4566 Domine
2578 4511 2675 4577 mi,
2726 4509 3085 4563 salutationis
3133 4508 3409 4579 obsequia
3472 4512 3774 4579 praestans,

2080 4618 2299 4672 quaso,
2333 4606 2397 4654 ut
2426 4600 2471 4653 si
2494 4616 2686 4653 rerum
2710 4599 2977 4653 dominus
3002 4598 3156 4668 apud
3179 4600 3509 4652 Ravennam
3536 4597 3780 4651 feliciter

2079 4690 2550 4757 commorabitur,
2584 4688 2847 4743 indicetis
2880 4692 3160 4759 quatenus
3184 4688 3305 4742 sine
3338 4686 3612 4757 ambiguo
3636 4703 3782 4757 pra-

2080 4786 2242 4851 cepta
2270 4785 2457 4835 vestra
2485 4778 2801 4849 perﬁciam.

2631 4884 2971 4940 EPISTULA
3008 4884 3237 4940 XXVIII.

2588 4990 2909 5030 ENNUDIUS
2953 4988 3297 5029 GUDILEVU.

2154 5065 2356 5119 Solent
2385 5064 2593 5134 quibus
2625 5063 2864 5117 felicitas
2890 5066 2948 5117 et
2986 5062 3265 5133 potentia,
3317 5062 3430 5115 Deo
3461 5060 3783 5125 ordinante,

2084 5152 2441 5219 conceditur,
2499 5152 2747 5206 humiles
2796 5149 3081 5205 consolari
3116 5150 3305 5204 ofﬁcio
3350 5149 3691 5217 litterarum,
3735 5156 3789 5203 et

2085 5257 2361 5313 prospera
2394 5258 2495 5295 sua
2526 5241 2871 5311 paginarum
2902 5239 3368 5310 promulgatione
3407 5238 3629 5308 partiri.
3675 5239 3789 5307 Ego

2087 5331 2271 5386 multo
2304 5335 2562 5400 tempore
2594 5334 2654 5384 ut
2686 5330 2774 5383 his
2805 5330 3135 5383 sublevarer
3168 5326 3402 5395 muniis,
3444 5328 3783 5397 exspectavi.

2088 5421 2196 5476 Sed
2230 5420 2584 5473 cessantibus
2633 5418 2795 5473 vobis
2842 5416 3231 5473 necessarium
3280 5415 3492 5470 credidi
3538 5432 3654 5469 non
3708 5422 3790 5469 ta-

2088 5526 2234 5575 cere,
2270 5514 2335 5563 ut
2384 5509 2537 5579 quod
2592 5524 2753 5563 amor
2783 5525 2901 5562 non
2948 5508 3144 5577 exigit,
3197 5505 3361 5576 juxta
3407 5504 3789 5575 evangelicam

2088 5597 2395 5652 lectionem
2426 5602 2715 5651 mereatur
2756 5595 3189 5667 importunitas.
3238 5593 3487 5649 Domine
3517 5594 3617 5663 mi,
3656 5596 3795 5647 salu-

2162 5726 2185 5759 ²
2218 5722 2628 5793 Archotamiae]
2656 5722 2971 5781 Arelatensi
2995 5721 3457 5791 consanguinea,
3482 5720 3580 5776 lib.
3604 5735 3704 5783 vn,
3735 5723 3797 5773 14
