4102 6182
375 279 474 335 Hi

1600 278 1891 337 ENNODII
1928 278 2240 338 EPISCOPI
2276 281 2669 341 TICINENSIS

3769 291 3860 344 Il?

367 413 649 471 tationem
677 412 1070 487 plenissimam
1096 413 1309 483 dicens,
1331 429 1547 486 quaeso,
1570 418 1635 469 ut
1654 431 1745 470 me
1766 414 2066 487 antiquum
2106 418 2153 472 A
2177 418 2299 484 rat;
2327 432 2501 488 quam
2533 431 2664 472 cum
2684 418 2859 488 negat
2887 414 3068 472 anxiis
3113 415 3161 471 is
3205 414 3304 489 qui
3333 415 3492 472 nullo
3523 416 3761 472 labascit
3793 416 3860 472 in-

368 505 649 562 cultorem
676 509 931 562 vestrum
986 505 1084 562 illo
1114 504 1348 562 foveatis
1401 520 1515 577 quo
1548 504 1685 560 olim
1724 504 2064 577 promisistis

366 594 573 650 affectu
613 610 629 651 :
664 598 722 650 et
763 610 1038 668 prospera
1093 596 1279 649 vestra
1329 592 1674 665 paginarum
1714 609 1808 651 me
1845 593 2064 649 faciatis

365 683 676 741 directione
708 698 1069 756 cognoscere.
1390 750 1397 755 1

940 770 1278 829 EPISTOLA
1309 770 1481 830 XXIX.

888 877 1212 920 ENNODIUS
1259 877 1525 920 FAUSTO.

431 953 701 1021 Quamvis
721 952 956 1009 sublimi
996 953 1118 1009 viro
1167 957 1222 1009 et
1254 954 1415 1009 omni
1440 952 1765 1027 integritate
1790 953 2058 1026 praedito,

360 1046 382 1084 ¹
411 1043 622 1103 Sabino
650 1044 893 1099 Romam
922 1047 1287 1116 properante,
1339 1046 1460 1098 tute
1498 1044 1844 1116 paginarum
1877 1043 2061 1099 ofﬁcia

360 1133 791 1204 commisissem,
827 1139 890 1190 ut
920 1133 1268 1205 resignanda
1293 1149 1396 1206 per
1428 1134 1648 1189 litteras
1696 1133 1879 1190 ﬁdelis
1910 1133 2057 1189 rela-

359 1228 451 1281 tor
479 1228 777 1294 assereret,
811 1228 1063 1281 attamen
1092 1222 1466 1279 sollicitudini
1492 1240 1637 1279 meae
1670 1223 1843 1279 debui
1875 1222 2062 1294 dupli-

358 1314 520 1371 cibus
550 1313 1011 1388 magnitudinem
1056 1317 1303 1370 vestram
1350 1314 1578 1369 indiciis
1620 1313 1952 1382 informare,
1991 1316 2063 1368 ut

359 1405 613 1477 perlator
661 1420 730 1460 ex
772 1402 977 1459 litteris
1035 1407 1260 1459 secutus
1317 1402 1670 1476 principium
1716 1402 2062 1459 narrationis

268 1570 271 1573 _
360 1497 632 1551 assumat.
686 1496 816 1549 Haec
841 1494 1053 1565 scripto
1101 1494 1401 1566 degustata
1451 1492 1734 1548 sufﬁciant
1769 1509 1782 1548 :
1818 1493 1887 1548 ad
1919 1492 2060 1548 illud

357 1588 631 1652 revertor,
662 1587 899 1655 propter
924 1583 1077 1656 quod
1127 1584 1381 1656 epistolae
1430 1583 1809 1639 destinantur.
1862 1583 2060 1637 Valere

357 1691 451 1731 me
480 1690 717 1746 corpore
739 1672 978 1744 nuntio;
1005 1674 1121 1729 Deo
1154 1674 1501 1746 supplicans,
1535 1678 1599 1729 ut
1624 1677 1835 1729 statum
1853 1671 2057 1729 animae

358 1764 428 1820 de
459 1766 647 1821 vestra
668 1760 842 1819 faciat
860 1761 1240 1835 prosperitate
1267 1763 1541 1835 reparari.

947 1852 1193 1908 EPISTO
1206 1851 1287 1911 LA
1324 1852 1472 1909 XXX.

895 1955 1215 1999 BNNODIUS
1262 1956 1524 2000 FAUSTO.

431 2030 559 2087 Non
578 2033 769 2103 potest
798 2030 1008 2087 doloris
1031 2030 1488 2104 magnitudinem
1519 2029 1712 2103 eloqui
1736 2029 1850 2086 oris
1880 2029 2060 2086 infan-

358 2119 458 2187 tia,
481 2121 582 2193 qui
610 2121 755 2176 mihi
786 2121 855 2176 de
884 2121 983 2176 illa
1028 2137 1091 2177 re
1131 2121 1392 2193 contigit,
1429 2121 1584 2194 quod
1627 2121 1832 2176 harum
1860 2121 2050 2192 perla-

354 2211 577 2267 toribus
606 2211 677 2267 ad
704 2210 993 2282 Liguriam
1029 2210 1327 2266 destinatis
1352 2227 1385 2265 a
1428 2209 1738 2282 scriptione
1765 2214 2050 2281 tempera-

357 2300 458 2355 stis
487 2316 499 2356 :
528 2315 775 2372 quorum
808 2300 1289 2355 commeationem
1318 2316 1419 2355 vos
1448 2299 1743 2371 ignorasse
1782 2315 1899 2353 non
1936 2314 2058 2354 crc-

358 2389 500 2457 didi,
540 2394 597 2445 et
626 2389 993 2462 praesentiam
1027 2388 1445 2461 magnitudinis
1481 2394 1680 2444 vestrae
1709 2405 1741 2444 a
1766 2388 2058 2461 petitionis

2170 508 2346 573 certo,
2373 505 2625 578 resignat
2644 522 2702 561 se
2732 505 3031 578 diligentia
3059 522 3173 561 non
3224 506 3427 562 teneri.
3462 509 3746 562 Paveruut
3769 507 3858 561 diu

2171 596 2428 651 animum
2461 612 2654 651 meum
2673 613 2705 651 a
2734 595 3133 669 magnitudine
3163 601 3351 652 vestra
3380 596 3665 651 destinata
3690 595 3853 650 collo-

2171 686 2328 758 quia,
2380 689 2435 740 et
2495 685 2773 741 hilaritati
2840 702 3093 757 congrua
3161 687 3375 758 pabula
3442 685 3853 757 praestiterunt.

2170 777 2423 842 Quorum
2445 793 2600 832 nunc
2626 776 3033 833 abstinentiam
3065 793 3182 832 non
3221 777 3386 832 affert
3418 776 3731 843 tristitiam,
3766 776 3854 831 sed

2168 867 2322 939 cogit
2344 868 2416 922 ad
2455 867 2711 923 exitium.
2744 867 2936 922 Potuit
2983 866 3141 921 enim
3173 866 3344 921 saluti
3388 882 3555 938 opem
3584 866 3855 936 tribuere,

2169 958 2321 1028 quod
2351 961 2481 1013 ante
2533 956 2800 1013 militavit
2828 956 3104 1025 aﬁ‘ectui;
3166 956 3425 1028 abjurata
3482 960 3565 1010 est
3612 956 3862 1011 caritatis

2167 1047 2390 1118 religio,
2422 1047 2653 1119 quando
2696 1047 3000 1119 profutura
3043 1062 3183 1101 mea:
3220 1045 3533 1101 valetudini
3563 1045 3732 1101 verba
3761 1045 3861 1100 de—

2167 1139 2472 1207 negantur.
2530 1135 2857 1208 Agnovistis
2904 1135 3045 1208 quid
3090 1134 3348 1190 fecerunt
3394 1135 3617 1190 silentia
3646 1138 3856 1203 vestra;

2169 1225 2379 1294 quibus
2428 1226 2825 1281 emendatione
2882 1225 3241 1280 succurrite:
3275 1240 3407 1279 nam
3455 1224 3608 1295 apud
3660 1239 3758 1279 vos
3818 1224 3859 1277 si

2166 1313 2282 1368 mei
2310 1329 2425 1370 non
2450 1314 2780 1370 dominatur
2801 1313 3030 1383 oblivio,
3066 1314 3377 1386 scriptione
3405 1316 3725 1367 mutantur.
3763 1314 3861 1367 Do-

2167 1403 2322 1459 mine
2362 1405 2462 1474 mi,
2519 1405 2764 1460 salutem
2810 1403 3193 1476 largissimam
3223 1402 3494 1472 referens,
3547 1402 3727 1457 Deum
3768 1401 3858 1456 de-

2167 1509 2389 1565 precor,
2432 1498 2495 1549 ut
2556 1494 2790 1551 aestibus
2848 1494 2991 1549 meis
3039 1493 3276 1565 superni
3315 1491 3613 1564 dispositio
3655 1491 3862 1547 favoris

2167 1588 2448 1647 occurrat,
2481 1587 2537 1638 et
2567 1583 2627 1637 in
2660 1583 2863 1638 solatio
2897 1598 3205 1637 moerorum
3228 1598 3490 1637 meorum
3520 1582 3618 1637 illa
3647 1597 3677 1636 a
3704 1580 3862 1637 vobis

2168 1673 2435 1729 indicarit
2462 1672 2651 1743 faciat,
2686 1689 2817 1744 quae
2843 1672 3081 1727 delectet
3112 1674 3364 1743 agnosci.

2722 1761 3047 1819 EPISTOLA
3088 1762 3316 1819 XXXIII.

2411 1867 2735 1910 ENNODIUS
2782 1865 3127 1909 HORMISDE
3177 1868 3247 1907 ET
3294 1865 3625 1907 DIOSCORO.

2243 1942 2367 2000 Scio
2440 1941 2849 1999 conscientiam
2901 1943 3232 2014 religiosam
3290 1941 3507 2014 grande
3578 1940 3862 1996 aestimare

2167 2032 2592 2104 compendium,
2625 2032 2673 2088 si
2701 2032 3010 2104 praestandi
3038 2036 3307 2087 nascatur
3336 2030 3577 2099 occasio,
3621 2030 3710 2085 his
3744 2047 3858 2085 ma-

2167 2123 2321 2179 xime
2366 2139 2511 2195 quos
2596 2123 2827 2178 devotos
2900 2122 3178 2177 exstitisse
3251 2121 3661 2177 meminerunt.
3716 2122 3864 2192 Ergo

2168 2214 2428 2284 quamvis
2458 2212 2646 2285 prima
2691 2212 3029 2267 reverentiae
3079 2216 3283 2267 vestras
3340 2228 3510 2267 causa
3558 2210 3629 2265 sit
3658 2211 3867 2283 scripta

2167 2303 2452 2371 mittendi,
2507 2307 2565 2358 et
2621 2302 2884 2358 utilitatis
2942 2302 3207 2374 allegatio
3236 2303 3306 2357 sit
3363 2301 3717 2374 subjicienda
3771 2302 3865 2357 di-

2166 2392 2438 2463 ligentia,
2486 2396 2742 2447 attamen
2794 2392 2996 2447 anxius
3061 2393 3288 2447 animus
3346 2409 3493 2463 saepe
3544 2392 3865 2446 necessaria

360 2480 636 2552 qualitate
664 2479 1013 2553 deprehendi
1046 2496 1060 2535 :
1088 2480 1255 2535 datur
1285 2480 1440 2535 enim
1471 2479 1717 2535 inveniri
1747 2496 1779 2533 a
1808 2479 2061 2550 disposi-
2163 2484 2451 2555 praeponit
2467 2482 2713 2539 aﬁ‘ectui.
2748 2483 2979 2538 Retinet
3007 2482 3337 2537 fraternitas
3360 2484 3549 2535 vestra
3580 2480 3863 2535 domnum

358 2569 430 2625 tis
461 2573 846 2626 tractatorem.
894 2571 979 2627 Me
1008 2571 1201 2625 tamen
1229 2574 1410 2625 urunt
1455 2570 1830 2641 epistolarum
1878 2568 2056 2635 ierim,

358 2676 500 2733 quas
549 2661 621 2716 ad
668 2662 928 2716 levamen
960 2660 1222 2716 maeroris
1253 2658 1364 2714 mei
1408 2659 1582 2713 etiam
1633 2657 2058 2729 occupatissimi

356 2749 667 2822 repulistis.
714 2751 876 2806 Nunc
925 2750 994 2806 ad
1023 2754 1154 2805 vota
1179 2749 1370 2805 redeo.
1413 2749 1624 2817 Valete,
1658 2750 1679 2771 ⁶
1711 2747 1790 2802 mi
1816 2746 2054 2815 domini,

357 2843 415 2894 et
448 2840 739 2896 caelestem
786 2839 935 2895 circa
990 2856 1088 2895 vos
1131 2838 1377 2911 gratiam
1420 2836 1726 2909 multiplici
1769 2836 2056 2907 resignate

354 2930 661 3003 colloquio.
696 2932 927 2986 Partum
978 2934 1064 2985 est
1099 2929 1255 2985 enim
1300 2928 1519 2984 actibus
1575 2927 1798 2993 vestris,
1849 2926 2056 2997 quietis

2166 2588 2377 2644 papam
2412 2573 2481 2627 de
2508 2588 2776 2644 expensa,
2812 2588 2986 2644 quam
3024 2571 3323 2643 episcopus
3352 2586 3514 2625 meus
3540 2569 3692 2640 apud
3746 2571 3867 2624 Ra-

2166 2679 2413 2718 vennam
2438 2679 2540 2735 pro
2568 2662 2690 2733 ejus
2722 2663 2967 2717 utilitate
3002 2678 3093 2717 me
3121 2661 3439 2732 spondente
3461 2659 3686 2725 fecerat,
3708 2659 3872 2713 resti-

2166 2753 2448 2807 tutionem
2480 2751 2653 2807 fuisse
2684 2752 3027 2823 pollicitum.
3073 2752 3183 2807 Sed
3213 2754 3403 2806 actum
3453 2755 3535 2805 est
3568 2754 3631 2805 ut
3652 2748 3741 2804 vix
3797 2751 3871 2805 ad

2162 2858 2263 2896 vos
2292 2841 2578 2912 dirigendi
2606 2844 2905 2913 praestaret
2928 2840 3209 2908 inducias,
3244 2844 3300 2895 et
3346 2840 3414 2894 de
3452 2855 3581 2893 mea
3630 2838 3740 2893 sibi
3771 2857 3863 2893 sa-

2164 2930 2563 2986 tisfaciendum
2612 2947 2733 2986 esse
2764 2930 3082 2986 substantia
3123 2933 3487 3001 protestatur.
3523 2929 3681 2985 Nunc
3726 2929 3872 3000 quia

292 3080 299 3083 _
354 3023 615 3092 tempore
642 3020 711 3076 de
744 3036 809 3076 ea
838 3035 967 3092 quae
992 3018 1054 3074 in
1082 3018 1377 3074 laboribus
1415 3022 1537 3073 sata
1566 3020 1669 3087 est,
1712 3015 2055 3072 innocentiae
2094 3031 2135 3087 ρ
2165 3021 2400 3092 grandis
2429 3036 2654 3075 summa
2683 3037 2799 3075 non
2831 3025 2915 3075 est
2938 3037 3066 3093 quas
3102 3021 3439 3091 reposcitur,
3473 3023 3531 3074 et
3568 3034 3869 3073 summum

353 3125 537 3167 messe
567 3110 834 3183 gaudere.

928 3196 1264 3254 EPISTOLA
1299 3197 1473 3252 XXXI.

793 3302 1120 3344 ENNODIUS
1167 3300 1383 3341 DOMNO
1427 3300 1624 3343 PAPB.

423 3376 671 3448 Pervigil
721 3375 1095 3432 beatitudinis
1158 3378 1360 3429 vestrae
1418 3390 1574 3443 cura,
1636 3372 1799 3445 quasi
1854 3388 2044 3428 coram

352 3468 589 3539 positos,
622 3466 681 3521 in
712 3480 1058 3538 quocunque
1088 3464 1199 3519 loci
1216 3463 1347 3531 sint,
1369 3464 1750 3535 obsequentes
1784 3463 2046 3531 attendit,

351 3560 408 3613 et
437 3556 559 3611 sine
607 3555 741 3611 ullis
788 3554 966 3623 feriis,
1022 3555 1159 3610 dum
1191 3553 1393 3625 gratiae
1433 3553 1767 3624 suffragium
1816 3556 2048 3624 prazstat

350 3646 619 3719 expertis,
656 3644 862 3700 invitat
881 3649 1201 3699 extraneos.
1236 3643 1463 3699 Etenim
1492 3643 1685 3714 plures
1713 3642 1782 3697 de
1822 3647 2046 3714 specta-

348 3736 477 3792 culo
529 3736 744 3791 fructus
794 3734 1104 3806 capiuntur
1160 3733 1374 3789 laboris
1430 3732 1640 3788 alieni:
1692 3731 1827 3804 quia
1880 3732 2047 3788 discit

348 3842 584 3898 operam
624 3841 832 3880 navare
890 3823 950 3879 in
999 3824 1163 3895 cujus
1213 3822 1392 3878 oculis
1435 3822 1757 3878 redduntur
1807 3823 2046 3894 praemia

346 3916 571 3972 sudoris
592 3918 648 3972 et
674 3914 827 3970 ﬁdei.
860 3914 1047 3986 Atque
1070 3912 1290 3969 utinam
1321 3929 1426 3984 par
1448 3912 1595 3968 votis
1612 3917 1759 3968 esset
1789 3911 2039 3968 eﬁ‘ectusl

348 4010 407 4063 et
434 4005 586 4078 quod
614 4004 787 4060 didici
808 4020 911 4076 pro
926 4002 1229 4075 religione,
1248 4018 1515 4074 cuperem
1533 4002 2037 4073 dareturimplere.

354 4096 595 4152 Domlne
628 4095 727 4162 mi,
774 4094 1085 4149 famulatus
1142 4092 1254 4148 mei
1309 4092 1691 4148 humilitatem
1748 4091 2039 4159 exhibens,

340 4202 515 4258 parca
541 4185 602 4241 in
631 4184 899 4240 maximis
928 4181 1251 4240 elocutione
1273 4186 1595 4249 contentus,
1625 4181 1762 4253 quid
1796 4181 2039 4235 domnus

339 4277 640 4350 episcopus
692 4276 867 4331 frater
896 4276 1081 4330 vester
1141 4289 1315 4344 super
1354 4272 1567 4328 directa
1595 4270 1880 4341 legatione
1909 4285 2038 4325 sen-

340 4366 497 4436 serit,
526 4363 985 4438 patefaciendum
1015 4362 1239 4435 praefati
1268 4362 1472 4418 litteris
1500 4359 1855 4431 derelinquo.

903 4453 1138 4509 EPISTO
1147 4454 1234 4509 LA
1271 4451 1463 4507 XXXII.

867 4557 1190 4601 ENNODIUS
1235 4554 1499 4596 AVIENO.

409 4635 551 4692 Cum
570 4649 798 4706 semper
824 4633 939 4689 sint
965 4633 1289 4689 litterarum
1319 4630 1470 4684 inter
1490 4630 1747 4683 amantes
1772 4627 2034 4699 jucunda

337 4725 699 4795 commercia,
733 4729 791 4781 et
816 4741 882 4779 ex
909 4723 998 4779 his
1025 4720 1256 4789 muniis,
1291 4718 1465 4775 etiam
1496 4717 1543 4773 si
1568 4722 1838 4789 spartana
1874 4719 2032 4775 adhi-

334 4815 539 4872 beatur
566 4814 835 4881 brevitas,
883 4812 1089 4884 gaudia
1136 4809 1359 4881 prolixa
1416 4811 1759 4877 nascantur;
1803 4808 2029 4881 sintque

331 4905 668 4977 hujusmodi
690 4903 877 4960 ofﬁcia
898 4900 1148 4957 remedio
1172 4899 1523 4968 absentibus,
1550 4899 1736 4955 votiva
1753 4898 2025 4955 sollicitis:

332 4999 585 5050 attamen
616 5009 770 5066 aeger
796 4992 1021 5049 animus
1043 5006 1217 5062 super
1237 5006 1437 5047 eorum
1462 4991 1532 5045 de
1552 4988 1761 5062 quibus
1791 4988 2023 5060 pendet,

330 5084 710 5159 prosperitate
732 5084 1001 5157 jactatur,
1037 5087 1095 5139 et
1114 5080 1219 5136 hac
1248 5085 1475 5136 tantum
1504 5080 1800 5135 curatione
1838 5078 2028 5150 respi-

399 5242 420 5279 ¹
448 5244 503 5301 S.
550 5244 621 5301 17.
643 5237 875 5313 Sabino]
893 5238 1139 5313 Hujusce
1158 5237 1406 5313 nominis
1426 5236 1758 5313 praefectum
1779 5251 2025 5313 annonae

326 5314 510 5371 Roma
534 5316 730 5387 paucis
758 5307 886 5387 post
916 5307 1080 5387 annis
1107 5310 1380 5387 _habuit,_
1399 5307 1700 5387 cujus_ho_c
1741 5313 1932 5387 _restat
1962 5307 2024 5362 in

326 5380 563 5443 basilica
589 5380 829 5443 Ostiensi
864 5380 1245 5456 epitaphium,
1286 5381 1384 5438 sed
1414 5380 1851 5436 mendosissime
1883 5395 2021 5434 exa-

326 5463 976 5612 raIIII-(ibEQUIESCIT
1034 5544 1104 5599 IN
1158 5542 1356 5599 PACE.
1417 5540 1710 5599 SABINUS
1768 5542 1831 5596 V.
1890 5540 1948 5595 S.

394 5636 620 5693 PIUEF.
683 5634 849 5692 ANN.
937 5634 1057 5700 QUI
1138 5633 1317 5690 VIXIT
1377 5631 1612 5689 ANNOS
1676 5630 1792 5688 LIII
1869 5631 1952 5686 ET

2160 3116 2244 3166 est
2273 3110 2613 3166 beneﬁcium
2668 3127 2759 3165 me
2790 3112 2860 3165 ab
2917 3110 3330 3182 ingratitudine
3362 3110 3483 3180 ejus
3517 3125 3644 3181 quae
3700 3108 3871 3163 vidc-

2159 3201 2443 3271 turjusta,
2495 3200 2851 3269 subtrahere,
2887 3200 3146 3255 ordinate
3180 3199 3332 3272 quod
3363 3198 3518 3253 vobis
3554 3197 3871 3254 retributio

2158 3307 2409 3362 superna
2440 3293 2793 3362 compenset,
2833 3289 3071 3344 Domine
3102 3288 3203 3358 mi,
3262 3288 3506 3342 salutem
3555 3287 3870 3342 abundan-

2158 3380 2444 3436 tissimam
2473 3381 2742 3448 reddens,
2787 3381 2963 3434 Deum
2991 3394 3207 3449 quaeso.
3237 3393 3351 3448 quo
3394 3375 3600 3430 animis
3633 3377 3871 3445 vestris,

2157 3470 2309 3542 quod
2340 3486 2431 3524 me
2465 3469 2759 3524 sublevare
2784 3466 2979 3537 possit,
3009 3464 3267 3535 inspiret.
3316 3465 3429 3535 Ego
3461 3466 3652 3518 autem
3699 3466 3874 3521 adfui

2153 3559 2413 3631 partibus
2461 3558 2626 3627 meis,
2680 3556 2941 3628 quicum
2994 3553 3405 3608 contestatione
3437 3552 3701 3607 maeroris
3759 3572 3878 3626 per

2152 3649 2393 3721 paginas
2424 3647 2656 3703 indicati
2685 3645 2867 3701 direxi
2896 3642 3294 3699 ﬁdelissimum
3324 3643 3693 3714 perlatorem,
3758 3645 3875 3715 qui

2155 3739 2320 3795 nobis
2350 3736 2690 3810 perferenda
2719 3735 2841 3790 sine
2873 3732 3280 3788 imminutione
3311 3732 3602 3806 suscipiat.

2708 3824 3043 3880 EPISTOLA
3080 3824 3296 3880 XXXIV.

2578 3930 2903 3971 RNNODIUS
2952 3929 3195 3970 FAUSTO
3241 3928 3424 3969 ALBO.

2221 4003 2486 4070 Quamvis
2530 4004 2868 4076 magnitudo
2911 4008 3096 4059 vestra
3125 4020 3228 4075 per
3275 4004 3513 4075 longum
3553 4002 3870 4059 silentium

2148 4094 2497 4151 oblivionem
2527 4094 2642 4150 mei
2686 4094 2863 4149 fuerit
2887 4098 3224 4161 contestata,
3279 4098 3336 4149 et
3363 4094 3501 4149 dum
3539 4093 3611 4148 ab
3646 4094 3873 4165 episto-

2146 4184 2361 4240 laribus
2392 4184 2607 4239 muniis
2634 4189 2936 4256 temperat,
2971 4184 3306 4240 memoriam
3336 4182 3700 4256 obsequentis
3745 4185 3869 4239 ab-

2140 4275 2365 4347 jecerit,
2396 4278 2647 4331 attamen
2694 4275 3054 4346 providentia
3084 4274 3328 4330 caelestis
3361 4273 3659 4328 desideriis
3702 4276 3872 4328 meis

2072 4342 2115 4397 D
2147 4381 2423 4437 prospera
2452 4370 2637 4421 vestra
2668 4381 2784 4420 non
2809 4364 3024 4437 patitur
3044 4363 3336 4431 occultari,
3384 4367 3441 4417 et
3486 4361 3659 4417 variis
3690 4362 3870 4417 indi-

2144 4455 2246 4511 ciis
2274 4471 2594 4511 successum
2644 4455 2793 4510 circa
2821 4471 2920 4509 vos
2965 4454 3220 4525 resignat
3248 4456 3533 4523 optatum.
3575 4452 3738 4506 Nunc
3777 4459 3873 4509 ta-

2140 4561 2275 4600 men
2302 4544 2527 4599 animus
2558 4560 2719 4599 meus
2748 4559 2929 4615 usque
2960 4543 3028 4597 ad
3056 4543 3166 4597 hoc
3197 4541 3557 4597 devinctione
3587 4541 3867 4613 produc-

2140 4639 2232 4690 tus
2263 4638 2368 4701 est,
2404 4640 2467 4689 ut
2516 4632 2815 4705 proprium
2854 4634 2923 4689 ad
2974 4649 3073 4687 vos
3126 4631 3437 4703 dirigerem
3468 4630 3871 4701 perlatorem,

2141 4725 2243 4797 qui
2286 4724 2426 4779 vivis
2456 4728 2651 4795 pastus
2694 4722 3034 4795 aspectibus,
3069 4721 3220 4778 bona
3262 4721 3335 4775 ad
3388 4737 3479 4776 me
3536 4720 3869 4775 manifesta

2137 4814 2432 4887 perducat.
2467 4811 2713 4880 Credite,
2735 4810 2978 4879 domini,
3009 4827 3220 4883 magna
3246 4827 3338 4865 me
3365 4809 3528 4865 vobis
3550 4825 3671 4864 esse
3703 4809 3879 4866 obli-

2139 4903 2367 4975 gatione
2432 4901 2838 4970 constrictum,
2887 4917 2991 4956 nec
3037 4900 3182 4956 ullas
3223 4900 3443 4972 pectori
3492 4916 3621 4954 meo
3669 4899 3872 4954 ferias

2137 4991 2285 5059 dari,
2318 4990 2526 5062 quibus
2573 4990 2852 5044 visionem
2889 4993 3134 5045 vestram
3166 5005 3282 5044 non
3311 4989 3483 5060 plena
3514 4986 3871 5045 intentione

2134 5081 2471 5154 disquiram.
2534 5079 2807 5152 Superest
2863 5083 2943 5148 ut,
2988 5082 3009 5115 ²
3038 5079 3271 5133 reducta
3319 5078 3379 5133 in
3423 5077 3673 5133 Ecclesia
3730 5079 3872 5133 Ro-

2205 5241 2360 5297 mas
2437 5240 2613 5298 XXIV.
2698 5221 2815 5293 BF.
2894 5238 3000 5293 xv.
3076 5237 3227 5293 KAL.
3310 5237 3472 5293 AUG.
3562 5235 3782 5295 svum.

2474 5338 2557 5392 ET
2599 5335 2849 5392 BOETIO
2888 5336 2972 5388 W.
3015 5334 3121 5389 CC.
3164 5335 3398 5390 CONSS.
3480 5374 3493 5389 .

2204 5448 2229 5483 ²
2282 5446 2542 5502 Reducla
2595 5443 2871 5501 Ecclesia
2914 5443 3239 5515 concordia]
3295 5442 3516 5500 Sedatis
3568 5441 3866 5500 motibus

2131 5535 2453 5594 schismatis
2487 5532 2873 5589 Laurentiani.
3242 5576 3255 5579 _

2200 5626 2223 5648 ’
2255 5623 2345 5682 Mi
2366 5621 2611 5695 domini]
2646 5624 2829 5693 Forte,
2856 5622 2939 5680 mi
2965 5622 3209 5694 domine,
3240 5626 3303 5680 ut
3329 5622 3467 5680 alibi
3499 5638 3671 5696 saepe.

3165 5319 3401 5329 ,—
