4102 6182
283 245 381 299 ua
1629 242 2122 302 EPISTOLARUM
2160 242 2291 300 LIB.
2334 242 2451 299 v11.
3684 204 3785 305 114

274 396 445 435 mana
466 378 793 447 concordia,
826 377 1161 435 occurrendi
1199 376 1360 434 vobis
1401 378 1697 451 contingat
1721 378 1957 435 occasio.
1997 380 2045 435 A
2620 375 2957 435 EPISTOLA
2993 377 3234 435 XXXVII.

280 470 523 523 Domine
549 468 649 535 mi,
687 468 1096 524 salutationem
1135 467 1469 523 reverentiae
1510 472 1709 523 vestrae
1749 468 1969 541 plenis-
2614 482 2936 524 ENNODIUS
2978 483 3239 541 JOANNI.

275 559 481 613 simam
511 559 726 627 dicens,
759 559 1036 630 deprecor
1066 562 1130 613 ut
1168 557 1596 630 suggestionem
1643 558 1965 629 portitoris,
2149 558 2295 628 Ergo
2342 556 2483 612 falso
2531 557 2782 612 creditur
2825 574 3080 613 amorem
3125 558 3289 615 reddi
3335 557 3669 631 diligentiae,
3714 563 3772 616 et

272 648 529 702 hominis
560 648 699 715 mei,
731 653 895 719 grato
921 647 1241 719 suscipiatis
1274 647 1490 715 auditu,
1527 653 1583 703 et
1612 649 1680 703 de
1699 646 1968 702 felicitate
2078 645 2263 699 tacitis
2296 644 2516 700 animas
2562 660 2620 700 se
2655 645 3014 717 interrogare
3048 647 3369 719 colloquiis,
3401 648 3576 703 ﬁdem
3605 664 3767 703 men-

272 742 455 791 vestra
484 737 573 793 vel
603 737 779 793 totius
811 736 1017 793 domus
1048 740 1197 792 statu
1228 736 1547 793 recurrenti
1575 753 1678 792 nos
1716 736 1965 792 instrua-
2076 734 2222 789 tium
2269 750 2467 789 sensus
2511 750 2784 805 asserere,
2821 740 2884 789 ut
2933 736 3087 806 quod
3134 736 3525 808 impendimus
3558 737 3772 793 vicaria

271 824 348 881 tis
387 826 669 899 alloquio.
2076 823 2242 878 nobis
2274 822 2550 879 relatione
2592 823 2914 878 debeatur?
2962 824 3169 879 Vocem
3216 826 3501 881 montium
3553 829 3770 881 secreta

843 916 1172 973 EPISTOLA
1213 916 1404 972 XXXV.
2076 913 2403 981 restituunt,
2436 916 2493 969 et
2520 914 2580 968 in
2605 911 2878 985 obsequio
2906 913 3279 969 humanitatis
3309 918 3469 970 muta
3486 915 3769 971 famulan-

771 1020 1099 1063 BNNODIUS
1135 1020 1468 1062 DOMNINJE.
2074 1006 2171 1059 tur
2204 1019 2217 1058 :
2249 1004 2346 1058 sed
2374 1001 2830 1074 magnitudinem
2854 1006 3012 1058 tuam
3042 1002 3102 1058 in
3124 1008 3458 1076 contemptu
3487 1004 3604 1061 mei
3633 1021 3767 1060 con-

332 1096 493 1151 Inter
523 1111 687 1151 curas
719 1099 776 1151 et
824 1096 1119 1152 molestias
1174 1094 1389 1167 quibus
1439 1110 1543 1166 pro
1596 1097 1964 1167 peccatorum
2074 1093 2206 1163 tigit
2232 1093 2521 1147 silentium
2549 1108 2654 1163 pro
2695 1092 3003 1162 scriptione
3053 1094 3320 1161 reddere;
3353 1096 3410 1148 et
3456 1093 3517 1149 in
3546 1094 3765 1166 astipu-

264 1185 411 1239 l‘asce
442 1185 737 1256 subjicior,
761 1186 911 1256 elegi
947 1186 1240 1255 singulare
1271 1184 1613 1253 subsidium,
1638 1188 1705 1238 ut
1735 1184 1806 1238 ad
1865 1200 1965 1240 vos
2073 1181 2284 1236 latione
2317 1181 2549 1236 artiﬁcis
2580 1179 2755 1252 genii,
2783 1183 3159 1252 temperando
3181 1199 3213 1236 a
3236 1182 3483 1254 paginis,
3516 1185 3768 1255 pertina-

264 1274 508 1329 domnas
546 1290 704 1329 meas
750 1274 969 1329 litteras
1001 1274 1376 1346 destinarem;
1413 1289 1657 1345 quarum
1701 1273 1964 1344 precibus
2073 1270 2219 1324 ciam
2249 1269 2601 1342 garrulitatis
2630 1269 2983 1341 opprimere,
3012 1275 3234 1342 natura:~
3254 1271 3383 1341 lege
3411 1273 3645 1328 calcata.
3667 1274 3768 1328 Fa-

265 1363 465 1418 omnia
495 1364 642 1419 mihi
674 1364 924 1419 secunda
951 1363 1368 1434 contingerent,
1413 1368 1471 1419 et
1503 1364 1573 1419 ad
1602 1379 1804 1419 serena
1856 1364 1963 1418 lee-
2072 1365 2252 1414 cessat
2282 1376 2315 1414 a
2348 1360 2604 1415 moribus
2634 1359 2799 1427 meis,
2835 1360 2999 1432 sequi
3029 1359 3184 1431 quod
3226 1360 3541 1416 admissum
3575 1361 3766 1430 doleo,

265 1451 430 1517 litiae,
481 1451 755 1522 depositis
800 1450 1197 1523 angustiarum
1259 1450 1528 1520 nubibus,
1592 1451 1957 1506 reformarer.
2072 1454 2127 1505 et
2173 1450 2469 1506 sublevare
2512 1450 2706 1521 culpas
2746 1449 3047 1505 imitando.
3102 1451 3238 1505 Ecce
3280 1450 3488 1505 iterum
3536 1450 3765 1523 appello

265 1540 459 1594 Prima
490 1541 647 1595 enim
689 1540 951 1595 maeroris
989 1555 1158 1595 causa
1201 1543 1306 1608 est,
1353 1540 1504 1611 quod
1549 1555 1828 1611 prospera
1872 1557 1963 1595 ve-
2070 1538 2285 1612 linguae
2313 1539 2483 1594 ferias
2511 1539 2822 1607 foventem,
2857 1538 3004 1593 etin
3033 1538 3392 1610 longioribus
3423 1555 3759 1612 persequor,

262 1634 400 1691 stra,
439 1630 579 1684 dum
624 1630 683 1684 in
728 1631 1048 1702 longinquo
1090 1629 1314 1701 degitis,
1349 1629 1440 1683 vix
1480 1630 1648 1684 datur
1684 1630 1957 1701 agnosci:
2005 1690 2040 1702 ﬁ
2070 1630 2288 1685 habens
2326 1629 2623 1701 promissa)
2662 1627 2912 1683 caritatis
2972 1628 3330 1683 memoriam.
3384 1628 3643 1696 Domine,
3704 1632 3770 1684 ut

262 1735 324 1772 ex
358 1736 478 1790 qua
508 1720 759 1775 nascitur
789 1721 937 1775 circa
966 1736 1273 1791 personam
1306 1735 1492 1774 meam
1518 1719 1706 1774 omnis
1769 1721 1963 1776 adver-
2004 1690 2041 1745 Β
2073 1737 2265 1791 supra,
2336 1718 2739 1773 salutationem
2799 1717 3179 1789 largissimam
3228 1718 3490 1789 offerens,
3543 1734 3764 1790 quaeso,

260 1809 414 1864 sitas.
457 1810 664 1864 Adeste
696 1825 832 1881 ergo
880 1809 1123 1881 supplici
1170 1808 1434 1880 precibus
1477 1809 1697 1877 vestris,
1750 1813 1813 1863 ut
1858 1826 1963 1881 per
2073 1815 2137 1865 ut
2156 1809 2408 1864 debitum
2442 1808 2639 1881 gratiae
2668 1807 2758 1863 vel
2779 1823 2932 1862 nunc
2954 1806 3143 1879 exigat
3163 1808 3591 1879 importunitas,
3626 1809 3766 1863 dum

262 1902 595 1953 sanctorum
629 1898 726 1953 Dei
756 1897 1027 1970 suffragia
1071 1914 1225 1969 aegro
1262 1897 1454 1953 animo
1484 1898 1707 1954 medela
1742 1899 1960 1954 tribua-
2071 1898 2403 1972 providetur
2428 1901 2709 1971 quatenus
2735 1897 2999 1953 ardorem
3027 1896 3301 1953 desiderii
3324 1898 3562 1971 prolixis
3594 1898 3765 1954 satie-

263 1994 369 2042 tur.
433 1988 681 2043 Domina
729 1988 831 2059 mi,
894 1987 1187 2043 servitium
1211 1987 1567 2042 salutationis
1597 1987 1958 2061 impendens,
2071 1989 2145 2045 tis
2176 1987 2464 2060 alloquiis.

263 2079 563 2149 deprecor,
612 2082 668 2131 et
695 2093 799 2149 per
849 2079 1029 2132 Deum
1060 2093 1180 2146 vos,
1232 2093 1406 2149 quem
1452 2076 1654 2147 colitis,
1686 2077 1959 2145 obtestor,
2592 2075 2928 2133 EPISTOLA
2964 2076 3245 2137 XXXVIII.

263 2173 322 2222 ut
348 2167 648 2223 continuis
680 2183 771 2222 me
811 2167 1298 2238 postulationibus
1328 2171 1384 2222 et
1414 2166 1701 2239 lacrymis,
1752 2166 1961 2238 quibus
2571 2180 2895 2222 ENNODIUS
2942 2182 3264 2223 Flamma.

262 2274 505 2329 regnum
542 2258 769 2313 caeleste
800 2256 916 2311 vim
948 2258 1185 2328 patitur,
1216 2256 1461 2312 Domino
1500 2256 1914 2311 commendetis
1943 2272 1956 2311 :
2139 2255 2413 2321 Quotiens
2433 2252 2621 2309 votiva
2641 2270 2728 2309 res
2756 2258 2995 2326 repente
3040 2254 3361 2327 contigerit,
3410 2254 3663 2327 pretium
3695 2255 3765 2311 de

261 2348 391 2419 quia
444 2348 559 2402 hoc
616 2362 826 2403 munus
876 2346 1120 2418 speciale
1201 2350 1495 2419 computo,
1571 2350 1627 2403 et
1692 2346 1960 2403 omnibus
2068 2345 2194 2418 ipsa
2224 2343 2503 2415 temporis
2554 2343 2830 2399 brevitate
2885 2345 3141 2400 sortitur.
3180 2343 3439 2401 Caelestis
3487 2343 3645 2400 enim
3694 2348 3761 2400 ut

263 2436 581 2493 commodis
612 2441 921 2507 antepono.
2069 2438 2283 2489 crescat
2309 2432 2573 2489 beneﬁcii
2604 2433 2831 2504 genius,
2865 2433 3121 2489 subitum
3150 2433 3288 2489 facit
3318 2449 3440 2490 esse
3475 2433 3632 2505 quod
3660 2432 3763 2487 tri-

817 2524 1152 2581 EPISTOLA
1188 2524 1410 2582 XXXVI.
2067 2524 2213 2592 buit,
2248 2539 2320 2579 ne
2368 2523 2705 2579 devenustet
2737 2527 3073 2596 sperantum
3102 2522 3402 2595 prolixitas
3431 2521 3765 2578 misericor-

510 2628 841 2670 ENNODIUS
887 2627 1222 2670 annonuo
1267 2626 1708 2670 rnasavrnao.
2067 2612 2221 2669 diam
2248 2612 2566 2685 largitoris;
2599 2612 2729 2687 quis
2750 2613 2902 2669 enim
2939 2613 3209 2670 affectum
3230 2612 3498 2669 desiderii
3526 2616 3765 2685 repente

326 2700 590 2757 C(elestis
619 2701 966 2774 dispensatio
997 2702 1282 2773 religiosis
1324 2701 1621 2757 desideriis
1658 2715 1958 2773 nunquam
2067 2702 2379 2774 suscipiens
2409 2719 2527 2759 non
2554 2703 2776 2759 avidius
2806 2704 3112 2776 impetrata
3139 2702 3485 2759 veneretur?
3519 2703 3611 2759 Sic
3661 2701 3765 2757 lit-

255 2796 425 2864 negat
442 2792 710 2847 effectum
740 2808 755 2847 :
790 2808 923 2847 nam
954 2792 1110 2864 quod
1138 2791 1231 2865 pie
1251 2792 1534 2863 cupimus,
1559 2794 1785 2846 maturo
1814 2806 1959 2863 prae-
2067 2796 2217 2848 teras
2251 2792 2668 2864 magnitudinis
2696 2798 2899 2849 vestrae
2939 2793 3159 2864 sitiens,
3190 2791 3760 2865 temporeprofcctio-

259 2886 366 2937 stat
394 2882 611 2937 studio.
656 2881 1014 2937 Desideranti
1049 2881 1205 2937 enim
1247 2881 1391 2937 mihi
1429 2897 1534 2953 per
1572 2881 1792 2936 litteras
1823 2896 1956 2934 ora-
2068 2880 2158 2936 nis
2188 2881 2396 2953 accepi.
2433 2883 2725 2952 Dolebam,
2752 2883 2957 2952 fateor,
3002 2887 3059 2939 et
3087 2882 3458 2939 vehementer
3486 2883 3760 2954 angebar,

260 2970 487 3027 tionum
534 2976 853 3027 vestrarum
900 2972 1191 3043 postulare
1245 2972 1543 3043 suffragia,
1604 2971 1954 3043 perlatorem
2066 2970 2205 3027 dum
2226 2988 2330 3027 nec
2351 2970 2762 3043 obsequiorum
2780 2987 3044 3028 meorum
3073 2972 3327 3043 perlator
3357 2972 3765 3041 existeret,nec

260 3059 640 3115 domesticum
667 3066 799 3115 vota
826 3065 1207 3133 pepererunt;
1239 3066 1299 3117 ut
1352 3061 1583 3116 stimulo
1629 3059 1955 3132 scriptionis
1996 3051 2035 3109 C
2066 3060 2355 3133 sospitatis
2412 3065 2617 3117 vestrm
2678 3061 3040 3133 digressurus
3114 3061 3267 3116 bona
3327 3076 3756 3132 cognoscerem.

261 3150 567 3218 admoniti,
598 3166 702 3222 pro
737 3151 989 3223 suscepti
1021 3150 1215 3207 anima
1236 3150 1590 3224 supplicetis,
1614 3149 1749 3221 quia
1780 3150 1795 3183 ¹
1829 3149 1956 3205 doc-
2070 3151 2204 3206 Ecce
2238 3154 2546 3224 utrumque
2576 3151 2730 3207 frons
2761 3151 2913 3207 bona
2950 3150 3227 3206 concessit
3259 3166 3273 3206 :
3322 3149 3513 3222 accepi
3543 3149 3761 3222 pariter

256 3242 344 3295 tor
376 3240 649 3311 gentium
679 3240 908 3309 clamat,
944 3241 1115 3296 Orate
1132 3258 1245 3314 pro
1278 3240 1518 3298 invicem
1548 3242 1705 3311 (Jac.
1748 3256 1803 3308 v,
1845 3239 1952 3310 16).
2064 3239 2279 3296 indicia
2308 3244 2506 3313 optata
2537 3257 2668 3314 quae
2698 3241 2907 3312 refero,
2942 3244 2998 3296 et
3018 3256 3132 3295 uno
3162 3239 3478 3313 eodemque
3504 3243 3762 3311 tempore

256 3327 407 3383 Nihil
438 3328 598 3383 enim
620 3334 705 3385 est
734 3330 887 3402 quod
919 3331 1103 3386 Deum
1132 3331 1399 3403 diligens,
1432 3330 1603 3386 etiam
1633 3346 1737 3403 pro
1769 3329 1957 3385 delin—
2062 3345 2389 3403 regressum
2419 3347 2511 3387 me
2537 3332 2559 3367 ²
2590 3331 2658 3387 de
2688 3330 2930 3403 Alpibus
2974 3329 3194 3399 Cottiis,
3237 3334 3292 3387 et
3331 3331 3657 3386 Ravennate
3686 3328 3761 3385 si-

256 3418 571 3489 quentibus
604 3418 867 3475 obtinere
898 3435 1019 3475 non
1063 3421 1259 3492 possit.
1312 3421 1587 3476 Laborate
1638 3436 1774 3490 ergo
1828 3434 1957 3491 pro-
2062 3420 2270 3491 gniﬁco
2300 3421 2412 3477 iter
2435 3425 2823 3493 arrepturum.
2859 3423 3027 3479 Orate
3068 3423 3131 3476 ut
3174 3420 3347 3476 variis
3377 3419 3637 3475 laborum
3665 3418 3762 3490 ja-

254 3505 442 3563 missis
473 3506 698 3563 dudum
735 3508 1093 3579 patrociniis,
1126 3513 1183 3566 et
1212 3510 1424 3582 gaudia
1451 3508 1595 3565 mihi
1628 3524 1731 3580 per
1770 3506 1954 3579 lacry-
2061 3513 2211 3564 ctato
2254 3509 2634 3565 incommodis
2665 3508 3001 3581 patientiam
3037 3524 3307 3580 supernae
3336 3505 3757 3563 benedictionis

253 3612 371 3653 mas
423 3600 778 3668 comparate.
832 3594 1037 3653 Veniat
1085 3596 1155 3650 ad
1202 3611 1294 3650 me
1343 3594 1558 3650 fructus
1605 3595 1955 3650 innocentiae
2062 3615 2272 3655 munus
2294 3599 2581 3655 infundat.
2601 3600 2685 3654 Me
2718 3602 2912 3654 autem
2940 3598 3089 3671 quod
3120 3597 3191 3653 ad
3221 3596 3539 3653 custodiam
3560 3594 3761 3666 gratia:

251 3686 474 3740 meritis
505 3685 827 3757 ignoratus.
872 3685 999 3739 Haec
1028 3686 1163 3739 sunt
1191 3684 1258 3739 de
1313 3682 1520 3755 quibus
1560 3687 1822 3739 sanctum
1854 3682 1954 3739 Dei
2062 3690 2330 3745 culminis
2349 3689 2517 3745 vestri
2549 3688 2823 3762 splendor
2852 3689 3135 3757 hortatur,
3160 3686 3385 3742 facilius
3413 3685 3598 3755 jcredo
3629 3698 3759 3738 cur-

247 3775 563 3830 admonere
615 3773 976 3847 praesumpsi.
1049 3772 1242 3829 Timeo
1296 3772 1450 3827 enim
1506 3772 1693 3828 facere
1736 3773 1956 3845 prolixa
2062 3796 2155 3834 sus
2184 3779 2449 3835 tlumium
2480 3779 2541 3835 in
2574 3778 2797 3835 diversa
2841 3776 3116 3847 revocari,
3152 3780 3208 3833 et
3253 3775 3468 3831 relictis
3497 3773 3754 3830 ﬂuento-

247 3864 557 3937 colloquia,
598 3866 732 3937 quia
762 3879 852 3918 res
884 3862 1205 3917 necessaria
1242 3861 1451 3917 strictis
1482 3869 1567 3917 est
1610 3863 1955 3933 postulanda
2062 3885 2191 3924 rum
2222 3868 2510 3924 alimouiis
2550 3869 2729 3924 aether
2756 3883 3001 3923 vacuum
3029 3866 3230 3939 [pisces
3259 3869 3546 3939 expetere,
3579 3878 3756 3936 quam

246 3954 636 4012 sermonibus.
674 3954 834 4008 Nunc
864 3952 922 4006 in
953 3951 1174 4008 Christo
1215 3952 1418 4019 valete,
1471 3950 1553 4006 mi
1582 3951 1835 4021 domine,
1899 3957 1955 4009 et
2061 3961 2353 4012 tantorum
2386 3972 2479 4012 me
2526 3956 2929 4012 immemorem
2972 3956 3181 4012 delicta
3222 3955 3547 4010 restituant.
3590 3951 3756 4017 Quod

245 4044 459 4098 sentire
481 4060 575 4098 me
606 4041 1023 4115 deprecationis
1046 4044 1248 4097 vestrae
1272 4055 1515 4096 munera
1543 4040 1838 4112 prosperis
1869 4040 1955 4097 in-
2061 4047 2339 4115 superest,
2398 4044 2604 4111 valete,
2658 4043 2739 4099 mi
2782 4044 3034 4112 domina,
3086 4046 3142 4098 et
3170 4040 3524 4113 redemptori
3555 4044 3753 4095 nostro

247 4134 457 4189 dicate.
2058 4149 2163 4204 pro
2186 4147 2429 4204 persona
2457 4133 2707 4205 suscepti
2736 4131 3151 4189 incessabiliter
3190 4130 3528 4202 supplicate.

312 4264 335 4299 ι
364 4264 572 4317 Doctor
609 4257 897 4333 gentium]
941 4259 1139 4333 Paulo
1178 4257 1402 4333 tribuit,
1455 4257 1614 4330 quod
1642 4262 1729 4314 est
1754 4256 1951 4314 Jacobi
2059 4256 2286 4333 nerario
2318 4256 2721 4333 Brigantionis.
2763 4259 2841 4315 De
2888 4257 3157 4315 Firminae
3188 4258 3382 4312 autem
3416 4252 3635 4311 annulo
3668 4255 3757 4309 est

244 4333 491 4403 apostoli
512 4329 637 4403 cap'.
678 4348 710 4384 v
741 4329 1006 4403 Epistolas
1035 4329 1349 4403 catholicae.
1392 4400 1408 4403 _
1456 4329 1488 4403 ξ
1764 4400 1773 4403 _
1850 4400 1858 4403 _
1898 4399 1908 4403 _
2059 4329 2415 4401 epigramma
2444 4331 2532 4385 93.

308 4404 337 4438 ²
364 4408 445 4459 De
473 4399 730 4475 Alpibus
752 4399 967 4474 Cottiis]
1001 4403 1113 4457 Iloc
1131 4401 1239 4456 iter
1259 4400 1413 4473 quod
1441 4399 1713 4456 describit
1762 4400 1821 4456 in
1845 4399 1941 4455 iti-

1457 4634 1823 4729 LIBER
1906 4631 2541 4730 SEPTIMUS.

795 4860 1134 4918 EPISTOLA
1169 4860 1407 4916 PRIMA.
1978 4862 2022 4916 D
2052 4861 2181 4918 litas
2211 4879 2341 4936 quae
2388 4863 2459 4921 ab
2501 4863 2687 4921 amico
2727 4863 2984 4921 veritatis
3017 4865 3383 4937 agnoscenda
3428 4864 3751 4923 committi-

740 4966 1059 5006 ENNODIUS
1106 4951 1121 4985 ¹
1163 4964 1463 5006 JULIANO.
2058 4955 2173 5019 tur,
2208 4953 2470 5009 cautione
2498 4953 2735 5010 instruit
2762 4954 3020 5009 animum
3051 4954 3359 5026 cognitoris
3387 4954 3596 5028 integri
3628 4970 3643 5010 :
3667 4953 3750 5010 af-

310 5040 617 5113 Prazceptis
667 5038 1094 5110 magnitudinis
1139 5042 1339 5094 vestrae
1386 5036 1775 5094 ministerium
1842 5038 1948 5095 de-
2056 5040 2361 5097 fectionem
2381 5042 2681 5098 infudisset
2709 5043 2874 5099 nobis
2905 5043 3321 5115 magnitudinis
3363 5048 3567 5099 vestrae
3606 5059 3747 5099 con-

239 5130 485 5184 votionis
541 5128 929 5196 exsolvimus;
1008 5128 1143 5199 quia
1189 5128 1257 5183 ﬁt
1322 5126 1579 5199 aequitati
1626 5128 1943 5199 proximus,
2057 5129 2351 5201 sideratio,
2383 5130 2430 5186 si
2458 5131 2646 5188 studia
2683 5148 2801 5189 non
2837 5133 3145 5189 dedissent.
3181 5134 3247 5188 In
3290 5132 3521 5204 negotio
3570 5131 3752 5203 igitur

238 5218 341 5291 qui
363 5218 505 5289 justi
535 5218 646 5274 viri
674 5217 914 5273 monitis
947 5216 1319 5274 obseeundat.
1380 5218 1755 5289 Negotiorum
1813 5234 1948 5290 qua—
2056 5221 2376 5292 quodinter
2405 5223 2716 5278 Bautonem
2732 5224 2773 5291 ³,
2806 5222 2981 5294 regite
3001 5223 3205 5280 domus
3229 5221 3660 5289 conductorem,
3693 5226 3750 5277 et

311 5344 621 5415 ’Juliano]
650 5343 861 5401 Comiti
892 5343 1248 5414 patrimonii,
1280 5343 1380 5397 lib.
1414 5360 1487 5408 1v,
1522 5343 1683 5414 epist.
1719 5348 1780 5415 7.,
2053 5342 2433 5414 imperatores
2478 5347 2661 5412 erant,
2694 5343 3033 5411 vocabatur;
3093 5359 3246 5399 nunc
3292 5343 3498 5415 domus
3562 5344 3742 5415 regia,

302 5421 327 5453 ³
358 5417 552 5488 Regio:
600 5413 807 5472 domus
870 5413 1297 5488 conductorem],
1338 5415 1445 5479 Qui
1482 5413 1670 5488 ﬁscale
1709 5413 1945 5485 aliquod
2054 5413 2329 5488 regnante
2370 5415 2750 5488 Theoderico,
2790 5420 2847 5471 et
2901 5416 3273 5488 conductores
3316 5414 3519 5488 domus
3548 5413 3744 5488 regiae,

235 5485 526 5567 praedium
572 5488 989 5567 conduxerant,
1159 5485 1781 5567 conductoresdomus
1828 5488 1943 5567 Au:-
2055 5486 2424 5567 Cassiodorus
2447 5486 2541 5541 lib.
2575 5504 2632 5567 χ,
2665 5487 2827 5567 epist.
3009 5487 3221 5541 Eorum
3250 5486 3506 5567 cognitiq
3543 5485 3612 5567 ad
3642 5501 3741 5540 co-

233 5555 419 5628 gustae
446 5558 809 5623 dicebantur,
846 5557 917 5611 de
950 5557 1158 5627 quibus
1188 5555 1611 5629 esttitulusin
1639 5556 1852 5629 codice,
1879 5560 1937 5610 et
2053 5556 2251 5629 mitem
2284 5558 2613 5628 patrimonii
2654 5555 2998 5629 pertinebat,
3034 5572 3147 5628 qua
3186 5555 3457 5629 comitiva
3480 5556 3743 5611 Julianus

237 5624 329 5683 lex
359 5629 744 5684 Valentiniani
780 5630 874 5700 Ill,
909 5624 1167 5697 quaillos
1198 5626 1412 5680 nullius
1442 5624 1660 5681 militia:
1694 5626 1936 5698 dignita-
2042 5624 2409 5700 fungebatur.
2456 5624 2837 5684 Theodericus
2882 5624 3112 5700 Iuliano
3152 5628 3351 5700 eidem
3382 5630 3443 5684 Ο.
3492 5629 3741 5700 Ρησοη-

233 5701 382 5757 tisve
410 5700 725 5773 privilegiis
756 5699 877 5757 frui
923 5700 1104 5755 docet.
1148 5699 1364 5755 Domus
1391 5700 1667 5770 Augusta,
1707 5697 1937 5771 quando
2040 5697 2301 5757 ductore:
2321 5700 2503 5770 Apuli
2517 5700 2819 5772 deplorata
2837 5698 2999 5757 nobis
3014 5698 3267 5756 adilione
3279 5697 3745 5772 cmtquestiaunl,
