4102 6182
356 311 456 364 115

1573 304 1858 362 ENNODII
1896 304 2213 362 EPISCOPI
2252 304 2643 362 TICINENSIS

3754 314 3845 367 116

352 444 369 481 ¹
394 441 777 515 Epiphaniam
799 441 1148 496 chartarium
1171 441 1429 503 vertitur,
1454 439 1592 493 dum
1619 455 1826 509 anceps
1848 438 1907 492 in
1930 438 2038 493 dis—
2073 439 2121 493 A
2147 438 2343 492 multis
2391 438 2453 492 in
2483 437 2961 509 promissionibus
2988 437 3328 506 subvenisti;
3365 438 3604 494 dicendo
3637 444 3848 495 susten-

349 532 671 603 ceptatione
698 536 895 586 nostra
915 535 1151 586 eventus
1180 532 1427 589 nutaret,
1454 532 1508 581 et
1524 528 1744 582 alterna
1771 544 1829 582 se
1850 533 2041 599 partes

352 621 674 676 intentione
708 620 1067 687 colliderent,
1097 621 1381 672 asserente
1400 618 1651 670 Bautone
1674 634 1730 670 se
1752 617 2043 688 sexaginta

351 715 405 763 et
436 714 686 780 quatuor
716 710 925 764 solidos
966 708 1242 779 publicos,
1270 722 1416 777 quos
1442 706 1510 759 de
1538 705 1759 776 reliqua
1786 705 2044 760 indictio-

354 798 437 852 nis
456 799 610 853 illius
639 798 849 852 emisso
872 795 1263 865 chirographo
1289 794 1472 849 fuerat
1502 795 1709 849 debere
1730 796 2040 866 confessus,

349 887 562 942 idcirco
592 904 711 941 non
750 902 912 957 posse
958 884 1280 950 restituere,
1323 883 1459 955 quia
1486 901 1592 954 per
1618 901 1820 939 manus
1866 886 2044 940 subli-

348 975 458 1029 mis
499 976 605 1029 viri
640 973 881 1043 Projecti
915 972 1301 1043 quadraginta
1331 972 1544 1026 solidos
1568 973 1883 1043 Epiphanio
1929 974 2043 1028 suf-

348 1064 521 1134 fragii
552 1062 785 1116 nomine
824 1062 1180 1127 contulisset,
1213 1078 1317 1131 pro
1350 1062 1559 1131 quibus
1599 1063 1823 1116 nullum
1878 1063 2047 1117 bene-

348 1153 539 1207 ﬁcium
572 1155 831 1205 secutum
871 1150 1044 1204 fuisse
1090 1150 1423 1217 doceretur;
1470 1155 1525 1204 et
1575 1151 1880 1222 replicaret
1924 1152 2045 1223 ipse

354 1241 725 1311 Epiphanius,
763 1256 821 1294 se
865 1240 911 1293 si
955 1240 1092 1310 quid
1140 1239 1467 1309 accepisset,
1509 1240 1702 1294 labore
1747 1242 2045 1307 meruisse,

349 1346 453 1385 nec
482 1330 694 1385 frustra
719 1329 828 1383 sibi
848 1345 881 1382 a
912 1330 1171 1384 Bautone
1204 1328 1519 1399 quidquam
1550 1327 1722 1381 fuisse
1753 1330 2044 1399 collatum,

354 1420 443 1473 vel
473 1419 681 1490 prolati
722 1418 879 1473 testis
922 1418 1097 1473 ﬁdem
1142 1417 1407 1472 laudibus
1442 1416 1789 1471 incessanter
1827 1418 2047 1471 attolle-

353 1518 471 1578 ret;
521 1510 825 1564 statuimus
856 1514 920 1563 nt
948 1509 1053 1563 sub
1097 1510 1477 1581 jurejurando
1522 1509 1664 1564 mihi
1721 1511 2049 1564 nominatus

352 1598 615 1668 superius
646 1598 731 1650 vir
765 1596 973 1651 nobilis
1006 1596 1298 1666 I’rojeetus
1331 1602 1385 1650 et
1411 1596 1622 1666 sperati
1653 1614 1833 1667 genus
1863 1597 2049 1652 decla-

354 1692 505 1741 raret
552 1686 837 1755 beneﬁcii,
890 1692 947 1739 et
989 1687 1277 1749 effectum,
1332 1685 1379 1739 si
1428 1686 1505 1739 ita
1554 1692 1721 1753 esset,
1774 1692 2050 1741 assereret

356 1792 471 1830 non
512 1781 771 1830 secutum
805 1792 817 1829 :
855 1776 1009 1846 quod
1038 1791 1167 1829 cum
1199 1774 1397 1828 fuisset
1433 1774 1757 1845 impletum,
1794 1776 2049 1846 Epipha—

356 1866 485 1920 nius
514 1870 802 1935 acceptam
834 1864 1094 1935 pecuniee
1116 1864 1445 1918 refunderet
1461 1864 1858 1934 quantitatem.
1889 1865 2049 1919 Nunc

354 1954 415 2007 in
445 1958 725 2023 potestate
759 1958 844 2007 est
883 1953 1147 2007 culminis
1175 1952 1346 2006 vestri
1389 1951 1736 2008 decisionem
1775 1957 2048 2021 nostram,

355 2043 400 2097 si
438 2042 645 2113 placet,
677 2043 1015 2098 auctoritate
1043 2042 1266 2096 fulcire.

972 2130 1309 2186 EPISTOLA
1356 2130 1424 2185 II.

883 2235 1208 2276 ENNODIUS
1263 2234 1527 2275 FAUSTO.

428 2309 718 2374 Quantum
761 2308 832 2363 ad
878 2309 1060 2365 facem
1110 2309 1369 2363 mmroris
1420 2308 1683 2380 adjungit
1731 2307 2057 2380 interrupta

358 2402 676 2470 tribulatio,
706 2402 933 2475 quando
967 2405 1031 2456 ut
1061 2401 1246 2456 acrius
1291 2404 1419 2455 urat
1460 2399 1785 2464 adversitas,
1818 2418 2056 2474 prospe-

359 2508 558 2546 rorum
589 2492 907 2546 mutatione
948 2490 1270 2545 blanditur!
1300 2489 1383 2544 Ad
1416 2488 1577 2559 cujus
1620 2506 1875 2562 unquam
1910 2509 2055 2546 onus

361 2581 616 2651 accessit,
661 2580 815 2652 quod
853 2580 1197 2634 continuatae
1230 2578 1510 2634 sarcinam
1541 2579 1879 2635 calamitatis
1899 2581 2055 2651 abje-

366 2670 477 2728 cit?
508 2670 693 2733 Quam
731 2668 877 2723 bene
912 2684 1003 2723 me
1046 2668 1116 2722 ad
1162 2667 1500 2738 patientiam
1539 2668 1811 2723 absentiae
1853 2676 2051 2725 vestra:

362 2759 568 2828 longus
588 2761 917 2828 temporum
952 2773 1084 2812 usus
1115 2761 1434 2827 aptaverat;
1467 2757 1604 2811 dum
1637 2758 1747 2812 hoc
1783 2759 1938 2829 quod
1970 2760 2054 2814 fe-

362 2847 540 2901 licitas
566 2863 683 2901 non
712 2847 978 2913 habebat,
1012 2846 1330 2902 didicerant
1362 2862 1468 2901 nec
1507 2852 1635 2901 vota
1669 2847 2047 2917 praesumere!

363 2937 500 2991 Ecce
529 2935 739 2989 iterum
769 2937 839 2990 de
879 2935 1208 2989 inveteratis
1254 2935 1547 2990 doloribus
1594 2937 1783 3007 passio
1828 2938 2054 2993 novella

2149 528 2386 582 tandum
2420 544 2509 581 me
2541 544 2662 582 esse
2696 528 2945 599 paginis,
2986 528 3084 599 qui
3124 528 3371 599 propriae
3422 528 3561 581 lucis
3594 530 3847 599 privarer

2151 617 2428 671 absentia.
2479 619 2615 672 Ecce
2655 623 2711 671 et
2768 618 3100 688 pollicitatio
3140 617 3252 671 ﬁde
3297 618 3596 683 claudicat,
3644 623 3701 672 et
3753 635 3848 688 spe

2150 706 2402 761 irritatus
2434 707 2685 761 ardesco.
2720 707 2848 776 Egit
2878 707 3113 761 veniens
3168 707 3236 783 de
3282 707 3523 761 remedii
3570 724 3845 777 praesum-

2149 796 2347 867 ptione
2365 796 2591 862 ﬁducia,
2617 802 2677 850 ut
2696 796 2984 851 difﬁcilius
3006 796 3149 850 dura
3175 797 3508 851 tolerentur.
3537 797 3645 852 Sed
3676 814 3844 865 nunc,

2153 886 2232 939 mi
2288 886 2539 952 domine,
2592 887 2872 941 honorem
2906 886 3267 940 salutationis
3326 886 3629 957 accipiens,
3687 890 3846 956 post-

2152 990 2327 1045 quam
2357 976 2510 1045 apud
2540 991 2657 1044 vos,
2686 976 2838 1047 quod
2875 976 3020 1029 male
3048 979 3129 1029 est
3158 975 3375 1043 animo,
3415 976 3719 1041 declaravi,
3753 992 3848 1029 cu-

2154 1063 2297 1116 ratio
2329 1069 2637 1134 properata
2663 1068 2953 1118 succurrat
2977 1080 2990 1118 :
3018 1068 3078 1117 ut
3103 1064 3203 1135 qui
3235 1064 3431 1118 salutis
3452 1069 3653 1118 vestra)
3675 1068 3849 1117 status

2155 1157 2237 1205 est
2259 1153 2341 1206 vel
2370 1152 2554 1223 gratia
2596 1152 2947 1224 principalis,
2998 1154 3334 1225 exspectatis
3380 1158 3666 1209 reseretur
3705 1153 3844 1207 allo-

2161 1241 2332 1312 quiis.

2777 1331 3112 1387 EPISTOLA
3140 1333 3229 1386 IV.

2670 1435 2992 1475 ENNODIUS
3035 1435 3344 1476 AGNELLO.

2230 1508 2467 1578 Semper
2483 1508 2825 1563 famulantes
2848 1509 3163 1581 diligentia:
3196 1510 3434 1581 paginas
3461 1525 3612 1564 nunc
3641 1509 3702 1563 in
3724 1526 3854 1580 pro-

2159 1597 2375 1652 ditione
2416 1597 2505 1651 sui
2541 1598 2709 1653 dolor
2756 1598 2947 1668 exigit,
2988 1604 3043 1653 et
3094 1600 3440 1669 gaudiorum
3473 1599 3762 1653 ministras
3794 1600 3853 1653 in

2162 1704 2359 1740 vocem
2401 1688 2720 1741 reseranda:
2778 1689 2915 1740 taxit
2952 1688 3209 1757 injuriae;
3262 1704 3365 1742 nec
3416 1692 3681 1742 contenta
3726 1689 3853 1742 fuco

2166 1776 2641 1830 dissimulationis
2691 1778 3175 1831 urbanze'secreta
3218 1778 3463 1847 pectoris
3490 1781 3587 1831 aut
3618 1776 3852 1832 tacitur-

2161 1865 2338 1919 nitate
2367 1864 2611 1931 vestivit,
2659 1864 2846 1918 autin
2878 1868 3101 1935 partem
3141 1865 3311 1918 aliam
3356 1864 3645 1919 transtulit
3690 1865 3852 1919 blan-

2162 1954 2440 2008 dimento.
2475 1954 2617 2007 Novi
2649 1954 2881 2025 quidem
2916 1953 3205 2018 fabricata,
3253 1954 3352 2008 sed
3392 1954 3556 2025 fugio
3592 1971 3605 2008 :
3641 1959 3696 2007 et
3725 1955 3859 2007 sim-

2160 2042 2415 2112 plicitate
2472 2047 2791 2106 contentus,
2861 2059 2990 2096 cum
3051 2043 3374 2096 amantibus
3435 2042 3621 2096 sereni
3675 2042 3857 2096 animi

2161 2131 2346 2186 fronte
2370 2132 2729 2202 congredior.
2770 2133 2872 2186 Ubi
2910 2132 3167 2203 gentium
3204 2132 3313 2185 fuit
3343 2132 3447 2186 sub
3478 2132 3857 2186 obtestatione

2162 2220 2264 2274 Dei
2304 2221 2453 2274 inter
2500 2238 2603 2275 nos
2650 2222 2928 2291 promissa
2986 2221 3292 2288 devinctio,
3327 2225 3390 2275 ut
3430 2220 3858 2291 proﬁciscentes

2161 2309 2535 2364 insalutatum
2574 2326 2685 2378 me,
2733 2311 2886 2364 velut
2940 2310 3300 2380 incognitum
3342 2310 3699 2381 linqueretis,
3754 2326 3860 2365 nec

2162 2402 2504 2469 potestatem
2528 2415 2833 2453 remanens
2855 2400 3091 2453 sortirer
3122 2398 3440 2453 necessaria
3468 2399 3861 2469 suggerendi?

2164 2488 2341 2543 Credo
2372 2488 2702 2558 providistis
2722 2493 2782 2542 ut
2812 2488 3131 2543 imbecillus
3154 2488 3331 2542 oculis
3356 2491 3542 2542 totum
3563 2488 3862 2542 vobiscum

2163 2578 2359 2631 lumen
2385 2578 2693 2644 amitteret,
2727 2594 2828 2632 nec
2867 2577 3018 2631 diem
3048 2592 3241 2631 meum
3274 2577 3380 2631 sub
3412 2576 3577 2631 amici
3608 2593 3863 2647 praesen-

2162 2665 2240 2719 tia
2266 2666 2469 2719 clausis
2501 2666 2736 2720 orbibus
2770 2666 3047 2720 intuerer.
3072 2668 3201 2721 Haec
3225 2666 3272 2719 si
3302 2683 3406 2737 per
3437 2666 3864 2738 negligentiam

2163 2756 2549 2825 contigerunt,
2582 2755 2947 2809 mstimationi
2986 2755 3327 2826 relinquetis
3358 2772 3530 2827 quem
3560 2755 3711 2826 apud
3764 2773 3868 2809 vos

2166 2846 2356 2899 locum
2388 2845 2713 2899 obtineam:
2754 2844 2989 2900 ferenda
3035 2850 3169 2899 sunt
3217 2844 3495 2913 acerbius,
3526 2840 3592 2899 ‘si
3638 2844 3866 2899 intelli-

2171 2938 2385 3005 guntur
2415 2933 2679 2988 accidisse
2710 2950 2811 3005 per
2840 2933 3111 2988 studium.
3142 2935 3302 2988 Nunc
3320 2935 3460 3002 vale,
3483 2934 3564 2988 mi
3602 2933 3869 2999 domine,

363 3042 456 3080 me
486 3026 713 3094 lacerat,
758 3029 816 3080 et
862 3025 1167 3080 obductam
1210 3025 1532 3079 cicatricem
1583 3026 1863 3081 rescindit
1911 3028 2058 3082 ictus
2100 3027 2139 3082 C
2172 3029 2227 3077 et
2255 3024 2447 3077 animo
2480 3040 2606 3077 meo
2638 3040 2808 3095 quem
2834 3022 2894 3076 in
2929 3023 3175 3077 statione
3206 3024 3514 3078 consistere
3544 3024 3745 3077 suadet
3772 3022 3868 3077 in-

362 3113 601 3169 acutior.
636 3115 1081 3185 Imploraveram
1132 3130 1166 3168 a
1212 3114 1537 3169 discedente
1579 3116 2053 3186 misericordiam,

363 3208 426 3258 ut
456 3204 608 3275 quod
642 3203 710 3258 de
739 3203 1007 3275 praesenti
1029 3203 1488 3257 confabulatione
1529 3204 1861 3274 perdebam,
1906 3206 2058 3260 litte-

362 3293 442 3347 ris
463 3298 837 3363 pensaretur;
871 3308 975 3348 nec
1009 3293 1157 3347 hanc
1194 3292 1420 3361 frugem
1455 3293 1722 3347 omnibus
1766 3293 2059 3349 desideriis

360 3382 594 3453 jejunus
625 3382 865 3436 emerui.
919 3383 1033 3451 Ego
1075 3381 1502 3435 consuetudinis
1543 3398 1685 3437 meas
1726 3400 1839 3437 non
1880 3385 2061 3456 negli-

364 3487 505 3542 gens
564 3472 717 3526 inter
758 3472 1041 3541 laceymas
1103 3471 1315 3541 scripta
1363 3470 1692 3525 concinne:
1745 3473 1952 3543 quibus
1987 3473 2058 3528 de

366 3560 670 3615 afﬂictione
688 3576 818 3614 mea
839 3560 1055 3614 credidi
1083 3559 1162 3612 nil
1194 3559 1381 3629 potius
1402 3558 1793 3627 indicandum,
1825 3562 2060 3617 illustris

365 3649 473 3704 viri
502 3648 698 3704 domni
742 3648 1060 3703 Pamfronii
1092 3647 1365 3702 relatione
1396 3653 1719 3703 contentus.
1766 3652 1947 3719 Nunc,
1980 3652 2061 3707 mi

367 3737 621 3805 domine,
658 3736 933 3807 obsequia
962 3736 1164 3791 famuli
1186 3736 1357 3791 vestri
1389 3737 1695 3808 dignanter
1724 3740 1981 3811 accipite,
2007 3746 2064 3796 et
2094 3802 2097 3805 _

367 3827 573 3880 animae
596 3827 654 3880 in
674 3824 951 3896 angustiis
984 3826 1308 3881 constituta:
1339 3827 1595 3882 remedia
1624 3835 1893 3885 consueta
1913 3848 2058 3902 prae-

370 3919 532 3969 state.

990 4003 1326 4059 EPISTOLA
1356 4004 1449 4058 ΙΙΙ.

903 4105 1227 4147 ENNODIUS
1272 4105 1538 4147 AVIENO.

439 4176 658 4241 Quibus
686 4177 1144 4247 magnitudinem
1188 4183 1345 4233 tuam
1387 4180 1768 4236 discedentem
1796 4181 2064 4252 precibus

368 4266 693 4338 imploravi,
742 4267 947 4321 merito
992 4272 1328 4333 retexerem,
1368 4270 1476 4324 nisi
1520 4270 1814 4325 memoriae
1861 4274 2061 4325 vestrae

366 4354 621 4426 irrogare
654 4355 1033 4410 contumelias
1072 4356 1408 4411 devitarem.
1446 4359 1588 4412 Nam
1638 4358 1736 4428 qui
1773 4361 2063 4413 amantem

370 4444 439 4499 de
478 4446 568 4500 his
610 4460 740 4515 quae
781 4460 978 4499 recens
1017 4450 1153 4499 sunt
1192 4452 1316 4501 acta
1346 4448 1692 4514 convenerit,
1726 4447 2062 4517 fugiendam

369 4533 534 4587 bonis
565 4534 915 4587 oblivionem
946 4533 1315 4605 importunus
1359 4535 1598 4605 opponit
1630 4551 1641 4588 :
1677 4551 1807 4589 cum
1839 4536 1948 4590 hoc
1991 4537 2065 4592 sit

368 4621 658 4693 peculiare
712 4622 1055 4691 conjunctis,
1115 4628 1178 4677 ut
1242 4622 1345 4676 sub
1405 4622 1652 4692 quadam
1704 4624 2064 4693 prmscientia

368 4716 573 4765 mutuo
606 4710 715 4765 sibi
747 4712 936 4781 cupita
964 4712 1278 4780 sufﬁciant;
1309 4716 1364 4765 et
1400 4711 1470 4765 ad
1512 4712 1884 4767 substantiam
1915 4716 2059 4769 cari-

368 4800 502 4854 tatis
532 4799 746 4854 efﬁcaci
794 4800 1246 4870 dispensatione,
1307 4800 1461 4870 quod
1526 4801 1672 4855 votis
1712 4804 2062 4873 poscendum

370 4891 476 4957 est,
516 4888 719 4942 effectu
762 4889 984 4943 seniore
1035 4888 1358 4942 concilient.
1413 4890 1662 4944 Caelestis
1715 4891 2061 4962 dispensatio

367 4977 627 5031 facienda
666 4978 941 5047 suggerit,
975 4977 1024 5030 si
1061 4977 1198 5048 quid
1251 4993 1413 5033 amor
1444 4984 1623 5050 optat,
1655 4980 1931 5050 inquiras.
1966 4981 2061 5034 His

363 5066 630 5137 jungitur
656 5066 811 5138 quod
840 5066 1105 5121 aestuanti
1147 5066 1379 5137 animae,
1428 5068 1563 5122 dum
1598 5068 1707 5121 iter
1754 5068 2056 5136 arriperes,

366 5223 661 5289 frumenta
675 5221 785 5277 sibi
798 5220 1161 5278 inimicorum
1175 5222 1638 5296 subreptionibus
1654 5225 2019 5296 concremata
2042 5238 2054 5278 :

368 5296 718 5363 postulantes
758 5309 827 5348 ne
874 5298 1148 5363 cogantur
1185 5296 1262 5348 ad
1296 5294 1580 5361 integram
1608 5294 2055 5363 praestationem,

368 5365 570 5435 quibus
597 5365 1063 5419 commerciorum
1102 5372 1233 5419 sunt
1264 5366 1556 5419 commoda
1591 5365 1898 5431 diminuta,
1948 5372 2053 5421 etc.

444 5437 459 5469 ¹
492 5434 879 5506 Epiphaniam
899 5435 1281 5504 chartarium[
1307 5436 1469 5506 Lapis
1491 5437 1819 5506 sepulcralis
1841 5438 2055 5505 Romte,

368 5520 540 5561 LOCUS
580 5506 875 5560 VALERIANI
927 5522 1213 5561 CHARTARI.
1271 5506 1379 5559 Sed
1431 5506 1746 5561 chartarius
1790 5507 1895 5561 hoc
1934 5509 2058 5562 loco

368 5591 487 5630 non
533 5578 743 5631 charta:
789 5577 995 5646 opifex,
1050 5582 1147 5630 aut
1190 5577 1533 5646 negotiator,
1580 5578 1677 5631 sed
1718 5579 2057 5633 chartularis

369 5647 593 5701 comitis
623 5647 957 5717 patrimonii
992 5663 1005 5701 :
1056 5648 1349 5719 quomodo
1392 5648 1567 5719 accipi
1619 5648 1789 5703 etiam
1833 5650 2058 5704 videtur

2166 3113 2450 3177 nocentia,
2484 3112 2663 3184 origo,
2698 3112 3077 3184 propositum,
3104 3112 3386 3184 potiorem
3409 3111 3607 3185 gratiae
3637 3116 3871 3183 partem

2168 3218 2281 3273 qua
2310 3202 2467 3257 vobis
2500 3202 2824 3257 sinceritate
2855 3202 3039 3271 patuit
3069 3201 3325 3256 invitate.

2798 3290 3135 3345 EPISTOLA
3173 3290 3234 3344 V.

2681 3394 3003 3435 ENNODIUS
3048 3394 3351 3435 SENARIO.

2240 3466 2506 3531 Quamvis
2527 3472 2579 3521 te
2606 3467 2903 3521 dominum
2936 3482 3127 3520 meum
3156 3483 3263 3537 per
3300 3467 3655 3520 intemerata:
3694 3467 3873 3522 docu-

2169 3561 2363 3609 menta
2393 3556 2529 3611 ﬁdei
2558 3556 2578 3590 ²
2600 3555 2929 3627 principalis
2959 3556 3070 3609 sibi
3107 3571 3242 3609 cura
3272 3556 3602 3626 conjungat,
3646 3560 3702 3609 et
3731 3572 3879 3612 ino-

2170 3662 2299 3700 rum
2338 3645 2617 3700 claritudo
2646 3646 2725 3699 ita
2753 3644 3000 3715 publicis
3044 3645 3214 3698 rebus
3245 3644 3500 3712 misceat,
3535 3649 3598 3698 ut
3641 3647 3877 3700 amabi-

2170 3735 2238 3789 lis
2288 3752 2319 3787 a
2374 3739 2430 3789 te
2480 3749 2742 3803 saporem
2814 3733 3023 3803 quietis
3088 3734 3370 3800 excludat,
3436 3733 3605 3787 credo
3664 3739 3877 3790 tamen

2170 3824 2247 3876 ita
2269 3823 2607 3893 religionem
2622 3822 2888 3876 amicitiae
2902 3822 3257 3892 posthaberi,
3273 3828 3335 3876 ut
3353 3839 3467 3876 non
3486 3822 3876 3894 satisfaciens,

2170 3913 2284 3966 Deo
2315 3912 2635 3981 adjuvante,
2666 3910 2960 3981 regnantis
3004 3911 3261 3982 imperiis
3306 3911 3498 3966 debita
3533 3928 3634 3965 sua
3667 3913 3876 3967 refun-

2170 4001 2267 4055 das
2311 4000 2555 4056 effectui.
2604 4000 2792 4055 Nostis
2834 4000 2971 4071 quid
3012 4004 3206 4071 poscat
3252 4000 3401 4069 aula,
3446 4000 3586 4071 quid
3629 4002 3873 4073 gratia:

2170 4106 2285 4144 uno
2325 4089 2644 4160 eodemque
2683 4094 2944 4159 tempore
2993 4106 3096 4143 nec
3123 4105 3317 4143 rerum
3360 4090 3564 4144 deestis
3596 4090 3873 4156 domino,

2170 4194 2274 4232 nee
2303 4178 2505 4245 amori,
2548 4178 2779 4249 quando
2814 4178 3149 4232 Christianae
3180 4178 3388 4233 mentis
3419 4178 3718 4249 integritas
3753 4196 3874 4248 per

2171 4268 2273 4321 has
2302 4271 2493 4338 partes
2532 4267 2709 4321 divisa
2747 4268 3047 4322 solidatur.
3105 4267 3200 4321 His
3240 4284 3374 4339 ergo
3416 4267 3876 4323 sollicitudinem

2173 4373 2358 4411 meam
2385 4356 2554 4411 credo
2580 4358 2845 4427 relevari,
2873 4358 3080 4429 quibus
3128 4358 3469 4412 venerabilis
3509 4360 3877 4413 consuetudo

2173 4452 2429 4501 servatur
2468 4446 2689 4501 studiis.
2738 4447 2978 4501 Tantum
3013 4451 3116 4513 est,
3164 4451 3222 4499 tu
3276 4446 3374 4500 Dei
3405 4446 3585 4500 nostri
3638 4446 3877 4500 solatiis

2171 4536 2510 4606 magnitudo
2529 4540 2714 4589 vestra
2742 4534 2937 4605 adjuta
2955 4534 3293 4604 gratuletur.
3321 4535 3561 4589 Domine
3584 4534 3686 4598 mi,
3707 4535 3876 4587 salu-

2170 4626 2404 4679 tationis
2437 4624 2711 4694 obsequia
2740 4629 3112 4692 praesentans,
3141 4640 3308 4694 spero
3342 4629 3403 4678 ut
3435 4624 3503 4678 de
3536 4628 3721 4677 vestro
3778 4625 3879 4678 vel

2169 4715 2337 4768 amici
2366 4713 2535 4767 vestri
2564 4712 2758 4767 domni
2799 4713 2989 4766 Fausti
3020 4718 3169 4767 statu
3200 4714 3443 4768 hilarem
3479 4730 3570 4769 me
3602 4712 3732 4768 ﬁeri
3765 4731 3874 4768 vo-

2169 4803 2281 4858 tivo
2302 4803 2619 4857 litterarum
2655 4800 2953 4871 contingat
2984 4801 3215 4855 indicio.

2782 4891 3113 4947 EPISTOLA
3151 4892 3241 4944 Vl.

2472 4994 2797 5035 ENNODIUS
2843 4995 3041 5035 FLORO
3087 4996 3159 5035 ΕΤ
3205 4993 3554 5035 ΠΕΕΟΚΔΤΟ.

2236 5066 2476 5122 Permisi
2505 5068 2779 5123 hactenus
2814 5068 3274 5139 magnitudinem
3306 5072 3550 5123 vestram
3577 5067 3881 5123 mobilita-

2166 5225 2235 5280 ab
2290 5225 2615 5281 Athalarico
2674 5225 2772 5280 lib.
2823 5241 2920 5279 vni
2989 5223 3307 5289 Variarum,
3381 5224 3547 5294 epist.
3616 5226 3705 5291 22,
3760 5225 3882 5281 ubi

2164 5297 2475 5351 chartarios
2523 5297 2783 5351 nominat
2819 5296 2969 5349 sedis
3020 5295 3356 5364 Burgantini
3398 5295 3625 5349 comitis
3678 5298 3880 5366 patri-

2164 5384 2364 5421 mOUll.

2237 5440 2256 5474 ²
2293 5437 2652 5509 Ρνὶηοὶραίἱε
2680 5436 2791 5491 sibi
2818 5436 3311 5509 curaconjungat]
3366 5436 3464 5492 Vel
3502 5442 3740 5509 propter
3793 5439 3886 5493 le-

2165 5509 2423 5579 gationes
2451 5507 2518 5563 ad
2554 5525 2679 5578 qum
2728 5524 2875 5578 smpe
2909 5507 3200 5579 adhibitus
3252 5508 3544 5573 Senarius,
3592 5508 3679 5561 vel
3724 5524 3883 5576 pro-

2165 5578 2292 5650 pter
2321 5580 2636 5648 exceptoris
2678 5578 2954 5644 ofﬁcium,
2979 5594 3108 5650 quo
3151 5578 3206 5632 in
3242 5582 3393 5650 regis
3426 5580 3557 5632 aula
3584 5579 3887 5649 fungeba—

2164 5649 2277 5717 tur,
2315 5650 2414 5704 lib.
2448 5666 2529 5717 ιιι,
2563 5650 2728 5721 epist.
2752 5652 2833 5717 tl,
2867 5654 2921 5703 et
2952 5649 3050 5704 lib.
3084 5665 3139 5718 v,
3171 5649 3339 5720 epist.
3380 5653 3463 5704 t5.
