4102 6182
244 236 339 285 117

1593 230 1827 285 EPISTO
1838 231 2066 286 LARUM
2106 232 2239 286 LIB.
2284 232 2395 285 VII.

3636 236 3737 289 {I8

233 370 349 420 tem
390 366 665 435 Ligurum
697 364 933 419 urbanas
974 364 1100 417 fuco
1150 362 1557 433 disputationis
1620 364 1919 430 incessere,
1964 365 2011 421 A
2037 370 2155 418 arte
2186 361 2504 431 contendis,
2541 361 2633 416 cui
2665 378 2768 418 nec
2813 362 3133 419 satietatem
3179 364 3248 419 de
3279 366 3586 436 prtesentia
3617 370 3735 437 tua,

235 456 367 526 quia
402 462 459 508 et
480 471 569 507 me
604 455 769 523 origo
800 453 1074 506 reddebat
1106 452 1380 519 alienum,
1416 459 1470 506 et
1495 470 1593 506 vos
1624 454 1695 507 ab
1737 469 1935 507 eorum

235 544 417 613 culpis
446 544 769 597 constantia
798 542 1079 612 promissa
1126 543 1473 611 sejunxerat.
1520 542 1626 595 Sed
1665 559 1793 595 cum
1822 559 1936 596 una

235 638 385 686 sorte
419 633 487 686 ab
522 633 699 685 oculis
754 632 953 683 vestris
985 636 1039 683 et
1097 636 1288 683 mente
1351 630 1605 694 discessi,
1656 630 1936 700 praeconis

232 738 367 775 voce
413 726 726 784 contestor,
781 720 1071 773 neminem
1134 720 1407 772 damnare
1454 735 1617 789 posse
1650 722 1799 789 quod
1851 735 1937 773 se-

238 812 454 880 quitur,
492 826 595 863 nec
637 810 791 862 salvo
825 809 1043 879 pudore
1086 809 1434 862 sententiam
1479 808 1804 862 excessibus
1852 807 1938 861 di-

236 907 389 955 ctare
430 904 785 970 peccantem.
842 900 944 952 Fas
988 902 1072 951 est
1115 898 1325 951 liberos
1355 914 1388 951 a
1432 902 1596 952 reatu
1638 896 1935 963 detestari;

236 990 363 1060 quis
385 1005 555 1060 {equo
606 988 798 1041 anima
830 987 977 1040 ferat
1028 987 1376 1040 monitorem
1418 986 1575 1057 quod
1616 985 1803 1039 verbis
1841 985 1938 1039 de-

241 1079 409 1131 struit
446 1077 666 1131 actibus
715 1092 832 1129 non
882 1075 1105 1130 vitare?
1154 1075 1449 1145 Evangelii
1497 1075 1782 1128 sententia
1834 1078 1937 1140 est,

241 1167 575 1235 Quifeceril
598 1167 652 1217 et
670 1163 923 1219 docuerit
942 1163 1027 1219 sic
1075 1164 1307 1234 (Matth.
1336 1179 1388 1228 v,
1428 1164 1510 1233 19)
1541 1163 1781 1229 dignum
1840 1161 1941 1229 De;

237 1256 417 1325 gratia
442 1253 889 1325 possejudicari.
925 1252 1089 1306 Vobis
1120 1253 1376 1323 copiosus
1409 1269 1595 1305 sermo
1645 1256 1746 1316 est,
1799 1264 1940 1319 quo-

238 1346 383 1397 tiens
417 1342 877 1412 errorarguitur,
902 1346 957 1395 et
981 1342 1084 1395 sub
1116 1341 1561 1395 conversationis
1590 1338 1943 1409 negligentia

238 1434 465 1503 puritas
495 1432 892 1503 amplectenda
922 1431 1247 1484 verborum.
1286 1430 1614 1484 Perdidistis
1664 1430 1941 1499 lacryma-

238 1538 361 1574 rum
399 1537 661 1573 mearum
686 1519 1047 1586 memoriam,
1083 1535 1253 1589 quam
1276 1518 1697 1572 discedentibus
1729 1516 1944 1587 gemini

238 1609 454 1662 doloris
488 1610 633 1662 ictus
666 1609 887 1662 etl‘udit.
936 1609 1068 1661 Ecce
1112 1609 1311 1677 quanti
1353 1608 1473 1660 dies
1502 1611 1654 1672 sunt,
1708 1607 1768 1660 in
1820 1606 1943 1675 qui-

240 1694 349 1748 bus
385 1696 493 1749 sub
528 1703 684 1751 tanta
723 1697 1047 1766 frequentia
1085 1702 1509 1749 commcantum
1553 1697 1711 1749 nulla
1759 1711 1945 1765 neque

237 1786 465 1837 domini
502 1786 635 1847 mei,
671 1786 840 1839 amici
870 1786 1061 1851 vestri,
1088 1801 1273 1855 neque
1316 1788 1523 1850 vestra,
1574 1800 1702 1856 quae,
1740 1785 1807 1838 de
1848 1784 1946 1837 illo

240 1890 359 1926 rem
416 1876 533 1925 voti
578 1876 852 1938 indicent,
905 1875 1111 1944 scripta
1157 1874 1421 1945 suscipio.
1452 1874 1783 1927 Absolvistis
1814 1873 1944 1927 imi-

236 1964 456 2016 tatione
480 1964 834 2033 culpabiles:
872 1979 986 2016 non
1020 1963 1169 2032 quod
1202 1964 1503 2033 Liguribus
1535 1963 1786 2016 evenerit
1826 1979 1947 2033 pro-

238 2051 516 2120 positum,
546 2056 824 2122 quantum
859 2068 960 2103 vos
1004 2051 1211 2115 dicitis,
1255 2052 1609 2105 inﬁdelitatis
1659 2052 1940 2116 amittere,

240 2140 330 2193 sed
366 2141 521 2210 quod
555 2157 652 2193 eos
678 2140 984 2209 contigerit
1013 2140 1296 2193 invenisse
1327 2140 1385 2192 in
1408 2140 1496 2193 his
1528 2156 1656 2210 qua:
1695 2146 1827 2193 sunt
1858 2140 1943 2193 vi-

238 2229 409 2282 tanda
456 2234 772 2282 consortes.
830 2230 984 2299 Rogo
1044 2232 1261 2293 tamen,
1313 2230 1540 2282 servitio
1576 2228 1938 2282 salutationis

237 2318 515 2384 exhibito,
544 2323 605 2371 ut
631 2319 860 2371 tandem
885 2318 1215 2388 aliquando,
1248 2322 1521 2388 tanquam
1546 2316 1681 2369 boni
1717 2316 1935 2370 domini

242 2423 478 2475 precum
536 2423 795 2460 mearum
830 2423 1131 2473 memores,
1188 2407 1629 2477 prosperitatem
1671 2410 1938 2471 vestram,

231 2495 317 2547 vel
378 2495 582 2548 domni
622 2496 756 2563 mei,
824 2496 1096 2549 amatoris
1150 2496 1344 2564 vestri,
1397 2495 1664 2549 reseretis
1725 2494 1940 2549 muniis

230 2582 573 2638 litterarum.

840 2691 1172 2747 EPISTULA
1210 2692 1327 2746 VII.

563 2814 894 2855 “ENNODIUS
936 2802 953 2836 ί
1000 2814 1258 2855 ELPIDIO
1309 2813 1602 2854 DIACONO.

294 2906 555 2961 Perfecta
600 2908 808 2960 caritas
865 2906 1184 2976 corporalis
1232 2905 1508 2960 absentiae
1553 2905 1763 2959 damna
1816 2920 1935 2958 non

234 2996 466 3065 patitur,
524 3012 632 3049 nec
674 2996 1003 3049 animorum
1049 3013 1250 3050 serena
1296 2996 1623 3066 conjunctio
1662 2995 1933 3048 itinerum

236 3085 697 3155 sequestratione
738 3086 1055 3139 multatur:
1099 3102 1345 3157 quorum
1376 3086 1585 3138 animae
1623 3085 1844 3138 Christo
1874 3084 1936 3137 in

233 3175 465 3228 caritate
498 3175 754 3228 scciante
802 3176 1169 3242 conveniunt,
1204 3175 1362 3227 nulla
1399 3178 1642 3244 possunt
1680 3172 1933 3244 separari

229 3264 629 3333 interjectione
674 3268 975 3317 terrarum.
1038 3264 1149 3317 Hac
1198 3280 1303 3333 ego
1334 3281 1433 3334 spe
1478 3264 1566 3316 vel
1607 3263 1931 3330 securitate,

229 3353 294 3405 de
324 3352 686 3405 conscientia
706 3357 891 3405 vestra
910 3368 1164 3418 securus,
1198 3358 1486 3406 amantem
1518 3352 1629 3405 mei
1651 3351 1933 3421 alloquor,

229 3446 507 3512 tanquam
544 3442 605 3495 in
656 3441 1008 3511 amplexibus
1061 3442 1459 3495 constitutum.
1503 3443 1668 3507 Fove,
1724 3441 1935 3495 domne

228 3532 432 3599 Elpidi,
487 3547 665 3601 quem
710 3531 826 3584 Deo
882 3530 1070 3585 medio
1130 3530 1447 3600 suscepisti.
1518 3531 1735 3584 Habeat
1805 3547 1935 3583 suas

227 3621 480 3674 mundus
500 3620 763 3687 astutias,
790 3626 842 3673 et
872 3620 1255 3673 urbanitatem
1287 3619 1522 3673 fallendi
1567 3620 1934 3689 prudentiam

229 3709 595 3763 damnandus
624 3710 895 3779 appellet.
926 3710 1005 3762 Tu
1042 3709 1127 3761 illi
1159 3708 1448 3762 dulcedini
1470 3723 1644 3778 quam
1675 3705 1932 3777 probavi,

228 3797 367 3850 nihil
403 3796 745 3859 admisceas,
773 3795 883 3849 nisi
918 3796 1069 3866 quod
1101 3796 1372 3866 gradibus
1402 3796 1474 3849 ad
1521 3795 1786 3865 perfecta:
1842 3811 1934 3847 ca-

224 3886 408 3938 ritatis
436 3901 541 3937 nos
573 3886 720 3937 bona
750 3886 1038 3953 perducat.
1066 3885 1328 3951 Domine,
1364 3889 1426 3937 ut
1471 3901 1664 3954 supra,
1723 3884 1933 3937 saluta-

225 3974 447 4027 tionem
476 3974 871 4042 plenissimam
910 3974 1173 4038 reddens,
1227 3989 1421 4043 quteso
1478 3978 1543 4026 ut
1588 3973 1935 4043 prosperita-

223 4068 335 4115 tem
371 4069 625 4115 vestram
648 4063 733 4114 vel
757 4078 955 4115 eorum
990 4062 1091 4133 qui
1115 4079 1220 4115 nos
1250 4062 1498 4133 diligunt
1538 4061 1934 4133 frequentibus

224 4151 365 4204 mihi
390 4151 659 4205 indicetis
694 4150 982 4221 alloquiis.

827 4257 1161 4312 EPISTOLA
1199 4258 1339 4311 VIII.

724 4361 1047 4400 ENNODIUS
1092 4361 1450 4401 EUPREPIE.

292 4455 486 4518 Quam
520 4453 669 4507 bene
691 4454 951 4507 animum
998 4469 1192 4507 meum
1223 4454 1290 4506 ad
1334 4452 1675 4522 patientiam
1730 4469 1933 4523 seque-

226 4542 528 4595 strationis
560 4542 833 4596 absentia:
864 4547 1064 4596 vestrae
1095 4558 1234 4596 usus
1264 4547 1575 4612 aptaverat,
1615 4542 1749 4596 dum
1810 4558 1936 4611 pro-

219 4632 328 4684 lixa
380 4631 617 4684 silentia
665 4637 1055 4701 contemptum
1105 4632 1419 4685 dulcedinis
1464 4647 1656 4685 rerum
1699 4648 1932 4686 suarum

228 4720 573 4772 necessitate
634 4718 971 4790 pariebant!
1021 4720 1255 4773 rescissa
1299 4726 1381 4774 est
1413 4720 1643 4773 cicatrix
1703 4736 1828 4791 quae
1861 4721 1933 4774 ad

228 4809 583 4862 medicinam
606 4808 687 4878 pii
740 4809 956 4862 amoris
1016 4814 1345 4863 accesserat.
1408 4810 1710 4875 Conﬁteor,
1773 4826 1935 4863 soror

226 4897 603 4962 venerabilis,
636 4897 708 4950 ad
740 4898 1043 4968 antiquum
1069 4914 1159 4950 me
1183 4898 1527 4951 desiderium
1561 4898 1763 4951 litterae
1816 4902 1931 4951 tuae

230 4986 405 5040 nimis
442 4991 582 5039 noto
611 4987 858 5039 conditae
885 5003 1087 5056 sapore
1114 4992 1467 5040 revocarunt.
1494 4988 1631 5040 Ecce
1662 4986 1787 5041 vide
1818 5003 1930 5057 qua

295 5144 307 5174 ¹
343 5141 635 5213 Helpidio
664 5140 919 5213 diacono]
950 5142 1066 5196 Lib.
1109 5158 1226 5207 vni,
1252 5141 1418 5213 epist.
1446 5145 1498 5213 8.
1520 5142 1745 5211 Sicjam
1788 5141 1927 5197 olim

228 5210 575 5279 scribebant,
603 5230 705 5283 pro
735 5210 955 5281 Elpidio
986 5213 1135 5283 quod
1177 5218 1260 5266 est
1288 5210 1543 5273 simam;
1579 5230 1591 5267 :
1620 5210 1679 5266 ut
1716 5214 1923 5283 Helpis,

224 5283 614 5352 Euhelpistus,
668 5290 722 5336 et
780 5283 891 5336 alia
943 5284 998 5336 id
1043 5300 1243 5351 genus.
1319 5285 1506 5347 Quare
1566 5286 1645 5337 ita
1694 5301 1925 5355 quoque

224 5356 505 5423 scriptum
547 5355 616 5405 ab
648 5355 903 5406 Eunodio
934 5356 1244 5407 verisimile
1267 5362 1367 5407 est.

289 5428 308 5457 ³
340 5426 743 5492 Compulsoris
770 5423 978 5493 officio]
1016 5426 1323 5477 Pisc-alium.
1348 5440 1590 5478 onerum
1622 5427 1919 5493 exactoris,

224 5496 320 5563 qui
372 5496 619 5563 publicis
672 5495 1060 5549 functionibus
1106 5495 1382 5549 obnoxius
1435 5496 1504 5549 ad
1575 5496 1922 5551 solutionem

225 5567 537 5637 compellit.
578 5567 710 5637 Leg.
752 5571 783 5619 7
829 5566 949 5620 cod.
1012 5567 1081 5621 de
1114 5567 1566 5629 Exsecutoribus,
1607 5571 1662 5620 et
1694 5568 1804 5637 leg.
1862 5570 1915 5623 4.

2048 470 2151 507 nec
2175 454 2538 507 Oblivionem
2599 453 2667 506 de
2706 454 2933 508 silentio
2991 454 3202 525 pateris
3248 455 3569 511 subvenire.
3628 457 3743 512 Scit

2047 544 2328 597 mentium
2360 542 2643 596 discussor
2683 544 3016 608 altissimus,
3072 544 3316 598 lectione
3358 546 3583 615 apicum
3621 551 3743 601 tuo-

2046 650 2174 686 rum
2208 634 2458 685 animam
2491 632 2844 685 meamintra
2872 633 3188 702 penetralia
3209 651 3311 686 sua
3343 650 3455 687 non
3488 635 3742 705 potuisse

2047 722 2376 787 consistere,
2412 725 2469 775 et
2524 721 2593 773 ad
2648 721 3006 791 praesentiam
3034 725 3192 775 tuam
3240 722 3553 793 diligentia:
3611 740 3743 777 evo-

2047 811 2189 864 lasse
2213 811 2382 863 melle
2432 810 2811 880 compulsam.
2878 809 3087 862 Habuit
3127 811 3473 865 Arelatensis
3521 812 3743 867 habita-

2046 900 2149 966 tio,
2177 917 2306 953 cum
2334 898 2851 953 Mediolanensibus
2882 898 3059 951 muris
3084 898 3444 953 includerer:
3501 905 3558 955 et
3608 902 3745 956 dum

2047 988 2119 1042 ad
2173 989 2395 1041 dulcem
2454 987 2643 1040 sedem
2682 987 2909 1040 libertas
2954 987 3162 1040 mentis
3195 995 3536 1055 excurreret,
3595 991 3748 1046 intra

2049 1078 2270 1131 Italiam
2304 1094 2395 1130 me
2417 1075 2984 1146 corporiscaptivitas
3023 1076 3362 1131 includebat.
3414 1078 3456 1133 Ο
3511 1079 3555 1132 si
3619 1097 3748 1152 sup-

2050 1170 2269 1236 peteret
2299 1165 2582 1218 sermonis
2614 1164 2968 1219 abundantia
2992 1165 3063 1218 ad
3098 1181 3163 1218 ea
3195 1182 3319 1235 quae
3344 1166 3501 1236 cupit
3522 1169 3749 1223 animus

2051 1254 2402 1324 exponenda,
2463 1253 2576 1320 aut!
2605 1253 2672 1307 ad
2706 1253 2804 1306 illa
2850 1252 2919 1305 ad
2944 1270 3070 1322 quae
3121 1253 3317 1324 lingua
3346 1255 3572 1320 sufficit,
3632 1273 3749 1312 non

2050 1344 2237 1414 pudor
2270 1342 2550 1412 eriperet!
2587 1344 2796 1395 Parvus
2831 1356 2991 1395 amor
3019 1344 3117 1402 est,
3157 1342 3255 1412 qui
3279 1343 3391 1395 oris
3416 1344 3748 1400 testimonio

2053 1432 2403 1485 sufﬁcienter
2444 1430 2719 1501 aperitur.
2768 1428 3058 1484 Confessio
3107 1433 3189 1483 est
3233 1429 3442 1500 tepidas
3475 1432 3745 1501 caritatis,

2053 1521 2319 1593 quotiens
2357 1520 2415 1572 in
2473 1536 2539 1573 ea
2576 1534 2691 1572 non
2723 1518 2872 1571 cedit
2944 1517 3259 1589 eloquium.
3318 1518 3481 1582 Quod
3553 1525 3745 1588 restat,

2056 1614 2236 1666 Deum
2266 1627 2487 1683 precor,
2542 1615 2607 1663 ut
2636 1596 2820 1662 valeas
2867 1612 2921 1663 et
2972 1609 3043 1662 ad
3093 1609 3507 1663 sublevandum
3539 1627 3748 1665 mcero-

2056 1718 2176 1755 rem
2213 1716 2403 1754 meum
2443 1714 2615 1769 quem
2666 1698 2975 1767 scriptione
3016 1702 3113 1751 tua
3170 1698 3343 1751 nimis
3365 1699 3587 1752 daedala
3629 1704 3749 1754 arte

2056 1790 2383 1862 geminasti,
2408 1789 2557 1842 bono
2583 1786 2974 1858 prosperitatis
2998 1790 3214 1841 mutuas
3239 1788 3569 1842 reserveris.

2666 1893 3003 1949 EPISTOLA
3043 1892 3143 1948 IX.

2590 2016 2917 2057 ENNODIUS
2963 2016 3226 2058 AVIENO.

2125 2111 2404 2179 Pompam
2434 2124 2607 2177 quam
2666 2108 2726 2161 in
2783 2108 2988 2162 litteris
3044 2108 3242 2178 fugitis
3293 2107 3597 2179 obtinetis;
3644 2123 3749 2163 nec

2053 2198 2207 2251 aliud
2237 2202 2321 2251 est
2350 2197 2509 2267 loqui
2539 2201 2808 2263 vestrum,
2843 2196 2953 2249 nisi
2976 2196 3457 2251 declamationum
3498 2197 3749 2268 insignia

2051 2287 2334 2340 custodire
2363 2302 2375 2340 :
2401 2287 2509 2339 hoc
2539 2286 2599 2339 in
2637 2285 2795 2338 vobis
2843 2291 3068 2349 natura,
3126 2285 3236 2338 hoc
3286 2285 3510 2355 peritia:
3554 2290 3739 2340 mater

2049 2376 2381 2429 indeliciens
2439 2375 2702 2428 lectionis
2745 2390 2882 2428 cura
2962 2374 3263 2443 congessit.
3322 2374 3432 2428 Sed
3492 2374 3739 2429 miseriis

2049 2466 2195 2520 meis
2227 2465 2453 2519 evenire
2498 2464 2657 2517 nulla
2711 2462 3026 2517 consolatio
3073 2467 3279 2533 potest,
3327 2464 3556 2535 quando
3614 2469 3745 2519 ante

2051 2556 2243 2609 oculos
2274 2558 2407 2608 sunt
2436 2555 2637 2620 locata,
2666 2569 2792 2624 quas
2856 2552 3062 2620 merui,
3104 2558 3160 2607 et
3203 2558 3482 2624 quantum
3536 2555 3746 2624 praela-

2048 2648 2136 2697 tus
2167 2642 2460 2714 indignior
2491 2640 2789 2707 exstiterit,
2823 2645 3049 2695 tantum
3080 2642 3141 2695 in
3174 2648 3368 2713 aperto
3406 2642 3553 2696 ﬁunt
3607 2658 3747 2713 pec-

2046 2737 2169 2785 cata
2225 2732 2498 2801 superati.
2561 2730 2709 2795 Quid
2766 2730 3027 2784 animum
3089 2746 3305 2798 meum,
3359 2731 3745 2787 illustrissime

2044 2820 2367 2887 hominum,
2409 2819 2629 2873 conaris
2651 2819 2908 2872 attollere
2929 2820 2958 2873 ?
2985 2818 3127 2889 quid
3150 2820 3210 2873 in
3232 2819 3344 2874 vita
3385 2836 3516 2889 quas
3545 2820 3745 2889 :plena

2045 2911 2301 2963 maeroris
2352 2913 2458 2973 est,
2498 2924 2787 2961 reservare
2804 2906 2998 2977 ‘liceat
3058 2907 3522 2962 tribulationibus
3558 2909 3743 2964 meis?

2044 3016 2147 3070 pro
2180 3000 2330 3052 bono
2356 2996 2798 3067 dispensationis
2838 2996 3079 3050 caelestis
3112 2997 3286 3049 tinem
3317 2997 3405 3049 vel
3435 3013 3566 3051 cum
3628 2996 3744 3052 vita

2045 3088 2331 3141 constitui.
2362 3085 2532 3139 Vobis
2573 3090 2767 3139 tamen
2805 3084 3216 3139 insufticientes
3263 3084 3449 3139 refero
3505 3087 3739 3155 gratias,

2045 3179 2144 3249 qui
2176 3178 2335 3231 illam
2360 3176 2510 3229 circa
2536 3191 2628 3229 me
2676 3175 2912 3229 servatis
2961 3174 3341 3245 diligentiam,
3388 3190 3501 3247 qua
3552 3174 3740 3245 potio-

2042 3282 2163 3319 rem
2186 3281 2287 3319 nec
2318 3264 2671 3336 dignissimis
2709 3264 3077 3335 praestaretis.
3104 3263 3346 3318 Domine
3378 3263 3477 3331 mi,
3526 3264 3740 3318 saluta-

2042 3355 2215 3408 tionis
2257 3354 2635 3408 reverentiam
2695 3354 2939 3421 solvens,
2989 3369 3156 3423 spero
3188 3357 3251 3407 ut
3299 3369 3461 3409 orare
3504 3369 3608 3423 pro
3647 3369 3741 3408 me

2045 3442 2281 3497 minime
2316 3442 2622 3508 desistatis,
2656 3448 2713 3496 et
2743 3443 2814 3496 ad
2851 3442 3245 3497 calamitatum
3303 3442 3506 3497 solatia
3546 3442 3741 3497 feren-

2043 3532 2123 3586 tia
2149 3547 2315 3603 opem
2349 3532 2561 3603 scripta
2592 3530 2849 3585 mittatis.

2671 3637 3014 3692 EPISTOLA
3050 3637 3113 3692 Χ.

2346 3741 2670 3783 ENNODIUS
2716 3742 2917 3782 FLORO
2964 3741 3035 3780 ET
3084 3740 3434 3781 DECORATO.

2114 3834 2136 3865 ²
2176 3833 2567 3904 Compulsoris
2578 3834 2806 3887 functus
2822 3832 3026 3899 ofﬁcio,
3059 3832 3128 3886 ad
3149 3831 3597 3887 redhibitionem
3614 3848 3744 3903 pro-

2045 3923 2331 3977 missionis
2365 3939 2482 3977 sum
2512 3922 2601 3976 vix
2647 3922 2982 3975 advocatum
3034 3921 3213 3991 coegi,
3273 3920 3522 3992 utquod
3575 3921 3742 3975 advo-

2043 4014 2179 4067 catis
2210 4013 2451 4067 debebat
2502 4012 2837 4066 exsolveret.
2887 4012 3077 4066 Genus
3123 4012 3279 4064 dura:
3340 4010 3739 4080 professionis,

2042 4108 2107 4157 ut
2137 4118 2170 4155 a
2199 4100 2359 4154 vobis
2380 4100 2621 4154 dicenda
2650 4099 3023 4170 praeveniam,
3074 4100 3142 4154 ad
3195 4099 3600 4152 verecundiam
3629 4100 3739 4153 cle-

2040 4191 2191 4245 ricus
2220 4189 2507 4244 inclinavi.
2542 4188 2718 4252 Quale
2753 4188 2825 4242 sit
2867 4204 2979 4258 quo
3026 4187 3371 4241 molliuntur
3411 4187 3741 4241 obstinatis-

1969 4256 2012 4309 D
2043 4279 2194 4344 simi,
2224 4283 2278 4332 et
2309 4278 2444 4347 quid
2485 4277 2593 4330 sibi
2641 4276 2775 4330 velit
2833 4256 2932 4347 qui
2989 4280 3246 4345 raptores
3304 4275 3533 4344 spoliat,
3582 4275 3741 4329 esti-

2045 4373 2214 4421 mate.
2258 4366 2495 4435 Argenti
2521 4366 2722 4419 libram
2750 4381 2922 4435 quam
2950 4364 3123 4417 frater
3154 4362 3511 4434 Epiphanius
3555 4362 3737 4430 dedit,

2043 4456 2205 4511 fratri
2257 4456 2466 4511 Gaiano
2530 4455 2599 4508 ad
2642 4469 2742 4506 vos
2811 4452 3209 4523 perferendam
3268 4450 3501 4517 tradidi,
3560 4450 3741 4520 pactis

2042 4549 2236 4599 tamen
2294 4544 2479 4598 adhuc
2562 4542 2713 4612 apud
2771 4558 2863 4597 me
2939 4557 3068 4613 quae
3130 4539 3354 4611 suscepi
3393 4539 3735 4594 constitutis.

2042 4635 2236 4689 Restat
2284 4638 2365 4699 ut,
2424 4632 2471 4685 si
2518 4632 2742 4685 tradere
2793 4630 3054 4700 debeam,
3114 4628 3444 4700 designetis.
3501 4627 3741 4683 Domine

2043 4722 2143 4787 mi,
2174 4721 2573 4775 salutationem
2605 4719 2999 4790 plenissimam
3042 4719 3261 4785 dicens,
3314 4733 3454 4788 rogo
3510 4720 3577 4771 ut
3619 4715 3741 4787 pri-

2041 4827 2201 4864 mum
2220 4826 2320 4880 pro
2351 4826 2440 4863 me
2471 4814 2696 4863 sanctos
2728 4826 2888 4863 orare
2929 4809 3269 4879 dignemini.
3316 4806 3534 4864 Deinde
3582 4806 3741 4860 dom-

2040 4899 2127 4952 nis
2157 4898 2504 4953 amatoribus
2526 4898 2735 4952 nostris
2769 4897 3044 4968 obsequia
3075 4914 3203 4952 mea
3233 4897 3336 4952 sub
3358 4896 3456 4951 illa
3486 4911 3599 4966 qua
3647 4910 3737 4949 me

2039 5002 2248 5057 cupere
2276 4986 2430 5040 scitis
2456 4985 2783 5040 humilitate
2815 4986 3082 5039 reddatis.

2037 5144 2115 5197 Ne
2148 5143 2465 5198 collationis
2486 5143 2784 5197 translatio
2799 5142 3185 5213 postuleretur
3217 5157 3231 5196 :
3262 5143 3319 5196 et
3342 5139 3491 5213 apud
3512 5137 3735 5213 Cassio-

2036 5215 2237 5269 dorum
2283 5215 2382 5275 lib,
2416 5230 2513 5283 vn,
2544 5216 2648 5281 45;
2680 5210 2897 5280 libfix,
2930 5216 2991 5280 7i;
3026 5214 3123 5266 lib.
3159 5229 3254 5277 xu,
3301 5215 3352 5265 8.
3375 5210 3568 5283 Editio
3623 5211 3731 5283 Ba-

2036 5286 2282 5339 siliensis
2312 5286 2405 5339 hic
2434 5280 2606 5339 etiam
2636 5280 2856 5338 mutila
2908 5289 3048 5338 erat.
3110 5282 3291 5336 Priori
3344 5281 3501 5334 enim
3556 5280 3731 5349 hujus

2034 5358 2285 5423 epistola:
2322 5357 2578 5410 membro
2631 5358 2875 5408 alterum
2932 5355 3192 5415 attexuit,
3258 5352 3415 5421 quod
3474 5351 3731 5420 epistolae

2040 5431 2099 5480 13
2150 5428 2481 5481 debebatur.
2536 5428 2671 5481 Tres
2754 5426 2930 5496 igitur
2972 5425 3243 5496 epistolas
3298 5426 3610 5496 sequentes
3663 5423 3729 5496 ad

2033 5500 2357 5568 Agnellum,
2394 5498 2755 5555 Ilormisdam
2781 5492 2845 5550 et
2894 5492 3151 5550 Boetium
3216 5510 3286 5548 ex
3326 5492 3731 5563 manuscriptis

2036 5570 2446 5636 supplevimus.
