4102 6182
367 272 472 330 U9

1000 403 1339 461 EPISTOLA
1375 406 1461 460 XI.

880 508 1207 552 ENNODIUS
1251 509 1561 551 AGNELLO.

438 582 585 639 Male
608 585 693 640 est
721 583 915 639 animo
943 601 1092 654 meo,
1127 584 1283 656 quod
1315 585 1383 639 de
1424 584 1705 641 facundiae
1752 602 1866 641 suae
1912 586 2062 641 doti-

368 673 476 728 bus
517 673 662 728 mihi
722 673 1071 729 abundantia
1134 677 1323 727 vestra
1388 673 1537 729 nihil
1594 675 1832 730 tribuit:
1876 679 1932 730 et
1983 674 2063 728 ita

372 763 715 835 eloquentiae
748 763 951 834 opibus
978 761 1232 829 incubat,
1266 768 1331 817 ut
1373 767 1597 834 partem
1628 780 1692 819 ex
1724 764 1804 820 eis
1856 765 2060 831 facere,

370 852 733 924 sacrilegium
758 856 1138 923 computetur.
1172 853 1373 924 Turpis
1404 856 1487 907 est
1522 853 1791 927 equidem
1833 854 2060 910 univer-

370 958 561 997 sarum
593 958 786 996 rerum
816 940 1053 996 avaritia
1086 958 1099 996 :
1134 942 1373 1013 contigit
1410 946 1624 1011 tamen,
1666 944 1713 999 si
1743 944 1915 999 verba
1973 945 2065 999 de-

369 1048 563 1104 neges,
619 1033 747 1103 plus
791 1031 1079 1102 pudenda.
1146 1032 1307 1103 Saepe
1362 1032 1535 1087 etiam
1604 1034 1793 1089 evenit
1840 1038 1904 1090 ut
1957 1034 2063 1089 fre-

368 1125 611 1193 quenter
629 1120 939 1175 scribentes
969 1120 1161 1175 minus
1188 1121 1468 1192 diligant;
1519 1139 1817 1195 nunquam
1870 1128 2063 1179 tamen

366 1210 598 1265 accessit
626 1213 691 1264 ut
719 1209 937 1281 aliquid
960 1210 1181 1265 caritati
1219 1216 1486 1267 reservet.
1545 1213 1643 1284 qui
1681 1214 1740 1267 in
1785 1217 2063 1285 perpetua

364 1298 752 1353 taciturnitate
782 1299 1072 1368 perdurat.
1107 1300 1300 1354 Potest
1339 1301 1494 1355 nasci
1552 1302 1621 1356 de
1662 1302 2062 1373 epistolaribus

364 1388 772 1443 blandimentis
801 1388 1144 1459 ambiguitas
1173 1408 1188 1443 :
1214 1394 1365 1444 certa
1421 1390 1562 1445 ﬁdes
1588 1396 1670 1447 est
1714 1393 1784 1447 ab
1843 1409 1909 1447 eo
1967 1392 2062 1465 qui

365 1483 550 1533 servat
576 1477 868 1532 silentium
899 1477 1033 1548 {non
1072 1479 1273 1533 amari.
1311 1481 1442 1535 Haec
1475 1485 1610 1535 sunt
1661 1498 1788 1553 qum
1835 1470 1897 1537 in
1942 1483 2059 1537 fes-

364 1567 645 1622 tinatione
692 1567 994 1638 perlatoris
1049 1568 1198 1622 celer
1246 1570 1469 1640 scripsi,
1530 1570 1776 1641 geminis
1815 1571 2062 1627 stimulis

363 1655 651 1727 incitatus,
692 1656 777 1711 vel
826 1657 1247 1728 properationis
1289 1658 1469 1729 bajuli
1497 1661 1585 1715 vel
1631 1660 1863 1715 doloris.
1906 1662 2057 1732 Ergo

364 1746 534 1801 taedio
563 1745 743 1800 animi
775 1747 887 1800 mei
913 1747 1167 1802 remedia
1196 1748 1594 1803 incunctanter
1646 1750 1910 1805 adhibete
1943 1768 1954 1805 :
1996 1757 2060 1805 ut

363 1835 626 1906 quamvis
654 1835 901 1891 defuerit
928 1836 1203 1891 hactenus
1243 1837 1531 1892 allectioni
1571 1840 1783 1910 pabula
1827 1856 1949 1908 sua,
1998 1840 2060 1894 in

363 1924 606 1978 statione
628 1941 748 1979 esse
777 1928 969 1980 tamen
1000 1924 1283 1997 promissa
1312 1926 1516 1982 caritas
1573 1928 1908 2011 iqnotescat.
1956 1931 2061 1984 Do-

365 2013 520 2068 mine
560 2014 659 2082 mi,
714 2014 956 2069 salutem
1018 2016 1413 2086 plenissimam
1471 2017 1684 2087 dicens,
1747 2035 1938 2091 qumso
2000 2024 2063 2075 ut

363 2102 745 2173 expectationi
777 2119 919 2158 mea:
943 2104 1096 2175 quod
1144 2103 1354 2159 sufﬁcit
1381 2104 1655 2177 loquendi
1710 2106 2059 2177 peritissimo

364 2208 478 2248 non
511 2196 773 2265 negetur.
1698 2210 1703 2215 ’

975 2282 1313 2340 EPISTOLA
1351 2285 1461 2340 XII.

679 2386 1003 2429 ENNODIUS
1051 2388 1398 2429 HORMISDE
1448 2388 1745 2431 DIACONO.

436 2461 634 2517 Nullus
659 2466 983 2517 remaneret
1012 2460 1292 2533 imperitis
1352 2463 1510 2518 locus
1551 2464 1756 2531 veniae,
1800 2463 1845 2518 si
1895 2464 2063 2536 plura

365 2551 742 2623 loquerentur
777 2552 934 2606 :sola
966 2552 1212 2606 brevitas
1234 2553 1596 2609 commendat
1642 2554 1920 2610 indoctos.
1962 2555 2063 2610 Su-

364 2658 469 2712 pra
496 2657 748 2697 errorem
774 2646 856 2695 est
877 2642 1101 2713 prolixa
1124 2643 1374 2697 narratio
1405 2643 1732 2699 rusticantis
1767 2661 1779 2698 :
1830 2646 2061 2717 quando

365 2732 436 2787 ab
467 2731 670 2803 ignaro
729 2735 1019 2787 extortum
1065 2731 1239 2787 fuerit
1292 2733 1447 2804 quod
1505 2733 1607 2788 diu
1664 2735 1906 2805 legatur,
1953 2736 2063 2790 sibi

368 2837 665 2877 rancorem
701 2837 870 2877 suum
911 2822 1079 2877 debet
1139 2825 1384 2877 exactor.
1446 2823 1836 2895 Quisquamne
1880 2826 2065 2881 homi-

371 2928 509 2967 num
530 2912 591 2966 in
620 2912 859 2983 longum
887 2912 1010 2966 vult
1035 2911 1382 2968 fastidienda
1437 2914 1762 2984 procedere,
1818 2918 1873 2969 et
1902 2916 2061 2971 nullo

1590 274 1676 332 EN
1687 273 1882 331 NOD11
1922 274 2240 333 EPISCOPI
2279 273 2665 332 TICINENSIS
3763 282 3863 335 120

2104 409 2150 463 Α
2179 407 2493 478 praedicare
2517 407 2771 476 virtutes,
2823 422 2995 479 quem
3026 406 3086 462 in
3131 408 3299 463 annis
3350 409 3686 481 puerilibus,
3742 410 3865 466 sine

2174 498 2355 553 mtatis
2386 497 2737 569 praejudicio,
2770 496 3053 552 industria
3074 498 3207 554 fecit
3236 500 3572 571 antiquum;
3619 501 3720 572 qui
3762 518 3866 572 per

2173 587 2527 657 diligentiam
2559 588 2763 658 imples
2778 603 2947 641 omne
2974 588 3129 659 quod
3150 588 3400 660 cogitur;
3431 590 3521 644 cui
3544 590 3695 645 inter
3734 590 3867 646 vita:

2172 677 2404 731 exordia
2425 677 2593 731 ludus
2624 680 2707 731 est
2736 676 2995 731 lectionis
3026 676 3344 747 assiduitas,
3386 683 3443 734 et
3494 678 3712 734 deliciae
3774 696 3866 735 su-

2171 766 2275 821 dor
2306 765 2524 820 alienus
2559 786 2573 833 ;
2602 766 2663 819 in
2692 766 2853 836 cujus
2880 766 3450 839 manibusduplicato
3476 767 3607 840 igne
3652 768 3865 836 rutilat,

2171 871 2285 926 qua
2312 858 2532 910 veteres
2562 855 2683 910 face
2713 855 3013 910 fulserunt.
3051 857 3192 911 Nam
3223 857 3373 929 quad
3406 856 3495 911 vix
3550 858 3865 929 majoribus

2172 945 2318 999 circa
2344 945 2765 1000 extremitatem
2794 945 2923 999 vitae
2955 945 3211 1017 contigit,
3246 946 3355 1001 hoc
3381 946 3487 1002 tibi
3522 947 3773 1003 abundat
3798 948 3863 1004 in

2170 1034 2389 1089 limine.
2426 1035 2566 1089 Vere
2595 1034 2803 1090 dedisti
2832 1035 3084 1107 pretium
3122 1036 3458 1107 loquacitati
3508 1053 3671 1105 mem,
3725 1038 3864 1093 dum

2172 1122 2595 1178 desiderantem
2628 1124 2916 1196 colloquia
2962 1124 3185 1195 primus
3215 1126 3561 1197 aggrederis.
3614 1127 3867 1197 Contigit

2172 1228 2319 1267 nova
2355 1229 2445 1268 res
2487 1214 2742 1284 garrulo,
2787 1219 2849 1269 ut
2883 1230 3066 1286 usque
3094 1214 3234 1269 adeo
3274 1215 3710 1286 produceretur,
3765 1216 3865 1270 do-

2173 1318 2275 1355 nec
2297 1302 2591 1373 exigerent
2640 1303 2847 1375 scripta
2906 1319 3265 1375 responsum.
3331 1306 3445 1359 Deo
3488 1305 3722 1375 gratias,
3765 1305 3865 1377 qui

2171 1391 2401 1445 occultis
2434 1391 2736 1446 itineribus
2768 1392 2836 1447 de
2861 1393 3176 1464 propinqui
3206 1410 3301 1448 vos
3343 1394 3659 1449 necessaria
3698 1394 3865 1450 affec-

2172 1482 2326 1536 tione
2380 1482 2707 1536 commovit.
2776 1484 2911 1537 Ecce
2955 1483 3200 1554 geminae
3245 1499 3442 1538 causas
3478 1483 3697 1555 injuriae
3742 1484 3867 1555 jam

2170 1571 2373 1625 tenetis
2403 1588 2415 1625 :
2444 1588 2579 1626 nam
2627 1576 2933 1643 postquam
2992 1572 3232 1643 agrestis
3270 1572 3514 1638 innotui,
3577 1589 3865 1644 praesumo

2172 1676 2261 1713 me
2316 1660 2503 1715 dicere
2557 1664 2872 1731 parentem.
2924 1661 3163 1718 Domine
3218 1663 3317 1731 mi,
3352 1662 3549 1717 salutis
3606 1662 3863 1718 officium

2171 1750 2383 1817 dicens,
2419 1765 2583 1821 spero
2614 1754 2678 1804 ut
2711 1750 2857 1804 circa
2887 1750 3212 1805 litterarum
3247 1752 3445 1806 munia
3485 1751 3865 1823 frequentiam

2168 1839 2587 1893 commodetis:
2638 1840 2698 1893 in
2733 1856 2844 1910 quo
2902 1856 3077 1911 opere
3124 1840 3512 1897 assiduitatem
3549 1844 3606 1896 et
3670 1857 3866 1897 amans

2170 1929 2402 1983 exhibet
2422 1933 2478 1985 et
2508 1928 2805 1985 facundus.

2757 2061 3095 2119 EPISTOLA
3134 2063 3266 2119 XIV.

2563 2184 2889 2225 ENNODIUS
2933 2171 2948 2203 ¹
2997 2184 3462 2228 ΔΒΟΗΟΤΑΜΙᾸΞ.

2241 2289 2324 2342 Ita
2353 2302 2525 2359 supra
2556 2286 2871 2341 claritatem
2900 2285 3127 2356 generis
3158 2302 3385 2342 morum
3414 2288 3537 2343 luce
3585 2288 3863 2360 profecis-

2169 2376 2262 2446 tis,
2312 2381 2375 2431 ut
2414 2393 2557 2447 quos
2592 2376 2763 2431 etiam
2811 2376 2968 2431 vobis
3032 2392 3151 2431 non
3218 2377 3396 2432 nectit
3435 2378 3861 2450 propinquitas,

2171 2469 2398 2520 actuum
2454 2470 2776 2519 vestrorum
2818 2464 2969 2520 bona
3013 2464 3342 2535 subjiciant.
3388 2466 3524 2530 Quis
3555 2466 3708 2522 enim
3742 2484 3857 2522 non

2172 2556 2482 2627 perfectam
2508 2555 2888 2610 reverentiam
2919 2556 2992 2609 sit
3016 2558 3247 2626 paratus
3274 2554 3610 2626 impendere
3652 2557 3861 2612 anima:

2170 2645 2227 2699 in
2262 2644 2359 2699 Dei
2391 2644 2611 2698 cultura
2659 2642 2937 2698 sublimi?
2979 2642 3113 2715 quia
3146 2644 3517 2715 peregrinum
3557 2661 3616 2700 se
3674 2646 3807 2702 facit
3834 2663 3867 2701 a

2176 2733 2571 2804 Redemptoris
2598 2733 2800 2804 gratia,
2835 2732 2934 2803 qui
2960 2734 3075 2787 Deo
3105 2748 3221 2787 non
3279 2734 3515 2805 suscipit
3543 2734 3867 2806 obsequen-

2172 2827 2274 2877 tes.
2328 2822 2609 2877 Indicium
2668 2822 2823 2876 enim
2871 2826 2956 2876 est
3030 2821 3473 2877 conversationis
3536 2823 3863 2894 praecipuae,

2172 2911 2382 2967 Christi
2414 2910 2591 2967 nostri
2634 2925 2827 2966 amare
2862 2910 3126 2977 cultores,
3165 2910 3458 2981 proximus
3526 2915 3611 2967 est
3666 2928 3860 2967 emen-

367 3016 569 3073 sapore
600 3000 829 3056 condita
852 2999 1054 3056 breves
1081 3001 1356 3056 terminos
1388 3003 1772 3059 nonhabere?
1801 3006 2060 3061 Romana
2098 3008 2138 3064 C
2170 3001 2500 3069 dalissimiS,
2541 3000 2643 3073 qui
2712 3000 2901 3071 diligit
2941 3001 3062 3070 jam
3116 3000 3412 3072 pPObBtOS.
3460 3002 3862 3071 testimonium

366 3091 495 3159 hoc,
528 3090 723 3161 frater,
750 3094 808 3145 et
854 3090 1102 3146 nimium
1143 3091 1347 3147 artiﬁci
1388 3092 1700 3149 subtilitate
1767 3095 2057 3167 ﬂagitasti.

367 3179 476 3234 Sed
508 3196 612 3234 nos
640 3184 841 3234 contra
882 3179 1187 3235 fabricatos
1243 3180 1435 3236 munit
1496 3182 1831 3255 simplicitas
1889 3185 2061 3240 nullis

367 3269 621 3324 colorata
670 3268 993 3341 praestigiis.
1047 3269 1273 3325 Etenim
1317 3272 1579 3342 quamvis
1628 3288 1719 3327 me
1766 3274 2061 3331 deleniﬁca

368 3361 626 3431 epistola:
658 3364 770 3415 tute
802 3360 1063 3415 oratione
1094 3361 1454 3431 produxeris,
1490 3363 1603 3416 mei
1659 3363 2061 3421 immemorem

369 3466 486 3504 non
507 3448 710 3504 fecisti.
734 3448 856 3504 Scio
885 3452 1071 3503 artare
1105 3449 1397 3520 paginam,
1425 3451 1589 3521 cujus
1627 3453 1878 3522 pretium
1928 3471 2062 3526 pro-

368 3538 1221 3609 mulgatorintelligo.Noveris
1246 3555 1335 3595 me
1370 3544 1563 3595 tamen
1612 3542 1755 3597 meis
1802 3544 2062 3613 partibus

369 3645 485 3684 non
517 3629 731 3697 deesse,
765 3628 1025 3700 quamvis
1047 3632 1206 3684 vocet
1238 3630 1297 3683 in
1333 3630 1590 3685 medium
1620 3635 1675 3685 et
1696 3632 1947 3689 urbanus
2006 3640 2064 3691 et

370 3716 623 3772 clericus.
656 3717 764 3772 Sed
793 3716 929 3788 quid
960 3717 1215 3787 produco
1258 3718 1548 3789 paginam,
1589 3719 1748 3790 cujus
1799 3724 2063 3794 superius

344 3856 345 3859 η
373 3807 695 3878 angustiam
725 3806 1085 3877 pollicebar?
1114 3808 1243 3863 Ilazc
1299 3807 1441 3862 mihi
1480 3824 1610 3863 cum
1639 3816 1866 3866 amante
1923 3829 2061 3869 con-

370 3896 605 3951 certatio
645 3896 813 3951 :talis
841 3896 1057 3951 fructus
1116 3901 1201 3951 est
1256 3897 1600 3953 litterarum.
1662 3902 1901 3957 Domine
1962 3904 2058 3967 mi,

372 3986 615 4040 salutem
646 3986 996 4040 uberrimam
1018 3986 1229 4055 dicens,
1262 4003 1467 4058 precor
1506 3994 1567 4043 ut
1597 3990 1698 4045 Dei
1734 3992 1914 4046 nostri
1970 3994 2064 4047 tri-

372 4076 582 4131 buente
626 4075 1017 4130 misericordia
1046 4076 1242 4131 crebro
1303 4078 1544 4133 salutem
1587 4085 1829 4136 vestram
1859 4082 2063 4139 votivis

371 4163 536 4235 mihi,
567 4164 705 4220 dum
732 4180 920 4219 meam
951 4164 1228 4235 quaeritis,
1263 4165 1541 4221 nuntietis
1571 4168 1854 4224 all‘atibus.

976 4253 1313 4311 EPISTOLA
1351 4255 1487 4309 XIII.

906 4358 1227 4399 ENNODIUS
1272 4358 1523 4401 BOETIO.

442 4431 501 4488 Si
544 4431 793 4488 liberum
836 4436 981 4486 esset
1016 4432 1297 4503 imperata
1358 4432 1592 4501 differri,
1653 4434 2063 4488 concederetur

372 4522 555 4577 adhuc
586 4522 727 4576 mihi
749 4527 1086 4577 ornamenta
1112 4522 1320 4577 silentii
1358 4538 1475 4576 non
1504 4522 1711 4592 perire.
1740 4524 1881 4577 Nam
1931 4524 2063 4577 taci-

372 4612 665 4666 turnitatis
694 4628 905 4668 munus
927 4618 1026 4679 est,
1061 4614 1214 4685 quod
1233 4628 1350 4667 non
1372 4612 1755 4667 inhumanum
1778 4613 1932 4685 loqui
1972 4630 2063 4668 me

370 4716 539 4772 posse
568 4701 907 4757 credidistis.
944 4702 1142 4758 Videte
1164 4706 1440 4773 quantum
1463 4700 1676 4772 linguae
1698 4703 1935 4772 genium
1958 4720 2063 4757 vox

371 4805 567 4861 pressa
591 4791 916 4848 contulerit.
953 4792 1062 4848 Sed
1092 4807 1182 4846 res
1236 4794 1319 4845 est
1373 4791 1536 4845 vacui
1594 4792 1838 4862 pectoris
1905 4792 2063 4863 peri-

372 4878 564 4933 clitata
602 4880 857 4935 remedia
892 4896 1010 4935 non
1042 4882 1255 4936 tenere.
1288 4878 1422 4949 Agit
1478 4880 1757 4935 sermonis
1788 4896 1942 4947 cura,
1993 4896 2062 4935 ne

371 4968 765 5041 promulganti
795 4970 1011 5025 celetur
1034 4966 1281 5034 inscitia,
1320 4970 1548 5040 quando
1601 4970 1703 5024 otii
1745 4968 1906 5024 labor
1947 4969 2063 5039 glo-

370 5058 517 5112 riam
546 5057 859 5130 intercipit.
890 5060 1027 5112 Ecce
1058 5072 1163 5128 ego
1200 5056 1293 5113 ille
1316 5062 1444 5114 ante
1489 5058 1891 5129 probationem
1936 5057 2061 5111 lau-

373 5147 539 5203 datus
559 5148 773 5203 subdor
802 5146 1074 5213 examini,
1110 5150 1165 5202 et
1182 5146 1351 5202 ferias
1380 5163 1554 5209 meas,
1585 5163 1657 5200 ne
1681 5146 1875 5201 videar
1896 5147 2059 5217 lprze-

372 5237 655 5293 dicatione
680 5237 908 5307 dignus,
937 5236 1216 5309 irrumpo.
1249 5238 1391 5292 Nam
1422 5236 1558 5290 dum
1589 5234 1883 5291 humilitas
1928 5237 2059 5291 red-

372 5326 457 5383 dit
505 5326 868 5399 obsequium,
912 5325 1217 5397 impetrata
1264 5342 1368 5396 par
1410 5324 1699 5379 silentium
1739 5342 1854 5380 non
1884 5326 2060 5381 habe-

372 5431 517 5472 mus.
560 5417 644 5471 Tu
690 5415 752 5470 in
789 5431 904 5483 me,
953 5413 1411 5470 emendatissime
1455 5413 1778 5483 hominum,
1806 5414 2061 5486 dignaris

444 5544 461 5578 ¹
495 5543 902 5613 Archotamiae]
951 5542 1137 5598 Nobili
1189 5541 1375 5596 viduae
1422 5539 1757 5611 Arelatensi,
1812 5543 2058 5598 Ennodii

370 5615 813 5687 consanguineas
847 5632 858 5668 :
893 5615 1054 5684 cnjus
1074 5613 1353 5687 pietatem
1378 5616 1744 5687 tantam‘esse
1788 5615 2056 5687 ostendit,

370 5692 435 5741 ut
455 5687 574 5741 ﬁlio
593 5682 1099 5757 'presbytero,‘qui’
1128 5682 1423 5757 religionis
1467 5684 1651 5740 studio
1678 5684 1747 5739 ad
1786 5685 2056 5757 Lirinen-

371 5774 491 5814 sem
521 5756 778 5814 eremum
791 5773 850 5813 se
874 5760 1185 5826 receperat,
1210 5756 1471 5828 exemplo
1485 5760 1656 5827 atque
1686 5756 2055 5813 incitamento

2169 3092 2267 3146 dat
2284 3089 2733 3161 bonorumfsine
2775 3089 3137 3146 dubitatione
3171 3091 3532 3160 meritorum,
3566 3091 3615 3145 si
3642 3092 3867 3147 studeas

2171 3181 2434 3236 laudibus
2483 3178 2759 3252 prosequi
2806 3180 2911 3235 sub
2945 3179 3139 3235 debita
3186 3180 3613 3236 continuatione
3662 3181 3869 3251 perfec-

2170 3276 2279 3337 tos,
2306 3270 2370 3325 tit
2399 3270 2607 3326 sanctis
2641 3269 2957 3341 proximus,
3011 3269 3112 3341 qui
3148 3268 3209 3324 in
3228 3269 3341 3324 illis
3391 3270 3512 3325 sine
3550 3270 3677 3325 fuco
3728 3286 3869 3341 pra:-

2171 3360 2323 3415 dicat
2352 3360 2730 3427 sanctitatem,
2780 3374 3185 3430 quemcunque
3247 3358 3550 3429 diligentia
3600 3360 3869 3416 hortante

2169 3450 2511 3521 prmtuleris,
2542 3448 2907 3519 dispendium
2939 3447 3171 3518 pudoris
3203 3452 3309 3516 est,
3340 3447 3399 3501 ni
3424 3448 3699 3517 sequaris.
3732 3450 3869 3513 Quis

2168 3540 2320 3593 salva
2345 3537 2685 3594 verecundia
2715 3552 2816 3608 per
2847 3535 3075 3606 spinosa
3095 3535 3365 3606 gradiens
3396 3540 3710 3607 purgatum
3759 3538 3870 3595 iter

2168 3629 2407 3697 attollat,
2442 3632 2498 3683 et
2527 3627 2676 3681 viam
2706 3626 2902 3680 salutis
2933 3625 3217 3697 aspiciens
3255 3624 3426 3680 calles
3457 3625 3630 3696 eligat
3662 3627 3866 3683 noxio-

2171 3718 2351 3773 rum?
2400 3715 2678 3788 professio
2724 3714 2989 3770 caecitatis
3056 3719 3160 3782 est,
3199 3715 3350 3770 bona
3398 3719 3528 3771 ante
3574 3717 3769 3771 oculos
3806 3717 3870 3772 in

2170 3808 2492 3877 exemplum
2513 3805 2694 3859 locata
2725 3804 3029 3876 respicere,
3066 3809 3123 3859 et
3164 3806 3317 3860 unde
3356 3804 3679 3861 imitatione
3721 3822 3863 3876 pro-

2170 3897 2325 3952 ﬁcias
2356 3911 2473 3949 non
2504 3898 2721 3949 tenere.
2758 3894 2909 3958 Iliae,
2951 3893 3033 3948 mi
3062 3894 3312 3963 domina,
3346 3894 3414 3950 de
3441 3899 3496 3949 te
3527 3912 3644 3950 non
3679 3895 3865 3950 incer-

2170 3986 2240 4038 tis
2274 3985 2426 4039 fama
2464 3983 2750 4039 nuntiavit
2794 3982 3044 4053 indiciis,
3077 4000 3191 4037 non
3250 3984 3458 4055 loquax
3520 3984 3723 4055 vulgus
3766 4001 3871 4055 per

2169 4074 2370 4145 ignara
2393 4073 2599 4145 judicii
2633 4090 2732 4128 ora
2767 4074 3034 4144 jactavit;
3069 4074 3161 4127 cui
3198 4090 3323 4128 mos
3363 4077 3448 4129 est
3476 4074 3544 4128 de
3600 4075 3869 4130 humanis

2171 4162 2409 4231 actibus,
2440 4163 2577 4219 dum
2612 4162 2885 4219 scintillas
2916 4162 2976 4216 in
3006 4178 3180 4233 rogos
3210 4163 3453 4232 animat,
3489 4162 3866 4234 amplificatas

2173 4250 2430 4306 ﬁdelium
2490 4252 2748 4308 flammas
2797 4251 3150 4323 extinguere.
3207 4253 3321 4307 Hoc
3369 4254 3693 4306 nostrorum
3724 4252 3871 4306 rela-

2174 4340 2329 4395 tione
2360 4341 2839 4413 propinquorum,
2872 4342 3156 4413 praecipue
3185 4346 3379 4396 tamen
3410 4341 3623 4395 domna
3679 4346 3735 4396 et
3769 4357 3867 4396 so-

2171 4446 2299 4486 rore
2328 4432 2643 4504 Euprepria
2672 4434 2972 4499 referente,
3006 4432 3365 4503 percrebuit;
3389 4447 3504 4485 non
3548 4432 3733 4485 solum
3767 4446 3869 4485 vos

2175 4520 2376 4592 dignas
2408 4538 2529 4577 esse
2572 4522 2897 4592 praeconiis,
2947 4522 3044 4575 sed
3080 4521 3393 4577 instituisse
3436 4520 3865 4584 celebrandum,

2174 4615 2231 4665 et
2260 4610 2572 4665 venerabili
2600 4609 2721 4665 ﬁlio
2753 4626 2881 4664 cum
2908 4610 3183 4681 prosapia:
3213 4609 3386 4664 radiis
3415 4610 3594 4665 facem
3625 4626 3869 4664 conver-

2172 4699 2406 4754 sationis
2434 4700 2716 4770 ingerere.
2747 4698 2949 4765 Habet,
2974 4704 3255 4771 quantum
3300 4700 3573 4772 comperi,
3610 4700 3870 4756 Lirinen-

2173 4788 2247 4841 sis
2284 4787 2566 4843 habitator
2632 4788 2786 4859 quod
2842 4787 2911 4843 de
2951 4792 3143 4843 sancta
3192 4793 3372 4843 matre
3433 4788 3628 4857 discat,
3691 4788 3868 4844 etiam

2171 4891 2299 4946 qure
2331 4876 2548 4932 urbana
2604 4875 2894 4933 domicilio
2944 4894 3063 4932 non
3106 4877 3358 4950 reliquit.
3410 4878 3465 4933 Si
3485 4877 3627 4933 mihi
3683 4878 3871 4934 credit

2170 4964 2351 5035 pietas
2406 4969 2520 5035 tua,
2544 4966 2671 5037 plus
2713 4971 2799 5023 est
2845 4966 2906 5023 in
2939 4967 3059 5023 acie
3112 4967 3311 5023 vicisse
3355 4968 3651 5036 saeculum,
3687 4983 3866 5039 quam

2170 5054 2406 5121 vitasse;
2444 5054 2708 5126 resignat;
2736 5056 3004 5112 timorem
3040 5056 3176 5127 fuga
3205 5056 3565 5124 certaminis;
3590 5073 3694 5111 nec
3733 5072 3867 5127 spes

2170 5147 2253 5197 est
2272 5144 2386 5198 ulla
2413 5144 2657 5212 virtutis,
2681 5147 2909 5216 quando
2945 5150 3077 5201 ante
3107 5146 3571 5215 congressionem
3612 5144 3866 5201 declina-

2170 5236 2263 5287 tur
2284 5233 2658 5289 adversarius.
2694 5235 3051 5291 Conscientia
3077 5234 3302 5288 roboris
3352 5234 3550 5305 paucis
3606 5234 3874 5305 acquies-

2170 5326 2258 5377 cet
2278 5324 2351 5379 ad
2379 5324 2653 5379 latebram
2690 5340 2702 5379 :
2738 5324 2843 5379 hoc
2866 5329 2950 5380 est
2991 5328 3271 5378 secretum
3310 5323 3540 5395 eligere,
3582 5323 3747 5394 quod,
3780 5339 3873 5378 os-

2173 5411 2418 5468 tendisse
2444 5412 2836 5487 formidinem.
2873 5414 2999 5468 llaec
3025 5428 3129 5483 ego
3158 5429 3272 5469 non
3302 5413 3606 5469 dominum
3635 5429 3866 5482 meum,

2172 5555 2293 5596 esse
2320 5540 2517 5610 possit.
2553 5539 2895 5596 Archotonia
2917 5540 3187 5595 mendose
3211 5540 3479 5596 scribitur
3509 5540 3661 5611 apud
3721 5540 3867 5594 Cas-

2172 5612 2463 5665 siodorum
2495 5611 2589 5665 lib.
2639 5628 2710 5679 1v,
2768 5614 2848 5665 12.
2894 5613 3031 5665 Nam
3064 5612 3132 5666 de
3176 5613 3377 5666 eadem
3418 5612 3499 5668 ibi
3529 5627 3717 5668 sermo
3750 5616 3865 5680 est,

2169 5688 2231 5738 ut
2254 5683 2620 5738 ostendemus
2648 5683 2719 5738 ad
2750 5683 3047 5755 epistolam
3071 5686 3135 5739 35
3167 5684 3267 5739 lib.
3302 5698 3419 5739 vui.
