4054 6176
361 261 457 316 123
1569 260 1856 316 ENNODII
1899 261 2047 317 EPIS

2257 263 2642 321 TICINENSIS

3762 273 3864 326 124

357 401 550 453 menta
585 399 922 454 solidentur.
967 401 1091 470 Ipse
1140 399 1235 453 det
1272 415 1588 452 successum
1629 399 1908 469 frugibus,
1942 401 2044 472 qui
2081 405 2128 458 Α
2151 404 2236 457 vel
2261 404 2656 460 blandimenta
2677 407 2869 461 saeculi
2893 407 3190 479 religionis
3212 408 3566 467 districtione
3585 428 3860 484 respuan-

353 489 595 544 contulit
623 494 960 543 ornamenta
986 489 1312 559 principiis;
1351 493 1411 541 ut
1441 489 1592 559 quod
1630 490 1687 542 in
1721 506 1862 544 cano
1905 491 2044 544 flore

357 578 704 648 przemisisti,
749 578 806 631 in
853 592 1156 647 pomorum
1212 578 1539 630 maturitate
1579 594 1694 630 non
1725 579 2041 632 subtrahas.

359 668 452 719 Est
479 666 754 737 propositi
785 667 964 719 nostri
1004 666 1186 734 prima
1222 666 1459 731 curatio,
1513 671 1575 719 ut
1613 667 1680 719 de
1725 667 2048 736 incipientis

359 755 522 807 laude
577 754 802 808 solliciti
843 754 908 806 ad
973 755 1150 806 Deum
1201 758 1331 806 vota
1381 754 1711 821 mittamus;
1768 762 2048 825 quatenus

359 843 512 912 quod
547 843 605 896 in
637 843 800 896 bonae
825 842 1032 894 indolis
1059 842 1380 894 eruditione
1408 848 1824 912 pi‘msumptiim
1854 850 1956 910 est,
1979 845 2048 900 de

358 948 603 1002 superna
633 948 739 1001 ope
767 935 1126 984 maturescat.
1163 931 1263 984 Ille
1301 931 1521 1000 ingenii
1563 938 1814 1002 segetem
1845 935 2051 1003 perdu-

359 1026 446 1073 cat.
477 1020 542 1073 ad
574 1021 797 1085 horrea,
844 1020 943 1090 qui
975 1019 1232 1072 altricem
1261 1018 1564 1072 hominum
1592 1021 1830 1075 herbam
1863 1024 2052 1092 exegit

358 1126 388 1162 e
418 1109 629 1178 cespite
665 1125 676 1174 ;
712 1109 833 1178 ipse
883 1109 950 1162 de
995 1112 1224 1161 terreno
1256 1108 1398 1161 lacte
1432 1124 1754 1178 expressam
1790 1111 1848 1165 in
1899 1113 2050 1165 triti-

356 1214 484 1252 cum
516 1198 725 1251 formet
765 1197 1040 1265 eftigiem,
1085 1197 1246 1265 cujus
1289 1197 1473 1250 imbre
1507 1198 1610 1251 soli
1651 1199 1823 1253 facies
1874 1201 2050 1254 mari-

355 1289 472 1341 tata
525 1287 888 1341 fecundatur.
941 1285 1066 1338 Tibi
1117 1291 1327 1352 autem,
1381 1287 1598 1340 erudite
1653 1305 1812 1358 puer,
1868 1290 2050 1344 habeo

355 1375 585 1444 gratias,
637 1374 791 1443 quod
841 1372 1100 1442 quamvis
1157 1373 1380 1426 dicendi
1427 1374 1728 1444 splendore
1759 1376 2050 1444 nituisses,

356 1469 412 1518 et
441 1465 499 1517 in
533 1464 628 1516 illa
663 1462 803 1515 urbe
836 1462 1154 1514 litterarum
1187 1462 1423 1515 scientia
1464 1463 1808 1533 astipulante
1853 1466 2050 1520 laude-

353 1553 448 1625 ris,
483 1552 595 1605 mei
644 1567 865 1621 quoque
900 1551 1183 1604 desideras
1217 1552 1550 1620 adjumcnta
1594 1554 1886 1622 praeconii.
1948 1558 2051 1608 Ac-

357 1642 523 1696 cessit
558 1640 658 1693 tibi
683 1640 896 1692 fructns
927 1639 1235 1709 diligentiae
1263 1657 1425 1706 mea»,
1460 1647 1514 1694 et
1541 1641 1586 1694 si
1617 1643 1775 1695 nulla
1796 1643 2054 1696 tribuun-

2158 498 2269 547 tur.
2311 494 2569 560 Domine,
2603 500 2666 550 ut
2699 514 2893 567 supra,
2927 499 3288 552 salutationis
3336 517 3574 556 munera
3606 519 3861 574 praesen-

2157 587 2302 648 tans,
2332 600 2532 654 precor
2552 589 2612 638 ut
2636 594 2930 655 gratanter
2959 589 3200 658 accipias
3225 589 3376 658 quod
3409 591 3558 644 inter
3582 609 3857 646 curarum

2160 674 2332 726 moles
2361 673 2534 744 exigit
2563 675 2688 729 ﬁeri
2724 677 2984 746 jocorum
3030 694 3148 731 non
3178 681 3503 748 respuenda
3533 681 3858 752 subreptio.

2749 786 3075 840 EPISTULA
3113 788 3244 841 XXI.

2671 907 2985 947 ENNODIUS
3035 909 3310 950 MAXIMO.

2233 994 2338 1048 Ubi
2397 998 2480 1048 est
2527 995 2668 1050 ﬁdes
2709 985 3060 1067 splendentis
3100 999 3417 1070 periclitata
3464 999 3866 1067 conscientiae,

2161 1100 2332 1154 quam
2367 1084 2424 1138 in
2455 1085 2619 1138 annis
2649 1088 2965 1156 puerilibus
2995 1105 3137 1142 cana
3164 1089 3479 1144 reverentia
3516 1107 3635 1144 non
3675 1092 3863 1144 relin-

2163 1175 2305 1244 quit,
2339 1190 2510 1244 quam
2551 1192 2655 1243 per
2685 1177 2792 1229 aevi
2814 1178 3217 1246 prrojudicium
3250 1179 3612 1233 observantia
3650 1181 3867 1234 hones-

2161 1263 2290 1315 tatis
2337 1262 2592 1329 irradiat,
2650 1281 2778 1334 quae
2831 1266 2891 1318 in
2954 1273 3206 1336 tempore
3268 1267 3586 1337 juventutis
3641 1268 3870 1321 actibus

2163 1356 2547 1405 maturescens
2608 1353 2909 1408 infantiam
2963 1355 3222 1423 ingressa
3267 1356 3646 1425 praelabitur?
3701 1358 3864 1410 Nun-

2163 1438 2300 1509 quid
2339 1455 2570 1509 asquum
2621 1439 2727 1493 fuit
2767 1441 3009 1494 amantis
3057 1442 3279 1511 paginis
3320 1447 3542 1495 tantum
3586 1445 3868 1497 mandata

2163 1529 2407 1594 restitui,
2440 1534 2541 1582 aut
2567 1546 2668 1598 par
2690 1530 2827 1583 ﬁdes
2848 1536 2931 1583 est
2962 1531 3155 1584 liberae
3179 1531 3506 1600 scriptionis
3536 1537 3592 1584 et
3613 1533 3869 1586 famuli?

2167 1617 2436 1686 Nunquid
2482 1619 2722 1688 dignum
2756 1619 3012 1688 probatis
3045 1619 3300 1673 moribus
3331 1620 3630 1674 censuistis
3661 1639 3871 1692 provo-

355 1734 450 1782 tur
499 1729 823 1782 rusticantis
868 1733 1206 1781 ornamenta
1261 1728 1592 1782 testimonii.
1653 1730 1856 1784 Libens
1905 1731 2047 1784 dicta

2244 1710 2383 1760 item
2426 1707 2498 1760 ad
2530 1707 2716 1761 ofﬁcia
2754 1708 3024 1778 religiosa
3068 1725 3182 1761 non
3231 1709 3526 1779 subsequi,
3573 1710 3661 1763 vel
3702 1711 3869 1764 nefas

357 1821 455 1870 tua
485 1833 615 1869 cum
662 1815 1084 1869 facundissimis
1114 1815 1380 1884 praedico,
1420 1831 1548 1868 cum
1591 1816 1799 1886 quibus
1832 1823 2054 1872 senten-

359 1905 496 1959 tiam
541 1921 749 1971 meam,
806 1909 869 1958 ut
922 1905 1208 1958 bonorum
1258 1904 1530 1958 ditcscam
1580 1905 1867 1970 societate,
1921 1923 2053 1960 con-

352 1995 554 2066 jungo.
588 1994 917 2047 Proximum
957 1998 1041 2046 est
1072 1997 1132 2046 ut
1167 2009 1279 2046 non
1321 1993 1649 2046 dividantur
1681 1994 1922 2061 meritis,
1953 1995 2052 2065 qui

355 2085 416 2137 in
468 2083 722 2153 qualibet
766 2083 1123 2153 judicatione
1166 2082 1550 2136 consentiunt.
1606 2085 1762 2137 Unus
1796 2088 1896 2149 est,
1946 2099 2050 2136 nec

357 2173 511 2226 enim
543 2170 740 2242 procul
779 2176 1050 2241 evagatus
1079 2171 1145 2224 ab
1181 2186 1308 2223 arce
1345 2170 1699 2236 sublimium,
1735 2171 1917 2241 quiad
1944 2172 2051 2224 hoc

358 2262 507 2332 quod
535 2261 617 2314 illi
650 2261 1058 2332 praenuntiant,
1095 2275 1209 2313 non
1250 2259 1465 2328 dispari
1509 2260 1888 2313 admiratione
1922 2277 2052 2314 con-

355 2351 565 2404 cordat.
620 2351 704 2402 Ad
749 2349 998 2420 epistolas,
1043 2354 1154 2401 tua:
1192 2351 1396 2400 tamen
1447 2347 1830 2418 dictionisque
1880 2350 2050 2401 mella

361 2456 450 2494 me
477 2438 661 2492 refero
692 2455 704 2491 :
739 2437 830 2490 cui
867 2437 944 2490 sic
983 2441 1066 2489 est
1095 2436 1306 2490 blanda
1336 2436 1403 2489 de
1452 2436 1720 2506 prmsenti
1761 2441 1819 2489 et
1851 2442 2051 2490 tenera

356 2533 517 2583 aetate
547 2527 822 2598 prtefatio,
867 2531 931 2578 ut
971 2541 1086 2579 non
1137 2525 1724 2578 subtrahatur~virtus
1762 2529 1816 2578 et
1847 2525 2048 2596 genitis

355 2617 424 2671 de
480 2616 688 2670 futura.
731 2613 748 2647 ¹
788 2615 1051 2668 Constitit
1101 2614 1420 2667 concavatis
1480 2614 1720 2668 Latiaris
1776 2614 2048 2682 elocutio,

355 2707 492 2761 dum
544 2720 648 2776 per
692 2705 918 2758 alveum
967 2720 1134 2757 suum
1185 2705 1459 2757 Romanae
1504 2703 1851 2774 eloquentia:
1899 2704 2050 2757 unda

356 2794 709 2866 praelabitur.
761 2794 845 2847 Ad
901 2809 1029 2863 quae
1081 2809 1137 2845 se
1185 2791 1462 2862 porrigat,
1496 2792 1583 2844 vix
1615 2793 2053 2862 comprehendit

354 2884 677 2950 aestimatio,
735 2883 834 2954 qui
888 2881 1171 2936 maximus
1220 2886 1551 2952 apparescat
1591 2883 1650 2935 in
1698 2883 1935 2936 foribus.
1991 2884 2052 2935 In

353 2972 636 3027 matutina
684 2972 809 3025 lucc
861 2971 1178 3025 meridiano
1222 2971 1445 3041 fulgore
1499 2971 1766 3025 rutilasti.
1804 2973 2051 3024 Tueatur

354 3062 502 3116 circa
529 3066 582 3116 te
623 3061 864 3114 caelestis
896 3060 1080 3131 gratia
1119 3077 1329 3114 munus
1364 3077 1553 3127 suum,
1587 3067 1643 3114 et
1686 3066 1744 3113 ut
1774 3061 2049 3130 frequen-

354 3151 504 3205 tibus
552 3155 840 3203 amantem
875 3150 1242 3220 epistolarum
1279 3151 1426 3203 colas
1461 3150 1694 3217 muniis,
1727 3150 1877 3203 salus
1923 3165 2051 3202 nos-

355 3241 440 3291 tra
462 3237 716 3291 Christus
741 3237 997 3307 inspiret.

968 3360 1303 3414 EPISTOLA
1341 3360 1444 3412 ΧΧ.

857 3481 1181 3521 ENNODIUS
1226 3467 1246 3500 2
1292 3481 1567 3520 MAXIMO.

425 3593 570 3645 Dum
604 3591 896 3661 prelorum
932 3589 1414 3644 famuliautumni
1447 3589 1636 3644 dotem
1670 3591 2042 3661 complerent,

355 3685 410 3735 et
441 3685 666 3735 teneras
715 3697 954 3735 uvarum
1001 3680 1220 3733 tunicas
1251 3684 1555 3750 properata
1603 3681 1752 3734 calce
1801 3681 2045 3734 disrum-

353 3775 575 3841 perent,
622 3787 726 3840 ego
756 3771 826 3824 ad
850 3776 1192 3824 summatem
1240 3770 1425 3822 virum
1450 3775 1743 3839 parentem
1775 3770 2046 3824 fratrem-

355 3877 465 3930 que
499 3876 690 3913 meum
723 3866 780 3912 et
807 3861 998 3912 oculos
1029 3865 1086 3913 et
1114 3860 1284 3912 verba
1327 3860 1585 3912 revocavi
1619 3875 1630 3911 :
1671 3859 1891 3928 justum
1925 3875 2045 3913 esse

354 3949 686 4019 conjiciens,
740 3949 873 4002 dum
923 3948 1114 4001 vineta
1163 3949 1397 4002 uberem
1428 3947 1690 4002 tribuunt
1742 3949 2043 4018 liquorem,

355 4054 446 4091 me
464 4036 711 4090 sobriam
731 4036 946 4107 alloqui
973 4053 1101 4089 cum
1118 4036 1374 4106 jucunda
1401 4037 1686 4091 hilaritate
1710 4054 2036 4108 personam,

354 4128 516 4182 Solve
556 4143 691 4197 ergo
728 4127 1162 4196 Pythagoricum
1210 4126 1677 4192 taciturnitatem,
1729 4132 1785 4180 et
1821 4142 2040 4180 mecum

356 4216 574 4287 peritiae
609 4223 666 4269 et
707 4215 984 4268 facundiae
1034 4221 1144 4268 tua!
1173 4216 1321 4269 bona
1364 4218 1576 4285 partire
1607 4233 1618 4270 :
1654 4217 1724 4268 sit
1756 4215 1906 4268 inter
1944 4231 2045 4267 nos

2164 1796 2402 1864 putastis
2446 1796 2712 1865 epistolas
2747 1797 2982 1850 reddere
3015 1813 3157 1867 quas
3188 1797 3344 1851 vobis
3393 1797 3545 1852 inter
3593 1815 3870 1852 excessus

2162 1883 2401 1953 contigit
2430 1901 2546 1938 non
2579 1885 2836 1954 cepisse?
2882 1887 3008 1939 Ilazc
3052 1886 3232 1956 igitur
3263 1893 3346 1940 est
3377 1893 3476 1940 tua
3513 1888 3872 1958 disciplina?

2162 1973 2283 2025 Non
2324 1974 2496 2026 talem
2542 1977 2598 2026 te
2626 1974 2876 2043 probitas
2916 1974 3051 2027 olim
3097 1975 3456 2029 manifestata
3501 1975 3865 2030 disseminat.

2163 2062 2276 2131 Ego
2309 2065 2498 2114 tamen
2529 2062 2868 2132 loquacitate
2900 2079 3012 2132 qua
3042 2067 3213 2115 notus
3244 2080 3368 2117 sum
3400 2063 3672 2117 indurata
3706 2065 3869 2118 nitor

2162 2154 2382 2203 mutare
2413 2150 2657 2204 silentia.
2694 2151 2962 2220 Nunquid
3010 2152 3197 2220 impar
3229 2156 3312 2205 est
3343 2151 3445 2205 tibi
3475 2152 3674 2221 lingua
3703 2159 3874 2205 nata-

2160 2239 2348 2291 libus?
2385 2244 2484 2292 aut
2513 2255 2629 2292 non
2677 2239 3074 2293 testimonium
3107 2240 3333 2309 generis
3373 2242 3680 2293 annuntias
3713 2242 3865 2295 tlore

2161 2326 2488 2378 sermonis?
2519 2326 2782 2396 nunquid
2824 2330 3043 2379 ostrum
3089 2327 3362 2396 loquendi
3393 2327 3617 2382 deseret
3658 2335 3867 2398 pecto-

2159 2416 2235 2466 ris
2279 2415 2517 2468 fecunda
2557 2414 2842 2470 dictatio?
2897 2416 3049 2469 Nihil
3098 2416 3209 2469 nisi
3248 2415 3525 2469 malitiam
3572 2417 3868 2487 designat,

2161 2505 2260 2573 qui
2308 2520 2438 2556 cum
2481 2502 2679 2572 possit,
2717 2503 3064 2558 desideranti
3105 2504 3279 2558 verba
3321 2521 3432 2557 non
3464 2505 3685 2559 tribuit.
3729 2507 3872 2559 Ecce

2161 2591 2312 2645 inter
2351 2594 2692 2645 ructationes
2742 2593 2904 2661 Lyrco
2956 2592 3170 2646 debitas
3221 2593 3410 2662 qualia
3456 2593 3679 2646 Silenus
3719 2595 3876 2647 alter

2160 2681 2338 2735 verba
2376 2697 2680 2751 compono.
2717 2680 3090 2735 Scribendum
3138 2681 3327 2734 sciatis
3361 2698 3573 2735 nomen
3604 2689 3868 2736 vestrum

2161 2771 2227 2823 ad
2273 2771 2427 2838 genii
2466 2770 2580 2823 mei
2612 2786 2950 2839 purpuram,
2992 2775 3049 2824 et
3078 2770 3286 2824 libellis
3318 2771 3563 2840 propriis
3596 2772 3869 2825 inseren—

2160 2861 2294 2912 dum
2331 2875 2342 2912 :
2374 2864 2436 2912 ut
2477 2860 2648 2912 etiam
2697 2859 2742 2912 si
2774 2859 2918 2912 nihil
2949 2859 3166 2912 tribues
3196 2860 3262 2912 de
3297 2876 3589 2929 responso,
3639 2878 3748 2932 ego
3779 2868 3872 2914 ta-

2161 2964 2293 3000 men
2317 2964 2504 3001 arcem
2537 2954 2784 3014 teneam,
2822 2949 2973 3017 quod
3005 2949 3074 3000 ad
3103 2949 3296 3000 doctos
3334 2949 3485 3002 viros
3517 2950 3702 3019 dirigo
3740 2952 3875 3004 sine

2089 3018 2128 3071 Ο
2159 3036 2539 3106 trepidatione
2588 3037 2779 3106 aliqua
2829 3036 2978 3106 quod
3025 3037 3267 3105 legatur.
3322 3037 3560 3090 Domine
3610 3037 3710 3104 mi,
3765 3057 3874 3092 ac-

2159 3126 2282 3194 cipe
2339 3131 2548 3179 nostra:
2600 3125 2960 3179 salutationis
3018 3125 3313 3195 obsequia,
3359 3126 3603 3180 reddens
3665 3128 3871 3182 debita

2158 3214 2416 3279 litteraru
2427 3230 2502 3267 m.

2264 3321 2354 3375 Sic
2386 3321 2489 3374 tibi
2514 3320 2807 3390 virginitas
2841 3336 3110 3374 mansuro
3142 3323 3361 3373 constet
3390 3319 3450 3373 in
3482 3337 3634 3375 aevo:

2406 3411 2515 3462 Nec
2546 3414 2744 3479 pereat
2774 3409 3056 3480 quidquid
3090 3408 3204 3461 vita
3231 3409 3396 3462 beata
3429 3409 3604 3463 dedit.

2263 3499 2349 3553 Sic
2378 3503 2475 3553 tua
2507 3515 2619 3552 non
2651 3499 2939 3553 maculent
2983 3498 3277 3567 nigrantes
3319 3498 3573 3553 membra
3603 3501 3824 3570 puellae
3856 3523 3871 3571 ;

2405 3589 2514 3641 Nec
2545 3594 2778 3657 propter
2805 3587 2991 3657 jaceas
3023 3589 3347 3640 Tartaream
3380 3587 3605 3641 faciem.

2261 3678 2326 3732 Ut
2359 3677 2630 3747 cupidum
2671 3677 2878 3731 sanctis
2927 3677 3142 3729 releves
3175 3689 3276 3744 per
3307 3675 3514 3745 scripta
3561 3677 3817 3748 loquelis
3856 3697 3872 3744 ;

2404 3767 2599 3836 Deque
2638 3766 2748 3820 tuis
2778 3766 2938 3819 fratri
2971 3765 3222 3819 fontibus
3253 3764 3408 3817 unda
3439 3765 3597 3821 ﬂuat.

2744 3891 3078 3946 EPISTOLA
3118 3892 3270 3947 XXII.

2687 4013 2961 4052 ENNODIUS
3006 4014 3152 4053 ΜΑΧΙ
3168 4015 3273 4055 ΜΟ.

2227 4121 2471 4176 Fidelius
2518 4139 2549 4175 a
2593 4121 2944 4176 sublimitate
2993 4126 3092 4177 tua
3137 4141 3334 4179 vocem
3391 4122 3712 4195 suscipiunt
3766 4133 3877 4178 aut

2154 4211 2472 4280 interrupta
2517 4211 2820 4277 montium,
2873 4219 2972 4265 aut
3017 4219 3232 4267 secreta
3271 4215 3561 4269 silvarum.
3597 4213 3877 4267 Prrebcnt.

355 4307 604 4360 felicium
632 4304 1050 4358 vindemiarum
1094 4304 1210 4358 vice
1239 4305 1625 4374 colloquium;
1663 4307 1895 4356 currant
1925 4302 2043 4355 dul-
2082 4317 2124 4370 Ι)
2157 4299 2485 4352 hominibus
2525 4304 2746 4353 natura:
2777 4300 3134 4355 institutione
3183 4308 3240 4355 et
3283 4306 3443 4356 muta
3478 4317 3821 4372 responsum
3856 4324 3873 4368 ;

356 4396 439 4448 cia
461 4398 649 4448 musta
679 4409 1031 4447 sermonum.
1065 4393 1244 4447 [labes
1278 4411 1406 4465 quae
1443 4392 1464 4426 ³
1495 4409 1625 4446 cum
1656 4393 1893 4446 diacono
1921 4407 2045 4444 san-

357 4484 605 4537 ctissimo
653 4483 721 4536 de
768 4481 1042 4536 institutis
1086 4499 1313 4536 morum
1358 4486 1490 4535 nota
1531 4481 1757 4535 dicendi
1790 4481 2046 4534 ubertate

353 4572 757 4626 communices.
791 4573 930 4624 Nam
954 4573 1050 4642 qui
1078 4571 1474 4637 ecclesiastica,
1515 4576 1576 4623 ut
1609 4586 1728 4635 vos,
1763 4571 2047 4639 probitate

355 4661 689 4726 subsistunt,
718 4661 931 4714 silentii
965 4661 1116 4730 apud
1148 4662 1290 4730 ‘illos
1330 4660 1484 4729 justa
1516 4659 1710 4712 vitatio
1760 4666 1858 4712 est.
1899 4659 2048 4712 Scri-

355 4749 473 4803 bite
523 4765 634 4819 qua
696 4766 866 4803 aurea
916 4751 1140 4802 castitas
1201 4749 1553 4802 districtione
1604 4753 1886 4813 teneatur,
1950 4764 2051 4817 per

360 4856 532 4905 quem
570 4840 770 4893 callem
817 4840 1060 4894 obscena
1098 4839 1351 4910 fugiatur
1400 4839 1657 4904 avaritia,
1694 4839 1902 4907 quibus
1936 4854 2052 4891 mo-

361 4928 446 4981 dis
488 4929 671 4996 turpis
699 4929 932 4982 fallendi
979 4929 1298 4982 deelinetur
1343 4929 1677 4982 obscuritas.
1715 4929 1772 4979 In
1804 4943 2048 4993 summa,

360 5015 481 5068 sine
513 5016 966 5070 dissimulatione
1013 5017 1208 5069 docete
1241 5033 1368 5086 quae
1409 5017 1625 5086 geritis.
1663 5016 1805 5069 Illud
1844 5015 2049 5086 praeci-

363 5121 472 5175 pue
517 5105 658 5158 scire
706 5106 978 5176 cupidum
1026 5105 1331 5175 dignanter
1378 5105 1642 5160 instruite
1685 5121 1798 5175 qua
1827 5121 2052 5175 sponsa:

437 5261 452 5292 ¹
496 5260 768 5316 Constitit
789 5259 1139 5332 concavatis]
1164 5263 1241 5314 Ita
1263 5261 1607 5314 omneslibri
1631 5262 1888 5332 antiqui:
1916 5262 2056 5332 quid

366 5337 556 5386 autem
589 5333 697 5387 sibi
721 5333 873 5401 velit,
908 5349 1151 5402 sequens
1181 5332 1325 5385 alvei
1356 5340 1826 5387 commemoratio
1869 5334 2054 5388 decla-

368 5409 475 5456 rat.

437 5473 461 5506 ²
497 5474 779 5542 Mam-imo]
828 5474 956 5527 Viro
1014 5472 1356 5542 spectabili:
1405 5473 1566 5541 cujus
1621 5474 2055 5540 epithalamium

368 5545 594 5615 scripsit
629 5545 914 5616 Ennodius
947 5550 1166 5616 {atque
1198 5543 1284 5595 his
1315 5543 1489 5596 etiam
1531 5545 1782 5614 epistolis
1821 5546 1892 5598 ad
1933 5548 2057 5616 ejus

371 5616 598 5686 nuptias
624 5615 884 5669 alludens
911 5615 1152 5669 subinde
1177 5616 1420 5684 jocatur.
1461 5617 1667 5670 Postea
1713 5617 1908 5670 consul
1948 5617 2057 5670 fuit

2157 4389 2300 4442 redit
2345 4389 2413 4441 ad
2481 4390 2749 4442 mortales
2805 4390 3136 4444 vicissitudo
3190 4391 3448 4445 clamesaz
3495 4390 3879 4459 solitudinis;

2157 4495 2272 4532 non
2303 4477 2454 4547 perit
2515 4478 2666 4548 quod
2711 4479 2922 4548 linguas
2968 4480 3291 4549 acceperint
3338 4480 3425 4534 vel
3471 4481 3650 4532 lustra
3692 4478 3881 4533 bene-

2156 4568 2398 4622 ﬁcium:
2443 4583 2618 4637 quare
2665 4567 2815 4620 istud
2858 4568 2918 4620 in
2969 4569 3360 4636 magnitudine
3415 4575 3511 4622 tua
3562 4568 3753 4621 laudis
3813 4579 3878 4623 et

2161 4656 2536 4727 philosophiae
2566 4672 2744 4726 genus
2772 4662 2872 4722 est,
2907 4657 3050 4710 nihil
3083 4658 3293 4722 dicere,
3331 4661 3385 4711 et
3423 4657 3634 4711 silentii
3664 4662 3874 4711 tenero.

2159 4746 2309 4799 inter
2334 4745 2774 4798 declamantium
2809 4745 3023 4798 incerta
3045 4746 3372 4799 cautionem
3397 4746 3423 4801 ?
3452 4747 3652 4812 Ilomo,
3682 4762 3866 4816 quem

2163 4851 2265 4888 nec
2311 4833 2681 4886 infecundum
2734 4838 2938 4886 natura
2991 4835 3246 4904 protulit,
3301 4852 3402 4888 nec
3453 4835 3868 4890 infabricatum

2162 4924 2419 4978 doctrina
2462 4924 2786 4992 dereliquit.
2830 4924 2959 4992 Sed,
3018 4927 3208 4990 credo,
3254 4942 3345 4979 me
3400 4925 3727 4996 dedignaris
3790 4927 3876 4980 af-

2162 5013 2313 5078 fatu;
2350 5012 2374 5046 “
2416 5014 2589 5083 opicis
2651 5013 2852 5065 nolens
2911 5015 3159 5082 pretiosa
3215 5015 3348 5068 dare
3402 5015 3573 5068 verba
3620 5013 3872 5085 judicio.

2165 5101 2309 5164 Quid
2349 5102 2503 5172 quod
2534 5102 2759 5172 signum
2783 5105 2865 5155 est
2906 5102 3092 5156 divitis
3133 5103 3463 5174 eloquentia
3495 5104 3621 5171 viri,
3647 5120 3752 5157 nec
3783 5104 3879 5158 in-

2165 5262 2487 5316 ordinarius
2531 5279 2682 5315 anno
2739 5265 2862 5327 523,
2911 5263 3016 5316 hoc
3067 5267 3150 5315 est
3180 5261 3414 5315 biennio
3445 5267 3572 5331 post
3613 5268 3870 5318 mortem.

2167 5334 2428 5387 Ennodii.
2476 5335 2556 5387 Ad
2607 5350 2738 5386 eum
2769 5335 2921 5387 enim
2962 5334 3256 5386 consulem
3287 5335 3497 5404 scripta
3529 5340 3715 5387 exstat
3739 5336 3872 5405 epi-

2166 5406 2311 5457 stola
2348 5405 2679 5458 Theoderici
2711 5405 2777 5458 de
2839 5406 3102 5458 ludorum
3148 5421 3356 5475 pompa
3399 5420 3574 5474 quam
3618 5405 3875 5461 daturus

2167 5482 2306 5538 erat,
2343 5476 2436 5528 lib.
2476 5491 2503 5527 v
2536 5476 2834 5528 Variarum
2864 5478 2948 5528 42.

2237 5547 2257 5578 ³
2298 5549 2445 5599 Cum
2489 5545 2724 5600 diacono
2743 5543 3125 5615 sanctissimo]
3159 5545 3478 5601 Hormisda.

2238 5620 2258 5653 ι
2297 5616 2487 5688 Opicz‘s
2541 5617 2761 5687 nolens]
2813 5619 3040 5672 Veteres
3094 5632 3293 5672 omnes
3341 5615 3513 5673 obicis
3562 5617 3871 5673 mendose.
