4102 6182
212 297 296 349 125
1534 295 2021 352 EPISTOLARUM
2059 296 2189 351 LIB.
2234 297 2343 349 \‘ll.
3596 304 3694 355 1‘26

205 432 375 486 doctis
420 447 755 487 sermonum
790 432 981 503 cupita
1024 431 1398 487 subtrahere?
1448 434 1745 488 mendicus
1784 433 1889 486 flu-
1932 436 1975 490 A
2001 433 2069 486 de
2102 433 2341 504 guttulis
2373 437 2437 487 ut
2479 432 2713 487 fratrem
2747 433 2909 487 decet
2954 450 2986 486 a
3024 435 3216 501 fratre,
3253 435 3464 490 directa
3509 438 3692 491 susci-

206 522 421 575 minum
458 538 657 575 cursus
701 524 803 589 est,
843 522 941 593 qui
991 526 1214 576 tantum
1265 523 1753 577 nobilissimorum
1802 540 1890 577 sa-

206 611 336 664 tiare
392 615 632 681 putatur
682 610 973 677 ardorem;
1045 611 1271 665 ubertas
1316 611 1586 665 imbrium
1640 616 1695 666 et
1744 612 1889 667 nihil

206 699 454 769 paritura
504 716 633 753 saxa
664 699 974 770 perfundit.
1031 700 1285 770 Liquida;
1316 700 1551 754 rationis
1595 702 1735 756 ordo
1785 708 1890 769 est,

207 794 261 842 ut
290 794 699 859 paupertatem
740 789 988 859 resignet
1022 789 1120 859 qui
1156 790 1362 843 damna
1390 790 1687 861 formidat;
1726 792 1888 861 quid-

207 878 329 948 quid
368 894 490 931 non
540 878 853 948 procurrit,
887 879 1029 933 exile
1078 884 1179 932 est.
1218 881 1295 934 De
1342 881 1667 935 volucribus
1696 886 1891 935 tamen

207 983 409 1020 munus
453 967 682 1037 singula
731 967 1032 1033 destinavi,
1066 968 1217 1039 quod
1249 968 1397 1039 cepit
1427 968 1715 1039 accipiter.
1750 970 1891 1023 Nam

206 1056 489 1127 progressi
522 1056 591 1109 ad
638 1056 932 1111 Bromium
966 1061 1021 1110 et
1070 1058 1271 1110 Bacchi
1303 1058 1483 1129 orgia,
1516 1057 1534 1091 ⁸
1578 1059 1726 1112 inter
1758 1075 1887 1113 aves

207 1146 341 1199 bella
371 1145 810 1199 commisimus:
841 1146 1057 1216 profuit
1088 1147 1329 1218 quaestui
1364 1152 1559 1202 nostro
1601 1153 1892 1203 certamen

207 1234 397 1288 sociale
438 1251 786 1305 pennarum.
824 1238 1104 1290 Memento
1145 1236 1294 1307 quod
1328 1237 1505 1290 solam
1541 1242 1765 1291 anatem
1801 1237 1892 1291 di-

204 1326 443 1377 reximus
472 1341 485 1377 :
527 1325 766 1378 scientes
796 1326 931 1395 quia
958 1341 1196 1380 numero
1228 1329 1373 1379 Deus
1410 1324 1633 1397 impare
1659 1326 1887 1398 gaudet.

206 1415 354 1467 Dona
375 1418 580 1467 nostra
612 1414 897 1467 institutio
929 1420 1008 1468 est
1036 1432 1047 1468 :
1083 1431 1267 1481 sume,
1300 1416 1347 1467 si
1380 1415 1589 1486 diligis,
1614 1433 1717 1486 pro
1749 1416 1890 1487 dog-

205 1507 343 1555 mate
376 1502 533 1571 quod
576 1502 860 1572 jocamur.
898 1504 1002 1557 Fac
1032 1519 1218 1557 meam
1253 1504 1589 1573 frugiferam
1623 1522 1742 1559 esse
1791 1506 1890 1559 lae-

206 1591 399 1644 titiam.
434 1591 495 1645 Si
527 1591 631 1645 tibi
661 1596 955 1662 perpetuas
986 1593 1343 1663 diligentiam
1365 1594 1637 1647 castitatis
1668 1595 1890 1649 indixe-

208 1680 290 1745 rit,
322 1679 611 1733 laborabit
642 1680 700 1733 in
730 1681 997 1735 laudibus
1020 1682 1129 1736 tuis
1152 1683 1369 1753 lingua,
1396 1700 1523 1753 qua:
1546 1685 1713 1738 modo
1737 1702 1891 1739 exer-

206 1775 352 1823 cetur
382 1769 443 1822 in
476 1770 733 1823 monitis.
768 1771 922 1837 Vale,
946 1772 1196 1838 domine,
1233 1773 1544 1838 etamanti,
1581 1778 1641 1827 ut
1668 1774 1887 1841 doctus,

204 1859 243 1912 si
272 1875 519 1928 mereor,
553 1865 909 1931 sequestrata
945 1860 1399 1915 dissimulatione
1432 1863 1731 1934 responde.

765 1948 1095 2004 EPISTOLA
1124 1950 1320 2005 XXIII.

727 2052 1049 2093 ENNODIUS
1098 2055 1372 2095 MAXIMO.

263 2125 284 2157 ⁸
308 2126 582 2181 Producit
611 2127 949 2197 magnitudo
972 2133 1071 2182 tua
1090 2129 1423 2199 nuptiarum
1449 2129 1591 2185 festa
1622 2133 1894 2203 tempori-

202 2217 333 2283 bus;
372 2216 516 2269 dum
548 2233 668 2271 rem
700 2218 772 2271 ad
807 2234 982 2289 quam
1010 2222 1234 2273 coactus
1262 2235 1340 2287 es,
1378 2221 1483 2274 sub
1513 2221 1891 2278 diuturnitate

200 2306 583 2376 prosequeris,
635 2305 823 2360 subito
872 2308 1177 2362 necessitas
1220 2312 1319 2362 tua
1348 2309 1493 2363 facta
1539 2314 1623 2364 est
1665 2312 1891 2366 deside-

199 2395 359 2449 rium.
416 2395 642 2466 Aliquis
688 2396 920 2467 ncgotio
956 2397 1038 2449 illi
1089 2398 1423 2467 perenniter
1468 2399 1781 2467 incumbat,
1822 2403 1891 2456 ad

198 2485 343 2555 quod
408 2484 704 2539 descendit
760 2485 1011 2539 invitus?
1055 2485 1142 2542 Sic
1192 2488 1472 2541 recessisti
1522 2505 1555 2542 a
1594 2490 1888 2544 custodita:

200 2574 569 2629 beatitudinis
601 2574 920 2645 diligentia,
956 2574 1115 2647 quasi
1147 2577 1383 2647 prolixis
1415 2579 1775 2649 temporibus
1804 2580 1890 2633 di-

198 2662 425 2718 dicisses
470 2663 721 2735 qualiter
750 2664 1145 2719 institueretur
1179 2666 1433 2721 uxorius.
1480 2668 1737 2737 Triginta
1765 2670 1890 2723 feli-

200 2752 332 2807 citer
364 2754 493 2807 dies
537 2753 821 2822 abierunt,
869 2758 925 2808 et
961 2760 1017 2808 te
1047 2754 1266 2809 civitati
1314 2756 1498 2810 adhuc
1530 2757 1673 2810 meis
1714 2758 1891 2811 oculis

198 2842 359 2914 longa
381 2859 474 2897 me
499 2859 796 2897 macerans
823 2844 1237 2915 exspectatione
1257 2845 1541 2899 subducis.
1568 2847 1708 2900 Vere
1731 2848 1893 2918 quid-

198 2933 329 3003 quid
347 2933 434 2986 vis
465 2933 662 3001 facias,
699 2933 745 2987 si
768 2932 984 3001 vixero,
1021 2934 1119 3005 qui
1152 2934 1255 2988 tibi
1290 2934 1530 2989 dicenda
1560 2937 1737 3005 texui,
1774 2954 1889 2991 non

2002 522 2137 592 pite.
2186 522 2465 576 Erubesce
2498 528 2578 589 tu,
2614 521 2747 593 quia
2777 539 2881 575 nec
2920 540 3137 593 (egrum
3172 525 3439 595 requiris,
3487 542 3589 579 nec
3620 526 3689 579 de

2002 611 2356 681 nuptialibus
2403 611 2620 665 deliciis
2667 627 2792 682 quae
2822 617 3055 681 possent
3096 612 3387 667 fastidium
3436 615 3690 670 relevare

2002 701 2362 754 transmittis.

2571 789 2903 843 EPISTOLA
2940 790 3113 842 XXIV.

2488 893 2812 932 ENNODIUS
2854 894 3207 933 STEPIIANO.

2074 966 2258 1038 Exigit
2306 984 2338 1020 a
2379 982 2469 1020 me
2528 966 2629 1019 ﬁlii
2687 966 3004 1020 communis
3048 968 3292 1021 Marcelli
3342 968 3684 1035 adhortatio,

2004 1073 2174 1128 quem
2200 1062 2404 1109 natura
2430 1056 2606 1121 vobis,
2635 1055 2772 1108 mihi
2800 1056 2955 1108 dedit
2978 1057 3230 1121 allectus,
3255 1062 3315 1111 ut
3337 1059 3403 1111 ad
3428 1059 3691 1128 scriptio-

2008 1147 2097 1200 nis
2128 1146 2323 1199 munia
2352 1146 2597 1216 praevius
2626 1145 2957 1215 aspirarem,
2991 1150 3046 1198 et
3075 1147 3341 1200 solatium
3376 1148 3689 1201 litterarum

2001 1252 2103 1305 per
2134 1236 2286 1305 quod
2330 1238 2581 1287 vetustas
2610 1234 2793 1287 voluit
2840 1234 3113 1287 absentiae
3144 1235 3223 1287 nil
3275 1236 3462 1303 licere,
3496 1253 3690 1290 amore

2000 1324 2182 1378 vietus
2217 1324 2630 1394 impenderem.
2683 1324 2807 1376 Jam
2839 1323 3011 1377 debes
3042 1324 3183 1376 mihi
3228 1325 3512 1395 duplicem
3559 1341 3687 1395 gra-

2000 1414 2161 1478 tiam,
2213 1417 2271 1467 et
2302 1412 2345 1465 si
2376 1428 2649 1481 responsa
2678 1411 3020 1479 restitueris,
3050 1412 3119 1465 ob
3154 1414 3259 1466 hoc
3290 1414 3440 1484 quod
3471 1414 3691 1483 primus

2001 1501 2209 1573 incepi.
2263 1502 2359 1554 llle
2408 1501 2730 1555 dilectionis
2757 1501 2995 1570 januam
3039 1503 3261 1571 pandit,
3296 1503 3392 1572 qui
3426 1504 3485 1555 in
3523 1504 3692 1556 collo-

2002 1591 2149 1661 quiis
2177 1595 2411 1660 prazstat
2432 1592 2757 1661 exemplum
2792 1608 2804 1643 :
2840 1590 3188 1661 propositam
3222 1592 3549 1645 custodiunt
3578 1592 3691 1644 for-

2004 1681 2243 1750 mulam,
2292 1680 2391 1751 qui
2441 1680 2653 1749 scripta
2694 1680 3025 1733 restituunt.
3073 1681 3239 1749 Ergo,
3288 1686 3518 1733 auctore
3554 1681 3689 1747 Deo,

2008 1770 2270 1823 nuntiam
2303 1769 2696 1840 prosperitatis
2734 1774 2943 1822 nostra:
2977 1769 3271 1839 epistolam
3311 1770 3688 1823 destinamus.

2002 1859 2147 1913 lllud
2179 1860 2248 1913 ad
2281 1860 2554 1930 gaudium
2581 1864 2854 1924 vestrum,
2877 1874 2988 1928 quo
3017 1858 3250 1911 uberius
3271 1862 3506 1929 paterna
3531 1875 3692 1913 mens

2003 1950 2264 2015 exsultet,
2302 1949 2689 2019 adjungimus,
2724 1947 2909 2001 ﬁlium
2942 1951 3191 2001 vestrum
3223 1947 3282 2001 in
3315 1949 3514 2002 studiis
3548 1948 3691 2002 libe-

2003 2039 2219 2093 ralibus
2265 2039 2638 2109 ingenuitatis
2684 2038 3079 2091 testimonium
3106 2038 3225 2108 jam
3261 2041 3475 2105 tenere,
3524 2043 3579 2092 et
3610 2042 3690 2091 ta-

2001 2126 2116 2181 lem
2150 2144 2206 2181 se
2255 2128 2312 2181 in
2345 2129 2451 2181 bac
2481 2144 2616 2181 cura
2648 2133 2941 2198 prmstare,
2977 2132 3037 2180 ut
3077 2143 3248 2180 avara
3274 2144 3509 2181 suorum
3559 2132 3690 2181 vota

2002 2218 2384 2272 transcendat.
2436 2218 2573 2287 Spes
2616 2216 2981 2287 perfectionis
3027 2221 3132 2285 est,
3166 2216 3408 2271 honesta
3453 2216 3513 2269 in
3562 2217 3692 2270 ado-

2002 2306 2252 2361 lescente
2302 2307 2613 2374 inchoatio,
2670 2306 2886 2383 ncc'ab
2917 2306 3142 2360 erudito
3174 2306 3366 2371 distat,
3402 2306 3500 2376 qui
3542 2305 3693 2359 inter

2002 2396 2235 2450 exordia
2264 2395 2401 2450 boni
2435 2396 2678 2467 gloriam
2712 2399 2951 2467 occupat
2981 2395 3250 2449 instituti.
3272 2396 3533 2449 Salutans
3552 2410 3688 2465 ergo

2000 2485 2299 2539 affectione
2334 2501 2447 2555 qua
2486 2486 2686 2550 debeo,
2739 2501 2903 2555 spero
2954 2489 3017 2538 ut
3050 2488 3312 2554 reparata
3352 2484 3689 2554 opportuni-

2001 2579 2116 2629 tate
2149 2574 2219 2629 de
2250 2574 2415 2628 bono.
2434 2590 2524 2628 me
2559 2574 2726 2628 faciat
2755 2578 2955 2627 vestrae
2986 2573 3385 2643 prosperitatis
3413 2573 3617 2627 attolli.

2587 2663 2920 2717 EPISTOLA
2958 2662 3110 2717 XXV.

2466 2767 2785 2807 ENNODIUS
2828 2750 2851 2785 ⁵
2882 2766 3261 2805 SYMMACHO.

2074 2842 2184 2895 Lex
2234 2840 2530 2894 desideriis
2574 2840 2781 2909 scripta
2813 2839 2905 2892 vix
2935 2839 3207 2893 creditur.
3257 2840 3567 2909 Impatiens
3613 2840 3688 2893 ri-

2002 2928 2241 3000 gidioris
2262 2929 2532 2998 praecepti
2566 2929 2886 2997 diligentia,
2917 2944 3031 2981 non
3056 2926 3276 2996 jugiter
3296 2928 3531 2997 dignum
3556 2928 3691 2981 facit

198 3022 422 3077 tacebo:
472 3026 671 3078 tamen
718 3024 937 3078 honore
979 3024 1337 3109 salutationis
1368 3029 1621 3096 accepto,
1660 3032 1888 3096 gustum
1931 3026 1969 3080 C
2001 3018 2447 3089 reprehensione
2490 3017 2639 3087 quod
2672 3017 2852 3070 libere
2883 3020 2984 3069 δεῖ·
3021 3016 3298 3069 Redditur
3340 3032 3488 3086 saepe
3524 3032 3688 3069 ama-

203 3148 328 3201 Mihi
370 3154 535 3202 certa
566 3148 686 3201 visa
716 3153 801 3201 est
830 3150 1145 3219 castigatio,
1180 3152 1242 3203 ut
1278 3149 1434 3220 Opici
1464 3150 1740 3219 legamus,
1786 3152 1891 3206 hoc

202 3225 294 3283 est,
337 3226 407 3273 ut
438 3236 575 3273 mox
612 3220 876 3291 declarat,
917 3221 1071 3273 rudis
1103 3226 1159 3273 et
1201 3220 1446 3287 indocti;
1479 3238 1592 3291 quo
1638 3238 1803 3275 sensu
1837 3228 1893 3277 et

200 3291 356 3359 opica
390 3291 691 3345 translatio
734 3290 880 3343 dicta
920 3291 1153 3344 Sidonio
1187 3291 1283 3344 lib.
1330 3290 1680 3361 vui,’epist.
1732 3296 1783 3359 3,
1820 3296 1889 3348 ab

201 3362 507 3430 Opicorum
541 3368 710 3431 gente
742 3362 984 3414 deducta
1006 3361 1371 3431 significatio,
1400 3363 1561 3431 cujus
1585 3380 1771 3417 sermo
1802 3366 1889 3418 in-

198 3434 374 3486 cultus
408 3438 467 3486 et
494 3433 794 3486 barbarus.
837 3432 1028 3484 ὀπικῶν
1060 3435 1216 3504 φωνὴ,
1251 3434 1403 3503 apud
1426 3435 1656 3488 Suidam
1680 3436 1740 3489 in
1759 3453 1891 3491 voce

200 3503 335 3556 F571.

265 3577 483 3630 1Inter
512 3591 647 3629 aves
694 3574 846 3628 bella
875 3576 1287 3646 commisimus]
1333 3574 1598 3630 Sidonius
1638 3576 1789 3631 idem
1832 3578 1891 3632 in

197 3648 546 3718 panegyrico
580 3646 729 3700 Aviti
766 3662 779 3699 :

312 3735 456 3799 Quid
484 3735 767 3799 volucrum
799 3734 1051 3796 studium,
1086 3735 1174 3784 dat
1199 3748 1335 3799 quas,
1362 3738 1550 3784 natura
1585 3749 1799 3799 rapaces

312 3798 376 3845 In
402 3797 603 3859 vulgus
637 3811 799 3859 prope
824 3799 1149 3859 cognatum?
1176 3798 1293 3859 quis
1311 3798 1514 3846 doctior
1544 3799 1643 3847 isto

310 3861 559 3907 Instituit
587 3860 759 3922 varias
785 3874 877 3921 per
899 3860 1081 3907 nubila
1104 3861 1328 3922 jungere
1360 3860 1510 3909 lites?

306 3923 455 3970 Alite
485 3921 655 3985 vincit
683 3935 822 3985 aves,
856 3921 1113 3984 celerique
1146 3921 1236 3985 per
1260 3922 1454 3971 aethera
1486 3922 1673 3985 plausu

310 3985 429 4032 Hoc
461 3983 597 4031 nulli
630 3984 819 4031 melius
853 3983 1116 4047 pugnator
1140 3983 1331 4033 militat
1354 3983 1561 4046 unguis.

256 4064 473 4117 Avium
498 4064 679 4134 igitur
704 4064 932 4117 venatio
959 4065 1071 4118 illis
1102 4066 1457 4134 temporibus
1475 4064 1763 4135 frequens,
1786 4082 1891 4120 nec

190 4135 407 4189 clericis
460 4137 698 4204 ignota:
751 4136 959 4204 quibus
1006 4152 1131 4188 eam
1181 4142 1375 4189 tamen
1407 4140 1603 4204 postea
1643 4153 1890 4190 canones

193 4212 531 4271 vetuerunt,
562 4212 627 4259 ut
657 4206 715 4259 in
749 4206 846 4259 illa
874 4206 997 4275 ipsa
1030 4207 1259 4275 Liguria
1299 4208 1548 4275 synodus
1578 4208 1889 4261 Ticineusis

187 4293 335 4347 anno
358 4279 497 4339 830,
531 4293 656 4330 can.
681 4278 709 4329 4
734 4294 745 4331 :
780 4278 853 4330 Ut
872 4277 1173 4346 epiSCOpus
1194 4294 1389 4331 omnes
1409 4278 1744 4345 aﬂectiones
1771 4295 1888 4347 quae

1999 3144 2083 3198 los
2122 3142 2269 3197 notis
2300 3142 2649 3211 distinguam
2684 3141 2852 3194 ducto
2884 3158 2915 3194 a
2946 3144 3103 3211 patre
3140 3139 3465 3211 Symmachi
3496 3145 3685 3194 orato-

1999 3216 2076 3268 ris
2107 3214 2358 3267 exordio.
2398 3216 2443 3267 [s
2475 3214 2601 3265 fuit.

2077 3290 2130 3339 to
2160 3287 2218 3339 L.
2259 3290 2532 3339 AURELIUS
2579 3286 2824 3336 AVIANUS
2871 3283 3193 3338 SYMMACHUS
3224 3283 3526 3352 praefectus
3557 3283 3687 3337 urbi

2000 3374 2150 3410 anno
2199 3359 2319 3411 36L
2372 3356 2544 3424 Cujus
2593 3354 2928 3407 meritorum
2978 3356 3149 3407 series
3194 3354 3687 3424 auctoritatisque,

1998 3428 2320 3499 prudentiae.
2368 3432 2423 3479 et
2469 3426 2808 3499 eloquentia:
2841 3425 3329 3499 testimoniumrin
3368 3432 3571 3499 statum
3607 3425 3689 3479 in-

1999 3496 2305 3569 scriptione
2354 3498 2705 3569 continetur,
2764 3497 3080 3569 quam_illi
3133 3496 3441 3569 duplicem,
3494 3497 3688 3550 Roma:

1998 3567 2215 3623 scilicet
2246 3585 2307 3622 ac
2343 3568 2857 3636 Constantinopoli,
2888 3567 3176 3637 principes
3208 3568 3345 3634 poni
3369 3568 3688 3635 jusserunt.

1998 3641 2195 3694 Virum
2227 3641 2457 3695 doctum
2492 3644 2548 3692 et
2581 3641 2901 3692 modestum
2925 3638 3173 3708 appellat
3204 3638 3557 3691 Marcellinus
3590 3640 3690 3691 lte-

1996 3728 2127 3765 rum
2159 3717 2449 3782 gestarum
2478 3710 2577 3782 lib.
2621 3725 2826 3782 xxvii.
2871 3710 2979 3763 Sed
3011 3710 3130 3778 ejus
3164 3714 3347 3782 exstat
3371 3709 3541 3782 unica
3567 3709 3688 3777 epi-

1999 3784 2145 3836 stola
2168 3780 2243 3835 ad
2270 3781 2675 3853 Symmachum
2705 3781 2889 3853 tilium
2921 3797 3050 3853 cuni
3078 3780 3684 3853 paucisepigramma-

1998 3855 2091 3919 tis,
2143 3870 2269 3923 qua:
2311 3851 2624 3922 supersunt
2655 3866 2726 3905 ex
2760 3852 2829 3903 iis
2860 3868 2986 3920 qua:
3024 3851 3081 3903 in
3116 3851 3407 3920 octoginta
3438 3852 3687 3905 illustres

1998 3925 2085 3977 sui
2117 3926 2307 3977 saeculi
2337 3926 2487 3976 viros
2510 3924 2939 3991 conscripserat.

2066 3998 2125 4047 ‘20
2155 3996 2216 4058 Q.
2277 3999 2556 4049 AURELIUS
2617 3996 2934 4047 SYMMACHUS
3000 3993 3060 4045 L.
3118 3993 3171 4046 F.
3247 3996 3465 4059 orator;
3527 3994 3687 4063 cujus

1999 4067 2379 4136 Epistolarum
2415 4067 2511 4119 lib.
2571 4081 2633 4118 lx
2666 4082 2729 4117 ac
2770 4064 3023 4117 decimus
3056 4063 3424 4136 ltelutioiium
3454 4080 3595 4134 quas
3627 4066 3687 4117 in

1996 4135 2338 4206 praefectura
2367 4137 2587 4190 urbana
2618 4136 2877 4203 scripsit:
2924 4136 2982 4187 in
3015 4135 3224 4206 quibus
3267 4140 3322 4187 et
3352 4136 3569 4187 famosa
3603 4152 3687 4187 re—

1998 4205 2133 4261 latio
2182 4209 2249 4261 de
2298 4224 2394 4260 ara
2445 4206 2707 4259 Victorize
2742 4206 2969 4275 legitur,
3021 4205 3109 4258 cui
3142 4206 3193 4259 S.
3250 4206 3585 4258 Ambrosius
3634 4210 3688 4257 et

2002 4280 2341 4333 Prudentius
2408 4274 2846 4347 responderunt.
2910 4277 3213 4330 Procousul
3278 4277 3432 4327 enim
3483 4274 3685 4347 Africa:

185 4346 239 4398 in
260 4330 1886 4419 sanctaeonversationeasaberdotaliabti'orrentofﬁeio,
1928 4330 1968 4383 ί)
1998 4351 2107 4404 fuit
2152 4368 2300 4403 anno
2331 4352 2453 4415 370,
2505 4330 2806 4418 praefectus
2840 4347 2973 4400 Urbi
3006 4363 3155 4399 anno
3188 4348 3311 4409 387i,
3345 4346 3540 4419 coriSul
3588 4345 3685 4419 def

182 4420 425 4487 penitus
458 4419 738 4489 repudiet,
772 4422 826 4472 et
856 4434 968 4472 non
1002 4418 1235 4473 canibus
1267 4421 1367 4472 aut
1398 4418 1773 4489 accipitribus
1802 4422 1891 4475 vel

186 4490 363 4559 capis,
399 4506 549 4559 quos
578 4490 777 4558 vulgus
798 4491 1055 4549 falcones
1072 4493 1254 4555 vocat,
1282 4505 1391 4560 per
1412 4507 1473 4544 se
1503 4490 1696 4561 ipsum
1718 4508 1888 4545 vena-

186 4564 366 4613 tiones
398 4565 692 4613 exerceat.

250 4634 269 4665 ε
296 4631 588 4703 Producit
621 4630 971 4701 magnitudo]
1012 4632 1238 4701 Septem
1264 4648 1390 4701 quae
1414 4636 1736 4701 sequuntur
1769 4634 1891 4703 epi-

186 4704 340 4755 stola:
393 4702 803 4755 desiderantur
836 4702 897 4755 in
944 4703 1363 4773 exemplaribus
1413 4703 1621 4773 quibus
1660 4702 1741 4756 usi
1792 4702 1888 4757 su-

186 4788 330 4826 IDUS.

247 4846 269 4877 ³
286 4844 675 4916 Symmacho]
696 4844 820 4897 Non
839 4860 1025 4914 papae,
1048 4844 1143 4897 sed
1168 4843 1429 4913 patricio,
1451 4860 1647 4898 socero
1669 4845 1849 4899 Boetii
1875 4862 1887 4900 :

184 4917 278 4984 qui
308 4915 490 4969 illum
543 4916 649 4969 hoc
680 4922 845 4968 ornat
887 4916 1072 4983 elogio
1104 4915 1200 4968 lib.
1254 4930 1299 4968 II
1334 4916 1403 4968 de
1436 4916 1839 4970 Consolatione
1876 4934 1889 4971 :

182 4987 364 5057 Atqui
380 4986 545 5057 viget
571 4984 872 5041 incolumis
888 4986 1035 5041 illud
1052 4985 1525 5056 pretiosissimum
1544 4986 1767 5057 generis
1781 4988 1891 5041 hu—

180 5060 340 5111 mani
370 5059 576 5124 decus,
594 5058 973 5129 Symmachus
991 5074 1168 5129 socer,
1187 5060 1242 5109 et
1259 5057 1406 5129 quod
1421 5060 1547 5129 vita:
1570 5061 1755 5127 pretio
1774 5075 1891 5112 non

181 5131 362 5197 segnis
393 5144 634 5193 emeres,
654 5128 741 5182 vir
762 5131 911 5182 totus
939 5146 1006 5183 ea:
1021 5128 1309 5196 sapientia
1329 5128 1741 5197 virtutibusque
1769 5132 1891 5193 fac-

181 5202 285 5271 tus,
300 5216 552 5253 suorum
569 5216 798 5253 securus
815 5200 929 5253 tuis
944 5199 1262 5271 ingemiscit
1281 5199 1532 5267 injuriis.
1556 5201 1689 5251 Item
1712 5200 1804 5271 lib.
1837 5216 1851 5253 ι
1873 5217 1884 5254 :

182 5270 578 5341 Symmachus
614 5275 867 5337 sanctus,
900 5275 954 5324 et
987 5270 1142 5341 aeque
1180 5286 1249 5323 ac
1281 5273 1341 5321 tu
1370 5271 1503 5340 ipsa
1529 5270 1885 5325 reverendus.

182 5340 487 5395 Ennodius
529 5341 905 5410 originariam
961 5340 1435 5411 Syinmacliorum
1482 5341 1712 5393 familia:
1762 5341 1886 5393 elo-

180 5414 511 5483 quentiam,
548 5413 1026 5483 nobilitatemque
1058 5428 1177 5465 esse
1209 5412 1287 5464 ait
1315 5427 1328 5463 :
1361 5428 1461 5464 nec
1490 5412 1717 5475 frustra,
1754 5411 1887 5479 quia

179 5482 328 5535 docti
372 5485 499 5537 fere
549 5499 752 5537 omnes
809 5482 1061 5548 fuerunt,
1114 5488 1169 5535 et
1212 5483 1450 5536 summis
1508 5482 1886 5552 dignitatibus

176 5552 459 5607 illustres.
496 5555 617 5618 Quo
641 5556 768 5607 loco
808 5570 925 5607 non
951 5555 1048 5607 abs
1072 5568 1132 5606 re
1165 5554 1416 5607 facturus
1437 5553 1633 5606 videor
1662 5553 1728 5615 si,
1753 5570 1886 5623 quo-

176 5624 336 5678 niam
389 5626 791 5695 Symmachos,
846 5626 943 5695 qui
989 5624 1236 5680 Eunodii
1270 5629 1436 5677 aetate
1482 5629 1537 5677 et
1586 5626 1882 5693 superiore

178 5697 393 5750 saeculo
428 5682 1069 5769 floruerunt,'pl.erique
1111 5695 1491 5762 confundunt,
1527 5682 1881 5765 suis‘singu-

2000 4422 2174 4491 nique
2224 4415 2547 4491 ordinarius
2591 4436 2720 4472 cum
2759 4420 2995 4471 Tatiano
3041 4434 3194 4491 anno
3238 4418 3359 4469 391.
3403 4417 3556 4491 ⁵Ιᾷιςίυι·
3603 4415 3687 4468 illi

1999 4486 2325 4545 Rusticiana
2343 4490 2504 4547 Orfiti
2528 4491 2679 4544 lilia:
2711 4495 2894 4542 mater
2921 4488 3199 4556 Acyndini
3223 4486 3488 4551 consulis,
3520 4503 3683 4557 ~quem

1999 4566 2341 4617 avunculum
2378 4569 2678 4633 propterea
2702 4566 2878 4633 vocat.
2904 4575 3196 4633 germana.
3224 4560 3273 4611 ls
3304 4564 3387 4633 est
3414 4558 3683 4633 quiapud

2002 4635 2349 4687 Macrobium
2380 4630 2650 4703 'disputat
2696 4632 2757 4683 in
2802 4630 3227 4703 Saturnalibus;
3264 4631 3372 4703 cui
3403 4630 3683 4699 Griplium

1999 4706 2173 4758 mittit
2202 4702 2524 4758 Ausonius:
2578 4706 2647 4757 de
2678 4719 2790 4770 quo
2842 4702 3097 4769 loquitur
3142 4702 3511 4770 Augustinus,
3556 4717 3685 4753 cum

2000 4792 2032 4829 a
2079 4777 2417 4845 Symmacho
2452 4778 2510 4827 P.
2559 4776 2617 4826 V.
2654 4772 3037 4845 Medioliuum
3071 4772 3516 4845 adirhetoricam
3549 4789 3685 4841 pro-

1999 4842 2304 4899 fessionem
2342 4847 2577 4899 missum
2612 4860 2669 4895 se
2703 4843 2895 4895 scribit
2927 4842 3021 4895 lib.
3060 4858 3094 4895 ν
3130 4844 3406 4908 Confess.,
3438 4859 3560 4912 cap.
3604 4846 3681 4895 13.

1998 4918 2076 4969 De
2109 4935 2221 4987 quo
2270 4918 2402 4969 item
2440 4918 2682 4987 Prosper
2729 4913 2853 4987 lib._
2882 4928 2973 4987 in]
3003 4914 3071 4965 de
3110 4914 3379 4987 Prom‘iss.
3421 4931 3542 4981 cap.
3596 4917 3683 4987 38,

1997 4983 2262 5041 Sido—nius
2283 4989 2445 5055 epist.
2471 4987 2498 5039 1
2524 4993 2580 5038 et
2601 4986 2727 5038 aliis
2751 4983 2916 5047 locis;
2946 4984 3207 5037 Socrates
3231 4984 3327 5037 lib.
3358 5000 3415 5049 γ,
3437 5002 3560 5053 cap.
3596 4986 3684 5050 li;

1998 5058 2364 5112 Cassiodorus
2394 5057 2491 5110 lib.
2528 5072 2617 5121 x1,

2068 5134 2124 5181 3°
2160 5129 2555 5191 Q.FLA\'1ANUs
2604 5130 2853 5182 MEMMIUS
2913 5127 3255 5192 SYMMACHUS,
3304 5125 3508 5179 unicus
3561 5140 3683 5178 ora-

1996 5200 2132 5252 toris
2166 5199 2337 5263 filius,
2376 5216 2406 5251 a
2454 5216 2566 5269 quo
2598 5205 2653 5252 et
2701 5199 2873 5269 patris
2906 5198 3160 5269 epistola:
3193 5201 3326 5265 post
3358 5196 3496 5269 ejus
3528 5211 3680 5247 mor-

1994 5274 2109 5323 tem
2148 5271 2381 5336 digestze
2419 5277 2473 5323 et
2504 5268 3037 5323 editaﬂProeonsul
3070 5268 3267 5319 itidem
3299 5268 3498 5319 Africa-2
3532 5282 3682 5319 anno

1993 5342 2117 5405 415,
2153 5341 2449 5411 prtefectus
2499 5342 2630 5395 Urbi
2663 5358 2813 5393 anno
2846 5342 2967 5392 -i2U.
3006 5337 3508 5411 llujus_siqu_idem
3552 5342 3683 5390 sunt

1994 5408 2321 5465 Relationes
2372 5429 2498 5492 quae
2548 5412 2632 5492 de.
2661 5411 2871 5492 Eulalii
2894 5411 3163 5492 adversus
3198 5408 3546 5492 Bonifacium
3578 5426 3682 5492 pa-

2034 5499 2125 5536 am
2160 5478 2526 5537 contentione
2568 5483 2633 5535 ad
2667 5482 2976 5535 Honorium
3010 5484 3153 5547 Aug.
3189 5478 3415 5547 scriptae
3448 5479 3681 5532 Annali-

2034 5500 2125 5536 am
2160 5500 2526 5537 ΟΟΠῐΘΠιΙΟῘῙΘ
2568 5500 2633 5535 at]
2667 5500 2976 5535 ΠΟΠΟΙῚΗΠῘ
3010 5500 3153 5547 Λιιξς.
3189 5500 3415 5547 scriptu:
3448 5500 3678 5532 λὶῐιῐιὶὶιι-

1991 5500 2098 5606 Ευε
2123 5555 2509 5608 ecclesiasticis
2552 5558 2682 5607 sunt
2708 5553 2956 5606 insertae.
2990 5552 3250 5613 Qumstor
3280 5550 3451 5602 etiam
3487 5549 3678 5602 caudi-

1994 5625 2177 5691 datus,
2214 5631 2268 5679 et
2297 5632 2507 5695 prtetor
2530 5626 2759 5677 ineunte
2791 5628 2956 5695 aetate
2983 5622 3185 5695 fuerat.
3213 5622 3363 5695 Nam
3381 5622 3681 5695 utriusque

1996 5696 2100 5750 lilii
2147 5696 2234 5751 sui
2277 5692 2510 5752 honoris
2550 5695 2746 5750 crebra
2776 5694 2993 5748 inentlo
3038 5693 3100 5747 in
3141 5692 3396 5764 epistolis
3423 5694 3680 5762 Symma-
