4102 6182
407 278 506 330 I27

1622 267 1910 327 ENNODII
1949 267 2262 329 EPISCOPI
2298 268 2682 327 TICINENSIS

3800 274 3901 328 I28

402 407 572 464 bilior
612 406 681 461 de
709 408 892 474 reatu,
936 418 1068 459 cum
1100 419 1204 475 per
1246 400 1681 459 effrenationem
1710 400 1947 456 sortitur
1978 417 2084 473 ge-
2124 406 2169 459 Α
2202 405 2327 457 tum
2357 401 2559 457 studiis
2589 405 2645 457 et
2663 400 2947 474 probitate
2977 399 3327 473 suspiciam?
3353 400 3587 458 Videtur
3613 400 3892 459 mihinon

403 498 564 553 nium
607 497 736 568 plus
782 494 1083 565 placendi:
1136 507 1271 547 nam
1302 491 1572 546 delictum
1618 506 1788 545 suum
1839 491 2093 563 quodam

403 588 582 659 ipsius
610 584 1080 657 praesumptionis
1108 582 1275 636 melle
1309 580 1691 635 commendat.
1730 582 1845 651 Ego
1887 598 1917 635 a
1943 597 2093 653 prae-

404 677 615 731 fatione
660 691 753 729 me
783 679 969 738 tueor,
1021 671 1156 742 quia
1202 669 1272 723 ad
1302 669 1571 740 epistolas
1613 667 1833 740 primus
1879 668 2089 740 aspiro.

405 764 596 819 Restat
637 764 697 817 in
735 765 1014 833 potestate
1048 758 1404 814 celsitudinis
1454 762 1672 826 vestrae,
1727 758 1773 812 si
1814 758 2094 812 sustinere

403 852 625 923 eligetis
660 851 978 921 garrulum,
1015 863 1133 901 non
1160 850 1367 913 tacere,
1395 850 1450 901 et
1472 846 1541 903 de
1573 846 1888 918 originario
1927 848 2092 917 Sym-

402 939 686 995 machiani
723 937 892 991 fontis
943 937 1087 990 lacte
1137 952 1229 991 me
1271 951 1524 1007 pascere.
1574 936 1710 991 Vale
1757 935 1820 991 in
1866 935 2089 991 Christo

402 1036 620 1095 nostro,
653 1029 927 1081 Romanae
959 1025 1144 1097 gentis
1167 1025 1457 1093 nobilitas,
1491 1029 1547 1081 et
1576 1042 1668 1081 me
1682 1026 1806 1097 jam
1838 1028 1901 1080 ut
1924 1025 2092 1079 clien-

404 1125 521 1175 tem
552 1124 608 1174 et
628 1117 911 1173 famulum
940 1133 1045 1188 pro
1079 1131 1308 1171 morum
1344 1120 1399 1170 et
1426 1120 1650 1172 naturae
1679 1116 1806 1172 luce
1835 1115 2091 1187 dignare.

979 1206 1308 1262 EPISTOLA
1348 1208 1518 1261 XXVI.

910 1310 1233 1352 ENNODIUS
1278 1310 1589 1351 AGNELLO.

473 1389 580 1442 Pro
611 1389 741 1441 voto
770 1400 899 1439 meo
932 1385 1281 1455 produxistis
1308 1384 1627 1456 epistolam,
1652 1385 1791 1441 dum
1820 1399 1910 1440 res
1938 1383 2097 1438 nulla

402 1478 645 1532 fuscatas
677 1474 825 1529 nube
876 1473 1153 1545 purgatis.
1199 1474 1544 1529 Felicissima
1573 1474 1917 1529 defensionis
1945 1481 2094 1529 sorte

404 1565 676 1619 adsumus
702 1562 1065 1630 innocentiae,
1099 1565 1157 1617 et
1186 1563 1382 1617 dextro
1415 1578 1640 1633 semper
1680 1562 1873 1619 omine
1901 1578 2005 1633 per
2033 1578 2093 1617 se

403 1654 837 1725 splendentibus
868 1668 1101 1707 usuram
1132 1652 1286 1707 vocis
1314 1652 1719 1724 impendimus.
1756 1652 1939 1708 Facile
1970 1652 2092 1723 ejus

405 1744 592 1798 lucem
634 1741 733 1814 qui
766 1742 911 1797 nitet
938 1743 1190 1795 afﬁrmas
1217 1758 1229 1796 :
1267 1758 1372 1796 nec
1402 1743 1558 1797 deest
1591 1758 1778 1797 sermo
1810 1742 1909 1813 qui
1938 1757 2093 1795 com-

403 1832 675 1887 modetur
714 1830 1009 1886 absolutis.
1062 1830 1151 1885 Sic
1182 1831 1252 1885 de
1290 1831 1507 1885 caballo
1554 1830 1836 1901 promisso
1868 1846 2094 1902 proces-

404 1921 554 1975 sistis
586 1921 873 1991 affatibus,
924 1920 1087 1993 quasi
1118 1920 1275 1975 vobis
1305 1920 1614 1991 aliquando
1661 1920 1905 1975 obscena
1934 1935 2092 1975 nien-

402 2010 584 2066 tiendi
618 2010 819 2066 fuisset
866 2009 1106 2065 affectio.
1159 2011 1299 2064 Vere
1344 2025 1447 2081 per
1476 2010 1731 2065 animam
1778 2026 1968 2065 meam
2016 2010 2095 2064 fa-

402 2100 566 2156 cilius
614 2117 801 2156 sacros
852 2101 1144 2155 crederem
1189 2099 1305 2154 labi
1352 2100 1414 2154 in
1460 2099 1608 2155 hanc
1652 2101 1878 2155 foveam
1926 2114 2093 2171 posse

402 2190 727 2262 pontiﬁces.
761 2190 913 2248 Vitia
941 2194 1197 2244 maturos
1238 2189 1516 2255 nesciunt,
1562 2190 1673 2244 nisi
1698 2206 1841 2261 quos
1866 2189 2095 2261 primae-

399 2295 497 2333 vos
528 2279 858 2334 imbuerint.
894 2276 1168 2332 lnIitiatio
1200 2277 1261 2331 in
1290 2277 1622 2333 hominibus
1648 2294 1795 2333 nova
1827 2294 1942 2333 non
1970 2294 2094 2349 ger-

400 2368 620 2424 minat:
669 2367 951 2440 quidquid
984 2366 1045 2421 in
1076 2367 1334 2421 moribus
1365 2366 1574 2421 nostris
1605 2371 1709 2435 est,
1745 2371 1801 2422 et
1831 2367 2093 2439 sequitur

400 2463 455 2514 et
503 2458 812 2530 praecessit.
860 2456 1105 2512 Proinde
1148 2456 1352 2522 valete,
1404 2460 1621 2511 ostrum
1682 2456 1922 2513 Latiaris
1968 2457 2091 2511 elo-

402 2548 545 2620 quii,
580 2551 637 2602 et
666 2545 807 2603 mihi
826 2544 1280 2601 vicissitudinem
1310 2546 1557 2599 amando
1584 2546 1867 2601 restituite
1898 2562 1911 2601 :
1945 2545 2092 2601 illud

403 2638 788 2709 providentes,
824 2641 885 2691 ut
929 2652 1035 2706 pro
1066 2634 1535 2707 compensatione
1566 2636 1851 2693 tarditatis
1882 2636 2089 2707 dignus

402 2726 542 2783 mihi
574 2742 814 2782 munere
844 2729 1030 2781 vestro
1057 2740 1239 2796 equus
1270 2727 1580 2779 succurrat.

955 2815 1288 2871 EPISTOLA
1324 2815 1524 2870 XXVII.

913 2920 1238 2961 narramus
1283 2904 1299 2939 ί
1345 2918 1569 2960 raono.

2203 492 2374 563 longe
2414 492 2484 547 ab
2513 491 2814 547 honestate
2860 491 3192 555 desciscere,
3235 492 3335 563 qui
3362 491 3494 547 colit
3533 493 3891 561 emendatos;

2206 581 2345 636 dum
2387 581 2638 636 creditur
2683 581 3013 653 quicunque
3060 580 3255 635 sectari
3292 597 3459 652 posse
3496 581 3650 652 quod
3683 580 3892 653 diligit.

2201 670 2449 725 Proinde
2469 670 2593 726 vale
2619 686 2723 742 per
2752 671 2998 742 gratiam
3030 669 3152 731 Dei,
3186 674 3243 725 et
3271 670 3522 724 studium
3559 686 3752 725 meum
3785 686 3889 742 ap-

2203 761 2449 833 probans
2479 764 2767 816 amantem
2789 760 2874 815 tui
2900 758 3185 831 ampliﬁce
3216 758 3430 815 muniis
3458 759 3801 816 litterarum.

2754 884 3093 941 EPISTOLA
3129 884 3357 940 XXVIII.

2454 1007 2777 1050 ENNODIUS
2821 1006 3153 1049 ADEODATO
3199 1005 3640 1047 PRESBYTERO.

2274 1124 2416 1178 Voto
2470 1137 2598 1177 meo
2648 1120 3006 1191 obsequitur,
3058 1134 3187 1191 quae
3230 1117 3494 1173 ministra
3524 1118 3591 1173 ad
3629 1134 3726 1173 vos
3759 1118 3900 1173 scri-

2203 1212 2414 1286 ptionis
2454 1210 2646 1267 existit
2690 1209 2927 1265 occasio.
2966 1209 3107 1263 Nam
3140 1211 3194 1261 et
3235 1205 3556 1279 praesentia:
3581 1206 3701 1261 vice
3740 1206 3900 1261 blan-

2205 1303 2362 1358 ditur
2390 1301 2730 1372 alloquium,
2767 1304 2823 1354 et
2850 1297 3137 1369 promittit
3166 1296 3274 1351 sibi
3302 1296 3371 1350 de
3398 1296 3739 1367 paginarum
3769 1312 3901 1368 pro-

2206 1392 2558 1463 mulgatione
2594 1389 2749 1463 quod
2780 1387 3041 1444 exhibet:
3076 1386 3213 1459 quia
3234 1385 3683 1441 emendatissimi
3712 1386 3901 1441 homi-

2204 1500 2321 1551 nes,
2358 1481 2505 1537 sicut
2537 1478 2803 1551 derogari
2834 1476 3142 1532 virtutibus
3181 1475 3299 1530 suis
3331 1475 3636 1542 aestimant,
3672 1475 3902 1546 aliquos

2201 1573 2263 1628 in
2306 1569 2618 1643 diligentia:
2648 1567 2979 1624 testimonio
3017 1565 3255 1638 prmvios
3290 1564 3593 1631 exstitisse;
3627 1564 3705 1618 ita
3731 1563 3900 1635 igno-

2206 1662 2446 1718 miniam
2497 1663 2788 1732 reputant,
2834 1657 3096 1729 exempla
3153 1654 3467 1726 negligere.
3530 1653 3680 1707 Vixit
3744 1652 3900 1707 inter

2210 1756 2437 1807 sanctos
2474 1750 2627 1805 viros
2659 1749 2768 1803 ista
2809 1745 3162 1812 communio,
3190 1749 3253 1799 ut
3280 1760 3386 1815 per
3428 1742 3619 1798 intimi
3648 1742 3898 1797 hominis

2203 1837 2624 1912 providentiam
2673 1836 2753 1890 nil
2788 1838 3019 1890 noceret
3060 1838 3288 1888 terrena
3330 1829 3725 1903 sequestratio.
3786 1832 3899 1885 Par

2205 1934 2310 1997 est,
2340 1926 2592 1991 domine,
2624 1929 2689 1979 ut
2714 1929 2769 1979 et
2795 1928 2994 1979 votum
3024 1938 3220 1979 meum
3250 1921 3506 1993 sequaris
3539 1923 3597 1975 et
3626 1920 3895 1976 formam.

2208 2021 2354 2089 Ergo
2385 2018 2639 2072 salutans
2670 2013 2931 2086 principe
2978 2014 3125 2082 loco,
3172 2016 3235 2067 ut
3264 2011 3378 2067 mei
3406 2026 3628 2065 memor
3666 2010 3741 2064 sis
3787 2010 3895 2066 de—

2204 2124 2437 2180 precor;
2484 2110 2548 2161 ut
2576 2106 2732 2177 quod
2762 2104 2909 2159 mihi
2938 2119 3041 2175 per
3072 2101 3485 2173 negligentiam
3516 2100 3894 2155 subtrahitur.

2203 2197 2407 2254 divinae
2456 2194 2657 2268 gratiae
2702 2209 2807 2266 per
2850 2210 2945 2247 vos
2986 2191 3257 2263 suffragio
3308 2190 3655 2246 conferatur.
3701 2189 3897 2244 Indico

2205 2303 2339 2359 ergo
2373 2302 2490 2342 non
2521 2284 2809 2341 mentiens
2839 2286 3004 2337 nocte
3036 2281 3204 2336 tertia
3232 2282 3253 2315 ³
3293 2297 3326 2335 a
3351 2278 3704 2351 profectione
3742 2294 3895 2345 mea,

2206 2378 2491 2449 ingratam
2520 2374 2667 2430 mihi
2694 2371 2989 2429 dominam
3011 2386 3199 2427 meam
3222 2370 3530 2443 Cynegiam
3557 2368 3896 2440 apparuisse

2202 2467 2263 2521 in
2295 2466 2416 2538 ipso
2447 2463 2589 2519 lucis
2618 2462 2875 2531 exordio,
2904 2464 2961 2517 et
2982 2460 3229 2514 multum
3252 2458 3321 2513 ab
3353 2474 3418 2513 ea
3449 2474 3539 2512 me
3566 2457 3636 2513 de
3664 2456 3897 2512 itineris

2201 2554 2605 2628 properatione
2641 2553 2953 2624 culpatum,
2994 2565 3171 2621 quare
3214 2549 3387 2605 etiam
3420 2548 3591 2603 nullis
3629 2546 3894 2603 versibus

2200 2647 2530 2719 sepulcrum
2581 2643 2701 2715 ejus
2733 2647 2880 2696 esset
2921 2641 3289 2695 honoratum.
3322 2640 3451 2696 Haec
3500 2638 3737 2710 quidem
3780 2653 3893 2709 ego

2200 2754 2315 2792 non
2364 2735 2437 2790 ad
2475 2733 2794 2803 imaginem
2833 2728 3185 2802 pr0pheticm
3216 2727 3472 2783 veritatis
3514 2728 3740 2799 accepi;
3786 2742 3896 2781 nec

2200 2822 2494 2880 nocturnis
2524 2822 2672 2877 forte
2700 2819 3063 2875 illusionibus
3098 2817 3287 2889 operis
3323 2816 3437 2872 mei
3468 2816 3672 2871 sudore
3702 2813 3890 2871 litavi.

2201 2914 2312 2969 Sed
2352 2913 2488 2983 quia
2531 2911 2693 2967 facile
2738 2910 3012 2965 suadetur
3052 2906 3395 2974 amantibus,
3449 2906 3706 2962 debitum
3741 2922 3894 2977 opus

466 2994 627 3067 Eligo
670 2994 956 3067 jacturam
995 2994 1254 3066 pndOI‘iS,
1305 3010 1377 3048 ne
1409 2994 1647 3049 subeam
1689 2992 1935 3048 dedecus
1972 3008 2089 3047 D011
2128 3012 2167 3067 C
2206 3019 2322 3058 non
2352 3000 2636 3059 laboravit
2679 2998 2903 3070 exigere
2935 2996 3035 3070 qui
3063 2996 3352 3052 monebat.
3389 2995 3552 3051 Salva
3580 3000 3666 3052 est
3708 2992 3895 3050 domi-

395 3086 660 3151 amantis,
712 3084 896 3140 sciens
927 3083 1151 3139 facilius
1199 3083 1397 3138 sarciri
1435 3099 1607 3155 posse
1638 3082 1841 3137 frontis
1879 3083 2089 3137 damna

396 3192 571 3247 quam
602 3175 760 3231 ﬁdei.
809 3174 1111 3229 Indoctum
1142 3189 1263 3227 esse
1295 3172 1645 3228 infelicitatis
1690 3176 1811 3239 est;
1850 3172 2088 3227 virtutes

394 3264 628 3319 familiae
677 3268 879 3319 vestrm
923 3261 1130 3329 odisse,
1177 3277 1271 3316 res
1316 3261 1593 3315 criminis.
1636 3259 1935 3316 Potuimus
1974 3261 2088 3316 dis-

397 3352 626 3424 ciplinis
704 3350 1038 3406 liberalibus
1116 3349 1363 3405 defuisse
1429 3365 1545 3403 non
1611 3348 2011 3420 delinquentes
2072 3367 2086 3418 ;

397 3441 542 3496 nulli
585 3440 814 3508 sufficit,
848 3438 1003 3494 unde
1043 3454 1231 3493 mores
1258 3438 1519 3493 excussit.
1568 3439 1683 3510 Ego
1712 3438 1773 3492 in
1812 3438 2087 3509 amplitu-

399 3532 533 3586 dine
574 3534 761 3585 vestra
808 3533 890 3584 tot
934 3532 1259 3583 coacervata
1301 3525 1593 3599 epistolari
1640 3543 1906 3582 sermone
1937 3510 2089 3582 bona

398 3637 516 3677 non
545 3621 823 3676 venerer?
853 3634 958 3691 ego
985 3634 1102 3674 non
1122 3618 1264 3674 illud
1298 3616 1526 3690 generis
1555 3617 1753 3673 lumen
1780 3617 2091 3689 ampliﬁca-

398 3781 525 3837 chi:
561 3785 615 3837 et
650 3783 988 3851 sumptuum
1031 3779 1152 3850 ejus
1182 3781 1446 3851 praeturae
1480 3776 1747 3831 meminit
1787 3777 2086 3851 Olympio-

399 3857 575 3909 dorus
621 3850 899 3907 Thebieus
955 3852 1107 3922 apud
1169 3850 1457 3917 Photium,
1518 3850 1890 3920 Symmachos
1937 3851 2089 3904 inter

399 3927 671 3982 Romana:
704 3924 858 3978 urbis
883 3922 1193 3977 ditissimos
1224 3938 1552 3975 numerans.

467 3998 526 4051 4ο
566 3997 629 4060 Q.
678 3999 955 4051 Amemus
1002 3995 1342 4048 Svmnacnus.
1409 3992 1498 4047 Sic
1546 3992 1699 4063 enim
1765 3993 2088 4063 appellatur

398 4069 667 4123 n0vella4
689 4064 1089 4122 Valentiniani.
1113 4065 1325 4119 Consul
1344 4062 1667 4118 ordinarius
1687 4078 1820 4118 cum
1840 4062 2003 4119 Aetio
2027 4080 2086 4117 III

398 4142 628 4195 consule
658 4156 808 4193 anno
846 4139 971 4204 446,
1006 4153 1162 4200 avus,
1194 4138 1423 4206 opinor,
1455 4136 1624 4189 Gallae
1653 4136 1847 4206 vidum
1870 4136 1928 4187 in
1959 4134 2088 4206 epi-

400 4210 870 4289 stolafulgentii,
890 4208 1024 4289 quia
1054 4205 1628 4289 GallamSymmachi
1652 4205 1876 4289 patricii
1907 4205 2087 4258 tiliam

399 4284 477 4337 sic
504 4275 708 4337 affatur
741 4298 755 4335 :
788 4283 857 4336 Et
884 4275 1017 4334 licet
1046 4295 1171 4351 avo,
1189 4275 1378 4351 patre,
1409 4293 1623 4351 socero,
1648 4275 1856 4351 inurito
1884 4291 2085 4330 consu-

397 4355 547 4409 libus
573 4353 795 4424 pridem
822 4351 1007 4415 fueris
1034 4347 1508 4424 inl‘er’swculqres
1534 4347 1799 4424 illustris.

472 4431 527 4480 ὅσ
570 4417 945 4495 Symmachus
983 4421 1274 4495 patricius,
1322 4422 1413 4475 cui
1442 4421 1548 4473 hoc
1575 4417 1931 4495 _Ioco_scri_bit
1978 4419 2084 4495 En-

399 4491 629 4565 nodius',
682 4496 843 4566 cujus
892 4491 1157 4566 meminit
1203 4491 1302 4546 lib.
1348 4508 1463 4558 vm,
1498 4491 1657 4560 epist.
1704 4493 1794 4555 28,
1837 4491 1945 4544 hoc
1998 4494 2082 4544 est

398 4570 459 4633 Q.
503 4564 776 4622 AuaELIUs
826 4566 1077 4619 MEMMIUS
1109 4564 1429 4618 Svnmcuus
1473 4578 1689 4615 axcoxs.
1721 4578 1844 4616 ouo.
1899 4578 1962 4615 nr
1995 4578 2084 4615 ra-

396 4655 628 4705 ancms,
668 4646 730 4693 ut
773 4638 961 4708 legere
1004 4635 1243 4708 memini
1286 4634 1346 4708 in
1376 4633 1624 4708 antiquis
1663 4633 2084 4708 exemplaribus

400 4710 577 4764 Boetii
609 4704 855 4780 generi;
881 4708 980 4778 qui
1011 4707 1230 4780 aliquot
1261 4705 1617 4780 ei_op_u_scula
1656 4720 1759 4758 sua
1807 4704 2083 4780 inscribit,

399 4777 769 4837 Consul'fuit
811 4777 932 4833 sine
979 4779 1200 4847 collega
1242 4777 1346 4831 sub
1396 4777 1669 4843 Odoacre,
1722 4792 1873 4829 anno
1915 4778 2017 4829 485
2048 4791 2085 4847 a

398 4852 751 4907 Theodorico
784 4867 918 4923 rege
947 4845 1216 4923 judexvin
1241 4864 1409 4923 causa
1431 4847 1707 4923 Basilii‘et
1737 4845 2082 4923 Praetextati,

399 4925 500 4995 qui
546 4917 1139 4995 magicarumartium
1170 4920 1600 4995 accusabantur,
1626 4918 1777 4971 inter
1803 4918 1945 4995 alios
1978 4917 2081 4968 de-

399 4987 609 5050 lectus:
632 4987 794 5066 epist;
816 4993 885 5047 29
906 4993 1003 5048 lib.
1033 5008 1105 5066 II,
1126 4991 1277 5066 apud
1298 4990 1719 5066 Cassiodorurn,
1744 4987 1894 5054 apud
1917 5001 2089 5066 quem

400 5070 457 5121 ct
504 5068 630 5121 alia;
665 5059 814 5120 sunt
860 5059 1196 5119 Theoderici
1262 5062 1518 5132 ejusdem
1560 5059 1627 5132 ad
1679 5060 2089 5132 Symmachum

401 5138 675 5208 epistolze.
715 5140 789 5191 De
843 5136 1040 5191 eodem
1070 5127 1681 5208 _IIorm_isda_pontifex
1714 5127 1982 5208 cp.ist._2_8
2017 5132 2093 5208 et

401 5199 488 5266 (ili.
534 5211 817 5265 Cmterum
860 5208 929 5262 ab
984 5206 1186 5260 eodem
1228 5199 1574 5258 Theoderico
1633 5199 1829 5270 impiis
1880 5200 2092 5253 delato-

401 5298 531 5336 rum
587 5276 1083 5335 criminationibus
1135 5274 1369 5328 incitato
1427 5270 1736 5325 crudeliter
1792 5286 1907 5324 una
1962 5286 2093 5324 cum

402 5352 597 5407 Boetio
638 5367 851 5423 genero
886 5350 1296 5423 caesus_est,__ut
1333 5346 1528 5423 narrat
1560 5341 1870 5423 Procopius
1916 5342 2015 5423 lib.
2068 5357 2085 5395 ι

404 5424 473 5478 de
508 5414 939 5479 BelloGothico.
978 5418 1157 5487 Hujus
1184 5416 1315 5470 lilia:
1350 5414 1477 5487 dum
1510 5414 2095 5487 memorantur,_Rus-

402 5495 611 5550 ticiana
645 5510 788 5549 uxor
836 5491 1018 5547 Boetii
1048 5484 1104 5541 et
1134 5488 1309 5552 Galla,
1343 5486 1412 5539 de
1443 5500 1575 5554 qua.
1612 5488 1821 5552 praeter
1853 5484 2095 5549 Fulgen-

404 5567 574 5632 tium,
601 5563 908 5633 Gregorius
930 5562 1166 5633 Magnus
1186 5558 1273 5628 IV,
1297 5557 1507 5627 dialog.
1536 5558 1617 5610 I3.
1645 5554 1851 5608 Filium
1871 5555 2096 5609 nullum

406 5629 660 5707 reliquit.
690 5629 831 5689 Nam
864 5632 965 5703 qui
996 5629 1277 5757 sequitur.

478 5712 536 5757 6°
558 5708 636 5757 Sv
651 5722 688 5757 ιι
703 5722 741 5757 n
754 5720 875 5757 acu
889 5720 918 5757 υ
932 5718 961 5757 s
983 5702 1071 5756 col
1098 5717 1203 5757 ega
1220 5699 1401 5756 Boetii
1420 5699 1479 5755 in
1496 5697 1796 5755 consulatu
1814 5696 1945 5753 anni

478 5697 636 5763 θείειν
651 5722 688 5762 II
703 5722 741 5762 II
754 5697 918 5762 acu-0
932 5718 961 5758 s
983 5697 1203 5773 collega
1220 5699 1401 5756 Boetii
1420 5699 1479 5755 in
1496 5697 1796 5755 consulatu
1814 5697 1949 5753 anni
1972 5697 2094 5765 522,

2199 3110 2289 3148 na:
2318 3092 2659 3147 reverentia.
2693 3090 2900 3145 Versus
2937 3104 3081 3160 quos
3124 3086 3326 3153 direxi,
3358 3102 3461 3158 per
3489 3086 3641 3141 diem
3682 3083 3894 3156 judicii

2200 3188 2254 3239 te
2285 3183 2524 3255 conjuro
2556 3184 2620 3236 ut
2661 3179 2722 3235 in
2750 3179 2972 3251 pariete
3015 3193 3187 3250 supra
3217 3177 3287 3231 ad
3318 3176 3489 3248 pedes
3538 3174 3707 3229 scribi
3749 3189 3896 3228 mox

2198 3272 2387 3327 facias.
2443 3272 2678 3326 Gratum
2731 3268 2956 3324 noveris
3014 3270 3071 3323 et
3128 3266 3248 3322 ﬁlio
3293 3270 3391 3321 tuo
3435 3265 3717 3333 futurum,
3766 3264 3899 3319 vult

2199 3364 2354 3418 enim
2383 3361 2589 3416 merita
2622 3358 2773 3413 illius
2800 3358 3118 3413 multorum
3149 3372 3244 3410 ore
3272 3354 3567 3421 celebrari,
3601 3354 3699 3408 sed
3720 3353 3783 3408 in
3823 3369 3897 3409 eo

2198 3452 2372 3507 modo
2396 3465 2509 3522 quo
2540 3448 2671 3503 illos
2704 3446 2797 3504 hic
2835 3445 3072 3501 invenit.
3107 3446 3388 3499 Domnam
3420 3456 3608 3496 meam
3641 3442 3893 3512 Stepha-

2198 3542 2356 3598 niam
2386 3544 2441 3594 et
2472 3539 2746 3594 domnam
2792 3535 3118 3600 Sabianam,
3153 3533 3250 3587 sed
3280 3536 3336 3586 et
3381 3531 3653 3586 domnam
3700 3531 3891 3586 Fadil-

2197 3632 2311 3687 lam
2344 3646 2447 3701 pro
2484 3644 2577 3682 me
2624 3626 2829 3681 saluta.
2864 3624 2923 3679 Si
2962 3622 3157 3694 scripti
3185 3621 3421 3689 fuerint,
3456 3637 3590 3676 mox
3616 3621 3889 3677 rescribe.

2196 3804 2314 3844 non
2346 3783 2674 3858 Symmachi
2703 3782 2928 3858 patricii
2958 3781 3132 3848 Illius,
3164 3781 3263 3836 sed
3294 3797 3473 3858 nepos
3504 3781 3632 3858 fuit,
3666 3781 3894 3858 ex_ﬁlia

2195 3852 2526 3915 Rusticiana
2552 3862 2607 3911 et
2640 3852 2831 3909 Boetio
2855 3858 3195 3926 prognatus,
3224 3858 3289 3908 ut
3320 3854 3540 3926 dicetur
3561 3853 3631 3926 ad
3668 3852 3834 3926 epist.
3853 3857 3881 3926 ﬁt

2195 3933 2295 3986 lib.
2332 3944 2481 3986 VIII.
2518 3930 2592 3983 Ex
2624 3927 2788 3982 annis
2819 3924 3010 3980 autem
3047 3942 3188 3996 quos
3226 3926 3287 3979 in
3319 3924 3893 3996 singulisdescripsi-

2194 4018 2345 4069 mus,
2378 4001 2541 4055 facile
2573 4000 2681 4053 erit
2714 3999 2784 4053 de
2824 3995 3152 4069 principum
3182 3995 3475 4066 rescriptis
3510 3995 3581 4069 ad
3625 3996 3891 4069 Symma-

2195 4066 2339 4129 chos'
2375 4088 2503 4143 quae
2546 4071 2607 4125 in
2638 4066 2843 4143 codice
2863 4066 3107 4139 utroque
3138 4069 3431 4139 leguntur,
3465 4067 3535 4122 ad
3566 4082 3707 4137 quos
3737 4066 3889 4121 refe-

2196 4145 2374 4199 renda
2392 4142 2539 4213 sint,
2568 4142 2848 4213 judicare.

2268 4218 2283 4249 ¹
2314 4211 2521 4339 Probo;
2569 4209 2706 4268 Viro
2750 4211 2991 4267 illustri:
3040 4226 3212 4279 quem
3254 4210 3405 4265 inter
3445 4209 3587 4264 alios
3616 4223 3889 4279 proceres

2268 4287 2356 4339 bis
2385 4286 2480 4339 Iau
2526 4289 2583 4338 at
2607 4284 2668 4338 in
2701 4284 3002 4339 Paraznesi.
3046 4285 3187 4337 Item
3224 4282 3321 4337 lib.
3355 4298 3469 4339 VIII.
3505 4280 3675 4339 epist.
3709 4283 3772 4333 2t
3811 4282 3881 4333 ad

2197 4287 2356 4342 urbis
2385 4280 2583 4339 laudat
2607 4284 2668 4338 in
2701 4284 3002 4339 Paraznesi.
3046 4285 3187 4337 Item
3224 4282 3321 4337 lib.
3355 4298 3469 4346 VIII,
3505 4280 3675 4351 epist.
3709 4283 3772 4333 2t
3811 4282 3881 4333 ad

2124 4354 2167 4408 D
2201 4361 2436 4414 Beatum
2473 4377 2484 4412 :
2527 4357 2610 4412 Tu
2632 4356 2873 4427 feceras
2904 4352 3476 4427 quodsapienquui
3510 4351 3641 4427 soli,
3671 4351 3880 4406 domno

2197 4431 2401 4497 Probo,
2441 4422 2823 4498 artem'(forte
2857 4422 3070 4495 arcem)
3096 4422 3494 4498 (eherttfiriler
3513 4422 3725 4498 doctos,
3758 4438 3887 4477 ver-
3975 4466 3984 4476 .

2192 4519 2292 4557 sus
2329 4494 2483 4556 meos
2526 4494 2831 4570 relegeras.
2856 4500 2923 4570 Et
2962 4494 3200 4570 poeticm
3246 4494 3775 4570 igiturbfacultatis,
3809 4498 3891 4570 et

2194 4572 2511 4628 nobilitatis
2557 4570 2615 4623 in
2645 4565 2760 4623 'hac
2803 4569 3042 4637 epistola
3082 4566 3297 4621 mentio
3330 4565 3485 4632 facit,
3532 4566 3689 4637 quod
3736 4566 3891 4619 inter

2196 4643 2517 4699 Christiana
2540 4636 2920 4695 monumenta
2942 4637 3163 4692 editum
3193 4642 3279 4691 est
3306 4636 3395 4691 his
3426 4636 3613 4692 verbis
3638 4652 3651 4690 :

2322 4747 2685 4811 Spesgeneris
2712 4745 2859 4811 clari,
2892 4758 3223 4811 maguorum
3240 4745 3408 4811 gloria
3436 4746 3665 4807 patrum,

2446 4807 2640 4859 sollers
2670 4809 2901 4871 ingenio,
2933 4807 3165 4856 carmine
3196 4807 3548 4871 doctiloquus.

2320 4872 2582 4929 Inlustris,
2613 4868 2841 4934 sapiens,
2864 4868 3079 4934 humilis
3102 4868 3424 4934 moderatus,
3453 4868 3728 4934 honestus,

2447 4931 2770 4986 Communis.
2800 4938 2996 4995 gratus,
3020 4933 3140 4996 plus
3172 4932 3406 4996 bonitate
3434 4931 3573 4996 pius.

2320 4998 2452 5047 Ante
2474 5010 2643 5045 annos
2673 4994 3231 5059 animumque—gerens
3254 4994 3423 5059 letalis
3452 4994 3625 5051 avitae,

2449 5059 2650 5107 Clarior
2670 5059 2724 5107 in
2760 5058 3232 5121 patria’nobilitate
3266 5058 3483 5121 Probus,

2323 5122 2405 5171 Nil
2435 5122 2532 5170 tibi
2566 5135 2707 5170 mors
2728 5117 2911 5170 nocuit
2938 5135 2949 5169 :
2986 5135 3105 5169 cum
3136 5121 3253 5169 hcic
3274 5119 3406 5167 vivis
3435 5117 3591 5166 laudo
3614 5117 3861 5181 perenni,

2436 5184 2714 5255 Et__C_hristi
2743 5185 2799 5232 in
2829 5198 2990 5255 regno
3020 5183 3146 5231 dum
3174 5184 3286 5255 sine
3308 5181 3407 5229 ﬁne
3438 5194 3641 5255 manes.

2328 5249 2451 5297 Haec
2476 5248 2568 5296 tibi
2612 5260 2721 5309 quae
2745 5242 2928 5309 cecini,
2961 5259 3068 5294 non
3096 5249 3220 5309 sunt
3241 5243 3507 5309 praeconia
3527 5242 3682 5291 falsa:

2452 5311 2550 5359 Pro
2578 5306 2779 5358 meritis
2810 5308 2945 5357 fama
2972 5311 3051 5356 est
3078 5306 3225 5356 testis
3252 5306 3450 5369 ubique
3483 5309 3593 5354 tua.

2276 5411 2297 5445 ²
2331 5410 2379 5465 Α
2412 5407 2762 5481 profectione
2786 5406 2932 5481 mea]
2972 5408 3115 5481 _D_I_1m
3150 5404 3391 5481 ab__urbe
3421 5402 3900 5481 redirettEpita:

2205 5475 2701 5550 phium'Cynegize
2748 5478 2900 5532 aliud
2934 5477 3181 5550 vidimus
3211 5476 3309 5550 lib.
3344 5492 3404 5542 v,
3439 5476 3605 5550 epist.
3658 5479 3711 5550 7_.
3747 5475 3899 5550 Illud

2209 5544 2504 5622 Euprepiaé
2527 5544 2736 5622 sororis
2765 5552 2968 5622 rogatu
2991 5548 3215 5619 scripsit
3248 5564 3260 5602 :
3294 5549 3405 5622 hoc
3433 5544 3749 5622 a'Gynegia
3776 5545 3909 5622 ipsa

2208 5618 2485 5677 nocturno
2516 5621 2637 5675 viso
2669 5618 2995 5674 admonitus
3034 5618 3378 5690 composuit,
3418 5623 3476 5674 et
3508 5620 3752 5674 Romam
3793 5618 3906 5671 mi-

2210 5695 2301 5765 sit,
2327 5698 2393 5750 ut
2424 5692 2631 5766 parieti
2665 5692 2733 5749 ad
2762 5692 3052 5749 tumulum
3082 5692 3377 5763 inligatur.
