4102 6182
212 316 301 371 129
1536 314 2028 373 EPISTOLARUM
2068 314 2193 370 LIB.
2235 314 2350 369 VII.

207 448 405 501 Domno
431 460 599 516 papae
638 444 873 516 dignare
903 445 1087 499 dicere
1132 448 1194 500 ut
1239 446 1457 517 aliquid
1492 448 1507 481 ¹
1542 465 1646 519 per
1688 464 1887 503 secun-
1924 451 1966 504 A

209 538 286 592 dia
323 538 641 591 lloscorum
689 536 758 589 de
811 551 940 591 mea
988 552 1157 591 causa
1202 537 1449 593 ordinet.
1499 538 1789 602 Quantum
1822 538 1884 591 in

208 625 552 681 festinatione
597 625 882 679 veredarii
935 626 1115 697 potui,
1167 626 1365 697 scripsi
1413 643 1425 681 :
1483 627 1779 682 dominum
1829 632 1885 682 et

207 715 416 770 fratrem
465 713 826 767 Hormisdam
874 714 1010 767 satis
1054 730 1159 784 pro
1198 730 1291 769 me
1334 716 1534 785 saluta,
1589 716 1676 771 cui
1714 716 1884 771 dicite

210 806 260 858 ut
282 802 493 857 clavem
518 802 677 857 illam
706 802 917 858 mittat.

776 910 1109 965 EPISTOLA
1146 910 1311 966 XXIX.

738 1014 1063 1055 RNNODIUS
1108 1015 1333 1055 BEATO.

267 1108 380 1163 Non
430 1122 540 1178 ego
585 1107 890 1178 epistolam
933 1123 1121 1161 meum
1165 1107 1318 1161 intra
1354 1106 1553 1161 breves
1583 1104 1885 1177 terminos,

212 1198 483 1269 Spartana?
525 1212 748 1251 memor
797 1196 1275 1263 concinnationis,
1326 1196 1594 1263 include;
1635 1212 1739 1250 nec
1769 1194 1885 1249 for-

211 1303 339 1342 mam
370 1290 535 1341 tuam
566 1286 756 1341 studio
802 1287 983 1341 coacti
1026 1286 1306 1341 sermonis
1352 1285 1561 1341 irrideo
1596 1303 1608 1340 :
1653 1285 1813 1340 abest
1855 1302 1887 1339 a

209 1392 284 1432 me
306 1376 463 1447 loqui
495 1391 677 1447 pauca
712 1391 841 1431 cum
878 1376 1132 1431 modicis.
1161 1376 1524 1431 Urbanorum
1555 1378 1639 1430 est
1669 1374 1886 1446 exiguis

208 1466 465 1539 producta
498 1466 853 1534 subtrahere,
885 1470 941 1521 et
984 1466 1105 1521 sine
1137 1466 1333 1537 aliqua
1366 1465 1700 1521 necessitate
1729 1465 1887 1537 pagi-

208 1573 309 1623 nas,
338 1556 540 1628 quales
570 1557 751 1627 poscit
776 1555 1079 1611 hominum
1109 1572 1396 1625 mensura,
1428 1556 1694 1611 formare.
1723 1556 1884 1620 Quod

206 1647 257 1700 in
290 1662 373 1701 me
402 1646 476 1701 de
523 1647 613 1701 his
659 1662 788 1718 quae
831 1646 1105 1718 praefatus
1148 1662 1274 1700 sum
1321 1646 1529 1700 subtile
1575 1645 1885 1716 putaveris,

208 1735 477 1791 festinatio
510 1752 626 1791 non
658 1752 886 1808 semper
914 1736 1098 1791 amica
1142 1736 1282 1791 artis
1328 1740 1386 1791 et
1414 1752 1576 1790 casus
1606 1734 1882 1790 exhibuit.

209 1826 451 1896 Magnum
475 1827 621 1881 mihi
645 1830 748 1895 est,
783 1826 831 1880 si
862 1827 1146 1882 dederunt
1173 1825 1411 1881 fortuita
1444 1826 1600 1897 quod
1640 1824 1883 1878 mireris.

211 1917 331 1988 Ergo
357 1932 593 1971 causam
639 1917 962 1989 scriptionis
1013 1917 1261 1984 insinuo,
1298 1932 1471 1988 quam
1516 1915 1622 1970 tibi
1651 1916 1888 1986 praelata

209 2005 532 2060 salutatione
586 2006 946 2061 commendo.
992 2006 1253 2076 Digresso
1298 2003 1439 2058 mihi
1486 2003 1627 2059 urbe
1686 2002 1887 2073 procul

208 2092 411 2149 domum
452 2111 601 2151 mea:
632 2096 898 2167 Cynegiaa
937 2095 1185 2149 occurrit
1214 2092 1555 2161 admonitio,
1591 2108 1768 2164 quare
1798 2107 1887 2147 se-

209 2185 450 2254 pulcrum
477 2186 603 2256 ejus
636 2202 750 2240 non
777 2186 1148 2240 honorassem
1184 2184 1351 2239 laude
1383 2182 1537 2238 ducti
1569 2183 1628 2235 in
1657 2196 1889 2236 carmen

210 2274 423 2345 eloquii.
451 2275 645 2341 Quod,
666 2276 925 2347 quamvis
947 2272 1267 2329 reverentia
1290 2272 1394 2327 viri
1419 2270 1597 2342 ipsius
1614 2271 1883 2337 facerem,

210 2365 446 2431 tractavi,
470 2366 612 2436 quia
634 2366 790 2437 quod
821 2365 1005 2420 radiat
1030 2365 1155 2420 luce
1183 2363 1541 2431 meritorum,
1564 2360 1694 2433 styli
1723 2360 1890 2415 uber-

209 2456 303 2506 tate
330 2454 741 2509 celebrandum
775 2458 880 2510 est.
916 2455 1054 2510 Nam
1077 2468 1182 2509 nec
1214 2453 1362 2507 Deus
1389 2450 1643 2506 ofﬁcium
1670 2449 1890 2521 respuit

207 2543 457 2613 imperiti,
494 2547 552 2598 et
573 2547 875 2599 contentus
908 2544 1027 2615 ipse
1055 2542 1208 2614 quod
1238 2541 1458 2607 tribuit,
1494 2558 1527 2595 a
1556 2539 1888 2595 rusticanti-

206 2630 296 2686 bus
323 2634 631 2688 verborum
660 2635 985 2689 diademata
1014 2650 1131 2688 non
1170 2631 1431 2703 requirit.
1465 2632 1559 2686 His
1590 2646 1724 2701 ergo
1754 2646 1885 2684 ver-

206 2720 344 2776 sibus
372 2721 744 2778 scribendum
773 2722 1131 2794 epitaphium
1162 2720 1462 2776 destinavi.
1494 2720 1573 2774 De
1602 2734 1714 2790 quo
1746 2718 1885 2789 quid

208 2812 490 2880 sentiatur,
532 2812 612 2866 sic
641 2817 805 2883 pater
842 2816 974 2867 tuus
1002 2813 1173 2879 vivat,
1203 2815 1259 2865 et
1288 2811 1468 2865 Roma
1498 2812 1573 2876 te,
1606 2812 1886 2880 quantum

209 2900 268 2954 ad
294 2901 385 2955 illa
407 2918 544 2972 quas
570 2902 632 2956 in
660 2901 780 2973 ipsa
803 2901 1326 2973 reprehenduntur,
1349 2914 1466 2954 non
1499 2914 1667 2953 suum
1696 2896 1883 2963 faciat,

204 2993 259 3043 ut
278 2991 612 3062 simpliciter
641 2994 697 3045 et
735 3006 877 3061 pure
913 2990 1158 3057 indices;
1188 3005 1293 3044 nec
1323 2988 1558 3043 auribus
1608 2986 1750 3040 meis
1788 2989 1888 3039 aut

208 3082 378 3134 sensui
398 3082 535 3135 fuco
560 3080 817 3135 mentita:
840 3080 1039 3152 gratiae
1061 3078 1391 3135 blandiaris.
1421 3078 1545 3131 Non
1568 3075 1886 3143 erubescas,
1927 3076 1966 3131 C

208 3173 256 3222 et
281 3170 445 3225 etiam
494 3171 803 3243 aliquibus,
835 3171 1127 3242 prmcipue
1158 3175 1351 3224 tamen
1383 3166 1653 3233 dominae,
1686 3169 1743 3220 et
1768 3180 1888 3219 me-

204 3259 301 3314 rito
326 3261 579 3315 dominas
598 3262 855 3315 Barbara:
885 3260 1160 3332 paginam
1182 3272 1369 3313 meam
1392 3270 1720 3323 recensere;
1752 3253 1889 3325 quia

207 3350 377 3403 tecum
427 3350 673 3405 locatur.
727 3350 871 3420 Opto
903 3355 1097 3405 tamen
1145 3352 1210 3403 ut
1258 3352 1485 3402 tantum
1526 3346 1736 3400 tabella
1766 3359 1893 3397 mea

208 3444 471 3509 quantum
502 3457 636 3511 spes
666 3445 763 3495 tua
800 3438 1001 3511 sapiat,
1037 3455 1167 3510 qua:
1197 3438 1258 3493 in
1288 3453 1430 3492 cano
1476 3436 1636 3502 ﬂore,
1674 3436 1732 3489 et
1763 3448 1892 3488 mea

208 3533 257 3582 et
282 3535 590 3599 parentum
637 3546 893 3597 suorum,
929 3529 1189 3601 quamvis
1233 3528 1347 3582 sint
1394 3542 1582 3591 avara,
1614 3538 1633 3559 δ
1665 3529 1721 3579 et
1765 3527 1894 3578 vota

208 3620 639 3692 transgreditur.
668 3620 975 3675 Dominum
1007 3619 1322 3689 Cethegum
1352 3622 1411 3671 et
1441 3616 1734 3671 dominam
1762 3613 1891 3668 Ble-

207 3709 372 3764 sillam
405 3727 671 3765 sororem
704 3712 848 3781 ejus,
882 3726 987 3781 pro
1016 3725 1108 3763 me
1148 3708 1352 3762 saluta.
1389 3709 1411 3742 ²
1442 3705 1716 3770 Fidelem,
1750 3703 1891 3757 Mar-

205 3800 420 3870 cellum,
457 3800 793 3871 Georgium,
827 3799 1126 3867 Solatium,
1170 3795 1606 3868 Simplicianum
1648 3809 1754 3864 pro
1801 3808 1892 3846 me

206 3890 368 3943 saluta
400 3908 414 3945 :
446 3891 664 3962 quibus
692 3890 813 3945 dic:
840 3890 897 3945 Si
924 3889 1078 3943 vobis
1099 3886 1258 3942 cordi
1280 3889 1365 3940 est
1395 3882 1698 3953 disciplina
1725 3882 1893 3937 dom-

206 3993 283 4032 nae
321 3980 615 4047 Barbarae,
664 3978 980 4045 dominum,
1011 3978 1100 4032 vel
1136 3980 1349 4047 patres,
1383 3978 1480 4028 aut
1509 3972 1709 4027 fratres
1747 3970 1890 4041 ejus,

204 4067 586 4139 frequentate;
648 4066 782 4139 quia
835 4071 922 4121 est
987 4070 1139 4121 casta
1186 4066 1435 4135 luxuque
1490 4077 1734 4117 carens:
1796 4059 1895 4132 qui

205 4157 345 4213 aliud
375 4158 603 4225 fecerit,
632 4158 702 4212 ad
732 4173 823 4212 me
853 4172 971 4211 non
1000 4158 1193 4227 sperat
1221 4170 1280 4209 se
1313 4169 1433 4209 esse
1462 4151 1801 4207 rediturum.

666 4297 1072 4340 EPITAPHIUM
1116 4292 1432 4337 CYNEGIE.

375 4389 599 4439 Obtinui
629 4390 853 4452 pretium
891 4392 1135 4438 votorum
1164 4399 1385 4452 munere
1411 4382 1601 4452 Christi
1631 4395 1643 4430 :

443 4453 579 4510 Quae
610 4444 737 4500 mihi
768 4453 875 4501 vita
902 4452 1002 4499 fuit
1030 4465 1172 4507 crux,
1201 4449 1344 4498 dedit
1372 4448 1508 4495 hanc
1541 4444 1777 4510 tumulis.

376 4508 691 4563 Dissolvens
721 4515 867 4563 carni
897 4514 1133 4563 sobolem
1158 4514 1271 4561 sine
1303 4511 1524 4559 vulnere
1554 4508 1767 4567 mentis,

442 4577 601 4636 Quod
632 4578 823 4627 Fausto
854 4577 977 4625 felix
1004 4576 1230 4640 conjuge
1260 4572 1570 4637 prmmorior
1602 4584 1613 4619 :

444 4676 667 4739 Disjecit
694 4676 953 4739 lacrymas
982 4674 1187 4725 medela
1219 4676 1410 4725 cordis.

445 4738 581 4796 Qua:
617 4744 791 4787 servat
808 4738 1017 4788 meritis
1046 4743 1220 4787 torum
1252 4738 1477 4788 ﬁdelem.

442 4802 671 4864 Emptet
699 4801 925 4851 similem
956 4806 1198 4851 matrona
1222 4806 1435 4851 sortem.

270 4950 281 4982 ‘
325 4952 433 5006 Per
476 4951 752 5007 secundia
801 4952 1147 5022 Hoscorum]
1179 4950 1320 5016 Quia
1362 4952 1630 5006 deserunt
1680 4966 1779 5005 nos
1807 4949 1899 5005 hic

204 5022 439 5090 codices,
473 5028 540 5077 ut
569 5024 705 5091 dixi,
741 5028 796 5078 et
827 5026 1156 5095 conjectura
1187 5023 1465 5078 utendum
1494 5028 1595 5088 est,
1627 5038 1741 5076 non
1769 5023 1901 5077 alie-

202 5107 287 5155 na,
318 5100 380 5148 ut
416 5095 650 5165 opinor,
691 5096 864 5150 fuerit
894 5096 1221 5150 emendatio
1263 5104 1308 5150 sl
1336 5111 1439 5165 per
1464 5098 1732 5150 sanctum
1762 5097 1900 5149 Dio-

201 5179 420 5237 arorum
466 5168 747 5236 legamus.
801 5168 1104 5223 Dioscorus
1138 5167 1293 5222 enim
1341 5168 1386 5219 is
1417 5172 1500 5221 est
1538 5166 1607 5220 ad
1640 5183 1811 5237 quem
1843 5171 1901 5220 et

205 5235 571 5311 Hormisdam
600 5238 670 5311 de
694 5239 823 5311 hoc
870 5240 995 5311 ipso
1026 5239 1259 5309 negotio
1302 5255 1404 5293 suo
1434 5254 1564 5293 cum
1598 5235 1745 5309 papa
1785 5244 1898 5292 tra-

204 5310 405 5381 ctando
435 5309 665 5379 scripsit
689 5310 787 5364 lib.
830 5309 920 5376 vi,
954 5311 1118 5381 epist.
1154 5314 1243 5366 33.

267 5380 290 5413 ³
327 5381 615 5451 Fidelem]
650 5380 1145 5437 Mediolanensem.
1185 5380 1323 5436 Huic
1351 5381 1504 5436 inter
1533 5384 1769 5435 caeteros
1799 5394 1895 5435 se-

203 5456 433 5525 natores
474 5453 669 5525 scribit
694 5454 938 5509 Joannes
980 5470 1146 5525 papa,
1182 5457 1244 5507 ut
1285 5453 1784 5525 observatumiest
1830 5451 1903 5525 ad

205 5523 366 5602 epist:
404 5529 462 5590 '7,
494 5524 619 5602 lib._
644 5524 830 5602 LASed
864 5522 1266 5602 illo'te—mpore
1305 5528 1553 5602 quaestor
1591 5522 1901 5602 Athalarici

198 5595 312 5667 iam
339 5595 553 5650 fuerat.
585 5598 789 5651 Postea
816 5612 950 5651 vero
981 5595 1517 5667 prcefecturaietiam
1548 5595 1902 5667 prmtoriana

205 5664 438 5721 functus
470 5672 572 5733 est,
604 5672 669 5722 ut
696 5672 937 5722 testatur
959 5664 1269 5738 Procopius
1298 5668 1396 5722 lib.
1424 5683 1440 5721 ι
1478 5664 1617 5721 Belli
1647 5665 1900 5721 Gothici:

207 5749 237 5789 a
264 5752 381 5809 quo
412 5742 695 5809 prazterea
720 5737 1200 5797 Mediolanensem
1232 5738 1420 5811 patria
1453 5738 1704 5795 Fidelem
1726 5737 1901 5793 fuisse

3589 319 3687 372 130

2576 444 2911 501 EPISTOLA
2946 446 3112 503 XXX.

2520 551 2844 591 ENNODIUS
2893 552 3158 593 FAUSTO.

2063 622 2252 677 Solida
2285 621 2387 676 'est
2430 637 2557 692 spes
2606 622 3072 689 adolescentium,
3119 637 3294 694 quam
3342 638 3684 694 magnorum

1992 712 2219 766 cultura
2257 710 2631 783 prosequitur
2659 725 2672 767 :
2697 711 2741 765 si
2774 714 2954 766 cessat
2983 712 3222 779 curatio,
3251 714 3482 767 ubertas
3512 711 3684 766 tritici

1990 802 2198 857 transit
2221 802 2281 856 in
2325 801 2547 856 lolium.
2590 801 2983 869 Parthenium,
3033 801 3240 855 sororis
3287 817 3427 855 mea:
3475 800 3682 866 ﬁlium,

1991 891 2091 946 diu
2151 891 2297 947 circa
2347 890 2701 961 diligentiam
2767 890 3110 957 litterarum,
3161 894 3442 961 quantum
3510 888 3685 960 patris

1992 981 2171 1051 ipsius
2214 981 2490 1035 reseravit
2536 979 2822 1051 allegatio,
2856 979 3121 1034 culminis
3160 980 3335 1033 vestri
3382 981 3566 1033 metus
3610 982 3689 1033 at-

1991 1073 2259 1125 traxerat.
2293 1070 2401 1125 Sed
2443 1086 2596 1125 nunc
2629 1085 2733 1140 per
2780 1069 3093 1125 absentiam
3133 1073 3381 1123 vestram
3411 1083 3686 1123 veneran-

1992 1160 2079 1215 dae
2122 1160 2343 1215 solutus
2373 1160 2499 1230 lege
2544 1158 2891 1225 formidinis,
2923 1159 3163 1213 molitur
3213 1160 3504 1213 obscena:
3552 1162 3685 1211 aetas

1992 1248 2092 1303 illa
2125 1249 2373 1319 peccatis
2405 1248 2644 1303 amicior
2674 1248 2886 1301 multos
2931 1246 3143 1317 reperit
3174 1247 3244 1300 ad
3275 1250 3461 1300 errata
3487 1245 3684 1300 ducto-

1994 1355 2102 1393 res.
2154 1339 2432 1409 Implorat
2484 1336 2659 1392 fidem
2703 1335 2980 1408 propositi
3023 1336 3137 1390 mei
3168 1339 3348 1406 pater,
3380 1340 3435 1390 et
3470 1334 3689 1390 incolu-

1994 1443 2150 1483 mem
2181 1428 2367 1482 ﬁlium
2400 1428 2519 1482 loco
2558 1426 2729 1481 deﬁet
2769 1425 3049 1481 exstincti.
3089 1426 3179 1480 Sic
3217 1425 3451 1493 faciunt,
3480 1425 3688 1497 quibus

1994 1519 2064 1573 de
2095 1518 2353 1588 profectu
2388 1532 2625 1571 suorum
2665 1514 2872 1569 ﬁducia
2917 1515 3078 1569 nulla
3108 1514 3489 1585 responderit.
3539 1514 3685 1567 Nihil

1995 1608 2138 1663 mihi
2161 1607 2452 1661 residuum
2472 1606 2600 1672 fuit,
2633 1604 2786 1675 quod
2813 1603 3052 1657 remedii
3075 1603 3196 1657 loco
3215 1604 3479 1674 precibus
3510 1603 3689 1657 victus

1996 1697 2356 1769 ingererem;
2408 1695 2519 1749 nisi
2564 1698 2628 1748 ut
2667 1692 2997 1747 eminentia:
3034 1697 3235 1747 vestrae
3283 1691 3688 1746 conscientiam

1927 1764 1965 1816 Β
1998 1787 2067 1841 de
2098 1786 2417 1842 excessibus
2453 1788 2583 1839 ante
2621 1783 2755 1837 dicti
2796 1782 3025 1853 juvenis
3055 1782 3293 1836 festinus
3324 1782 3687 1836 instruerem.

1996 1878 2106 1931 Vos
2158 1876 2435 1930 medicam
2483 1889 2745 1940 manum,
2782 1889 2879 1926 vos
2923 1886 3093 1943 opem
3142 1874 3411 1943 przestate
3451 1887 3687 1925 consue-

1995 1969 2134 2034 tam,
2179 1981 2250 2019 ne
2282 1965 2552 2018 vitiorum
2597 1963 2886 2033 profectus
2916 1961 3184 2016 universa
3216 1960 3276 2015 in
3303 1977 3368 2015 eo
3402 1976 3531 2032 quas
3553 1960 3688 2015 boni

1998 2054 2212 2126 aliquid
2246 2056 2556 2125 potuerunt
2593 2052 2742 2106 ferre
2791 2051 3061 2106 succidat.
3098 2051 3505 2106 Commendate
3547 2050 3689 2105 ami-

1996 2143 2075 2199 cis
2102 2160 2229 2215 qua:
2253 2147 2520 2215 agantur;
2546 2141 2834 2196 insinuate
2858 2140 3099 2210 doctori,
3123 2144 3177 2195 et
3201 2139 3482 2213 quidquid
3504 2144 3689 2211 potest

1997 2233 2316 2300 subvenire,
2363 2231 2654 2287 concedite
2698 2246 2710 2284 :
2743 2230 2878 2301 quia
2920 2229 3041 2284 haec
3080 2235 3216 2285 sunt
3254 2245 3405 2301 quas,
3438 2228 3688 2301 praefatis

1996 2323 2353 2379 salutationis
2398 2321 2704 2392 obsequiis,
2739 2320 3165 2392 consanguineo
3196 2320 3431 2391 possim,
3472 2318 3687 2391 profess

1998 2414 2172 2470 sionis
2202 2429 2343 2468 mem
2377 2428 2619 2479 memor,
2656 2410 2777 2465 sine
2799 2410 3251 2465 dissimulatione
3284 2414 3575 2482 prmstare.

2566 2537 2901 2593 EPISTOLA
2948 2536 3121 2592 XXXI.

2461 2660 2786 2701 ENNODIUS
2832 2659 3228 2701 PARTHENIO.

2067 2756 2177 2809 Par
2220 2753 2453 2825 quidem
2492 2753 2680 2807 fuerat
2732 2752 2963 2807 silentio
3012 2750 3283 2822 degeneri
3326 2750 3507 2804 vicem
3552 2750 3688 2804 taci-

1996 2844 2292 2899 turnitatis
2332 2842 2565 2914 opponi,
2599 2846 2661 2896 ut
2690 2858 2795 2912 per
2834 2842 3025 2912 ipsum
3066 2841 3269 2895 callem
3318 2839 3563 2907 vindicta
3592 2855 3694 2911 per

1997 2950 2171 3006 quem
2199 2938 2433 2987 venerat
2478 2948 2640 2986 error
2670 2932 2868 2985 exiret.
2906 2930 3177 3000 Nunquid
3228 2945 3459 2999 aequum
3498 2932 3582 2983 est
3630 2934 3693 2981 ul.

1996 3020 2057 3075 in
2081 3019 2398 3074 excessibus
2420 3017 2533 3072 tuis
2563 3033 2688 3084 vox,
2725 3015 2861 3087 quid
2893 3014 3225 3085 deliqueris,
3261 3020 3317 3068 et
3346 3029 3465 3067 non
3495 3016 3687 3066 mutus

1998 3111 2160 3167 dolor
2179 3106 2479 3163 ostendat?
2511 3106 2686 3161 Crede
2717 3105 2882 3173 mihi,
2910 3104 3287 3159 manifestatae
3310 3102 3689 3174 indignationi

1996 3200 2183 3256 vicina
2222 3197 2441 3253 curatio
2486 3200 2589 3251 est.
2625 3196 2700 3251 Te
2740 3210 2843 3266 per
2872 3194 3112 3266 longum
3160 3192 3332 3248 ferire
3377 3192 3576 3247 debuit
3604 3192 3691 3246 in-

2000 3292 2155 3346 clusa
2184 3286 2509 3355 commotio,
2543 3286 2587 3339 si
2619 3289 2813 3341 tamen
2844 3301 2957 3340 non
2990 3300 3057 3338 ex
3087 3288 3203 3337 toto
3235 3282 3305 3337 ab
3334 3281 3694 3337 humanitate

1999 3379 2321 3437 discessisti.
2357 3378 2503 3443 Quid
2537 3377 2913 3448 deliqueram,
2946 3376 3251 3445 postquam
3283 3378 3304 3409 ³
3344 3372 3695 3444 primoribus

2000 3470 2206 3525 litteris
2233 3466 2461 3523 veniam
2492 3465 2766 3521 fabricata
2796 3463 3122 3519 humilitate
3152 3461 3554 3533 poposceras,?
3579 3462 3697 3517 limo

2001 3563 2087 3615 est
2116 3556 2484 3614 correctionis
2527 3556 2640 3610 ﬁda
2669 3553 2999 3626 promissio,
3030 3556 3095 3608 ut
3124 3557 3433 3624 postquam
3473 3552 3698 3607 deleni-

2000 3650 2108 3704 ﬁca
2156 3647 2415 3701 oratione
2460 3648 2795 3715 conceptam
2846 3643 2989 3697 iram
3039 3641 3362 3709 extorseris,
3397 3641 3699 3696 erubescas

2000 3742 2055 3794 te
2088 3738 2312 3792 minora
2359 3734 2666 3806 peccasse?
2698 3733 2987 3798 Quantum
3029 3732 3218 3798 video,
3251 3736 3377 3802 post
3415 3734 3698 3785 contesta-

2001 3832 2117 3883 tam
2144 3826 2571 3892 verecundiam,
2604 3823 2749 3877 solas
2783 3838 3042 3877 errorum
3074 3820 3219 3875 vitas
3252 3821 3561 3892 angustias,
3597 3837 3696 3875 nc-

2002 3918 2086 3972 fas
2120 3915 2369 3970 asstimas
2400 3914 2547 3968 circa
2578 3915 2875 3984 parentem
2907 3916 2964 3965 et
3003 3910 3349 3964 nutritorem
3386 3914 3549 3964 tuum
3582 3926 3698 3964 non

2000 4006 2063 4061 in
2103 4008 2326 4060 tantum
2375 4002 2571 4057 extolli
2620 4000 2990 4073 supercilium
3050 4003 3263 4071 quanta
3301 3998 3548 4053 debuisti
3592 4015 3698 4069 pro

2002 4100 2084 4151 tot
2122 4092 2416 4149 beneﬁciis
2449 4090 2850 4146 communione
2884 4089 3160 4144 submitti.
3194 4092 3308 4144 Aut
3350 4089 3494 4143 forte
3531 4093 3700 4159 putas

2003 4184 2159 4257 quod
2206 4198 2298 4236 me
2330 4180 2571 4253 puerilis
2618 4179 2704 4233 ira
2751 4179 3037 4244 sollicitet,
3090 4181 3184 4231 aut
3232 4177 3352 4231 ulla
3396 4175 3699 4231 necessitas

2004 4278 2296 4328 maturum
2338 4282 2666 4341 expugnare
2694 4267 2874 4338 possit
2911 4266 3215 4321 aﬁ‘ectum?
3246 4264 3511 4335 nunquid
3544 4264 3700 4334 geni—

2004 4364 2117 4418 tori
2146 4366 2413 4417 natorum
2442 4374 2563 4413 non
2605 4362 2765 4428 grata
2797 4360 2930 4411 sunt
2972 4355 3242 4410 verbera?
3274 4358 3373 4408 aut
3419 4356 3700 4407 creatorcs

2004 4452 2355 4524 reptantium
2405 4448 2773 4521 parvulorum
2822 4462 2939 4499 non
2981 4448 3036 4499 et
3070 4445 3395 4498 mulcentur
3433 4441 3700 4513 injuriis?

2006 4543 2157 4598 Nihil
2189 4555 2449 4595 amarum
2497 4540 2720 4610 putant,
2767 4535 2974 4607 quibus
3023 4533 3171 4587 inter
3219 4531 3501 4587 desideria
3548 4531 3701 4602 quod

2004 4632 2152 4687 votis
2184 4647 2289 4702 pro
2322 4632 2482 4701 parte
2512 4628 2845 4682 adversetur
2879 4622 3161 4678 efferbuit.
3197 4621 3524 4689 Invenimus
3553 4621 3703 4676 inter

2006 4723 2258 4778 triticeas
2289 4721 2507 4790 segetes
2532 4717 2725 4789 spinas
2760 4718 2813 4769 et
2838 4714 3067 4780 lolium;
3103 4716 3159 4767 et
3199 4712 3337 4766 dum
3366 4711 3699 4783 frugiferam

2006 4810 2244 4867 herbam
2292 4807 2601 4879 carpimus,
2635 4804 2942 4860 infecunda
2988 4806 3396 4874 suggeruntur.
3432 4803 3700 4875 Nunquid

2006 4972 2330 5037 didicimus,
2359 4971 2731 5040 legatumque
2764 4983 2795 5019 a
2827 4963 3372 5040 Romanismissum
3401 4967 3464 5040 ut
3495 4963 3703 5040 Belisa-

2008 5045 2160 5099 rium
2192 5044 2253 5097 in
2299 5036 2507 5096 Urbem
2550 5036 2829 5095 evocaret.
2869 5039 3076 5091 Verum
3116 5037 3239 5091 haec
3279 5036 3473 5090 omnia
3518 5037 3698 5089 multo

2006 5122 2137 5188 post
2165 5113 2486 5188 Ennodium
2522 5127 2535 5166 :
2579 5126 2731 5188 nunc
2764 5108 3161 5188 juvean‘iserat.
3207 5107 3469 5188 Procopii
3506 5113 3697 5188 autinim

2009 5176 2079 5242 de
2106 5188 2203 5240 illo
2234 5185 2407 5238 verba
2443 5183 2565 5237 haec
2604 5185 2737 5236 sunt
2766 5176 2782 5235 Ξ
2815 5177 3047 5231 Φιὸέλιόν
3085 5198 3139 5231 τε
3182 5176 3494 5250 «spuma,
3537 5176 3702 5250 ἄνδρα

2008 5254 2063 5312 εκ
2111 5255 2443 5327 Μεὸιολάνῳν
2489 5256 2799 5328 ὁρμώμενον,
2838 5250 2867 5308 ἢ
2914 5250 2962 5303 ἐν
3003 5248 3279 5323 Λιγούροίς
3320 5256 3483 5300 κεῖται
3512 5249 3592 5328 $6;
3640 5248 3698 5300 δέ

2012 5330 2347 5403 Ἀτα).αρίχῳ
2386 5318 2684 5399 τὲαρῆὃρεὺε
2732 5328 2997 5397 πρότερον,
3137 5318 3455 5403 noverim-apo:
3500 5318 3558 5372 δέ
3610 5322 3701 5378 τὴν

2008 5401 2179 5475 ἀρχὴν
2205 5392 2403 5457 'm'Jém
2436 5392 2655 5449 audebas
2681 5392 3067 5475 Paeonian—ﬁ),
3088 5392 3397 5467 Βελισάριολί
3426 5396 3475 5453 ἐς
3504 5397 3703 5464 Ῥώμην

2017 5473 2090 5487 ῒ”1

2010 5462 2245 5541 ἐέἆῖουν,
2282 5470 2525 5541 ἀπαχητὶ
2556 5471 2645 5526 τὴν
2674 5462 2820 5519 milia
2851 5462 3183 5539 παραδώσειν
3215 5462 3592 5537 ὑτέοσχὸμενοι.

2080 5577 2101 5608 ³
2143 5569 2496 5625 Primoribus
2525 5566 2735 5622 litteris
2757 5565 2995 5631 veniam]
3020 5563 3101 5617 Ad
3126 5578 3266 5634 quas
3286 5563 3577 5635 rescripsit
3604 5564 3703 5617 En-

2010 5644 2214 5700 nodius
2245 5643 2407 5712 epist.
2448 5645 2466 5694 1
2507 5641 2603 5695 lib.
2646 5656 2720 5692 v1.

2083 5735 2100 5756 "
2140 5735 2210 5789 El
2228 5732 2379 5803 vota]
2406 5730 2745 5802 Conjunctio
2774 5726 2866 5783 hic
2894 5724 3215 5782 redundare
3244 5724 3485 5781 videtur.
