4102 6182
406 295 494 348 131
1595 285 1903 343 ENNODII
1945 285 2263 343 EPISCOPI
2303 285 2696 342 TICINENSIS

3795 288 3900 340 132

399 425 529 478 ideo
563 423 799 477 culturae
825 422 1144 493 respuenda
1166 419 1462 490 diligen-tia
1489 423 1590 483 est,
1625 423 1724 472 aut
1753 419 2093 472 cessandum
2132 429 2179 480 Α
2209 419 2516 490 aliquando
2546 417 2861 484 hominem,
2887 417 2986 488 qui
3007 433 3040 471 a
3059 415 3270 472 laboris
3290 416 3610 472 intentione
3631 417 3850 472 destitit
3879 437 3892 473 :

401 519 486 568 est
515 532 545 567 a
573 513 922 580 vomeribus,
947 513 994 564 si
1033 528 1149 565 non
1180 511 1237 562 iu
1271 515 1389 562 toto
1422 508 1758 562 satisfecerit
1792 515 1942 562 terra
1973 510 2092 562 cul-

401 602 548 656 tori‘.’
581 604 760 655 Deum
793 617 1014 672 precor,
1051 605 1114 653 ut
1144 617 1176 652 a
1205 605 1259 652 te
1291 597 1442 668 quod
1488 598 1739 650 detestor
1781 598 2044 651 excludat
2075 615 2088 651 :

403 708 508 758 ego
550 696 743 745 tamen
791 706 1106 760 nunquam,
1156 689 1203 740 si
1243 687 1448 753 credis,
1492 688 1748 740 deseram
1791 687 2091 740 monitoris

403 782 674 834 cilicium.
715 780 921 833 Audivi
953 785 1024 835 te.
1061 777 1238 847 patris
1271 777 1353 829 tui
1396 775 1693 842 relatione,
1727 777 1873 829 circa
1905 777 2092 830 studia

395 872 514 941 jam
548 869 869 934 remissum,
920 872 977 920 et
1011 867 1172 936 quasi
1220 882 1408 919 arcem
1441 865 1689 918 scientiae
1722 866 1961 934 adeptus
1992 865 2087 929 sis,

399 961 480 1013 ita
521 960 845 1012 nullatenus
885 972 1006 1010 esse
1036 957 1103 1009 de
1148 955 1408 1008 lectionis
1454 955 1827 1008 instructions
1873 953 2086 1007 sollici-

401 1052 543 1100 tum.
579 1045 754 1110 Nosti,
801 1044 902 1106 fili,
946 1045 1111 1097 istius
1141 1045 1224 1097 rei
1272 1060 1581 1112 summam,
1613 1043 1728 1096 nisi
1760 1043 2088 1097 assiduitate

398 1135 577 1188 nimia
601 1150 718 1186 non
743 1134 946 1187 teneri.
975 1135 1098 1187 Non
1129 1133 1343 1202 profuit
1372 1134 1430 1185 in
1464 1133 1572 1186 hoc
1603 1149 1772 1202 opere
1803 1133 2089 1186 laborasse

2201 510 2530 580 pernicibus
2561 509 2666 561 alis
2697 507 3054 577 negligentes
3084 505 3235 576 fugit
3265 505 3500 560 scientia
3533 510 3589 560 et
3615 506 3895 577 quidquid

2201 614 2361 651 mora
2396 604 2450 652 et
2497 598 2702 651 sudore
2741 602 2970 667 partum
3009 601 3110 662 est,
3147 596 3252 649 sub
3291 595 3580 649 celeritate
3622 595 3895 649 transfer-

2201 692 2314 740 tur.
2345 689 2423 741 Tu
2456 687 2765 740 salutatum
2801 691 2856 739 et
2895 685 3129 754 vigilem
3178 685 3330 751 volo,
3376 689 3440 738 ut
3468 683 3758 754 profectus
3807 685 3893 738 tui

2199 792 2443 830 messem
2494 777 2847 846 quotidiana!
2895 774 3109 827 catenis
3153 774 3416 827 lectionis
3461 775 3761 842 astringas.
3807 774 3893 828 Ad

2200 882 2290 919 me
2320 867 2403 919 vel
2436 881 2605 932 nunc,
2644 866 2689 918 si
2713 865 2851 935 quid
2875 868 2929 917 te
2961 849 3156 937 deceat
3173 864 3408 933 cogitas,
3435 863 3681 917 rescribe
3711 879 3723 916 :
3759 863 3897 934 quia

2199 956 2245 1008 si
2277 955 2480 1020 credis,
2517 971 2812 1025 nunquam
2845 953 3090 1006 similem
3123 952 3438 1006 dictionum
3474 957 3703 1006 tuarum
3733 953 3892 1008 inve—

2199 1043 2323 1096 nies
2354 1043 2411 1096 in
2443 1042 2700 1114 qualibet
2730 1041 2882 1096 orbis
2921 1044 3081 1112 parte
3111 1041 3412 1095 fautorem.

1621 1291 1991 1384 LIBER
2066 1287 2654 1384 OCTAVUS.

920 1499 1254 1554 EPISTOLA
1296 1499 1527 1552 PRIMA.

896 1639 1221 1678 essemus
1274 1621 1289 1655 ¹
1337 1639 1586 1678 BOETIO.

467 1751 709 1822 Optiinze
734 1751 853 1820 spei
877 1753 1100 1821 plenus,
1127 1750 1217 1803 cui
1245 1751 1465 1803 fautum
1491 1750 1586 1820 (an
1605 1748 2084 1819 faustum)cupio,

395 1842 466 1894 ad
490 1857 682 1893 curam
706 1841 876 1893 ol‘licii
906 1841 1223 1909 epistolaris
1246 1840 1456 1910 aspiro.
1491 1841 1660 1893 Decet
1697 1839 1851 1892 enim
1890 1838 2088 1891 vestris

395 1929 641 1982 fascibus
675 1930 780 1982 hac
825 1928 1162 1998 praefatione
1201 1928 1472 1994 delibari;
1503 1933 1560 1981 et
1591 1928 1740 1981 inter
1777 1943 2086 1997 purpuras,

394 2019 735 2088 possessoris
784 2019 907 2072 luce
953 2023 1290 2083 crescentes,
1327 2017 1711 2088 qualicunque
1759 2033 1877 2070 non
1921 2016 2090 2070 absti-

394 2123 530 2160 nere
573 2106 872 2176 colloquio.
927 2107 1194 2177 Nunquid
1237 2107 1412 2160 solius
1468 2106 1739 2160 doctrinae
1795 2104 2088 2159 beneficiis

394 2211 555 2249 amor
584 2195 934 2265 agnoscitur,
982 2212 1086 2249 nec
1133 2195 1216 2248 fas
1263 2213 1384 2250 esse
1430 2195 1776 2250 credendum
1822 2199 1926 2261 est,
1959 2211 2090 2264 pro-

395 2285 516 2339 dire
535 2284 592 2337 in
618 2285 871 2338 medium
899 2271 1179 2338 desideria
1202 2284 1568 2338 rusticantis?
1591 2283 1908 2354 simplicius
1929 2283 2089 2337 inno-

393 2376 622 2425 tascunt
652 2377 780 2425 vota
810 2373 967 2426 nullo
997 2373 1215 2443 peritiae
1248 2374 1431 2426 velata
1461 2373 1774 2443 praestigio.
1806 2374 1952 2443 Ergo
1984 2389 2087 2426 nos

392 2460 498 2514 hoc
543 2477 741 2514 sumus
785 2478 904 2527 ore,
959 2462 1113 2533 quod
1144 2468 1409 2532 pectore:
1443 2479 1561 2516 non
1603 2479 1795 2516 amara
1838 2479 2086 2532 praecor-

393 2549 623 2603 diorum
651 2550 963 2603 delenilicis
988 2567 1293 2621 possumus
1318 2555 1539 2604 mutare
1566 2551 1928 2604 sermonibus
1951 2568 1963 2617 ;
1986 2567 2088 2621 pu-

393 2638 531 2692 dens
573 2639 832 2692 laudator
862 2644 964 2703 est,
1011 2640 1102 2692 cui
1154 2640 1212 2692 in
1244 2639 1681 2693 concinnatione
1713 2638 2087 2692 blandimenti

394 2726 633 2781 dicenda
656 2743 815 2780 mens
837 2729 1112 2798 suggerit.
1138 2730 1248 2782 Deo
1280 2745 1413 2798 ergo
1444 2729 1828 2798 omnipotenti
1851 2729 2082 2797 gratias,

392 2816 492 2885 qui
519 2816 576 2868 in
609 2815 789 2881 vobis,
824 2817 962 2870 dum
1001 2822 1191 2870 vetera
1222 2816 1456 2870 familia:
1489 2823 1682 2870 vestra:
1715 2818 1865 2871 bona
1896 2823 2085 2871 custo-

393 2904 494 2972 dit,
530 2921 674 2957 nova
706 2905 1067 2976 multiplicat,
1093 2912 1148 2959 et
1171 2907 1322 2976 quod
1352 2907 1480 2975 plus
1502 2911 1586 2959 est
1606 2905 1766 2976 apice
1791 2906 2087 2976 dignitatis

392 2993 596 3064 dignus
626 2994 758 3047 facit
779 3011 900 3048 esse
923 2994 1287 3049 culminibus.
1326 2995 1598 3049 Redditur
1625 2994 1858 3065 quidem
1887 3000 2084 3049 vestra:

392 3083 579 3153 gloria
616 3082 726 3136 ista
762 3083 994 3152 origini,
1039 3084 1155 3148 sed,
1189 3084 1344 3154 quod
1379 3088 1462 3137 est
1487 3084 1712 3151 clarius,
1747 3084 1952 3138 merito
1974 3084 2080 3138 im-

391 3175 652 3240 petrante
692 3188 970 3240 personae.
1013 3171 1205 3226 Fuerit
1244 3172 1306 3225 in
1348 3187 1568 3226 morem
1600 3173 1884 3226 veteribus
1913 3189 2083 3226 curu-

389 3259 536 3313 lium
582 3261 980 3313 celsitudinem
1024 3259 1213 3328 campi
1256 3260 1466 3314 sudore
1525 3261 1786 3327 mercari,
1838 3268 1896 3314 et
1943 3277 2082 3314 con-

393 3352 619 3417 temptu
651 3347 792 3400 lucis
831 3348 1117 3400 bonorum
1149 3349 1272 3400 luce
1300 3346 1552 3416 fulgere;
1587 3348 1686 3401 sed
1717 3348 1872 3401 aliud
1903 3365 2083 3418 genus

390 3436 618 3489 virtutis
642 3436 940 3506 quaeritur,
960 3441 1263 3506 postquam
1288 3438 1593 3506 praemium
1624 3437 1770 3490 facta
1795 3444 1882 3490 est
1903 3438 2085 3491 Roma

390 3525 690 3578 victorum.
729 3525 933 3577 Noster
962 3525 1295 3577 candidatus
1330 3533 1456 3590 post
1488 3524 1847 3578 manifestam
1889 3527 2084 3580 decer-

391 3613 669 3668 tationem
703 3613 959 3666 debitum
982 3612 1366 3681 triumphum,
1400 3613 1536 3666 dum
1559 3629 1856 3683 nunquam
1877 3615 2086 3669 viderit

391 3702 559 3768 bella,
586 3701 846 3756 sortitur.
873 3701 1092 3754 Judicio
1115 3701 1290 3770 exigit
1322 3704 1563 3766 laureas,
1597 3707 1654 3754 et
1678 3703 1950 3772 congredi
1969 3721 2084 3758 non

391 3790 775 3844 necessarium
820 3789 980 3842 duxit
1024 3789 1280 3842 armatis.
1328 3790 1480 3842 Inter
1535 3789 1822 3844 Ciceronis
1866 3792 2085 3860 gladios

462 3914 478 3949 ¹
508 3911 715 3984 Boetio]
749 3913 983 3968 Consuli
1030 3911 1319 3966 ordinario
1362 3913 1482 3981 ejus
1515 3913 1674 3977 anni,
1710 3914 1814 3968 hoc
1844 3921 1925 3969 est
1960 3918 2083 3971 2510.

393 3985 1369 4038 HicnimirumANicwsMANuus
1395 3985 1764 4039 SEVERINUS
1786 3988 1969 4040 BOETI
1990 4003 2082 4051 vs,

389 4056 764 4125 philosophus
793 4063 850 4108 et
876 4061 1102 4108 orator:
1136 4057 1296 4125 cujus
1319 4057 1442 4108 laus
1465 4058 1749 4125 praeconio
1778 4074 1892 4110 non
1915 4067 2082 4122 eget:

393 4128 548 4196 quod
574 4128 619 4178 si
652 4126 1025 4198 desideretur,
1058 4128 1283 4198 nullum
1306 4126 1409 4180 hac
1433 4127 1671 4198 Ennodii
1701 4128 1940 4198 epistola
1965 4144 2086 4180 esse

390 4198 568 4268 possit
589 4198 886 4250 illustrius.
914 4197 1186 4250 Onufrius
1219 4197 1525 4250 Panvinius
1559 4198 1766 4251 iterum
1795 4200 2085 4250 consulem

391 4284 523 4322 cum
568 4268 908 4337 Symmacho
960 4283 1152 4320 socero
1202 4268 1372 4321 fuisse
1417 4275 1608 4321 censet
1645 4285 1796 4322 anno
1826 4272 1947 4321 522.
1981 4269 2085 4322 Sed

389 4345 454 4393 ut
484 4339 766 4404 omittam,
807 4339 1086 4403 Boetium,
1119 4341 1163 4391 si
1208 4340 1521 4392 secundum
1564 4341 1761 4393 consul
1791 4340 1887 4392 illo
1932 4356 2082 4393 anno

389 4410 529 4464 fuivs
557 4418 612 4475 ιι,
649 4411 880 4478 collega.-
922 4410 1262 4477 Symmacho
1307 4412 1567 4479 praeponi
1603 4411 1910 4477 debuisset,
1953 4427 2084 4465 cum

391 4482 449 4534 in
487 4481 660 4533 Fastis
693 4487 748 4533 et
777 4480 1028 4552 antiquis
1063 4482 1329 4533 omnibus
1359 4481 1642 4550 lapidibus
1674 4486 2077 4552 postponatur:

393 4553 534 4604 mihi
578 4555 795 4603 certum
845 4559 929 4603 est
975 4551 1380 4619 Symmachum
1417 4557 1472 4603 et
1519 4553 1776 4605 Boetiuni
1804 4551 2082 4606 consules

391 4623 527 4675 anni
554 4625 655 4674 522
692 4623 867 4674 Boetii
895 4622 1072 4690 ipsius
1105 4625 1252 4676 filios
1293 4622 1464 4674 fuisse
1488 4635 1520 4692 :7
1549 4623 1678 4674 illos
1718 4624 1978 4692 inquam,
2011 4626 2083 4679 de

395 4708 643 4762 quorum
675 4693 794 4760 ipse
839 4694 1104 4761 copulato
1155 4694 1446 4762 consulatu
1490 4691 1588 4744 lib.
1640 4694 1776 4762 uide
1803 4691 2085 4748 Consola-

391 4761 547 4816 tione
580 4765 773 4816 scribit
820 4764 904 4815 his
935 4764 1156 4816 verbis:
1196 4763 1336 4815 Cum
1373 4761 1512 4814 duos
1561 4761 1785 4832 pariter
1823 4765 2084 4820 consules

393 4833 603 4887 liberos
631 4837 754 4886 tuos
781 4834 946 4887 domo
966 4833 1203 4904 provehi
1221 4833 1322 4886 sub
1329 4833 1672 4902 frequentia
1698 4838 1951 4902 patrum,
1980 4836 2083 4888 sub

390 4903 579 4975 plebis
605 4904 912 4957 alacrilale
927 4903 1255 4975 vidistiﬁt:
1285 4904 1432 4975 Quid
1455 4905 1641 4957 dicam
1662 4904 1866 4958 liberos
1885 4921 2083 4959 consu-

393 4974 496 5037 les,
528 4991 767 5046 quorum
792 4977 919 5043 jam
949 4980 1011 5028 ut
1042 4975 1104 5027 in
1134 4974 1192 5026 id
1217 4974 1402 5046 aetatis
1421 4975 1612 5045 pueris
1633 4976 1720 5029 vel
1739 4976 1969 5046 paterni
1996 4977 2083 5030 vel

392 5045 534 5099 aviti
551 5050 838 5115 specimen
854 5047 1035 5100 elucet
1054 5045 1270 5114 ingenii
1288 5045 1314 5098 ?
1337 5046 1459 5099 Scio
1478 5049 1641 5100 aliter
1661 5045 1844 5100 visum
1866 5049 2085 5101 auctori

397 5119 534 5169 Vita-
567 5119 762 5180 Boetii,
789 5119 886 5184 qui
918 5118 1065 5169 filios
1097 5117 1218 5183 ejus
1244 5119 1501 5170 consules
1532 5119 1664 5170 facit
1688 5119 1995 5171 Patricium
2030 5123 2085 5172 et

394 5189 720 5258 Hypatium,
754 5189 852 5257 qui
888 5203 1039 5239 anno
1073 5187 1276 5240 Christi
1301 5189 1401 5237 500
1426 5192 1780 5259 consulatum
1825 5206 1936 5242 una
1965 5205 2086 5259 ges-

394 5266 607 5312 serunt.
665 5261 869 5311 Verum
916 5259 1031 5310 haec
1077 5259 1330 5325 profecto
1379 5258 1559 5310 nimia
1597 5266 1680 5312 est
1732 5258 2080 5314 allucinatio.

399 5333 780 5400 Praeterquam
813 5328 966 5381 enim
1000 5330 1148 5397 quod
1177 5328 1504 5381 meminisse
1535 5331 1833 5399 oportebat
1859 5333 2084 5384 Graecos

394 5407 448 5454 et
476 5402 792 5454 Orientales
826 5400 948 5451 illus
979 5401 1238 5451 consules
1268 5401 1457 5462 fuisse,
1495 5407 1546 5453 et
1581 5402 1650 5453 ad
1707 5403 1886 5454 Boetii
1917 5404 2083 5455 fami-

395 5474 530 5524 liam
576 5473 718 5524 nihil
765 5472 1076 5539 pertinere,
1110 5471 1400 5524 revincere
1449 5477 1716 5540 poterant
1753 5489 1881 5542 quze
1913 5475 2082 5527 modo

394 5544 566 5596 citata
596 5549 728 5595 sunt
753 5543 924 5594 verba
961 5542 1158 5606 Boetii,
1197 5558 1261 5594 ex
1295 5542 1502 5611 quibus
1552 5543 1731 5611 liquet
1767 5545 1932 5597 hosce
1964 5547 2085 5613 ejus

394 5614 546 5666 filios
577 5613 903 5665 consulares
934 5619 1097 5665 aetate
1137 5614 1322 5665 adimo
1361 5628 1564 5682 pueros
1597 5613 1789 5678 fuisse,
1821 5632 1950 5668 cum
1985 5632 2086 5668 ex-

395 5683 506 5737 silii
537 5683 627 5736 sui
657 5684 1114 5737 Consolationem
1142 5685 1414 5738 scriberet
1445 5700 1457 5738 :
1485 5685 1639 5755 quod
1661 5701 1795 5739 sane
1827 5686 1940 5739 dici
1968 5702 2086 5740 non

2199 1484 2256 1532 et
2286 1478 2682 1533 Demosthenis
2725 1479 2952 1546 enituit,
2993 1483 3051 1534 et
3101 1479 3400 1551 utriusque
3444 1479 3725 1550 propositi
3758 1497 3892 1535 acu-

2203 1566 2362 1621 mina
2389 1567 2549 1638 quasi
2584 1572 2750 1622 natus
2779 1568 2835 1622 in
2868 1568 2989 1638 ipsa
3018 1569 3232 1622 artium
3258 1585 3397 1640 pace
3423 1569 3672 1640 collegit.
3711 1572 3891 1624 Nemo

2127 1698 2166 1750 B
2200 1657 2618 1710 dissonantiam
2648 1657 2847 1711 Atticae
2869 1658 3238 1728 perfectionis
3269 1663 3485 1712 metuat
3517 1665 3573 1713 et
3597 1660 3890 1721 Romanae,

2200 1763 2303 1800 nec
2334 1746 2626 1816 praecipua
2655 1748 2914 1817 gentium
2947 1748 3095 1801 bona
3139 1749 3466 1802 societatem
3503 1749 3726 1804 dubitet
3753 1766 3891 1804 con-

2197 1835 2414 1889 venire.
2468 1837 2622 1888 Unus
2685 1853 2744 1889 es
2794 1837 2815 1869 ²
2848 1836 2946 1907 qui
2998 1843 3310 1908 utrumque
3366 1838 3778 1908 complecteris,
3840 1847 3888 1892 et

2198 1923 2480 1994 quidquid
2521 1923 2733 1978 viritim
2765 1924 3135 1979 distributum
3182 1929 3408 1996 poterat
3437 1927 3570 1980 satis
3597 1944 3737 1994 esse,
3771 1929 3890 1985 avi-

2199 2013 2305 2066 dus
2339 2013 2716 2066 maximarum
2749 2029 2943 2068 rerum
2975 2031 3266 2085 possessor
3296 2015 3563 2070 includis.
3599 2018 3892 2088 Eloquen-

2195 2101 2336 2156 tiam
2372 2107 2654 2170 veterum,
2689 2102 2827 2156 dum
2867 2103 3128 2168 imitaris,
3156 2121 3484 2174 exsuperas,
3521 2105 3743 2160 dicendi
3777 2107 3893 2162 for-

2199 2207 2352 2244 mam
2380 2191 2724 2246 doctissimis
2755 2191 2976 2259 tribuis,
3011 2193 3148 2247 dum
3191 2193 3460 2263 requiris.
3495 2195 3586 2248 Est
3613 2195 3769 2265 apud
3799 2212 3892 2249 me

2195 2280 2456 2350 epistolae
2485 2285 2711 2349 vestrae,
2757 2298 2884 2352 qua:
2933 2281 3106 2352 hujus
3153 2282 3236 2335 rei
3285 2283 3458 2338 tidem
3504 2283 3692 2351 faciat,
3724 2300 3893 2338 vene-

2197 2370 2374 2424 randa
2413 2371 2774 2439 compositio.
2829 2371 3058 2426 Utinam
3103 2387 3230 2442 qua:
3271 2389 3303 2425 a
3349 2373 3509 2426 vobis
3540 2372 3888 2442 diriguntur,

2195 2463 2313 2512 tam
2364 2464 2554 2512 essent
2603 2459 2803 2513 crebra
2851 2475 3027 2530 quam
3072 2459 3294 2514 suavia!
3347 2461 3555 2514 Dicatis
3601 2462 3839 2516 forsitan
3878 2480 3890 2516 :

2196 2550 2303 2602 Par
2332 2549 2439 2601 fuit
2465 2549 2857 2619 propinquum
2888 2548 3144 2613 laudare,
3175 2548 3235 2603 in
3265 2565 3574 2604 commune
3603 2567 3887 2622 augmen-

2196 2641 2320 2689 tum
2352 2636 2729 2702 laborantem,
2761 2637 2896 2707 quia
2930 2653 3047 2691 non
3075 2642 3159 2691 est
3184 2639 3504 2708 proprium,
3535 2641 3686 2711 quod
3723 2643 3890 2712 quasi

2197 2723 2568 2793 singulariter
2599 2725 2821 2778 videtur
2865 2725 3120 2794 palmata
3165 2728 3445 2797 conferre,
3489 2729 3653 2782 Venit
3683 2730 3754 2784 ad
3795 2746 3893 2783 me

2197 2811 2466 2882 equidem
2499 2812 2688 2882 portio
2715 2813 2784 2868 de
2814 2813 3018 2868 curuli.
3050 2814 3179 2882 Sed,
3228 2816 3274 2869 si
3307 2815 3451 2870 mihi
3483 2817 3727 2884 creditis,
3761 2819 3898 2888 plus

2197 2902 2386 2970 erigor
2416 2901 2485 2954 de
2515 2901 2684 2972 genio
2716 2907 2771 2956 et
2802 2903 3004 2957 studiis
3037 2905 3347 2960 sublimati.
3382 2906 3675 2960 Interdum
3708 2923 3894 2962 acces-

2123 2999 2163 3053 ρ
2195 2995 2397 3043 serunt
2439 2990 2545 3044 ista
2593 2991 2662 3045 de
2696 2991 2937 3055 casibus,
2989 2993 3094 3047 soli
3125 2995 3487 3064 contigerunt
3521 2996 3619 3050 illa
3664 2996 3891 3050 virtuti.

2192 3079 2376 3147 Prope
2403 3078 2571 3148 inops
2600 3079 2671 3133 ad
2707 3080 3080 3150 scriptionem
3119 3081 3420 3136 adducitur
3451 3082 3708 3153 suffragii
3748 3099 3892 3137 con-

2193 3167 2418 3234 sularis,
2472 3167 2573 3238 qui
2617 3172 2840 3222 tantum
2883 3169 2952 3224 de
3020 3171 3356 3240 parentibus
3403 3172 3697 3241 gloriatur.
3755 3173 3888 3228 Tibi

2192 3260 2504 3326 utrumque
2542 3257 2603 3310 in
2652 3258 2877 3327 peculio
2927 3265 3032 3325 est,
3076 3259 3312 3313 Latiaris
3363 3261 3600 3315 scientia
3649 3265 3704 3315 et
3742 3277 3892 3316 vena

2192 3360 2600 3415 purpurarum.
2637 3346 2680 3400 Ο
2711 3347 2758 3399 si
2790 3347 2932 3399 mihi
2973 3363 3086 3401 non
3117 3349 3247 3418 styli
3274 3350 3598 3418 epistolaris
3631 3350 3896 3404 conside-

2194 3434 2338 3487 ratio
2361 3435 2417 3487 in
2454 3434 2690 3502 longum
2717 3435 2985 3504 equidem
3017 3436 3287 3506 producta
3311 3452 3516 3490 manus
3533 3441 3888 3508 opponeret!

2193 3522 2346 3593 quod
2377 3521 2471 3575 alii
2514 3522 2794 3576 relatione
2843 3521 3077 3588 dictant,
3111 3539 3215 3592 ego
3263 3525 3525 3590 crudum,
3559 3531 3617 3579 et
3661 3527 3710 3580 si
3753 3544 3897 3582 con-

2193 3611 2333 3664 fusis
2365 3611 2666 3664 ordinibus
2718 3611 3080 3680 explicarem.
3116 3613 3304 3666 Redeo
3342 3615 3413 3666 ad
3445 3615 3791 3670 tabellarum
3820 3617 3892 3671 ﬁ-

2195 3699 2347 3752 dem.
2387 3700 2584 3753 Valere
2613 3715 2704 3752 me
2737 3700 2962 3765 nuntio,
2994 3704 3051 3755 et
3079 3706 3274 3755 utrum
3304 3702 3539 3756 valeatis
3587 3703 3838 3774 imploro
3878 3725 3892 3762 :

2193 3789 2263 3843 ad
2287 3803 2572 3842 summam
2603 3788 2863 3843 beneficii
2904 3791 3198 3859 postulans
3239 3796 3301 3844 ut
3329 3791 3587 3862 dignatio
3623 3809 3712 3847 me
3740 3797 3895 3850 reci-

2195 3920 2432 3986 poterat,
2467 3913 2513 3967 si
2549 3917 2678 3967 ante
2709 3915 2777 3966 20
2809 3929 2993 3983 eoque
3024 3915 3216 3984 plures
3245 3931 3428 3969 annos
3464 3918 3726 3972 consules
3755 3918 3898 3972 fuis-

2196 3992 2341 4040 sent.
2381 3986 2558 4040 Boetii
2584 4001 2719 4056 ergo
2761 3986 2862 4038 tilii
2884 3987 3118 4039 fuerunt
3143 3986 3514 4057 Symmachus
3542 3993 3596 4042 et
3623 3990 3851 4044 Boetius
3877 4010 3890 4057 ;

2196 4074 2443 4129 quorum
2495 4057 2595 4110 uni
2646 4072 2852 4110 nomen
2890 4073 2928 4129 a
2976 4073 3192 4119 socero,
3225 4059 3326 4111 filii
3370 4076 3492 4124 avo,
3523 4061 3687 4114 alteri
3718 4077 3895 4116 suum

2195 4128 2486 4199 imposuit.
2519 4129 2690 4182 Multa
2720 4135 2852 4180 sunt
2884 4128 3094 4182 horum
3132 4131 3427 4184 consulatu
3470 4136 3663 4185 notata
3709 4134 3898 4185 moni-

2196 4209 2434 4256 menta:
2483 4202 2718 4273 unicum
2768 4199 3077 4268 proferam,
3109 4201 3258 4269 quod
3311 4207 3544 4271 propter
3585 4203 3895 4273 ascriptum

2197 4275 2454 4327 exeuntis
2483 4271 2811 4327 indictionis
2844 4277 3040 4324 notam
3076 4273 3442 4326 memorabile
3470 4273 3712 4328 videtur.
3733 4271 3897 4328 ‘Vidi-

2125 4349 2168 4402 D
2199 4360 2326 4398 mus
2374 4345 2432 4398 id
2466 4347 2662 4400 Romae
2711 4343 2772 4396 in
2813 4342 2933 4396 aede
2978 4341 3306 4396 suburbana
3354 4343 3410 4397 S.
3463 4344 3767 4399 Pancratii.
3802 4345 3898 4400 Sic

2196 4422 2390 4470 autem
2422 4418 2595 4470 habet
2627 4430 2640 4468 :

2269 4516 2380 4568 HIC
2422 4512 2830 4577 REQUIESCIT
2872 4510 3178 4563 MAXIMUS
3220 4511 3586 4567 PARVULUS

2264 4604 2384 4667 QUI
2426 4603 2608 4656 VIXIT
2648 4598 2882 4652 ANNOS
2924 4598 3009 4652 VI.
3053 4599 3252 4653 MENS.
3295 4601 3409 4655 VII.
3457 4601 3605 4656 DIES
3648 4601 3712 4656 X.

2266 4689 2640 4745 DEPOSITIIS
2684 4687 2806 4741 EST
2847 4686 2974 4740 SUB
3016 4689 3079 4741 D.
3123 4688 3216 4740 III.
3259 4690 3346 4742 ID.
3387 4691 3781 4748 AUGUSTAR.

2261 4786 2636 4842 SYMMACIIO
2677 4787 2762 4839 ET
2805 4784 3047 4842 BOETIO
3081 4777 3200 4839 π
3228 4778 3343 4841 CC.-
3381 4787 3580 4842 CONS.

2264 4884 2332 4937 IN
2376 4883 2530 4936 FINE
2572 4875 2835 4937 πχν.

2265 4980 2286 5012 ²
2330 4980 2437 5044 Qui
2479 4981 2780 5049 uirumque
2808 4980 3224 5051 complecteris]
3255 4981 3510 5036 Grzecam
3539 4981 3709 5034 simul
3745 4980 3899 5036 Lati-

2195 5065 2444 5120 namque
2466 5051 2871 5124 eruditionem,
2907 5053 3058 5121 quod
3090 5053 3284 5108 omnia
3315 5053 3438 5124 ejus
3472 5069 3646 5123 opera
3675 5057 3901 5107 testan-

2193 5126 2304 5191 tur,
2339 5128 2394 5175 et
2421 5121 2774 5192 epitaphium
2805 5123 3002 5176 Ticini.

2315 5209 2539 5276 Mzeopia
2569 5213 2633 5276 et_
2649 5210 2791 5258 Latia
2820 5209 3001 5276 lingua
3026 5211 3347 5276 clarissimus
3377 5216 3429 5276 et
3459 5212 3549 5276 qui

2442 5271 2639 5320 Consul
2665 5285 2825 5332 eram,
2856 5271 2972 5321 heic
2999 5273 3130 5335 perii
3159 5274 3352 5322 missus
3382 5275 3438 5324 in
3466 5271 3732 5324 exsilium.

2195 5351 2499 5406 Gerbertus
2520 5352 2659 5406 item
2683 5352 3017 5406 nostraslib.
3048 5368 3096 5407 Il
3116 5353 3613 5425 Epigrammatum
3644 5353 3899 5411 Pithoeu-

2195 5439 2399 5477 norum
2435 5439 2448 5476 ἓ

2379 5509 2459 5576 ’ζα
2488 5514 2636 5576 pater
2669 5514 2724 5576 et
2752 5511 2934 5576 patriae
2964 5510 3160 5576 lumen,
3187 5512 3430 5563 Severine
3459 5514 3662 5576 Boethi,

2380 5572 2622 5638 _Co_nsulis
2644 5572 2816 5638 officio
2851 5587 3026 5638 rerum
3058 5575 3296 5638 disponis
3318 5577 3570 5624 habenas.

2380 5635 2622 5682 Infundis
2654 5635 2832 5683 lumen
2859 5636 3067 5698 studiis,
3089 5635 3355 5688 et_cedere
3387 5639 3558 5688 nescis

2386 5698 2689 5747 Griecorum
2720 5699 2964 5761 ingeniis.
