4054 6176
188 292 291 344 133

1547 290 2036 345 EPISTOLARUM
2080 291 2203 346 LIB.
2245 291 2385 344 VIII.
3597 295 3692 346 13-i-

184 425 344 495 proci
379 425 666 480 sermonis
703 425 928 479 attollat
961 441 973 477 :
1009 425 1114 477 hoc
1145 440 1376 495 quoque
1410 425 1747 494 deprecans,
1778 427 1794 460 ¹
1827 432 1892 479 ut
1930 431 1976 480 A
2001 426 2150 492 Vale,
2203 425 2392 479 officio
2440 425 2798 479 salutationis
2851 430 3104 496 accepto,
3167 430 3222 480 et
3269 430 3589 481 correctum
3636 431 3690 480 te

185 513 430 565 domum
461 529 638 582 quam
667 513 722 566 in
760 512 1165 566 Mediolanensi
1199 512 1429 565 civitate
1458 519 1514 566 et
1546 513 1896 566 abundantia

184 605 375 653 vestra
419 608 477 654 et
510 602 809 671 neglectus
841 601 1260 670 propemodum
1299 601 1417 669 jam
1449 602 1703 672 reliquit,
1752 603 1894 655 mihi

184 706 297 759 quo
347 689 526 743 vultis
575 706 786 760 genere
833 689 1174 742 concedatis.
1222 691 1444 743 Justum
1494 697 1579 744 est
1627 691 1778 744 enim
1830 697 1896 746 ut

183 784 460 848 parentes
492 780 670 832 vestri
702 778 953 832 habeant
981 778 1135 847 quod
1169 779 1237 831 de
1267 779 1600 848 patrimonii
1631 780 1779 832 mole
1801 779 1892 832 de-

183 867 425 920 scendit.
473 867 704 921 Credite
754 867 918 932 mihi,
954 868 1066 919 Deo
1109 871 1272 924 teste,
1325 867 1458 934 quia
1490 866 1534 918 si
1582 867 1892 936 impetrare

187 955 308 1008 sine
358 956 717 1009 detrimento
753 971 955 1008 census
987 955 1156 1008 vestri
1202 970 1488 1020 meruero,
1537 956 1698 1025 quasi
1743 957 1892 1009 dono

185 1043 496 1112 obligatus,
545 1044 838 1115 obsequiis
880 1043 1200 1114 potioribus
1233 1043 1613 1114 respondebo.
1669 1045 1745 1096 De
1780 1060 1893 1113 qua

181 1137 360 1202 parte,
401 1133 482 1185 sic
515 1133 676 1186 vobis
722 1133 970 1186 feliciter
1000 1131 1267 1185 universa
1297 1133 1656 1201 contingant,
1713 1133 1758 1185 si
1804 1149 1890 1185 se-

182 1236 348 1274 curus
396 1238 522 1276 esse
570 1223 771 1288 debeo,
815 1222 1054 1292 plenarii
1104 1221 1246 1275 mihi
1292 1221 1621 1275 documenti
1661 1221 1891 1291 dirigite

181 1308 544 1364 ﬁrmitatem.

825 1416 1154 1472 EPISTOLA
1192 1417 1262 1470 ΙΙ.

723 1539 1046 1579 ENNODIUS
1091 1539 1355 1577 AVIENO.

250 1633 362 1684 Par
395 1635 522 1684 erat
568 1631 1030 1700 magnitudinem
1064 1636 1309 1683 vestram
1355 1629 1574 1700 ingenii
1606 1630 1693 1683 sui
1745 1647 1890 1700 opu-

181 1719 448 1783 lentiam,
503 1720 643 1772 dum
677 1721 858 1772 sancti
889 1720 1064 1787 patris
1095 1725 1341 1771 sectatur
1371 1718 1651 1782 instituta,
1683 1719 1890 1788 depro-

183 1825 358 1874 mere,
397 1815 458 1862 et
478 1809 666 1861 multo
699 1809 1038 1878 acquisitam
1070 1809 1276 1861 sudore
1309 1809 1627 1861 doctrinam
1659 1825 1763 1877 pro
1800 1809 1891 1861 dl-

185 1899 441 1966 ligentiae
508 1897 845 1949 testimonio
904 1897 1193 1950 ventilare.
1250 1897 1488 1950 Gemina
1540 1897 1698 1950 vobis
1755 1914 1889 1950 con-

183 1986 352 2054 tingit
384 1985 647 2038 antefata
686 1984 1128 2038 concinuatione
1179 1985 1462 2051 laudatio;
1498 1985 1728 2054 quando
1770 2003 1890 2039 cre-

188 2080 374 2128 scente
409 2079 814 2143 susceptorum
849 2073 1145 2127 devotione
1181 2074 1360 2126 fertur
1389 2074 1450 2126 in
1482 2075 1735 2127 medium
1769 2077 1890 2144 pal-

190 2180 279 2216 ma
325 2163 643 2228 sermonis,
694 2178 783 2214 res
815 2179 943 2232 qua:
975 2162 1138 2214 nobis
1169 2178 1422 2215 amorem
1461 2168 1712 2216 vestrum
1743 2181 1891 2217 rese-

187 2259 292 2316 rat,
338 2269 443 2304 vos
490 2250 734 2304 extollit.
781 2252 901 2304 Uno
937 2251 1250 2320 eodemque
1292 2268 1396 2303 usu
1431 2255 1485 2302 et
1528 2251 1643 2303 oris
1679 2267 1892 2320 pompa

186 2341 610 2411 multiplicatur
660 2345 716 2392 et
746 2340 899 2393 ﬁdei.
949 2341 1010 2392 In
1056 2356 1191 2409 pace
1223 2339 1514 2392 constituti
1558 2340 1716 2393 illam
1754 2341 1889 2393 sub-

151 2431 342 2499 .jectis
377 2430 750 2482 alfectionem
774 2429 1420 2496 putanturimpendere,
1449 2443 1621 2498 quam
1650 2429 1892 2498 loquun-

189 2525 297 2572 tur.
335 2521 491 2581 Ilaec,
526 2519 611 2571 mi
645 2518 898 2580 domine,
928 2517 1022 2569 ille
1055 2518 1524 2586 occupatissimus
1557 2523 1716 2587 pater
1745 2525 1799 2571 et
1830 2519 1889 2572 in

184 2608 440 2661 humana
475 2609 701 2660 locatus
722 2622 850 2658 arce
882 2606 1144 2658 custodit.
1185 2607 1324 2658 Nam
1351 2611 1740 2676 contemptum
1776 2624 1888 2660 ma-

187 2698 436 2760 nifestat,
465 2696 570 2765 qui
604 2695 665 2747 in
685 2695 796 2747 otio
817 2694 1030 2762 degens
1059 2695 1232 2748 verba
1265 2711 1377 2747 non
1411 2695 1629 2748 tribuit.
1665 2696 1889 2765 [.egisse

189 2801 271 2838 me
305 2784 580 2847 memini,
613 2782 903 2838 Sermonis
931 2783 1094 2835 avari
1122 2783 1316 2837 nullus
1349 2785 1539 2837 honor.
1575 2786 1733 2837 Nunc
1755 2801 1889 2854 ergo

191 2875 435 2927 servitiis
467 2872 838 2925 salutationis
871 2872 1161 2934 adhibitis,
1198 2873 1384 2925 indico
1417 2889 1508 2926 me
1544 2874 1751 2926 valere.
1785 2875 1888 2927 Su-

187 2970 370 3033 perest
410 2969 470 3016 ut
507 2963 808 3032 suggestio
834 2977 961 3014 mea
993 2962 1166 3015 eliciti
1201 2963 1446 3031 gaudeat
1479 2961 1732 3014 ubertate
1771 2963 1885 3016 col-

191 3052 385 3122 loquii.

811 3139 1141 3194 EPISTOLA
1184 3140 1281 3192 III.

678 3259 993 3300 amemus
1038 3244 1062 3274 ²
1101 3260 1426 3299 MESSALJE.

253 3355 385 3407 Post
417 3368 606 3406 unam
639 3352 939 3422 epistolam
973 3367 1143 3421 quam
1168 3351 1348 3403 victus
1379 3350 1592 3404 crebris
1625 3350 1891 3419 scriptio—

188 3442 349 3495 nibus
397 3441 670 3506 emisisti,
719 3440 778 3492 in
827 3440 1096 3493 continua
1148 3439 1531 3492 taciturnitate
1565 3440 1887 3508 perduras:

195 3536 243 3583 et
287 3532 460 3584 credo
499 3530 862 3597 necessitate,
917 3545 1028 3582 non
1076 3529 1286 3593 studio,
1333 3545 1520 3581 servas
1572 3532 1592 3562 ³
1641 3527 1890 3597 philoso-

193 3621 379 3690 phiam
416 3621 500 3672 nil
539 3618 799 3683 dicendi;
839 3634 952 3670 non
986 3617 1296 3686 respiciens
1328 3622 1562 3682 veteres,
1596 3621 1657 3668 ut.
1691 3616 1889 3685 loque-

188 3717 382 3762 rentur
427 3709 668 3772 melius,
724 3707 784 3760 iu
817 3706 1123 3775 priesentia
1155 3706 1234 3758 nil
1271 3707 1504 3772 locutos,
1532 3710 1588 3757 et
1625 3705 1781 3756 illam
1814 3703 1888 3756 si-

189 3798 338 3851 lentii
393 3814 598 3851 curam
648 3797 932 3850 nutricem
974 3795 1146 3848 fuisse
1200 3794 1500 3847 sermonis.
1550 3795 1632 3846 Tu
1683 3793 1888 3845 videris

196 3889 326 3941 mihi
360 3886 385 3920 ⁸
432 3885 773 3954 disciplinas
807 3885 1010 3938 Atticas
1046 3884 1103 3937 in
1139 3889 1298 3937 muta
1329 3881 1576 3935 fideliter
1605 3887 1764 3951 parte
1804 3899 1889 3934 se-

192 3978 341 4041 ctari,
408 3976 624 4029 nolens
688 3973 916 4027 silentio
972 3973 1248 4043 acquisita
1294 3973 1530 4040 vulgare
1581 3986 1594 4024 :
1655 3970 1888 4023 ostende

191 4070 308 4134 post
340 4065 465 4118 oris
522 4063 694 4116 ferias
732 4078 860 4132 quae
892 4061 996 4114 tibi
1036 4077 1139 4131 per
1169 4060 1396 4113 aurium
1438 4059 1636 4111 callem
1678 4058 1888 4111 divitias

189 4156 610 4206 commearunt.
664 4150 965 4205 Destinasti
997 4149 1136 4202 mihi
1169 4149 1444 4202 dictiones
1487 4152 1639 4213 tuas;
1677 4147 1733 4200 in
1765 4147 1889 4217 qui-

189 4241 284 4295 bus
312 4248 371 4295 et
395 4241 443 4293 si
477 4255 602 4293 non
635 4239 743 4291 fuit
778 4242 1026 4308 optanda
1059 4238 1398 4302 sublimitas,
1436 4253 1552 4290 non
1581 4242 1774 4288 tamen
1797 4237 1890 4289 de-

2003 515 2467 584 suggestionibus
2496 515 2634 568 meis
2666 515 3059 586 frequentibus
3090 514 3316 585 resigna
3344 515 3558 570 muniis
3596 516 3695 570 lit-

2008 607 2280 655 terarum.

2621 695 2955 748 EPISTOLA
2995 696 3081 748 IV.

2475 814 2800 853 amemus
2841 799 2862 832 ⁵
2907 815 3214 854 ARATORI.

2072 903 2154 956 Ad
2186 902 2504 973 longinqua
2544 904 2870 973 digrediens
2903 905 3486 962 caritatis,immemor
3517 905 3695 959 exsti-

1999 991 2140 1058 tisti,
2176 1009 2290 1044 non
2321 992 2482 1044 licuit
2509 997 2696 1044 tecum
2722 993 2876 1061 piam
2903 992 3256 1061 diligentiam
3286 1009 3481 1046 mures
3513 995 3689 1048 exire.

2000 1080 2146 1132 Dum
2198 1081 2357 1133 urbis
2407 1081 2692 1133 habitator
2725 1097 2800 1146 es,
2849 1081 3151 1134 fabricatas
3200 1082 3529 1146 blanditias,
3580 1100 3694 1135 non

2000 1168 2122 1221 sine
2178 1169 2396 1222 daedala
2427 1173 2545 1221 arte
2577 1170 2849 1235 custodis,
2884 1174 2939 1221 at
2975 1169 3069 1221 ubi
3104 1186 3199 1221 rus
3229 1173 3543 1238 petendum
3571 1188 3691 1224 esse

2005 1257 2339 1324 decreveris,
2395 1258 2555 1329 quasi
2608 1275 2806 1328 graves
2841 1259 3089 1311 sarcinas
3131 1260 3443 1313 amicorum
3480 1277 3693 1314 memo-

2001 1346 2146 1400 riam
2172 1348 2542 1418 derelinquis.
2577 1349 2654 1400 Tu
2686 1348 2913 1400 villares
2945 1348 3173 1400 delicias
3196 1349 3478 1416 expetisti,
3508 1355 3562 1402 et
3592 1367 3695 1404 nos

2002 1436 2156 1505 apud
2181 1440 2232 1488 te
2259 1436 2404 1488 inter
2433 1436 2709 1490 moenium
2734 1437 2884 1490 mala
2912 1437 3315 1490 remansimus.
3345 1439 3470 1490 Non
3493 1439 3694 1492 habuit

2005 1525 2258 1578 radicem
2304 1526 2549 1591 affectio,
2597 1542 2763 1594 quam
2797 1527 2950 1578 velut
2981 1541 3247 1578 curarum
3288 1531 3572 1578 tormenta
3601 1545 3692 1579 se-

2002 1613 2236 1681 parasti.
2298 1613 2480 1678 Dicas,
2546 1615 2692 1668 unde
2741 1619 2856 1667 tam
2918 1617 3075 1667 velox
3137 1614 3544 1684 exprobratio?
3592 1631 3694 1668 nec

1937 1720 1973 1772 Β
2003 1717 2231 1770 ίιπιιιυῐη
2258 1717 2377 1755 esse
2410 1703 2598 1771 parari
2630 1708 2759 1755 ante
2784 1703 2987 1755 delicta
3012 1708 3303 1756 tortorem.
3339 1703 3689 1771 Scripturum

2004 1793 2076 1855 te,
2123 1806 2250 1842 mox
2276 1791 2476 1844 fuisses
2513 1792 2579 1844 ad
2612 1796 2806 1860 optata
2841 1796 3152 1861 pervectus,
3188 1791 3308 1844 sine
3340 1793 3693 1844 cunctationi-

2005 1879 2346 1947 promisisti:
2403 1884 2679 1949 quantum
2725 1884 2885 1949 pater
2928 1885 3059 1932 tuus
3109 1895 3335 1949 semper
3392 1879 3691 1948 culparum

2005 1972 2236 2019 tuarum
2270 1970 2532 2036 vulgator
2563 1968 2840 2037 exposuit,
2871 1969 2987 2037 jam
3021 1985 3052 2021 a
3079 1974 3129 2022 te
3158 1967 3320 2037 pueri
3349 1967 3576 2038 paginis
3605 1985 3694 2021 va-

2001 2056 2094 2108 cui
2134 2061 2552 2110 commearunt.
2596 2057 2796 2110 Timeo
2839 2074 2909 2109 ne
2940 2058 3047 2109 ista
3077 2057 3437 2110 taciturnitas
3465 2058 3689 2112 diutur-

2002 2145 2181 2199 nitate
2213 2147 2601 2211 convalescat;
2635 2151 2691 2199 et
2733 2147 2788 2198 in
2821 2163 2985 2199 usum
3017 2147 3230 2199 silentii
3262 2147 3444 2216 turpis
3480 2154 3686 2200 crescat

2000 2234 2240 2287 incuria.
2278 2235 2516 2288 Domine
2546 2235 2644 2300 mi,
2672 2236 2858 2288 saluto
2883 2251 3006 2304 ego,
3039 2241 3096 2289 et
3116 2235 3381 2305 promissi
3401 2240 3456 2288 te
3481 2251 3691 2288 memo-

2003 2339 2124 2378 rem
2156 2324 2360 2378 debere
2415 2340 2534 2378 esse
2569 2325 2866 2390 convenio,
2901 2328 3184 2395 quatenus
3214 2326 3363 2380 inter
3404 2341 3544 2378 cana
3583 2341 3685 2379 ne-

1999 2429 2163 2466 mora
2192 2413 2492 2467 redimitus
2523 2414 2748 2467 hederis
2772 2414 3044 2468 efferaris.

2632 2522 2959 2575 EPISTULA
2999 2522 3061 2575 V.

2527 2643 2855 2682 ENNODIUS
2904 2644 3164 2684 FAUSTO.

2074 2735 2326 2787 Directos
2348 2751 2380 2787 a
2412 2739 2604 2787 sancto
2639 2734 2906 2804 episcopo
2942 2735 3187 2788 artiﬁces
3223 2736 3493 2806 prosequi
3534 2751 3686 2790 com-

2001 2822 2368 2876 mendatione
2402 2839 2515 2875 non
2553 2839 2695 2891 opus
2744 2829 2846 2876 est.
2887 2825 2991 2876 Res
3023 2824 3172 2876 enim
3208 2827 3334 2893 plus
3367 2842 3468 2876 suo
3518 2827 3689 2895 placi-

1999 2917 2127 2963 tura
2159 2911 2344 2980 genio,
2377 2911 2445 2963 de
2471 2912 2770 2965 devotione
2801 2912 3113 2964 laudatoris
3141 2913 3366 2981 abjurat
3398 2914 3684 2982 injuriam.

1928 3019 1967 3072 ρ
2007 2999 2242 3052 Familia
2266 3005 2348 3052 est
2381 3013 2574 3069 quam,
2629 3016 2755 3052 cum
2792 2999 3064 3065 videritis,
3103 3017 3209 3052 non
3243 3000 3470 3069 possitis
3499 3002 3685 3054 ambi-

1999 3103 2134 3156 gere
2178 3088 2248 3139 ab
2283 3088 2524 3139 Ecclesia
2569 3087 2935 3151 destinatam,
2969 3093 3025 3139 et
3054 3088 3121 3140 de
3156 3090 3277 3157 ejus
3319 3089 3601 3142 thesauris
3633 3096 3688 3143 et

1999 3176 2218 3244 gremio
2249 3176 2354 3228 sub
2395 3176 2503 3228 hoc
2534 3176 2719 3229 studio
2759 3177 3124 3245 processisse,
3159 3181 3222 3229 ut
3268 3181 3504 3231 tractata
3545 3178 3684 3232 libe-

2001 3264 2195 3317 raliter
2226 3264 2411 3333 pariat
2442 3263 2598 3316 vobis
2639 3264 2698 3316 in
2730 3265 2827 3316 illa
2859 3265 3112 3317 melioris
3139 3266 3331 3317 saeculi
3371 3271 3688 3321 commuta-

1999 3353 2153 3405 tione
2205 3353 2546 3405 mercedem.
2596 3354 2654 3405 In
2687 3353 2896 3422 quibus
2926 3353 3245 3423 mancipiis,
3270 3353 3434 3423 juxta
3462 3372 3684 3410 annun-

1998 3442 2299 3495 tiationem
2353 3441 2668 3494 beatissimi
2716 3442 3000 3495 Laurentii
3053 3446 3338 3512 martyris,
3387 3459 3523 3514 epes
3568 3462 3686 3498 esse

1998 3530 2278 3582 maximas
2303 3531 2428 3599 quis
2450 3530 2717 3599 negabit?
2735 3530 2876 3584 Sunt
2893 3531 3047 3583 enim
3071 3531 3319 3597 feminae,
3346 3548 3474 3602 quae
3497 3550 3690 3603 quam-

1996 3620 2078 3671 vis
2105 3618 2401 3671 exterioris
2438 3619 2690 3671 hominis
2726 3619 2942 3671 lumina
2967 3619 3372 3688 perdidissent,
3407 3623 3684 3675 mentium

1997 3707 2300 3776 splendore
2347 3705 2690 3760 radiabunt:
2741 3707 3021 3776 quidquid
3053 3708 3206 3760 enim
3253 3711 3585 3778 corporibus
3617 3713 3685 3763 de

1997 3797 2380 3866 prosperitate
2404 3796 2758 3860 subducitur,
2792 3796 2860 3848 ad
2880 3798 3104 3864 frugem
3129 3796 3682 3852 crescitanimarnm.

1998 3885 2184 3938 Nolite
2216 3887 2364 3937 male
2407 3885 2684 3954 accipere,
2719 3885 2872 3953 quod
2905 3900 3009 3937 nec
3037 3885 3226 3939 videre
3257 3892 3546 3956 poterunt,
3584 3905 3687 3942 nec

1996 3973 2222 4026 videri:
2272 3975 2472 4042 procul
2524 3990 2554 4025 a
2605 3977 2929 4026 maturitate
2972 3980 3156 4027 vestra
3202 3975 3444 4029 illiciens
3484 3979 3686 4031 decore

1995 4061 2343 4115 formositas.
2392 4061 2497 4124 Qui
2527 4063 2704 4114 vitam
2736 4079 2918 4128 suam,
2964 4061 3109 4115 sicut
3138 4080 3235 4117 vos
3265 4064 3324 4117 in
3369 4066 3475 4119 hoc
3515 4067 3684 4120 inno-

1995 4150 2197 4201 Cttnlla‘ﬂ
2244 4150 2384 4202 calle
2429 4150 2729 4219 disposuit,
2761 4151 2807 4202 si
2846 4151 2986 4203 tales
3015 4158 3227 4220 pascat,
3279 4154 3338 4205 in
3369 4155 3522 4207 cmlis
3561 4162 3681 4208 est:

1959 4289 1979 4310 ο
1998 4240 2160 4290 crede
2186 4238 2349 4302 mihi,
2377 4239 2637 4307 quamvis
2660 4239 2816 4290 vobis
2835 4239 3046 4308 gaudia
3063 4240 3247 4308 pariat
3267 4242 3391 4294 fusa
3413 4243 3481 4295 ad
3511 4245 3683 4295 Deum

187 4331 474 4399 prehensa
503 4334 591 4381 est
624 4343 752 4396 qua:
785 4327 1040 4380 sorderet
1069 4326 1330 4395 abjectio.
1367 4327 1466 4394 Egi
1506 4327 1617 4378 Deo
1651 4324 1882 4392 gratias,
1928 4318 1971 4369 D
1999 4328 2228 4380 ubertas
2272 4326 2369 4379 illa
2427 4327 2828 4396 lacrymarum,
2881 4330 3137 4382 contenti
3186 4329 3346 4383 eritis
3392 4333 3682 4399 possidere

186 4420 306 4489 quia
329 4421 457 4490 jam
491 4423 551 4470 te
586 4417 656 4468 de
681 4416 983 4468 vinculoin
1015 4431 1127 4485 quo
1153 4416 1500 4485 negligentia
1528 4415 1888 4482 constringe—

186 4507 345 4574 baris,
383 4521 710 4561 exemeras.
747 4503 987 4558 Promisi
1029 4504 1401 4574 sequentibus
1445 4505 1721 4573 potiorem
1755 4517 1882 4554 suc-

187 4612 396 4650 cessum
433 4595 828 4649 agstimatione
859 4591 1146 4663 principii.
1182 4591 1290 4646 Sed
1317 4609 1414 4645 vos
1439 4591 1881 4658 inchoationem,

188 4692 464 4756 quantum
523 4685 592 4736 ad
628 4700 718 4736 me
758 4682 847 4735 cui
879 4683 1021 4735 nihil
1050 4683 1316 4750 dirigitis,
1367 4698 1496 4734 cum
1530 4681 1885 4733 extremitate

185 4776 468 4844 junxistis.
511 4774 756 4826 Domine
803 4771 1056 4836 Messala,
1091 4769 1342 4840 quotidie
1373 4771 1534 4838 cujus
1583 4769 1658 4822 sis
1708 4769 1880 4834 ﬁlius,

187 4864 384 4919 habere
431 4869 574 4918 ante
617 4862 814 4916 oculos
853 4860 1037 4914 cordis
1080 4861 1176 4913 Dei
1223 4861 1405 4914 nostri
1455 4860 1880 4929 dispensatione

187 4959 497 5026 contingat.
545 4953 658 5008 Sed
707 4953 843 5006 nolo
884 4950 1106 5021 prolixa
1148 4967 1291 5016 esse,
1327 4965 1457 5021 quae
1498 4965 1697 5019 aspera
1726 4953 1876 5002 sunt.

249 5101 262 5134 ¹
294 5103 534 5153 Domum
579 5096 644 5150 in
675 5093 1091 5148 Mediolanensi
1119 5093 1374 5162 civitalc]
1413 5094 1490 5147 De
1522 5092 1624 5145 hac
1650 5108 1878 5146 rursum

190 5171 339 5238 epist.
370 5175 464 5232 3U,
502 5172 571 5222 38
605 5174 663 5219 et
693 5168 762 5220 40
796 5167 978 5238 hujus
1000 5165 1143 5238 libri.

245 5243 263 5273 ³
289 5243 582 5303 ίῑ1εςςεαίεε]
619 5237 1003 5300 Adolescenti,
1043 5235 1242 5290 Avieni
1275 5235 1454 5300 fratri,
1500 5235 1684 5288 Fausti
1719 5234 1873 5287 tilio:

189 5315 320 5379 quod
352 5317 520 5364 docet
551 5312 651 5363 lib.
690 5325 765 5372 ix,
801 5309 965 5375 epist.
1002 5310 1066 5359 12
1095 5312 1256 5360 et‘lti.
1295 5308 1344 5359 ls
1376 5307 1713 5374 eloquentiae
1746 5323 1878 5374 ope-

189 5398 291 5436 ram
331 5385 535 5435 Romae.
570 5381 762 5433 dabat.
810 5380 942 5431 Ideo
974 5380 1094 5447 ejus
1126 5379 1400 5431 dictiones
1432 5379 1643 5441 laudat,
1680 5383 1740 5429 ut
1771 5379 1877 5430 hoc

190 5456 398 5507 stimulo
446 5453 748 5506 incitetur.
794 5451 937 5503 Aliae
988 5456 1265 5518 prieterea
1308 5456 1441 5501 sunt
1491 5451 1557 5500 ad
1608 5449 1873 5501 eumdem

189 5527 422 5592 Epistula?
455 5528 568 5578 hoc
625 5524 772 5576 libro
810 5528 866 5574 et
912 5522 1206 5592 sequenti.
1233 5521 1481 5573 Rursum
1515 5521 1746 5572 Messala
1781 5519 1874 5571 hic

188 5590 392 5650 videtur
422 5598 494 5650 de
525 5595 693 5665 cujus
718 5593 1047 5665 consulatui,
1076 5592 1175 5661 qui
1195 5590 1392 5665 incidit
1419 5592 1476 5642 in
1506 5606 1720 5643 annum
1749 5593 1869 5665 3396,

191 5663 610 5738 epigrammate
639 5665 781 5719 lusit
838 5664 1142 5717 Ennodius.
1211 5664 1292 5715 Ita
1339 5677 1548 5732 pueros
1610 5663 1874 5716 consules

1999 4416 2102 4468 sub
2150 4415 2577 4468 continuatione
2627 4416 2984 4484 plangentes.
3021 4418 3173 4469 Inter
3215 4417 3322 4470 ista
3363 4419 3513 4472 bona
3556 4436 3682 4490 qum.

1997 4504 2266 4571 praéfatus
2307 4518 2457 4562 sum,
2515 4501 2644 4554 licet
2685 4518 2896 4571 magno
2943 4505 3103 4556 vobis
3156 4505 3348 4558 labore
3387 4511 3444 4558 et
3499 4510 3682 4576 pretio

1995 4591 2404 4657 constitissent,
2431 4590 2636 4659 adjicio
2662 4607 2788 4660 quae
2812 4602 3148 4660 sequuntur.
3179 4595 3299 4646 Una
3329 4595 3479 4648 inter
3512 4597 3682 4666 ipsam

1995 4685 2049 4732 et
2091 4679 2362 4748 ingenua,
2417 4686 2472 4732 et
2517 4680 2636 4732 sine
2669 4681 2821 4745 filiis,
2869 4686 2924 4732 et
2968 4688 3125 4749 puto,
3171 4685 3322 4752 quod
3371 4685 3433 4738 fit
3477 4689 3684 4739 sanctis

1993 4769 2244 4822 vicinum
2286 4768 2602 4831 desideriis,
2636 4783 2739 4820 nec
2783 4768 3032 4823 habebit.
3083 4771 3176 4824 Est
3206 4773 3361 4826 enim
3410 4773 3471 4827 in
3521 4775 3681 4828 Chri-

1993 4857 2194 4910 stianis
2224 4855 2553 4910 hominibus
2585 4856 2827 4909 fecunda
2859 4858 3144 4924 sterilitas,
3169 4865 3225 4912 et.
3243 4862 3555 4915 maximum
3583 4881 3676 4915 so-

1991 4946 2191 5000 latium
2227 4946 2420 4999 szeculi
2443 4945 2728 5016 adjutoria
2758 4962 2871 5000 non
2895 4947 3122 5002 habere.
3150 4950 3256 5003 Sed
3287 4967 3356 5004 ne
3385 4952 3529 5006 forte
3560 4951 3678 5005 ani-

1989 5107 2181 5145 crcarc
2219 5107 2342 5142 mos
2382 5089 2489 5141 fuit.
2519 5089 2625 5142 hoc
2657 5106 2775 5142 {eve
2807 5107 2924 5143 non
2953 5089 3302 5160 infrequens.

2061 5167 2080 5196 ³
2111 5160 2536 5230 Philosophiam
2584 5161 2667 5214 nil
2712 5162 2958 5231 dicendi]
3012 5162 3442 5232 Pythagoricam
3482 5160 3676 5234 ἐχεμυη

1991 5235 2125 5284 θίαν.

2060 5309 2079 5339 ι
2109 5303 2450 5373 Οίςίςίρίἱηαδ
2480 5303 2720 5374 AMicus]
2744 5305 3044 5358 Sacrorum
3077 5304 3522 5370 Eleusiniorum,
3550 5323 3676 5376 qua)

1987 5375 2044 5427 in
2094 5376 2272 5428 Attica
2330 5375 2755 5444 religiosissime
2815 5377 3042 5428 silentio
3103 5376 3458 5427 colebantur.
3516 5375 3676 5431 Unde

1989 5447 2137 5498 taciti
2171 5448 2388 5500 Cereris
2422 5453 2619 5515 mysta}
2657 5447 2925 5515 Papinio;
2956 5453 3010 5497 et
3047 5446 3411 5514 preverbium
3448 5447 3680 5502 Ἀττικοὶ

1985 5516 2242 5568 {tantum
2275 5519 2342 5570 de
2384 5517 2450 5569 iis
2482 5519 2580 5587 qui
2612 5535 2818 5570 arcana
2850 5534 2950 5568 sua
2996 5517 3224 5569 silentio
3258 5523 3456 5586 tegunt
3485 5535 3496 5570 :
3544 5525 3683 5588 quia

1985 5589 2204 5644 Cereris
2236 5589 2508 5658 mysteria
2539 5605 2652 5641 non
2689 5589 2922 5640 initiatis
2962 5589 3230 5658 evulgare
3263 5590 3418 5644 nefas
3451 5599 3598 5647 erat.

2056 5663 2075 5694 ⁵
2106 5659 2364 5728 Λγαίονὶξ
2395 5660 2508 5713 Lib.
2547 5676 2620 5726 ις,
2657 5659 2820 5728 epist.
2862 5662 2906 5710 l.
