4102 6182
385 281 481 336 135
1564 324 1577 329 -
1595 275 1879 332 ENNODII
1920 273 2241 333 EPISCOPI
2277 275 2669 333 TICINENSIS
3777 283 3875 337 136

380 432 509 471 mus
539 420 721 471 vester
750 414 808 470 in
840 414 1239 487 occupationes
1268 412 1523 484 publicas
1551 413 1755 468 debeat
1782 414 1849 469 de
1883 416 1898 449 ¹
1930 429 2064 468 ana-
2104 413 2154 470 A
2178 413 2334 486 loqui
2365 414 2652 486 loquendo
2684 412 2916 479 faciam,
2940 416 2997 469 et
3025 412 3186 469 illam
3210 413 3457 470 Atticam
3489 414 3872 472 eruditionem

380 505 627 578 gnostici
655 504 981 574 prolixitate
1010 505 1305 560 fastidium
1330 520 1343 570 ;
1367 502 1628 574 quamvis
1659 503 1811 558 bona
1835 503 1894 557 in
1911 503 2070 575 prin-

378 595 543 667 cipiis
572 597 755 651 locata
784 610 883 650 vos
913 594 1193 661 animant,
1225 596 1282 647 et
1311 592 1626 663 quemlibet
1656 609 1956 647 rancorem
1980 594 2072 648 de-

375 689 599 757 tergeat
627 686 688 740 in
730 685 983 750 exordio,
1022 684 1185 753 juxta
1217 682 1528 736 oratoriam
1568 681 1952 753 disciplinam,
1996 684 2073 737 lo-

377 780 501 830 cata
548 775 823 842 dulcedo;
877 779 1069 828 tamen
1122 787 1194 827 ne
1239 770 1524 826 desideria
1561 774 1747 825 vestra
1792 772 2070 826 fabricata

376 864 832 920 dissimulatione
878 860 1243 931 suspendam,
1278 860 1440 914 nulla
1470 876 1537 914 ex
1577 860 1691 914 illis
1725 860 2069 915 documenta

375 953 688 1026 promerui.
712 952 854 1016 Quia
873 943 1485 1005 commemorationem
1500 949 1786 1003 mularum
1800 950 2065 1018 facerem,

377 1044 645 1115 episcopo
693 1042 902 1096 durum
948 1041 1214 1095 videtur:
1270 1044 1325 1094 et
1354 1039 1612 1111 quamvis
1656 1040 1855 1094 famuli
1897 1039 2069 1095 vestri

369 1130 559 1185 fratris
580 1129 776 1185 Gaiani
800 1128 1096 1184 institisset
1123 1128 1392 1196 efﬁcacia,
1416 1134 1473 1184 et
1504 1146 1676 1200 supra
1698 1129 1936 1184 modum
1958 1145 2066 1183 nos

369 1219 671 1291 pressisset
714 1219 1143 1290 importunitas,
1180 1218 1320 1272 nihil
1355 1220 1646 1291 communi
1679 1219 1899 1273 actione
1931 1235 2064 1291 pro-

370 1308 629 1364 fecimus.
682 1308 801 1365 Hoc
851 1312 1073 1362 tantum
1103 1308 1304 1363 volunt
1333 1307 1531 1377 inseri,
1580 1308 1776 1364 multis
1807 1313 2065 1364 sanctum

375 1403 599 1471 patrem
621 1404 875 1453 vestrum
900 1398 1195 1452 beneﬁciis
1224 1398 1426 1452 vestris
1456 1404 1511 1452 et
1527 1398 1711 1470 gratia
1736 1399 2062 1467 invitatum,

371 1489 632 1544 muneris
663 1486 822 1543 vobis
869 1486 1321 1543 vicissitudinem
1351 1486 1708 1559 prospexisse
1734 1504 1745 1542 :
1780 1488 1935 1559 quod
1965 1504 2063 1558 ge-

374 1596 482 1634 nus
533 1576 861 1633 documenti
900 1577 945 1630 si
976 1577 1179 1648 placet,
1215 1577 1337 1631 sine
1363 1577 1717 1631 cunctatione
1746 1577 2060 1644 rescribite,

375 1672 471 1724 aut
502 1685 630 1740 quae
667 1667 789 1738 ejus
820 1666 1004 1721 forma
1048 1682 1167 1721 esse
1203 1666 1409 1721 debeat
1448 1666 1730 1722 intimate.
1766 1669 1926 1721 Nunc
1957 1682 2062 1737 ego

374 1758 469 1813 ille
500 1756 834 1829 periclitata)
874 1754 1136 1810 utilitatis
1165 1758 1218 1810 et
1250 1756 1308 1809 in
1342 1756 1633 1827 obsequiis
1666 1756 1864 1809 vestris
1899 1755 2065 1809 annis

372 1846 633 1919 pluribus
662 1846 783 1916 jam
806 1843 1097 1916 probatus,
1124 1847 1400 1913 quantum
1428 1843 1664 1914 egerim,
1698 1844 1848 1915 quod
1879 1844 1967 1899 vix
1990 1844 2065 1898 al-

374 1940 459 1992 ter
502 1951 607 2006 per
645 1933 870 1988 inﬁnita
899 1933 1107 1988 chartae
1141 1932 1349 1987 damna
1378 1937 1685 2002 narrasset,
1736 1934 2063 2005 pernicibus

374 2041 503 2080 sum
532 2023 837 2080 verborum
864 2023 1101 2077 saltibus
1123 2021 1394 2077 elocutus.

944 2172 945 2175 η
988 2128 1323 2185 EPISTOLA
1362 2129 1453 2183 VI.

896 2232 1220 2273 ENNODIUS
1266 2231 1532 2273 AVIENO.

441 2329 622 2385 Credo
664 2326 732 2383 ad
760 2325 1042 2398 justitiam
1075 2325 1386 2398 pertinere,
1422 2329 1485 2379 ut
1515 2323 1665 2396 quod
1699 2340 1730 2378 a
1769 2323 1929 2379 vobis
1962 2338 2060 2379 ex-

372 2424 589 2490 specto,
625 2417 847 2488 primus
889 2415 1209 2471 exhibeam.
1252 2416 1426 2469 Decet
1465 2413 1622 2469 enim
1653 2417 1717 2469 ut
1763 2414 1861 2485 qui
1909 2414 2061 2469 bona

372 2523 548 2580 opera
577 2492 962 2580 praestolatur,
996 2505 1197 2560 invitet
1223 2504 1504 2575 exemplo.
1552 2504 1853 2574 Expugnat
1882 2504 2059 2558 calca-

369 2599 530 2654 ribus
579 2598 928 2666 tarditatem,
980 2594 1079 2667 qui
1125 2595 1372 2649 formam
1404 2592 1693 2648 ministrat
1731 2592 1920 2649 ofﬁcii.
1967 2594 2062 2649 His

372 2704 507 2760 ergo
543 2685 902 2742 salutationis
933 2701 1143 2739 munus
1177 2682 1535 2755 impertiens,
1566 2699 1769 2738 sanum
1798 2699 1891 2738 me
1918 2700 2058 2753 esse,

370 2780 503 2850 post
544 2774 998 2848 inaequalitatem
1044 2789 1217 2845 quam
1264 2789 1368 2843 pro
1398 2773 1643 2844 peccatis
1674 2788 1799 2827 sum
1837 2789 2058 2844 passus,

372 2866 638 2934 enuntio;
675 2868 730 2919 et
753 2868 962 2919 statum
994 2866 1192 2917 vestrae
1215 2861 1609 2932 prosperitatis
1639 2860 1890 2932 inquiro,
1929 2875 2061 2933 spe-

369 2972 499 3013 rans
532 2960 594 3011 ut
620 2954 682 3011 in
709 2955 881 3026 hujus
906 2952 991 3009 rei
1019 2952 1305 3007 solutione
1336 2952 1549 3006 multus
1578 2950 1896 3006 incumbas.

972 3058 1308 3115 EPISTOLA
1337 3059 1455 3113 VII.

878 3164 1202 3205 ENNODIUS
1249 3161 1550 3205 SBNARIO.

439 3259 605 3332 Apud
652 3258 875 3311 sanctas
921 3254 1295 3311 conscientias
1328 3270 1443 3309 non
1490 3256 1665 3324 negat
1704 3252 1927 3308 caritati
1970 3252 2063 3309 de-

370 3350 490 3407 bita
514 3365 617 3403 sua
663 3347 859 3419 gratias
906 3345 1237 3417 principalis
1285 3344 1604 3416 occupatio,
1646 3360 1751 3398 nec
1801 3342 2064 3398 eliminat

370 3440 452 3513 pii
502 3436 714 3494 amoris
759 3437 891 3491 aula
930 3435 1233 3491 fervorem.
1274 3433 1689 3489 Testimonium
1724 3434 1821 3488 dat
1865 3433 2061 3489 solidae

373 3527 679 3595 atl'ectioni,
707 3527 807 3598 qui
854 3542 979 3581 eam
1004 3524 1154 3579 inter
1192 3524 1603 3595 impedimenta
1635 3523 1919 3578 oblivione
1944 3539 2061 3578 non

374 3618 586 3674 obruit.
622 3616 1031 3673 Commendate
1062 3613 1205 3667 mihi
1236 3612 1539 3684 scriptione
1570 3613 1820 3668 culmina
1852 3618 2058 3682 vestra,

372 3724 502 3781 quas
522 3710 652 3762 voto
674 3706 1041 3777 importunus
1061 3702 1314 3758 emerui:
1340 3703 1595 3758 custodia
1612 3703 2058 3774 communionis,

370 3799 559 3854 honor
603 3800 688 3852 est
720 3794 1085 3867 dignitatum.
1132 3792 1227 3848 His
1256 3808 1391 3864 ergo
1425 3792 1937 3864 obsequentissime
1970 3810 2058 3848 sa-

370 3888 580 3957 lutans,
630 3885 899 3957 epistolas
947 3882 1223 3939 brevitate
1269 3882 1618 3954 constringe,
1666 3883 1847 3939 sciens
1894 3899 2060 3956 posse

369 3978 675 4050 productas
705 3974 959 4030 horreri:
993 3973 1205 4027 faciens
1233 3976 1293 4026 ut
1319 3989 1422 4044 pro
1452 3988 1544 4028 me
1574 3973 1816 4028 Domino
1847 3972 2060 4045 gratias

369 4066 651 4131 referatis,
685 4065 785 4137 qui
814 4063 1135 4119 molestiam
1168 4078 1341 4133 quam
1370 4062 1605 4133 pertuli,
1635 4069 1945 4135 antequam
1994 4078 2061 4117 ea

368 4158 586 4214 discere
613 4153 968 4228 potuissetis,
988 4151 1269 4207 abstersit.

951 4257 1284 4314 EPISTOLA
1320 4258 1463 4312 VIII.

709 4363 1025 4408 ENNODIUS
1058 4349 1079 4383 ³
1122 4362 1379 4404 ELPIDIO
1425 4362 1724 4404 DlACONO.

438 4443 654 4510 Quibus
698 4439 881 4495 modis
922 4438 1344 4494 fraternitatem
1375 4446 1534 4491 tuam
1565 4437 1636 4491 ad
1671 4436 2052 4504 scribendum,

370 4549 551 4607 quave
581 4535 701 4587 arte
734 4529 1054 4598 sollicitem,
1090 4528 1323 4601 quando
1353 4527 1525 4581 homo
1557 4525 1862 4580 verborum
1894 4527 2056 4581 locu-

368 4625 491 4697 ples
533 4622 595 4677 in
629 4636 720 4675 me
771 4618 995 4674 silentia
1024 4618 1330 4690 peregrina
1360 4614 1648 4670 custodis?
1692 4616 1856 4687 Elegi
1888 4621 1952 4671 ut
2002 4620 2056 4671 te

443 4769 457 4804 ¹
487 4761 866 4837 Anagnostici]
907 4762 1131 4837 Dictum
1162 4762 1259 4837 lib.
1295 4777 1334 4827 ι,
1364 4758 1516 4837 epist
1542 4759 1595 4815 4.

442 4841 464 4875 ²
498 4831 736 4909 Εἰρῗάἱο
763 4831 1019 4909 didcono]
1034 4834 1336 4909 _ltiedicum
1357 4831 1529 4909 fuisse
1551 4834 1805 4909 entrema
1822 4831 2061 4909 epistola

372 4903 677 4983 signiﬁcat.
730 4909 922 4983 itaque
955 4903 1195 4983 dubium
1238 4920 1354 4983 non
1386 4908 1472 4957 est
1509 4904 1651 4983 quin
1680 4903 1773 4983 hic
1802 4905 1875 4959 sit
1906 4907 2057 4976 Elpi-

370 4975 498 5040 dius
529 4980 783 5035 medicus
825 4975 1155 5033 Theoderici
1204 4976 1383 5045 regis:
1433 4978 1593 5046 cujus
1644 4975 1714 5030 ad
1746 4976 1934 5047 ipsum
1968 4975 2057 5031 ex-

370 5060 482 5110 stat
528 5052 764 5123 epistola
802 5066 927 5120 quae
950 5047 1208 5123 Helpidio
1256 5047 1392 5123 item
1423 5047 1680 5123 diacono
1706 5047 2057 5123 inscribitur,

371 5127 468 5182 lib.
505 5118 921 5177 iv'Variaru'm:
957 5120 1015 5172 in
1056 5135 1169 5189 qua
1192 5134 1320 5171 cum
1352 5118 1595 5188 impensi
1630 5118 1700 5172 ab
1729 5135 1796 5172 eo
1844 5120 2057 5174 servitii

371 5196 733 5252 sedulitatem
766 5190 1150 5254 commendat,
1200 5189 1303 5243 hoc
1334 5189 1521 5260 ipsum
1560 5190 1861 5243 medicinae
1892 5191 2055 5245 obse-

413 5270 569 5323 uium
599 5263 900 5333 intelligit._
922 5261 1229 5333 Prpeopius
1261 5261 1358 5333 lib.
1397 5277 1412 5333 ξ
1446 5261 1871 5333 BelliCothici:
1910 5261 2057 5313 Μετὰ

413 5286 886 5333 niuallnteulglu
922 5286 1412 5330 r1ucup1usrlu.i
1448 5286 2057 5315 DCHI|JULUJUL;1u57q

370 5286 448 5403 ἓξ,
482 5340 685 5391 ἅπαντα
722 5335 793 5395 εἰς
835 5328 1098 5384 Ἐλπίὸιον
1142 5334 1227 5382 τὸν
1272 5330 1444 5404 ἰατρὸν
1592 5330 1915 5404 gulam-0.de
1954 5332 2059 5395 ἐξε-

367 5400 575 5484 νεθκὼν,
607 5413 695 5466 τὴν
728 5410 799 5468 είς
821 5407 1103 5475 Σύμμαχόν
1125 5420 1177 5453 τε
1196 5405 1280 5452 καὶ
1306 5400 1505 5453 Βόέτιον
1526 5400 1812 5477 ἁμαρτάδα
1838 5403 2050 5456 ἔκλαιεν.

370 5473 573 5539 Postea
599 5495 746 5543 vero,
797 5473 1024 5546 inquit,_
1048 5473 1285 5544 Elpidio
1312 5478 1517 5527 cuncta
1557 5473 1681 5546 gula
1717 5474 2057 5532 acciderant

365 5564 839 5612 commemorans,
872 5544 1182 5612 admissum
1199 5546 1256 5598 in
1278 5545 1678 5616 Symmachum
1703 5562 1772 5601 ac
1793 5547 2057 5603 Boetium

366 5625 597 5689 facinus
629 5620 833 5682 deﬂere
878 5619 1058 5689 accpit.
1114 5617 1593 5689 Mediolanensem
1626 5616 1799 5672 fuisse
1840 5618 2057 5673 indicat

368 5687 534 5771 epist.
558 5697 649 5763 21,
685 5692 783 5747 lib.
816 5705 890 5745 ιι.
919 5688 1063 5745 Sunt
1092 5687 1191 5759 qui
1223 5692 1427 5760 putent
1471 5689 1741 5748 eumdem
1772 5705 1895 5748 esse
1924 5706 2055 5745 cum

2182 503 2253 557 ad
2285 503 2556 573 epistolas
2594 502 2706 557 alia
2741 502 3073 574 garrulitate
3118 504 3452 574 producam.
3498 506 3719 560 Justum
3768 507 3877 561 fuit

2180 596 2247 646 ut
2290 595 2375 646 tot
2420 591 2621 646 diebus
2655 608 2688 645 a
2732 591 3107 663 promissione
3159 592 3478 662 desisteres,
3522 599 3579 648 et
3628 595 3875 666 qualiter

2178 681 2559 750 pervenisses,
2595 682 2754 735 nulla
2800 681 3029 752 paginae
3072 681 3386 737 directione
3418 683 3715 755 signares?
3774 691 3875 740 aut

2178 770 2324 825 forte
2355 776 2555 826 contra
2579 787 2669 825 me
2692 772 2847 825 illam
2871 775 3027 826 tuam
3053 772 3441 828 cautelitatem
3470 774 3717 829 aestimas
3745 790 3870 830 esse

2179 860 2554 915 servandam?
2595 859 2933 933 Dedignaris
2981 862 3290 933 colloquio,
3345 879 3592 943 quorum
3624 864 3869 934 gratiam

2177 950 2360 1004 multo
2392 950 2598 1005 sudore
2644 950 2941 1022 quassisti?
2987 951 3165 1006 Crede
3197 951 3364 1019 mihi,
3398 951 3510 1006 nisi
3549 952 3618 1007 ab
3666 951 3777 1007 hoc
3816 957 3871 1007 te

2180 1039 2316 1094 vitio
2350 1039 2455 1095 sub
2485 1056 2552 1095 ea
2580 1057 2693 1112 qua
2723 1040 3017 1095 ambulare
3048 1041 3198 1096 soles
3227 1041 3526 1096 velocitate
3558 1043 3871 1112 suspende-

2176 1129 2278 1199 ris,
2322 1144 2548 1185 necesse
2578 1133 2661 1184 est
2700 1134 2762 1184 ut
2793 1130 2858 1185 ad
2888 1131 3028 1184 alios
3055 1135 3255 1185 nostra
3273 1130 3593 1201 patrocinia
3621 1132 3867 1187 transfe-

2176 1234 2392 1287 ramus,
2426 1218 2525 1290 qui
2554 1235 2837 1274 memores
2869 1219 3165 1274 constituti
3197 1236 3455 1276 amorem
3487 1226 3873 1277 munerentur

2178 1308 2485 1380 obsequiis.
2539 1309 2634 1364 His
2675 1325 2811 1380 ergo
2856 1310 3127 1378 salutans,
3181 1310 3364 1365 amico
3411 1314 3465 1365 et
3509 1310 3734 1366 medico
3776 1311 3869 1366 in-

2178 1399 2304 1453 dico
2338 1414 2428 1453 me
2461 1398 2619 1470 gravi
2649 1399 2909 1469 corporis
2938 1400 3333 1470 inmqualitate
3364 1400 3654 1457 laborare:
3692 1418 3866 1473 quam

2176 1488 2291 1543 nisi
2339 1493 2393 1542 te
2442 1488 2694 1544 dictante
2739 1490 2949 1560 pagina
2991 1490 3152 1559 jocos
3196 1489 3519 1545 exhibitura
3560 1492 3864 1557 curaverit,

2177 1575 2490 1631 distensam
2537 1593 2639 1650 per
2670 1582 2952 1633 tormenta
2998 1579 3263 1634 ranulam
3305 1579 3494 1652 longis
3537 1579 3868 1636 hominibus

2174 1666 2503 1737 comquabo.

2788 1757 3118 1814 EPISTOLA
3156 1760 3245 1814 IX.

2673 1863 2997 1903 ENNODIUS
3046 1863 3369 1903 MESSALE.

2244 1934 2302 1990 Si
2328 1936 2449 2007 jam
2482 1938 2537 1991 te
2559 1935 2719 1991 favor
2750 1937 2980 1992 divinus
3006 1953 3038 1991 a
3067 1939 3365 2009 proposito
3395 1937 3763 2010 negligentiae
3791 1939 3862 1993 ad

2169 2025 2361 2079 votiva
2401 2026 2556 2081 ducit
2585 2026 2789 2095 studia,
2838 2027 2885 2081 si
2926 2044 3039 2099 quo
3078 2031 3132 2082 te
3166 2045 3327 2096 vena,
3373 2044 3487 2101 quo
3520 2033 3575 2083 te
3616 2030 3866 2083 domnus

2173 2115 2411 2170 Faustus
2435 2120 2616 2185 vocat,
2650 2116 2919 2184 attendis,
2948 2121 3143 2188 optata
3172 2134 3288 2173 non
3315 2122 3502 2174 taceas
3532 2118 3863 2190 scriptione.

2170 2203 2277 2259 Sed
2309 2205 2505 2276 timeo,
2557 2222 2629 2260 ne
2678 2206 2815 2261 dum
2871 2207 3194 2262 ofﬁciosum
3231 2208 3518 2275 desidero,
3557 2208 3864 2263 sustineam:

2169 2293 2571 2365 rusticantem,
2608 2298 2663 2349 et
2692 2294 2929 2366 incipiat
2959 2295 3067 2351 hoc
3097 2296 3396 2351 desideriis
3423 2297 3564 2352 meis
3593 2298 3864 2353 resistere

2171 2384 2323 2454 quod
2354 2384 2561 2454 cupivi.
2597 2385 2862 2440 leestes
2898 2384 3109 2440 divitiae
3140 2386 3299 2442 illam
3329 2387 3597 2441 inertiam
3621 2387 3860 2443 stimulo

2168 2472 2399 2544 pietatis
2429 2475 2795 2542 exsuscitent,
2824 2478 2877 2529 et
2903 2474 3332 2530 mendicitatem
3358 2476 3472 2530 oris
3501 2476 3584 2530 tui
3615 2485 3893 2548 superna‘

2172 2579 2280 2633 ope
2311 2563 2680 2635 locupletent.
2716 2565 2857 2619 Ecce
2883 2564 3111 2635 injuriis
3149 2571 3492 2637 provocatus
3532 2566 3733 2621 scribe.
3768 2568 3866 2622 Sa~

2174 2654 2351 2707 lutem
2384 2670 2519 2725 ergo
2541 2653 2755 2723 dicens,
2790 2670 2929 2726 rogo
2952 2660 3016 2710 ut
3046 2655 3185 2727 quid
3210 2655 3358 2711 circa
3385 2662 3442 2714 te
3470 2661 3673 2730 agatur
3699 2658 3867 2714 tabu-

2174 2742 2362 2798 larum
2393 2743 2850 2815 promulgatione
2884 2759 3245 2816 cognoscam.

2806 2852 3138 2908 EPISTOLA
3174 2855 3235 2908 X.

2612 2973 2932 3015 ENNODIUS
2980 2974 3233 3016 MAXIMO
3278 2975 3434 3017 v.3.

2244 3068 2392 3122 Bene
2426 3066 2802 3138 disponantur
2827 3084 3075 3139 superna
3109 3071 3231 3125 vota
3255 3074 3452 3125 nostra
3478 3069 3713 3142 judicio.
3736 3072 3868 3142 Ipse

2170 3157 2239 3212 ad
2262 3156 2491 3226 nuptias
2517 3160 2642 3210 tuas
2659 3156 2867 3226 veniat,
2902 3157 3000 3228 qui
3022 3158 3210 3228 primo
3232 3159 3479 3229 parenti,
3507 3160 3649 3213 dum
3677 3159 3871 3215 adhuc

2169 3246 2359 3302 nativa
2392 3246 2822 3301 immortalitate
2871 3248 3166 3317 gauderet,
3206 3263 3471 3319 supernas
3518 3248 3870 3304 benedictio-

2168 3334 2258 3389 nis
2290 3350 2503 3390 munus
2536 3334 2793 3389 indulsit.
2831 3335 3019 3389 Faciat
3063 3336 3166 3389 tibi
3207 3336 3464 3391 Christus
3512 3342 3708 3393 noster
3759 3355 3871 3393 nec

2168 3425 2469 3479 custoditaa
2516 3423 2859 3495 integritatis
2901 3423 3150 3478 fructum
3196 3426 3407 3495 perire,
3458 3442 3563 3480 nec
3618 3443 3870 3482 munera

2169 3513 2528 3585 nuptiarum.
2561 3512 2647 3568 Sic
2676 3512 2973 3583 virginitas
2999 3513 3179 3583 prosit
3212 3514 3283 3569 ad
3308 3514 3584 3583 sobolem,
3608 3519 3674 3570 ut
3702 3519 3870 3572 casti-

2167 3605 2271 3659 tati
2296 3608 2409 3659 tuae
2447 3602 2764 3658 fecunditas
2795 3600 2937 3656 nihil
2971 3602 3271 3674 decerpat:
3307 3606 3363 3658 et
3391 3604 3536 3659 miro
3568 3604 3868 3678 dispensa-

2166 3693 2341 3749 tionis
2370 3708 2596 3760 arcano,
2632 3707 2737 3747 nec
2767 3692 2996 3758 saeculo,
3029 3691 3168 3747 dum
3198 3697 3363 3764 pater
3394 3710 3472 3762 es,
3502 3711 3725 3766 pereas,
3757 3713 3871 3752 nec

2168 3783 2269 3838 Dei
2325 3782 2548 3854 gratiae,
2611 3781 2752 3836 dum
2796 3780 3060 3853 pudicus.
3117 3782 3318 3838 Veniat
3363 3798 3536 3856 super
3594 3788 3649 3839 te
3702 3789 3866 3856 quod

2168 3874 2323 3928 Isaac
2345 3872 2566 3943 juniori
2608 3870 2727 3926 ﬁlio
2759 3872 2851 3944 pie
2902 3871 3172 3928 inductus
3211 3875 3429 3945 optavit
3466 3875 3627 3947 (Gen.
3684 3891 3868 3947 xxvn,

2168 3962 2278 4033 28).
2313 3962 2430 4016 Illis
2463 3961 2700 4015 domum
2734 3978 2927 4016 socrus
2957 3962 3229 4034 auspiciis
3253 3979 3396 4018 uxor
3423 3963 3691 4034 introeat,
3723 3967 3865 4037 qui-

2166 4048 2273 4105 bus
2307 4050 2377 4105 ad
2407 4049 2597 4104 Tobias
2628 4050 2945 4121 penetralia
2968 4068 3150 4107 nurus
3179 4053 3412 4108 accessit
3437 4053 3594 4121 (Tob.
3628 4054 3720 4124 v1).
3774 4055 3867 4110 Sit

2167 4139 2275 4194 tibi
2300 4154 2471 4193 causa
2508 4140 2774 4210 perfectae
2804 4140 3127 4196 dilectionis
3157 4142 3216 4196 in
3255 4142 3518 4215 conjuge,
3551 4143 3611 4200 in
3640 4147 3695 4198 te
3742 4144 3862 4199 vir-

2170 4229 2383 4300 ginitas
2403 4229 2699 4284 custodita.
2730 4230 2922 4287 Solam
2942 4229 3100 4285 illam
3127 4231 3459 4302 deputatam
3481 4232 3587 4288 tibi
3606 4233 3859 4301 noveris,

2167 4320 2261 4374 cui
2293 4324 2347 4374 te
2379 4318 2542 4391 quasi
2581 4336 2699 4375 non
2729 4336 2897 4390 esses,
2932 4337 2997 4375 ex
3028 4320 3232 4376 mundi
3258 4321 3396 4377 faece
3426 4322 3679 4378 servasti.
3721 4324 3864 4378 Ecce

2096 4394 2139 4449 Ῐ)
2171 4409 2308 4481 quia
2334 4409 2531 4465 venire
2557 4425 2672 4465 non
2712 4411 2893 4482 potui,
2927 4411 3185 4466 oratione
3214 4427 3332 4466 non
3358 4411 3574 4467 desum.
3616 4412 3864 4468 Domine

2168 4498 2269 4565 mi,
2303 4515 2469 4569 spero
2498 4504 2581 4566 ut,
2607 4500 2824 4555 honore
2857 4500 3215 4555 salutationis
3244 4504 3476 4573 accepto
3503 4499 3526 4537 ³
3546 4518 3676 4573 quae
3706 4518 3739 4558 ει
3764 4518 3864 4560 me

2168 4587 2383 4643 directa
2412 4592 2566 4657 sunt,
2601 4588 2906 4659 dignanter
2932 4589 3192 4661 accipias.

2168 4745 2400 4821 Rustico
2443 4746 2705 4821 Helpidio
2747 4746 2810 4800 V.
2842 4749 2903 4821 et
2929 4764 3034 4821 INL.
3071 4764 3139 4803 ex
3187 4752 3494 4820 quaastore,
3527 4748 3689 4821 cujus
3729 4766 3858 4805 car-

2167 4818 2322 4892 mina
2364 4818 2636 4892 leguntur
2679 4818 2739 4872 in
2789 4820 3133 4892 Collectione
3183 4818 3474 4875 sacrorum
3531 4818 3856 4892 poetarum.

2168 4889 2572 4962 Caeterumrvel
2604 4890 2709 4962 hoc
2745 4891 3004 4961 exemplo
3036 4895 3191 4962 patet
3217 4893 3451 4946 clericos
3489 4889 3860 4947 a'medicimn

2169 4976 2279 5034 usu
2309 4961 2510 5032 primis
2540 4961 2653 5015 illis
2684 4963 2904 5016 smculis
2934 4961 3054 5017 non
3078 4963 3439 5019 abstinuisse.
3477 4963 3637 5028 Quod
3666 4965 3859 5034 ipsum

2167 5031 2343 5105 etiam
2387 5037 2626 5087 testatur
2673 5034 2931 5105 Dionysii
2975 5035 3211 5087 alterius
3260 5035 3485 5089 diaconi
3521 5039 3576 5089 et
3625 5031 3859 5101 medici,

2168 5104 2269 5174 qui
2292 5106 2488 5177 Romae
2517 5104 2656 5159 urbe
2685 5121 2716 5157 a
2744 5104 2938 5177 Gothis
2960 5110 3125 5176 capta
3155 5104 3368 5177 ﬂoruit,
3395 5106 3753 5177 epitaphium
3777 5106 3866 5160 in-

2167 5180 2256 5229 ter
2284 5176 2604 5229 Christiana
2634 5176 3010 5244 monimenta,
3046 5177 3208 5246 cujus
3237 5176 3345 5231 hoc
3379 5176 3464 5231 est
3493 5176 3725 5233 initium
3753 5195 3765 5232 :

2295 5264 2430 5328 Heicr
2452 5265 2626 5313 Levita
2649 5264 2791 5327 jacet
2811 5265 3122 5328 Dionysius,
3154 5265 3279 5314 artis
3300 5266 3536 5316 honesta:

2415 5326 2721 5376 Functus’et
2740 5326 2931 5385 ofﬁcio,
2958 5326 3099 5390 quod
3134 5328 3397 5377 medicina
3418 5330 3577 5379 dedit.

2239 5403 2262 5439 ³
2294 5406 2427 5481 Quae
2471 5422 2521 5481 a_
2556 5423 2642 5460 me
2672 5406 2885 5481 directa
2913 5407 3066 5481 sunt]
3102 5407 3568 5481 Epithalamium,
3603 5410 3815 5481 opinor
3852 5429 3863 5467 :

2167 5477 2327 5552 quod
2383 5478 2636 5552 Maximo
2684 5478 2961 5548 scriptum
3008 5479 3067 5552 in
3123 5477 3374 5551 antiquis
3435 5477 3867 5552 exemplaribus

2167 5547 2463 5623 proxima;
2495 5549 2565 5603 ad
2604 5547 2907 5623 ‘Aratorem
2941 5550 3200 5623 epistola
3240 5547 3354 5623 qua
3396 5552 3559 5606 illum
3591 5547 3661 5607 ad
3705 5553 3866 5609 idem

2167 5622 2576 5692 argumentum
2603 5621 2866 5692 hortatur
2896 5622 3101 5692 subjici
3132 5621 3310 5679 solet:
3337 5639 3442 5680 nos
3470 5624 3621 5680 inter
3649 5630 3864 5682 caetera

2169 5691 2407 5748 Ennodii
2432 5691 2720 5763 poematia
2744 5691 3066 5765 rejecimus.
