4102 6182
218 278 305 329 I37
1532 280 2013 339 EPISTOLARUM
2057 286 2182 339 LIB.
2227 287 2368 340 VIII.

825 416 1153 471 EPISTOLA
1191 417 1273 470 XI.

715 521 1037 559 ENNODIUS
1084 520 1391 559 ARATORI.

268 594 437 645 Miror
470 610 572 646 cur
620 596 959 648 devenustes
990 594 1145 663 turpi
1193 594 1419 647 silentio
1469 594 1536 647 ad
1575 596 1893 649 Romanum

210 680 464 733 decorent
496 683 669 752 politi
695 684 752 736 in
775 688 829 736 te
859 683 1011 736 bona
1040 682 1335 753 colloquii,
1367 688 1422 736 et
1447 688 1668 737 coactas
1710 685 1893 737 multo

213 770 407 821 sudore
441 770 670 823 divitias
722 771 947 840 fugiens
977 771 1464 841 dispensationem
1509 771 1896 827 taciturnitate

215 874 527 912 consumas.
580 860 871 930 Quidquid
910 860 1098 929 dignis
1129 861 1401 914 collatum
1432 860 1622 926 fuerit,
1667 861 1804 915 dum
1837 863 1896 915 in

218 963 308 999 usu
334 953 442 1012 est,
470 954 639 1002 ornat
668 955 962 1003 auctorem
988 966 999 1003 :
1024 949 1387 1019 ingeniorum
1418 949 1766 1019 elegantiam
1798 951 1898 1021 qui

210 1038 512 1101 concludit,
565 1042 863 1106 extenuat,
912 1054 1061 1092 unus
1111 1054 1269 1092 error
1317 1042 1419 1102 est,
1456 1038 1686 1109 prodire
1738 1039 1900 1093 rusti-

210 1130 441 1192 cantem,
480 1132 536 1180 et
586 1128 822 1197 dignum
866 1128 1050 1180 laudis
1084 1128 1302 1181 honore
1343 1128 1693 1181 delitescere.
1742 1130 1897 1182 Nun-

214 1215 333 1282 quid
368 1214 785 1282 noghabuisti
818 1215 991 1283 digna
1034 1221 1378 1281 memoratu,
1413 1222 1510 1269 aut
1541 1232 1647 1286 ego
1678 1216 1781 1271 tibi
1808 1216 1894 1269 vi-

209 1320 289 1355 sus
320 1320 452 1356 sum
484 1321 599 1357 non
631 1305 903 1358 colendus
936 1305 1206 1375 eloquio?
1227 1306 1354 1358 Fuit
1384 1306 1693 1376 aliquando
1721 1311 1896 1359 mate-

211 1393 297 1457 ria,
340 1409 473 1462 qum
522 1393 601 1445 sic
648 1394 909 1447 omnium
949 1394 1160 1463 linguis
1206 1398 1263 1448 et
1308 1394 1512 1447 litteris
1556 1394 1897 1448 celebranda

208 1484 287 1545 sit,
334 1482 573 1552 quando
608 1483 675 1535 ad
724 1484 1037 1552 nuptialem
1068 1485 1332 1553 copulam
1382 1484 1690 1553 perductus
1723 1484 1894 1537 homo

206 1578 300 1635 est,
337 1572 429 1623 cui
463 1587 595 1624 cum
627 1588 836 1641 magna
868 1572 939 1625 sit
971 1574 1063 1625 lux
1096 1572 1398 1638 natalium,
1434 1572 1781 1626 abandantia
1813 1574 1896 1627 fa-

211 1662 505 1721 cultatum,
543 1661 848 1730 disciplina
892 1672 945 1714 et
973 1663 1160 1731 pudor
1207 1663 1891 1733 utrumque-transgredi-

205 1750 323 1801 tur?
348 1750 452 1820 qui
490 1750 625 1803 vitia
658 1750 844 1803 carnis
872 1751 1162 1820 abjurans,
1188 1767 1291 1820 pro
1322 1751 1717 1805 blandimento
1740 1751 1894 1821 turpi

206 1839 509 1908 respuebat
556 1839 837 1910 quidquid
887 1839 1041 1909 leges
1092 1840 1298 1894 dedere
1328 1857 1433 1910 pro
1480 1841 1785 1895 remedio:
1840 1846 1897 1894 et

209 1929 397 1981 nolens
450 1929 651 1981 uxoris
685 1945 893 1998 corpus
942 1930 1217 1997 deputare
1259 1928 1523 1994 servitiis,
1560 1929 1785 1999 putavit
1837 1945 1894 1982 se

208 2017 483 2083 addicere,
537 2017 584 2070 si
631 2016 948 2088 quidquam
1001 2018 1214 2071 mundo
1247 2018 1604 2088 impenderet
1654 2018 1893 2071 liberam

202 2106 559 2159 castitatem?
614 2108 741 2161 Haec
774 2110 831 2159 et
876 2106 921 2159 si
951 2123 1065 2159 non
1098 2106 1310 2176 diligis,
1344 2106 1516 2161 debes
1549 2112 1741 2160 tamen
1785 2122 1890 2176 pro

205 2194 405 2264 ingenii
440 2196 528 2248 tui
576 2195 953 2249 ostentatione
1003 2195 1253 2249 laudare.
1304 2198 1608 2250 Possumus
1655 2196 1887 2249 credere

203 2288 248 2335 te
274 2284 493 2336 bonum
528 2284 675 2347 ﬁeri,
713 2283 755 2336 si
803 2284 1102 2337 audiamus
1137 2300 1263 2354 qum
1304 2270 1717 2339 lionesta‘sunt
1749 2301 1891 2355 pra).-

205 2372 503 2425 dicantem.
556 2372 716 2425 Nunc
760 2374 1002 2426 salutem
1034 2374 1417 2443 largissimam
1450 2374 1664 2441 dicens,
1699 2379 1762 2428 ut
1808 2390 1891 2428 re-

208 2462 409 2513 scribas
442 2461 760 2514 admoneo:
788 2465 843 2514 et
865 2478 981 2515 non
1002 2478 1091 2515 me
1110 2463 1177 2515 de
1199 2462 1439 2531 epistola
1462 2479 1586 2516 mea
1609 2462 1888 2531 aestimes;

200 2564 388 2618 quam,
442 2550 592 2602 Dens
638 2550 795 2602 testis
826 2555 929 2616 est,
978 2550 1115 2604 dum
1147 2550 1216 2604 de
1265 2551 1499 2605 basilica
1546 2566 1886 2618 remearem,

210 2638 628 2692 transcursione
659 2639 886 2693 dictavi.

801 2728 1134 2784 EPISTULA
1172 2730 1283 2785 XII.

746 2834 1072 2873 ENNODICS
1120 2834 1341 2873 FLORO.

259 2905 379 2969 Qua
412 2906 482 2959 de
521 2905 883 2960 devinctione
915 2912 1161 2975 teneam,
1188 2924 1299 2978 qua
1324 2907 1622 2978 diligentia
1643 2908 1890 2978 comple-

201 2998 328 3055 ctar,
353 3012 423 3048 ex
458 2995 639 3048 animi
667 2996 752 3048 tui
781 3002 941 3066 potes
974 2997 1248 3066 qualitate
1282 2997 1572 3066 colligere.
1609 2998 1709 3050 Vix
1732 2997 1887 3051 enim

3616 302 3712 354 I38

1928 423 1973 472 A
2008 421 2367 493 diligentiam
2430 428 2675 480 vestram
2739 431 2824 481 est
2876 433 2995 484 tota
3040 431 3361 489 intentione
3427 438 3702 507 captivus.

2010 511 2150 580 Ergo
2181 513 2539 567 salutationis
2586 516 3084 574 honoriﬁcentiam
3135 522 3326 577 debita
3376 523 3704 581 humilitate

2006 601 2359 668 persolvens,
2411 603 2553 657 nihil
2585 606 2897 661 valetudini
2931 625 3069 663 mete.
3113 612 3183 665 de
3228 612 3449 667 itineris
3481 614 3702 670 confra-

2007 688 2193 743 ctione
2226 690 2416 744 indico
2449 693 2773 749 decessisse.
2811 698 2943 751 Ecce
2975 715 3090 769 qua
3132 701 3579 758 sollicitudinem
3608 722 3704 759 ve-

2006 784 2182 832 stram
2226 780 2462 850 benigni
2502 784 2668 837 studii
2714 801 2849 839 cura
2890 804 3229 844 remunerer
3268 808 3281 844 :
3334 792 3500 847 facite
3548 796 3703 864 quod

2008 867 2283 936 scriptum
2329 875 2429 934 est,
2478 878 2709 941 accepta
2756 876 3146 943 restituentes,
3198 880 3266 935 de
3306 883 3706 953 prosperitatis

2007 962 2208 1010 vestrae
2236 973 2326 1012 me
2362 958 2777 1029 signiﬁcatione
2813 966 3109 1033 gratulari.

2604 1051 2933 1106 EPISTOLA
2974 1054 3107 1109 XIV.

2539 1153 2863 1195 ENNODIUS
2913 1157 3178 1198 FAUSTO.

2075 1221 2343 1278 Tacerem
2393 1226 2681 1280 molestias
2730 1244 2907 1295 meas,
2944 1230 3053 1283 nisi
3098 1232 3506 1291 intellexissem
3549 1241 3701 1309 quod

2008 1309 2328 1366 sollicitudo
2360 1320 2544 1368 vestra
2576 1333 2665 1370 me
2697 1318 2973 1372 sublevat.
3010 1320 3151 1375 Nam
3174 1323 3308 1377 dum
3340 1330 3698 1396 cognoscitis,

2008 1416 2179 1469 quam
2211 1402 2382 1456 variis
2406 1404 2733 1460 morborum
2761 1407 2974 1477 fatigor
3003 1408 3404 1480 incommodis,
3429 1432 3533 1486 pro
3572 1434 3703 1487 pec-

2007 1491 2144 1543 catis
2176 1492 2318 1545 meis
2362 1494 2620 1548 febribus
2654 1498 2985 1567 frequenter
3015 1500 3269 1566 addicor,
3300 1508 3355 1555 et
3385 1505 3531 1557 vires
3572 1523 3701 1577 quae

2006 1579 2347 1635 videbantur
2377 1585 2678 1649 restitutas,
2722 1586 3092 1656 franguntur.
3126 1590 3273 1661 Ergo
3302 1608 3401 1646 vos
3445 1596 3703 1649 remedia

2007 1676 2277 1723 consueta
2306 1678 2596 1741 praestate,
2622 1680 2675 1727 et
2694 1691 2863 1730 usum
2894 1676 3058 1731 illum
3082 1685 3289 1734 sanctae
3311 1684 3698 1737 conversatio-

2006 1759 2095 1811 nis
2132 1758 2449 1829 impendite
2476 1779 2488 1816 :
2515 1768 2579 1816 ut
2600 1764 2883 1834 quidquid
2915 1767 3201 1822 medicina
3231 1773 3564 1825 mortalium
3586 1790 3700 1828 non

2005 1849 2175 1916 valet,
2204 1849 2346 1904 fusis
2377 1852 2449 1905 ad
2482 1853 2660 1907 Deum
2690 1859 2951 1908 nostrum
2982 1857 3250 1925 precibus
3282 1858 3623 1931 impetretis.

2612 1943 2945 1998 EI’ISTOLA
2987 1946 3089 1999 XV.

2540 2044 3154 2089 ENNODIUSEDASHL

2074 2117 2217 2169 Ante
2261 2118 2718 2187 experimentum
2766 2120 3085 2176 amicorum
3128 2122 3269 2178 ﬁdes
3300 2124 3522 2179 occulta
3566 2129 3694 2180 est:

2002 2211 2307 2274 postquam
2342 2206 2401 2259 in
2425 2207 2611 2261 lucem
2640 2210 2996 2279 processerit,
3031 2228 3232 2265 eorum
3255 2213 3355 2283 qui
3376 2213 3593 2285 aliquid
3615 2232 3697 2268 sa-

2003 2294 2159 2361 poris
2189 2294 2514 2363 habuerint,
2562 2296 2669 2350 sibi
2710 2302 2928 2352 mentes
2961 2299 3194 2369 obligat.
3230 2301 3324 2354 Est
3354 2306 3546 2355 tamen
3580 2304 3696 2357 mi—

2002 2402 2109 2439 nus
2162 2385 2341 2439 libera
2374 2387 2633 2453 servitus,
2684 2404 2811 2458 quae
2854 2389 2997 2442 caris
3034 2390 3352 2445 exhibetur.
3406 2392 3697 2447 Conﬁteor

2002 2472 2387 2542 magnitudini
2418 2478 2565 2527 tuae:
2605 2474 2818 2530 latebat
2846 2493 2937 2530 me
2971 2483 3101 2531 ante
3134 2480 3473 2534 relationem
3508 2482 3693 2535 homi-

2001 2560 2090 2614 nis
2124 2562 2257 2628 mei,
2290 2561 2430 2631 quid
2465 2562 2523 2614 in
2572 2562 2924 2618 sublimitate.
2956 2570 3074 2631 tua,
3109 2571 3165 2620 et
3213 2569 3434 2638 saporis
3465 2572 3519 2621 et
3559 2586 3694 2639 gra-

2002 2652 2121 2719 tite,
2169 2651 2272 2705 sub
2302 2650 2479 2704 nobili
2518 2652 2842 2708 humilitate
2875 2656 3267 2712 delitesceret:
3302 2659 3471 2713 didici
3502 2660 3697 2714 homi—

2000 2755 2157 2805 nem,
2185 2739 2498 2810 quicanam
2521 2740 2579 2794 in
2604 2742 2714 2795 ﬁde
2748 2743 3186 2812 beatitudinem,
3219 2748 3353 2801 dum
3378 2748 3695 2802 amicorum

2004 2829 2325 2883 absentiam
2382 2829 2530 2883 bene
2588 2834 2812 2900 tractat,
2862 2838 3188 2902 exsuperat.
3244 2836 3412 2888 Plura
3457 2836 3694 2906 quidem

2001 2916 2296 2971 discedens
2345 2917 2731 2988 promiseras:
2788 2920 2885 2973 sed
2932 2919 3003 2973 ad
3052 2920 3287 2990 genium
3330 2922 3691 2976 conscientia:

1998 3010 2111 3059 tuae
2143 3005 2361 3075 majora
2389 3004 2725 3075 praestitisti.
2761 3006 2989 3060 Domini
3018 3007 3121 3073 ﬁli,
3153 3006 3510 3062 salutationis
3544 3009 3692 3063 eﬁ'u-

194 3086 364 3137 amari
400 3086 721 3154 continget,
757 3086 871 3138 nisi
904 3102 1043 3156 quos
1076 3086 1372 3140 sinceriter
1394 3103 1586 3141 amare
1609 3089 1885 3141 constite-
1926 3086 1965 3139 C
2000 3094 2235 3148 sissing
2274 3109 2482 3146 munus
2512 3093 2863 3164 impartiens,
2910 3111 3017 3166 ago
3050 3100 3223 3166 atque
3262 3097 3443 3151 habeo
3472 3098 3693 3151 insufﬂ-

194 3174 276 3225 rit.
329 3175 719 3245 Cungreditur
768 3174 916 3228 inter
962 3193 1019 3228 se
1050 3177 1291 3229 caelestis
1329 3177 1494 3246 vigor
1541 3176 1887 3246 animarum,

194 3269 243 3315 et
286 3264 478 3316 studia
529 3280 634 3316 sua
678 3264 853 3317 mutis
902 3264 1012 3317 sibi
1056 3265 1257 3335 pandit
1301 3264 1601 3319 affatibus;
1656 3270 1711 3319 et
1758 3266 1888 3320 ideo

192 3352 647 3406 vicissitudinem
672 3354 813 3407 mihi
835 3353 1074 3407 reddere
1103 3353 1377 3425 disponis.
1406 3356 1418 3388 ί
1449 3355 1651 3409 Insiste
1678 3355 1890 3409 domno

195 3445 249 3493 ut
295 3442 701 3495 suburbanum
745 3442 910 3510 illud,
943 3443 987 3495 si
1020 3443 1310 3513 dignatur,
1350 3444 1481 3498 dato
1510 3461 1543 3497 a
1575 3461 1664 3498 me
1696 3446 1881 3514 pretio

188 3531 506 3601 comparari
543 3531 746 3601 jubeat
784 3532 941 3602 quod
987 3531 1121 3585 dum
1154 3532 1215 3585 in
1271 3532 1499 3603 Liguria
1530 3534 1711 3600 fuero,
1763 3534 1888 3588 feli-

190 3620 321 3674 citer
364 3621 681 3690 habebam,
730 3625 785 3674 et
830 3626 959 3691 post
1002 3622 1219 3675 obitum
1268 3638 1459 3675 meum
1516 3622 1634 3693 ipse
1686 3624 1889 3694 suique

186 3712 533 3778 possideant.
571 3710 707 3765 Mihi
736 3715 930 3763 tamen
963 3714 1094 3781 post
1132 3712 1333 3774 Deum,
1380 3712 1723 3778 libertatem,
1758 3713 1889 3767 sub-

187 3802 451 3853 stantiam
483 3801 710 3854 videtur
760 3800 881 3870 ipse
928 3800 1209 3865 conferre,
1252 3801 1299 3853 si
1333 3802 1439 3855 hoc
1487 3802 1753 3855 beneﬁcii
1784 3818 1887 3871 per

186 3885 367 3954 ipsum
425 3888 593 3940 fuero
625 3894 985 3940 consecutus.
1021 3888 1128 3942 Sed
1173 3889 1252 3941 sic
1292 3889 1410 3942 ﬁlia
1442 3894 1539 3943 tua
1571 3890 1758 3956 vivat;
1810 3889 1886 3943 sic

184 3976 245 4025 de
276 3977 373 4028 illa
416 3980 623 4046 quales
672 3981 835 4046 optas
875 3975 1028 4030 ﬁlios
1078 3981 1300 4045 teneas;
1338 3978 1415 4031 sic
1458 3979 1605 4032 Deus
1636 3977 1888 4032 animam

183 4069 336 4116 tuam
374 4066 595 4117 sanctis
626 4066 741 4118 suis
783 4065 953 4119 faciat
999 4067 1308 4136 comquari,
1351 4072 1405 4119 et
1435 4067 1608 4120 frater
1640 4070 1774 4120 tuus
1804 4067 1885 4121 vi-

186 4156 293 4215 vat,
324 4159 391 4206 ut
424 4152 661 4206 insistas
699 4154 1053 4223 suppliciter,
1096 4154 1451 4224 importune,
1484 4161 1767 4226 quatenus
1819 4157 1888 4211 ad

182 4242 457 4296 etfectum
490 4241 831 4312 petitionem
874 4258 1065 4296 meam
1096 4244 1392 4313 perducas.
1428 4245 1649 4315 Cogites
1680 4247 1885 4315 Deum,

180 4333 391 4401 cogites
445 4331 815 4386 necessitates
862 4349 1048 4398 meas;
1083 4334 1219 4403 quia
1266 4333 1409 4386 nihil
1458 4339 1542 4387 est
1571 4335 1723 4405 quod
1784 4352 1885 4405 po-

2001 3184 2211 3236 cientes
2258 3181 2471 3252 gratias
2501 3182 2569 3236 de
2616 3183 2705 3237 his
2748 3200 2877 3253 qua:
2914 3184 3057 3238 mihi
3104 3185 3163 3238 in
3191 3185 3377 3255 prima
3407 3191 3428 3221 ³
3474 3187 3695 3256 potitiaa

1999 3272 2186 3325 fronte
2212 3273 2420 3325 collata
2451 3275 2599 3325 sunt.
2642 3271 2805 3335 Quod
2838 3277 3032 3339 restat,
3062 3273 3336 3343 deprecor
3374 3279 3439 3328 ut
3468 3276 3696 3329 residua

1999 3362 2099 3415 illa
2144 3362 2431 3432 mancipia
2478 3362 2661 3415 teneri
2699 3362 2819 3431 jam
2873 3362 3064 3415 facias.
3117 3364 3256 3417 Ecce
3310 3364 3576 3419 ﬁduciam
3624 3368 3694 3421 de

1998 3448 2164 3501 bonis
2193 3449 2653 3518 praecedentibus
2681 3449 3121 3504 descendentem
3146 3467 3159 3504 :
3195 3451 3296 3521 qui
3326 3458 3459 3505 ante
3496 3454 3694 3523 ignoto

1995 3551 2194 3606 preces
2239 3536 2532 3591 metuebat
2562 3535 2787 3603 otferre,
2817 3536 2938 3605 jam
2986 3554 3100 3591 non
3138 3537 3362 3593 dubitat
3391 3538 3691 3611 imperare.

2592 3626 2925 3679 EPISTOLA
2960 3627 3095 3680 XVI.

2461 3729 2784 3769 armemus
2824 3713 2847 3747 ’⁸
2891 3730 3228 3770 manus.

2067 3802 2194 3855 Non
2221 3818 2327 3871 ego
2357 3803 2534 3856 debiti
2558 3803 2863 3856 immemor
2883 3803 2953 3857 ab
2972 3804 3173 3857 ofﬁciis
3207 3806 3554 3876 temperavi;
3588 3824 3693 3861 nec

1997 3889 2304 3944 constituta
2334 3890 2655 3961 despiciens
2688 3891 3087 3962 garrulitatem
3109 3908 3299 3947 meam
3328 3894 3397 3948 ab
3430 3894 3694 3966 obsequii

1998 3978 2347 4032 exhibitione
2380 3979 2673 4050 suspendi.
2718 3979 2826 4033 Sed
2857 3984 3162 4051 postquam
3193 3981 3265 4035 ab
3295 3981 3437 4037 urbe
3470 3999 3691 4054 regress

1996 4083 2090 4120 sus
2136 4083 2285 4132 sum,
2336 4068 2611 4121 continuo
2653 4084 2744 4122 me
2775 4068 2949 4121 variae
2994 4069 3385 4141 aegritudines,
3434 4076 3491 4125 et
3522 4072 3695 4142 quid-

1999 4155 2140 4225 quid
2170 4155 2239 4209 ad
2280 4160 2523 4209 mortem
2570 4161 2755 4223 vocat,
2789 4158 3040 4213 arctavit.
3095 4159 3244 4215 Vere
3288 4159 3499 4212 domna
3543 4176 3687 4229 mea,

1996 4244 2074 4297 sic
2099 4243 2261 4297 vobis
2291 4242 2607 4314 vestrisque
2638 4244 2771 4298 laata
2802 4245 3158 4317 contingant,
3183 4246 3315 4316 quia
3337 4246 3408 4299 ad
3438 4247 3694 4301 testimo-

1995 4333 2158 4387 nium
2206 4332 2415 4387 veteris
2445 4332 2702 4403 mysterii
2748 4332 3006 4388 Christus
3035 4337 3228 4387 noster
3254 4335 3465 4388 iterum
3495 4350 3693 4404 quam-

182 4422 357 4476 tentia
406 4421 622 4491 ipsius,
659 4422 811 4492 quod
857 4421 1091 4475 aﬁ‘ectus
1137 4421 1287 4476 circa
1330 4438 1419 4476 me
1470 4422 1657 4493 majus
1701 4426 1883 4494 possit
1920 4421 1963 4473 Ι)
1994 4420 2078 4473 vis
2102 4425 2479 4490 peccatorem,
2513 4437 2616 4475 nec
2647 4426 2710 4476 ut
2742 4422 2907 4476 illum
2934 4422 3034 4494 qui
3066 4421 3281 4476 amicus
3314 4422 3425 4475 dici
3458 4425 3691 4492 meruit,

181 4517 484 4579 praestare.

780 4599 1119 4655 EPISTOLA
1156 4600 1297 4654 XIII.

415 4704 752 4744 RNNODIUS
800 4704 1171 4744 ΑυηειιΑΝο
1217 4703 1659 4745 PRESBYTERO.

242 4779 635 4835 Aﬁ'ectionem
657 4778 927 4845 mentior,
961 4778 1009 4832 si
1034 4778 1056 4810 ³
1087 4778 1372 4833 vobiscum
1409 4779 1736 4850 digrediens
1766 4796 1882 4835 non

181 4870 454 4937 remansi,
509 4873 567 4922 et
602 4867 1020 4921 beatitudinem
1064 4870 1309 4921 vestram
1351 4884 1577 4921 mecum
1626 4868 1885 4938 quamvis

182 4958 422 5011 locatam
479 4958 542 5010 in
592 4956 859 5021 statione,
893 4972 1005 5009 non
1040 4956 1251 5010 detuli:
1304 4961 1361 5010 et
1389 4956 1525 5027 quia
1555 4956 1781 5010 animus
1826 4958 1884 5011 in

182 5064 285 5115 me,
318 5053 385 5100 ut
425 5047 490 5100 in
529 5044 773 5113 caeteris,
810 5044 1130 5114 imperator
1159 5047 1245 5096 est
1275 5042 1552 5113 corporis,
1584 5042 1704 5112 ipse
1740 5042 1884 5096 circa

242 5188 264 5222 ³
296 5188 525 5243 Insiste
578 5187 805 5258 domno]
858 5188 1063 5258 Fausto
1115 5185 1386 5256 prazfecto
1431 5184 1746 5258 praetorio:
1816 5184 1888 5237 ad

179 5276 347 5329 quem
373 5261 549 5331 epist.
578 5263 640 5313 19
665 5258 742 5312 ita
768 5256 969 5331 scribit
994 5274 1006 5311 :
1029 5259 1230 5331 Spero,
1256 5260 1322 5311 ut
1346 5256 1679 5331 petitionem
1701 5272 1888 5309 meam

176 5327 344 5401 quam
359 5327 475 5401 per
489 5329 881 5401 confamulum
902 5327 1091 5401 meum
1099 5329 1369 5401 fratrem
1383 5328 1618 5401 Florum
1634 5327 1891 5401 destina-

172 5399 242 5468 ri,
262 5399 455 5458 solita
479 5400 833 5469 benignitate
847 5400 1182 5472 dignemini.
1206 5401 1317 5453 Nec
1338 5415 1466 5469 spes
1492 5399 1699 5472 fefellit
1724 5414 1736 5451 :
1758 5414 1890 5452 nam

179 5476 464 5541 obtinuit,
498 5480 563 5527 ut
593 5470 1181 5543 ostendentﬁepistolae
1213 5475 1365 5543 eret
1395 5473 1463 5524 2'2
1493 5470 1590 5543 lib.
1625 5486 1697 5543 ix.

240 5551 262 5582 ³
312 5540 643 5619 Vobiscum
661 5540 1003 5619 digrediens
1042 5542 1316 5619 remansi]
1368 5540 1778 5619 Ruriciusulib.
1808 5556 1890 5619 _ii,

176 5619 342 5688 epist.
378 5622 498 5693 Iac
519 5618 550 5668 9
579 5634 591 5670 :
614 5610 773 5671 Nam
794 5618 1099 5693 postquam
1120 5631 1155 5668 a
1173 5610 1365 5693 vestra
1384 5614 1769 5693 germanitate
1787 5610 1895 5665 dis-

176 5684 337 5757 céssi,
359 5688 621 5743 divisum
645 5704 765 5743 esse
783 5684 875 5741 ine
895 5684 1100 5753 sentio,
1121 5684 1457 5757 partemque
1471 5684 1583 5739 mei
1601 5684 1893 5739 vobiscum

553 5787 833 5852 Parnm"
877 5786 1096 5851 LXIII.

1994 4509 2093 4563 sed
2138 4525 2335 4564 rursus
2383 4508 2603 4564 vocavit
2636 4512 2913 4565 Lazarum
2948 4510 3017 4564 de
3066 4509 3327 4580 sepulcro
3361 4510 3559 4579 (Joan.
3612 4529 3689 4581 x1,

1998 4600 2107 4667 Η).
2129 4600 2218 4653 Est
2249 4598 2382 4653 facti
2413 4599 2601 4653 unitas
2635 4599 2695 4653 in
2718 4597 2986 4653 distantia
3012 4613 3413 4669 personarum:
3445 4606 3502 4655 et
3538 4618 3693 4657 nunc

1993 4686 2240 4755 amplior
2270 4687 2609 4756 magnitudo
2644 4686 2821 4740 divini
2852 4687 3063 4757 operis,
3098 4686 3234 4757 quia
3264 4688 3419 4758 quod
3452 4690 3545 4744 ille
3577 4706 3695 4745 me-

1992 4775 2127 4841 ruit,
2170 4776 2311 4829 mihi
2347 4777 2513 4829 cessit
2556 4775 2829 4829 indebite.
2884 4776 3015 4830 Haec
3047 4792 3218 4830 causa
3267 4792 3358 4830 me
3406 4778 3475 4833 ab
3519 4781 3692 4835 ofﬁcii

1992 4864 2453 4934 promulgatione
2503 4863 2803 4916 revocavit.
2839 4864 3149 4934 Postquam
3176 4866 3369 4917 tamen
3402 4864 3472 4918 ad
3517 4866 3691 4920 vitam

1994 4952 2262 5005 reductus
2288 4967 2435 5015 sum,
2461 4953 2734 5004 continuo
2756 4966 2849 5003 me
2880 4950 2951 5003 ad
2981 4950 3210 5005 servitia
3230 4952 3392 5005 vobis
3422 4952 3692 5007 solvenda

1994 5040 2248 5093 converti
2282 5056 2295 5105 ;
2327 5055 2537 5109 rogans
2576 5040 2779 5105 Deum,
2816 5043 2881 5092 ut
2927 5055 3025 5093 vos
3061 5044 3389 5112 vestrosque
3440 5057 3691 5112 superno

1992 5180 2269 5255 resedisse
2304 5195 2596 5255 cognosco.
2627 5180 2755 5255 Nec
2792 5179 3121 5255 absentibus
3148 5182 3300 5237 vobis
3330 5182 3551 5255 integer
3571 5202 3694 5240 esse

1994 5251 2138 5325 mihi
2154 5252 2365 5305 videor:
2380 5254 2432 5304 et
2447 5266 2573 5325 cum
2586 5268 2675 5325 me
2691 5251 2751 5305 in
2770 5269 2861 5305 me
2879 5269 2994 5325 non
3005 5252 3290 5308 inveniam
3302 5297 3315 5319 ,
3329 5251 3489 5325 apud
3506 5272 3598 5310 vos
3610 5274 3695 5311 me

1995 5324 2071 5375 ad
2082 5339 2177 5376 vos
2193 5322 2705 5393 reversusinquiro:
2722 5323 3112 5393 atqueibidem
3124 5322 3402 5394 quantum,
3417 5327 3528 5379 mei
3541 5328 3695 5382 vobis

1998 5394 2317 5470 reliquisse,
2348 5397 2569 5470 tantum
2594 5394 2765 5470 vestri
2785 5396 3359 5470 mecum_abs_tulisse,
3385 5404 3690 5470 conspicio.

2070 5466 2091 5499 ³
2126 5464 2365 5534 Potitia]
2402 5466 2562 5519 Fabri
2604 5466 2765 5533 liber,
2796 5467 3082 5535 potentias,
3129 5468 3454 5522 Basiliensis
3496 5464 3691 5537 editio,

2038 5538 2273 5591 ueritiae.

1994 5554 2413 5679 pugﬁgfbarw]
2454 5606 2788 5679 Cujusrcum
2818 5608 2988 5679 laude
3016 5608 3231 5663 mentio
3258 5624 3350 5679 ep.
3389 5613 3479 5678 29,
3523 5612 3564 5670 I.
3596 5630 3693 5679 vn,

2001 5680 2074 5735 ad
2105 5696 2278 5751 quam
2310 5678 2519 5733 iterum
2548 5678 2758 5733 scribet
2785 5678 2954 5749 epist.
2990 5680 3079 5734 27.

3256 5784 3295 5840 5
