4102 6182
378 328 478 382 139
1575 328 1861 385 ENNODII
1903 328 2217 386 EPlSCOPI
2258 333 2650 390 TICINENSIS

3774 343 3877 397 140

374 461 604 515 tueatur
646 455 876 512 auxilio.
928 456 1207 513 Promitto
1255 457 1397 512 mihi
1442 458 1617 513 etiam
1666 464 1722 514 et
1772 460 2069 516 desideriis
2104 466 2152 516 A
2178 479 2395 533 penso:
2432 470 2625 519 tamen
2655 481 2788 536 pars
2818 466 2926 522 ista
2963 466 3054 521 cui
3087 468 3458 539 impenditur,
3496 471 3608 526 nisi
3641 488 3875 544 respon-

375 548 519 602 meis
558 546 714 619 quod
744 563 875 601 cum
921 546 1191 601 felicitate
1221 550 1405 600 vestra
1433 551 1489 600 et
1518 546 1749 617 gaudio,
1786 548 1858 603 ad
1886 550 2064 603 comi-

374 643 622 691 tatenses
652 635 937 701 excubias,
972 650 1100 704 quae
1134 632 1290 686 vobis
1330 633 1474 689 meis
1503 634 1828 702 satisfaciat,
1875 636 2064 707 digni-

374 730 458 779 tas
492 725 697 794 adepta
741 740 838 778 vos
869 726 1084 777 evocet.
1135 720 1279 787 Noli,
1314 722 1546 788 domna,
1581 722 1715 777 huic
1761 728 1816 777 te
1858 723 2061 791 labori,

374 812 510 867 huic
537 811 696 866 oneri
729 811 1085 864 submovere.
1120 807 1357 863 Videant
1390 809 1543 865 bona
1572 811 1843 866 Romanae
1870 812 2062 867 civita-

368 901 439 953 tis
470 898 801 970 provinciae,
848 902 906 951 et
952 913 1082 967 quae
1114 898 1346 953 monitis
1376 898 1468 953 vix
1507 900 1910 968 instituuntur,
1962 917 2065 973 per

368 989 520 1043 bona
551 1005 677 1059 qua:
711 986 870 1040 vobis
902 987 1051 1039 Deus
1094 988 1354 1053 contulit,
1394 988 1717 1043 formentur
1765 990 2059 1061 exemplis.

367 1078 527 1147 Rogo
560 1083 774 1143 tamen,
819 1074 1142 1129 reverentia
1173 1075 1529 1129 salutationis
1566 1077 1838 1143 exhibita,
1872 1082 1936 1131 ut
1965 1094 2061 1132 ex-

368 1165 781 1235 spoctatissimo
813 1180 906 1219 me
932 1162 1193 1217 relevetis
1220 1163 1471 1234 alloquio
1496 1184 1507 1218 :
1554 1166 1652 1220 sed
1680 1182 1783 1219 nec
1814 1166 2063 1220 alterum

372 1252 589 1308 dictare
607 1251 932 1323 patiamini,
964 1268 1094 1322 quae
1122 1250 1194 1304 ad
1215 1267 1306 1304 me
1336 1250 1591 1306 scribetis
1617 1268 1630 1307 :
1655 1252 1734 1307 sic
1761 1268 2062 1325 nunquam

368 1342 437 1396 ab
471 1342 880 1414 impetratione
910 1340 1093 1395 oratio
1124 1346 1308 1395 vestra
1339 1341 1608 1410 pellatur.

950 1428 1287 1483 EPISTOLA
1323 1429 1483 1483 XVII.

796 1532 1120 1573 ENNODIUS
1162 1520 1179 1553 ¹
1224 1530 1630 1572 ετεΡΗΑΝιιΕ.
2034 1592 2039 1597 ι

437 1606 614 1661 Credo
644 1622 742 1661 vos
772 1610 829 1659 et
857 1606 1190 1675 ignorantes
1217 1605 1361 1659 meis
1390 1604 1659 1676 periculis
1686 1604 2054 1660 subvenisse:

364 1701 463 1751 aut
484 1711 661 1766 quare
684 1694 968 1748 conﬁdam
985 1693 1203 1747 nescire
1226 1693 1560 1763 quidquam,
1586 1710 1730 1765 quos
1746 1709 1852 1764 per
1875 1694 2057 1748 Deum

364 1783 648 1853 contingit
692 1782 960 1837 universa
992 1781 1391 1851 praenoscere?
1430 1781 1742 1850 Postquam
1791 1780 1945 1834 enim
1988 1781 2059 1835 ab

363 1872 503 1926 urbe
544 1869 709 1937 redii,
741 1876 1008 1941 reparata
1038 1874 1173 1923 sunt
1204 1868 1266 1921 in
1299 1885 1389 1922 me
1420 1868 1612 1922 divina
1644 1870 1949 1940 mysteria:
2004 1875 2061 1925 et

364 1961 520 2031 quod
550 1966 815 2014 senuerat
846 1959 1222 2029 temporibus,
1254 1958 1493 2013 novellis
1523 1959 1835 2013 resurrexit
1858 1975 2060 2013 exem-

360 2049 492 2119 plis.
545 2050 757 2103 lterum
788 2054 1020 2103 vocatus
1057 2052 1140 2102 est
1178 2048 1423 2101 Lazarus
1472 2047 1541 2101 de
1590 2048 1890 2117 sepulcro:
1942 2064 2059 2101 non

363 2138 596 2209 quidem
634 2138 788 2192 illius
818 2155 923 2209 par
955 2137 1162 2191 merito
1195 2137 1294 2207 qui
1324 2138 1492 2192 amici
1524 2138 1924 2208 Redemptoris
1955 2152 2059 2190 no-

363 2242 495 2280 men
524 2227 792 2293 emeruit,
838 2228 937 2281 sed
981 2226 1041 2279 in
1080 2226 1406 2280 diversitate
1439 2231 1670 2279 actuum
1713 2226 1884 2280 unius
1917 2241 2056 2279 con-

363 2314 517 2368 venit
547 2316 733 2369 forma
761 2314 1043 2385 mysterii.
1078 2314 1363 2368 Deductus
1393 2330 1496 2383 per
1524 2313 1898 2384 aegritudines
1916 2314 2062 2368 mul-

359 2404 579 2474 tiplices
609 2404 679 2457 ad
723 2404 1011 2474 sepulcra;
1050 2403 1147 2457 sed
1185 2403 1425 2457 caelestis
1455 2419 1589 2458 voce
1629 2406 1946 2471 revocatus,
1986 2403 2059 2457 ad

361 2493 480 2546 haec
500 2492 753 2561 primum
776 2508 905 2562 qua:
927 2490 1088 2546 vobis
1117 2491 1416 2544 solvuntur
1436 2490 1624 2545 ofﬁcia
1654 2508 1744 2545 me
1764 2490 2017 2545 converti
2040 2506 2055 2545 :

360 2580 599 2634 credens
632 2579 857 2650 placere
899 2580 1038 2645 Deo,
1081 2576 1124 2630 si
1158 2577 1475 2632 cultoribus
1505 2578 1628 2649 ejus
1658 2594 1761 2649 per
1797 2577 2058 2647 linguam

361 2684 535 2739 quam
578 2667 701 2738 ipse
729 2665 981 2721 reddidit
1022 2663 1284 2735 principe
1328 2665 1449 2719 loco
1481 2666 1859 2721 exhibeantur
1887 2665 2057 2720 obse-

359 2756 514 2827 quia.
546 2756 693 2826 Ergo
728 2753 1048 2808 reverentia
1070 2751 1433 2807 salutationis
1464 2755 1743 2825 impensa,
1780 2755 2059 2825 deprecor

360 2850 424 2899 ut
448 2860 551 2914 pro
577 2859 690 2909 me,
710 2842 855 2896 sicut
874 2842 1131 2912 poposci,
1151 2857 1315 2896 orare
1339 2844 1616 2897 attentius
1633 2844 1968 2915 procuretis,
1994 2847 2059 2898 ut

358 2950 462 3004 per
484 2933 753 2987 meritum
777 2938 1031 2985 vestrum
1059 2931 1251 2985 divina
1282 2932 1588 2985 clementia
1615 2933 1886 3003 dignetur
1914 2948 2055 2986 con-

357 3024 587 3076 firmare
619 3021 773 3093 quod
804 3020 1033 3075 tribuit:
1070 3024 1124 3073 et
1141 3018 1474 3091 frequenter
1499 3037 1589 3075 me
1611 3021 1703 3092 pia
1728 3021 2056 3075 litterarum

357 3118 673 3165 vestrarum
702 3109 1168 3181 promulgatione
1200 3108 1524 3163 sublevetis.
1559 3110 1716 3179 Rogo
1748 3115 1810 3163 ut
1830 3110 2057 3164 nullum

358 3198 537 3252 alium
587 3198 800 3252 dictare
833 3198 1025 3264 facias,
1078 3212 1181 3266 per
1228 3196 1427 3250 domni
1456 3197 1664 3252 Asterii
1698 3197 1950 3250 animam
2001 3200 2057 3250 et

357 3286 775 3356 professionem
808 3290 987 3339 tuam.
1033 3283 1123 3338 Sic
1155 3283 1209 3337 ei
1240 3284 1391 3338 nitor
1425 3300 1601 3355 quem
1644 3289 1821 3355 optas,
1871 3298 2055 3354 usque

359 3376 428 3431 ad
459 3374 969 3431 consummationis
999 3379 1228 3442 tempus
1255 3373 1498 3428 assistat.

926 3462 1257 3517 EPISTULA
1293 3463 1480 3517 XVIII.

895 3564 1217 3605 ENNODIUS
1264 3564 1529 3605 FAUSTO.

429 3641 629 3712 Coegit
656 3655 748 3694 me
770 3639 843 3693 ad
876 3638 1064 3692 studia
1088 3654 1216 3691 mea
1240 3640 1488 3708 portitor
1508 3636 1878 3708 praasentium
1900 3635 2051 3691 litte-

363 3746 575 3798 rarum,
625 3734 682 3782 et
713 3727 868 3799 quod
909 3725 1192 3793 volebam,
1224 3741 1404 3796 prope
1434 3726 1801 3795 importunus
1841 3726 2049 3797 exegit.

358 3819 448 3873 Sic
484 3816 729 3872 contulit
752 3814 1120 3880 beneﬁcium,
1150 3814 1250 3885 qui
1282 3814 1560 3884 exigebat.
1599 3815 1708 3868 Iste
1738 3815 1797 3868 in
1817 3814 2053 3884 negotio

360 3926 460 3963 suo
491 3908 797 3979 probatum
825 3905 1040 3958 mundo
1062 3902 1301 3974 justitiae
1338 3907 1534 3957 vestrae
1566 3904 1747 3975 poscit
1775 3917 2049 3957 examen:

362 4015 463 4051 nec
490 3998 559 4051 ab
592 3996 785 4068 aliquo
819 3995 1115 4049 veritatem
1148 4008 1333 4046 causae
1364 4009 1479 4046 sua:
1514 3992 1758 4047 discerni
1783 3994 2050 4060 aestimat,

360 4087 403 4139 si
437 4086 687 4141 cessatis.
722 4086 829 4137 Pro
875 4083 983 4136 hoc
1010 4087 1273 4152 peccator
1314 4081 1541 4149 accedo,
1573 4088 1638 4136 ut
1672 4082 1811 4137 dum
1842 4082 2051 4137 adestis

360 4175 641 4228 mandatis
672 4172 994 4227 ccelestibus
1025 4176 1081 4224 et
1110 4169 1409 4224 veritatem
1441 4174 1560 4225 tota
1580 4170 1896 4226 intentione
1926 4186 2053 4241 per—

358 4264 605 4334 quiritis,
656 4260 855 4315 afﬂicti
902 4257 1153 4313 hominis
1206 4258 1636 4315 necessitatibus
1685 4259 2046 4314 succurratis.

357 4354 533 4423 Spero
573 4351 768 4416 etiam,
808 4346 1163 4403 salutationis
1197 4348 1385 4402 officio
1415 4348 1698 4419 impenso,
1734 4353 1800 4402 ut
1837 4347 2050 4402 indicio

360 4457 447 4493 me
482 4437 885 4510 prosperitatis
911 4440 1134 4504 vestras,
1174 4452 1289 4490 non
1318 4437 1594 4508 neglectis
1624 4452 1754 4508 qua:
1783 4436 2053 4508 frequen-

357 4536 443 4581 ter
473 4545 532 4582 se
561 4529 835 4599 ingerunt
863 4524 1274 4592 occasionibus,
1306 4525 1629 4580 sublevetis.

959 4614 1288 4668 EPISTOLA
1314 4614 1443 4667 XIX.

895 4716 1212 4759 ENNODIUS
1259 4715 1521 4756 FAUSTO.

426 4795 695 4860 Quamvis
724 4793 912 4849 omnis
941 4789 1263 4862 frequentia
1285 4790 1613 4845 litterarum
1641 4790 1901 4846 videatur
1922 4808 2051 4848 rara

355 4884 618 4941 sollicitis
660 4900 765 4938 nec
817 4880 1059 4937 sufﬁciat
1101 4877 1459 4950 providentia
1500 4896 1603 4951 pro
1663 4879 1876 4950 pietate
1924 4898 2048 4935 sus-

426 5044 443 5080 ί
475 5040 827 5121 δζερήαῃίφ]
880 5041 1063 5121 Supra
1109 5038 1211 5093 lib.
1238 5037 1565 5121 .v-n,_epi‘st._
1603 5040 1695 5119 29,
1725 5053 1889 5092 soror
1929 5042 2051 5121 erat

355 5114 547 5169 Fausti
573 5110 851 5183 praefecti.
892 5110 1013 5165 Lib.
1050 5126 1127 5176 1x,
1161 5110 1327 5183 epist.
1364 5112 1448 5177 18,
1473 5111 1682 5183 Asterii
1705 5126 1870 5183 uxor,
1894 5115 1955 5183 ut
1977 5111 2049 5183 ad

353 5188 563 5240 calcem
579 5180 851 5254 epistola:
875 5183 1117 5254 innuere
1146 5182 1369 5254 videtur
1392 5195 1404 5236 ε
1432 5196 1495 5233 ac
1515 5180 1759 5254 proinde
1782 5181 2048 5254 Marciani

352 5263 563 5323 mater;
596 5251 733 5326 quia
760 5253 965 5326 Asterii
996 5252 1178 5326 ﬁlius‘
1194 5251 1526 5326 Marcianus,
1560 5252 1657 5326 lib_.
1683 5268 1750 5326 _v,
1782 5252 1947 5326 epist.
1992 5254 2043 5305 ‘2.

422 5331 445 5363 ²
478 5327 540 5383 Si
553 5321 783 5399 possem
802 5321 1031 5399 εἰεζιεηένε]⁸
1050 5324 1113 5399 In
1143 5322 1409 5399 Cynegiaa
1439 5322 1753 5399 epitaphio,
1774 5323 1927 5393 quod
1950 5338 2049 5376 su-

359 5393 587 5470 periore
621 5398 763 5452 libro
796 5395 961 5465 epist.
996 5393 1076 5447 "29
1116 5393 1382 5470 vidimus,
1417 5394 1665 5470 prima_m
1697 5393 2050 5470 inmunem

351 5464 629 5540 syllabam
676 5464 931 5540 extremo
959 5481 1138 5540 iversu
1159 5464 1544 5540 _corripuerat
1582 5464 1890 5540 Ennodius.
1934 5466 2048 5520 Hac

352 5535 421 5595 de
456 5557 515 5593 re
542 5539 874 5595 admonitus
896 5536 1131 5617 aProbo
1155 5537 1539 5617 ﬁeatushcu‘m
1571 5536 1696 5617 aliis
1718 5535 2046 5617 indicasset,

353 5614 421 5665 ad
467 5628 635 5665 aures
678 5609 938 5680 pervenit
978 5607 1263 5680 Ennodii:
1310 5607 1409 5678 qui
1456 5606 1803 5680 Terentiani,
1838 5612 1901 5662 ut
1936 5606 2047 5661 sibi

348 5677 698 5749 videbatur,_
721 5680 1058 5735 auctoritate
1089 5678 1273 5755 nixus,
1316 5677 1447 5733 eum
1481 5677 1641 5733 nulla
1682 5677 1739 5731 in
1782 5694 1849 5731 eo
1877 5694 2043 5732 versu

2177 553 2345 620 derit,
2396 554 2466 608 ab
2514 554 2866 610 humanitate
2917 557 3258 627 sejungitur.
3314 560 3459 630 Ergo
3514 562 3876 617 salutationis

2176 643 2362 696 ofﬁcia
2405 644 2695 713 praefatus,
2744 646 2854 698 Deo
2899 646 3187 701 tribuente
3244 649 3434 703 indico
3479 666 3705 705 mecum
3744 668 3873 705 san-

2174 734 2396 785 ctorum
2428 730 2715 802 suffragiis
2748 737 2804 786 et
2832 734 3031 787 vestris
3060 735 3328 806 precibus
3352 738 3477 808 jam
3510 740 3715 794 melius
3754 741 3871 811 agi,

2175 824 2233 874 et
2278 820 2438 873 illam
2466 820 2882 889 desperationis
2924 828 2981 877 et
3019 824 3269 880 febrium
3308 826 3622 898 intepuisse
3654 829 3871 883 valetu-

2173 909 2388 963 dinem.
2419 910 2596 975 Nunc,
2631 912 2784 980 quod
2816 917 3009 975 restat.
3038 931 3203 986 spero
3231 920 3294 970 ut
3314 918 3652 988 petitionem
3682 936 3871 974 meam

2175 1012 2347 1067 quam
2379 1014 2481 1067 per
2510 998 2901 1053 confamulum
2934 1016 3123 1057 meum
3164 1002 3401 1058 fratrem
3438 1007 3670 1061 Florum
3703 1008 3874 1062 desti-

2174 1086 2322 1150 navi,
2375 1086 2661 1157 suscipere
2710 1088 2878 1143 solita
2918 1088 3272 1162 benignitate
3317 1094 3678 1164 dignemini:
3734 1096 3874 1167 quia

2172 1175 2277 1230 etsi
2301 1175 2443 1228 mihi
2476 1175 2547 1229 ad
2576 1191 2828 1245 praesens
2856 1193 2945 1233 res
2971 1179 3200 1235 videtur
3239 1198 3360 1237 esse
3388 1185 3737 1255 compendii,
3772 1202 3870 1240 vo-

2172 1202 2277 1230 ctai
2301 1202 2443 1228 muu
2476 1202 2547 1229 au
2576 1202 2828 1245 pra:qu
2856 1202 2945 1233 res
2973 1202 3200 1235 Viuetur
3239 1202 3360 1237 esse
3388 1202 3588 1255 compe
3635 1202 3737 1253 ou,
3772 1202 3865 1240 V0-

2170 1261 2258 1315 bis
2301 1262 2508 1341 quibus
2558 1262 2741 1333 magis
2769 1263 2965 1318 futura
2995 1267 3151 1321 cordi
3202 1274 3357 1335 sunt,
3393 1202 3709 1325 utilita§ex
3756 1272 3865 1327 hac

2170 1352 2332 1419 parte
2364 1366 2589 1404 summa
2619 1353 2949 1422 respondet.

2777 1449 3110 1505 EPISTOLA
3146 1452 3249 1507 XX.

2681 1550 3005 1593 ENNODIUS
3051 1554 3361 1596 AGNELLO.

2240 1620 2298 1675 Si
2328 1620 2577 1677 valerem
2616 1638 2855 1694 corpore
2901 1629 3195 1699 prosequi,
3245 1630 3431 1684 verbis
3476 1630 3867 1688 abstinerem:

2099 1751 2138 1803 Β
2169 1712 2227 1762 at
2256 1724 2387 1762 cum
2420 1709 2517 1762 illa
2549 1726 2638 1765 res
2674 1712 2979 1767 valetudini
3023 1714 3233 1783 deﬁcit,
3268 1716 3374 1770 ista
3404 1719 3703 1772 succurrit.
3754 1720 3873 1774 Scit

2169 1803 2518 1851 secretorum
2577 1799 2879 1867 discussor,
2924 1817 3015 1855 me
3075 1808 3135 1857 et
3178 1803 3424 1858 divisum
3470 1807 3781 1875 prmsentia
3833 1824 3870 1861 a

2167 1885 2328 1939 vobis
2376 1886 2568 1940 abesse
2601 1903 2717 1941 non
2765 1904 2953 1957 posse.
2998 1891 3239 1945 Proinde
3284 1892 3728 1949 sollicitudinem
3767 1910 3869 1949 ve-

2168 1978 2343 2028 stram
2378 1976 2581 2029 nuntio
2631 1992 2776 2030 mea:
2819 1978 3213 2048 prosperitatis
3246 1982 3434 2036 relevo
3468 1999 3481 2036 ι
3536 1990 3594 2037 et
3632 1990 3872 2056 propter

2169 2063 2321 2133 quod
2351 2080 2683 2119 concessum
2714 2070 2797 2119 est
2816 2067 3119 2135 epistolare
3149 2070 3575 2134 commercium,
3611 2078 3869 2128 vestrum

2167 2152 2424 2223 requiro,
2456 2152 2732 2221 indicans,
2766 2155 2987 2209 honore
3018 2156 3374 2212 salutationis
3403 2160 3684 2231 impenso,
3712 2168 3870 2233 pue-

2166 2258 2296 2295 rum
2349 2258 2439 2295 me
2487 2243 2557 2296 ad
2596 2244 3025 2314 suscipiendum
3054 2247 3337 2303 caballum
3383 2249 3673 2305 direxisse.
3716 2251 3869 2306 Tan-

2165 2332 2290 2383 tum
2323 2334 2406 2383 est
2436 2334 2498 2383 ut
2537 2331 2711 2384 talem
2756 2332 3014 2401 mittatis,
3053 2351 3223 2405 quem
3257 2343 3311 2391 et
3340 2354 3439 2391 vos
3487 2339 3707 2393 dedisse
3754 2341 3871 2394 cla-

2165 2422 2308 2484 reat,
2347 2422 2402 2472 et
2433 2434 2538 2489 ego
2585 2435 2689 2490 pro
2720 2420 2958 2499 honoris
2984 2439 3208 2477 summa
3240 2441 3333 2479 me
3359 2427 3639 2497 gaudeam
3672 2444 3867 2484 susce-

2166 2507 2337 2578 pisse.
3217 2560 3224 2566 .

2748 2581 3079 2637 EPISTOLA
3117 2584 3268 2640 XXI.

2719 2684 3045 2727 ENNODIUS
3090 2688 3314 2729 ΒΕΔΤΟ.

2238 2754 2263 2789 ³
2312 2754 2368 2811 Si
2426 2772 2653 2827 possem
2708 2758 3009 2813 scribendo
3060 2760 3250 2815 delere
3307 2762 3578 2834 paginam
3647 2779 3861 2833 meam,

2166 2842 2476 2914 multiplici
2535 2845 2645 2900 hoc
2690 2847 2873 2902 facere
2931 2849 3255 2905 intentione
3305 2868 3697 2922 procurarem.
3752 2854 3869 2909 Sed

2164 2930 2299 3000 quia
2328 2947 2442 2985 non
2475 2937 2561 2987 est
2589 2933 2671 2987 fas
2700 2934 2995 2991 hominem
3018 2953 3133 2992 non
3164 2956 3386 3007 errare;
3409 2958 3515 3013 ego
3546 2943 3639 2996 ille
3663 2958 3865 3010 canus,

2096 3054 2135 3109 Ε
2170 3019 2268 3074 sed
2292 3025 2452 3089 pater
2480 3025 2634 3089 tuus,
2669 3039 2739 3076 ne
2773 3040 3029 3096 unquam
3072 3027 3279 3097 prioris
3309 3030 3560 3100 epistolae
3596 3046 3735 3084 mea;
3781 3030 3865 3084 sis

2163 3122 2408 3172 memor,
2452 3124 2708 3179 exposco.
2756 3108 2846 3164 Sic
2884 3117 2939 3165 te
2968 3118 3129 3184 pater
3159 3119 3215 3169 et
3259 3116 3448 3186 patria
3476 3118 3670 3184 talem,
3718 3134 3869 3188 qua-

2164 3194 2274 3248 lem
2306 3211 2409 3263 per
2460 3196 2721 3267 singulos
2759 3198 2881 3253 dies
2920 3202 3190 3257 omnibus
3241 3209 3550 3275 protestor,
3599 3205 3868 3276 excipiat.

2160 3283 2381 3339 Alienis
2430 3284 2654 3355 scriptis
2688 3286 2920 3354 credidi,
2970 3294 3031 3342 ut
3067 3290 3198 3360 styli
3248 3292 3364 3346 mei
3407 3292 3740 3363 importuna
3779 3293 3874 3349 fe-

2162 3373 2470 3427 stinatione
2508 3375 2852 3430 morderem.
2905 3377 2989 3431 Tu
3022 3377 3237 3432 feceras
3282 3381 3434 3451 quod
3467 3382 3728 3452 sapiens;
3764 3383 3873 3454 qui

2161 3462 2267 3517 soli
2308 3463 2518 3517 domno
2552 3464 2758 3531 Probo,
2786 3477 2812 3506 ι
2841 3468 3021 3518 artem
3054 3466 3270 3520 tenenti
3302 3470 3454 3522 inter
3483 3469 3699 3538 doctos,
3734 3487 3870 3526 ver-

2159 3567 2256 3606 sus
2280 3566 2440 3605 meos
2472 3551 2794 3621 relegeras:
2830 3551 2985 3621 quod
3022 3552 3206 3607 facere
3247 3554 3455 3610 decuit.
3492 3557 3610 3628 Ego
3642 3558 3870 3629 impor-

2158 3645 2351 3704 tunus,
2403 3639 2503 3709 qui
2551 3639 2714 3693 alteri
2744 3640 2977 3694 credere
3019 3657 3137 3695 non
3184 3643 3531 3713 debuissem,
3578 3653 3869 3718 quantum

2158 3726 2342 3792 video,
2384 3724 2597 3780 frustra
2639 3732 2963 3781 commotus
3011 3745 3157 3784 sum.
3204 3732 3355 3787 Vade
3406 3750 3543 3806 ergo
3593 3737 3664 3790 ad
3694 3737 3861 3791 dom-

2158 3828 2299 3867 num
2334 3814 2579 3869 Probum
2630 3816 2733 3884 (sic
2780 3822 2944 3886 pater
2972 3821 3105 3872 tuus
3152 3819 3339 3875 vivat:
3390 3821 3470 3875 sic
3522 3839 3634 3891 me,
3677 3840 3859 3896 quem

2158 3919 2385 3974 semper
2413 3904 2638 3975 amasti,
2670 3904 2957 3960 viventem
2980 3907 3193 3974 audias,
3217 3909 3354 3979 quia
3384 3910 3491 3965 ista
3523 3928 3669 3982 pene
3695 3928 3857 3967 mor-

2160 3998 2292 4047 tuus
2324 3992 2553 4065 dictavi)
2585 3998 2642 4048 et
2666 3995 2919 4049 osculare
2948 3996 3031 4049 illi
3070 4013 3259 4067 genua
3286 4014 3390 4070 pro
3422 4016 3531 4069 me,
3567 4006 3623 4056 et
3654 4002 3744 4056 dic
3774 4004 3868 4058 illi

2159 4083 2228 4138 de
2258 4087 2510 4137 extremo
2557 4099 2741 4151 versu,
2792 4084 3169 4140 Terentianus
3224 4104 3317 4143 me
3366 4089 3592 4146 induxit
3648 4092 3706 4146 in
3758 4092 3867 4147 illo

2159 4172 2441 4243 exemplo,

2287 4278 2371 4328 Sic
2396 4279 2537 4328 fatur
2566 4278 2883 4344 lacrymans,
2920 4281 3177 4345 classique
3203 4283 3440 4403 ilignittidt
3467 4284 3723 4404 habeiias.

3314 4370 3392 4403 ne:
3441 4393 3473 4404 ..
3507 4370 3576 4404 γι.
3643 4393 3654 4404 .

3314 4370 3473 4413 πρίω,
3507 4370 3576 4415 vi,
3609 4370 3654 4405 ι.

2163 4431 2371 4486 Omnia
2400 4438 2594 4486 tamen
2621 4449 2751 4504 quae
2782 4434 3017 4487 fuerunt
3045 4434 3218 4504 digna
3246 4437 3616 4503 correctione,
3648 4438 3864 4507 praevi-

2160 4520 2265 4575 dit.
2317 4521 2528 4588 Saluto,
2580 4537 2773 4574 amore
2822 4538 2936 4592 quo
2981 4522 3185 4577 debeo.
3235 4522 3293 4577 Si
3351 4540 3605 4592 evasero,
3659 4541 3864 4579 versus

2158 4609 2313 4679 ipsos
2345 4609 2609 4674 emendo,
2643 4614 2699 4661 et
2743 4609 2822 4662 sic
2853 4610 3058 4681 dirigo.
3097 4611 3239 4665 Nam
3285 4612 3504 4667 litteras
3533 4620 3659 4668 tuas
3708 4631 3859 4686 quas

2157 4713 2263 4767 per
2289 4698 2569 4751 infantem
2598 4698 2871 4752 Ruﬁnum
2903 4698 3179 4767 direxisti,
3209 4701 3355 4755 Julio
3389 4718 3587 4763 mense
3611 4704 3859 4775 suscepi.

2160 4786 2319 4840 Unde
2346 4801 2435 4839 me
2463 4785 2749 4857 contingit
2776 4787 2993 4842 nescire
3017 4788 3172 4860 quod
3189 4793 3381 4845 actum
3400 4791 3606 4859 fuerat,
3635 4796 3699 4847 ut
3726 4792 3862 4847 tali-

2161 4878 2247 4930 ter
2277 4892 2556 4931 moverer.

2158 5036 2384 5106 culpam
2405 5039 2650 5108 putaret,
2667 5036 3085 5108 objurgatorias
3099 5039 3168 5093 ad
3188 5039 3420 5094 Beatum
3441 5038 3658 5094 litteras
3675 5039 3857 5096 dedit.

2157 5110 2317 5181 Nunc
2342 5107 2536 5181 agnito
2566 5124 2756 5162 errore
2781 5107 3035 5181 ‘Beatum
3067 5115 3314 5176 excusat,
3347 5111 3683 5181 prioresque
3729 5112 3863 5165 illas

2159 5180 2377 5252 litteras
2406 5179 2620 5252 deletas
2663 5178 2837 5248 cupit.
2876 5181 2950 5233 Ea
2981 5186 3065 5233 est
3102 5178 3449 5250 epistola-29
3484 5178 3656 5252 hujus
3704 5182 3859 5236 libri.

2156 5251 2353 5329 Quare.
2388 5254 2445 5303 et
2473 5249 2564 5303 hic
2596 5254 2982 5321 praposterus
3030 5256 3115 5305 est
3139 5249 3324 5317 fordo,
3357 5258 3422 5306 ut
3455 5253 3524 5307 de
3564 5249 3691 5308 aliis
3720 5259 3860 5308 ante

2157 5336 2513 5375 monuimus.

2225 5407 2250 5435 ιι
2276 5394 2474 5447 Artem
2505 5390 2721 5463 tenenti
2753 5390 2907 5444 inter
2934 5389 3146 5463 doctos]
3186 5393 3319 5463 Leg.
3356 5410 3551 5449 arcem
3587 5397 3856 5450 tenentis.

2157 5463 2317 5518 Idem
2350 5462 2642 5516 Ennodius
2674 5462 2954 5515 Parasnesi
2982 5461 3052 5516 ad
3088 5461 3322 5518 Beatum
3362 5473 3418 5519 et
3445 5466 3854 5522 Ambrosium:

2154 5537 2306 5608 Ergo
2342 5533 2414 5585 ad
2457 5531 2908 5608 disciplinarum
2960 5549 3150 5590 arcem
3178 5541 3575 5608 properantes.
3620 5539 3853 5607 Bura”

2154 5606 2470 5661 Adversar.
2504 5619 2639 5673 pag.
2668 5606 2790 5658 975.
