4054 6176
174 317 249 370 {Il
1485 311 1972 368 EPISTULARUM
2010 312 2137 366 LIB.
2181 312 2323 366 VIII.

742 446 1072 501 EPISTULA
1110 446 1286 502 XXII.

717 550 1044 590 BNNUDIUS
1091 550 1311 590 FLURO.

228 625 332 689 Qui
358 624 577 694 justius
608 622 1006 693 prosperitatis
1027 640 1167 677 mea}
1187 622 1475 693 cognoscit
1502 622 1730 686 indicia,
1752 620 1861 675 nisi

173 715 253 784 qui
286 712 593 766 sinceriter
616 714 686 782 :et
737 711 1132 765 indesinenter
1184 712 1420 780 optavit,
1454 726 1557 763 nec
1599 708 1863 763 convenit

176 801 317 871 prius
335 800 588 852 alterum
609 798 897 852 desideria
916 798 1102 852 aliena
1115 814 1458 869 cognoscere
1476 798 1502 851 ?
1526 799 1669 869 Ergo
1695 796 1864 850 servi-

176 890 239 941 tio
267 888 635 941 salutationis
663 888 937 953 exhibito,
970 887 1157 941 indico
1192 904 1306 957 me,
1329 888 1542 941 caelesti
1586 885 1864 940 beneficio

180 986 471 1047 postquam
486 977 727 1031 cessavit
745 978 993 1031 humana
1013 977 1252 1043 curatio,
1285 993 1416 1030 mox
1444 981 1702 1029 sanatum
1738 992 1750 1029 :
1776 992 1863 1028 re-

182 1065 382 1118 vocavit
407 1065 481 1118 ad
516 1081 675 1134 spem
691 1065 1089 1135 prosperitatis
1117 1081 1205 1118 res
1223 1065 1339 1132 illa,
1363 1066 1498 1136 quia
1521 1064 1723 1119 medici
1744 1064 1866 1118 des-

180 1156 427 1207 titerunt.
464 1155 627 1207 Nunc
658 1154 868 1223 gaudia
895 1158 1095 1220 vestra,
1124 1154 1270 1207 sicut
1298 1155 1365 1207 de
1386 1170 1476 1208 me
1504 1153 1747 1221 aestimo,
1775 1169 1865 1205 co-

178 1248 530 1311 gnoscentes,
567 1258 796 1296 mecum
826 1242 1089 1296 laudibus
1121 1242 1539 1313 prosequimini
1588 1243 1731 1295 tanti
1767 1242 1865 1295 be-

180 1332 352 1383 iieticii
385 1331 730 1402 largitorem
765 1347 778 1384 :
818 1335 874 1385 et
933 1332 979 1384 si
1024 1331 1207 1385 adhuc
1262 1349 1357 1385 vos
1416 1332 1641 1401 longior
1707 1346 1867 1384 mora

177 1420 439 1488 detineat,
470 1420 806 1491 quambene
822 1420 1073 1485 valeatis,
1099 1420 1302 1473 litteris
1333 1421 1612 1474 intimate.

746 1524 1075 1578 EPISTULA
1113 1525 1296 1577 XXIII.

725 1627 1051 1666 ENNODIUS
1098 1627 1319 1667 FLORU.

236 1699 581 1771 Spectabilis
620 1698 706 1752 vir
758 1699 1117 1753 Eleutherius
1146 1700 1205 1753 in
1262 1701 1495 1770 negotio
1545 1716 1668 1767 suo,
1718 1700 1867 1770 quod
1908 1726 1949 1778 Î’

179 1808 204 1843 a
231 1790 447 1844 domno
466 1789 747 1859 praefecto
779 1788 1129 1842 audiendum
1156 1789 1409 1842 Vicarius
1439 1788 1871 1859 susceperat,ad

182 1877 624 1947 amplitudinem
656 1882 903 1930 vestram
935 1894 967 1929 a
1006 1892 1097 1930 me
1127 1877 1623 1931 commendatitias
1672 1892 1872 1946 spera-

180 1969 247 2022 vit
272 1986 285 2022 :
322 1969 597 2031 credens,
634 1967 1039 2037 salvajustitia,
1062 1983 1228 2037 opem
1260 1967 1367 2020 sibi
1394 1968 1679 2037 integram
1707 1982 1872 2036 posse

180 2064 508 2128 suppetere,
553 2058 601 2109 si
621 2056 763 2110 meis
804 2056 954 2125 apud
974 2072 1072 2107 vos
1088 2056 1386 2125 juvaretur
1408 2055 1691 2124 alloquiis.
1714 2055 1872 2123 Rogo

182 2162 298 2215 ergo
323 2146 557 2198 honore
577 2143 941 2197 salutationis
971 2142 1243 2208 exhibito,
1278 2149 1359 2209 ut,
1386 2142 1457 2207 ei,
1492 2143 1536 2194 si
1557 2158 1686 2194 vere
1733 2158 1875 2194 con-

182 2242 252 2287 tra
281 2234 634 2305 aequitatem
658 2232 905 2299 laborat,
928 2248 1161 2284 manum
1192 2232 1472 2285 medicam
1522 2230 1826 2301 porrigatis
1859 2246 1871 2283 :

183 2325 296 2393 quia
332 2324 502 2377 nefas
536 2329 646 2387 est,
680 2328 745 2375 ut
772 2322 832 2374 in
851 2321 1183 2391 prasjudicio
1212 2320 1379 2374 bona:
1402 2337 1584 2374 causze
1607 2320 1876 2390 prodesse

184 2416 275 2468 sibi
305 2414 602 2469 calliditas
635 2412 842 2479 videat,
866 2409 1017 2479 quod
1048 2408 1306 2462 molitur.

764 2514 1092 2569 EPISTULA
1130 2514 1306 2568 XXIV.

720 2618 1043 2660 ENNUDIUS
1089 2617 1351 2657 FAL'STO.

250 2718 424 2769 Usum
448 2729 624 2768 suum
674 2710 1002 2781 benignitas
1048 2714 1234 2762 vestra
1265 2724 1435 2777 supra
1484 2706 1746 2761 homines
1794 2708 1875 2760 lo-

187 2813 294 2857 cata
337 2802 622 2856 custodit.
680 2801 822 2852 Vere
872 2797 1159 2851 medicina
1197 2801 1280 2849 est
1328 2813 1460 2849 cura
1510 2796 1875 2863 sanctissimi;

187 2910 302 2946 nam
365 2890 720 2945 venerabilis
776 2887 1124 2941 conscientia
1169 2887 1283 2939 Deo
1338 2902 1563 2957 semper
1629 2886 1882 2939 insinuat

186 2984 321 3052 quod
354 2979 633 3049 requirit.
674 2975 949 3046 Digressis
975 2974 1151 3042 vobis,
1186 2974 1366 3027 acrior
1397 2991 1485 3028 me
1511 2975 1663 3028 calor
1709 2991 1879 3028 exus-

188 3075 266 3138 sit,
297 3076 353 3125 et
380 3071 455 3123 ad
486 3083 725 3122 omnem
758 3064 1212 3134 desperationem
1230 3063 1622 3134 praecipitante
1650 3064 1879 3117 diabolo

188 3161 295 3213 vela
323 3160 673 3229 patuerunt.
696 3153 859 3207 Venit
880 3154 947 3205 ad
979 3168 1068 3205 me
1101 3152 1377 3216 medicus,
1412 3156 1466 3204 et
1489 3152 1631 3205 dixit
1652 3168 1708 3204 se
1729 3152 1881 3222 quod

190 3249 388 3302 faceret
416 3263 539 3300 non
571 3244 804 3298 habere.
839 3242 977 3295 Hinc
1008 3240 1151 3294 mihi
1201 3241 1385 3310 major
1442 3257 1592 3310 spes,
1652 3241 1883 3312 quando

188 3337 347 3390 homo
379 3333 717 3389 cessaverit.
753 3331 1037 3385 Continuo
1068 3346 1157 3383 me
1192 3346 1319 3383 cum
1352 3330 1616 3400 lacrymis
1662 3332 1729 3385 ad
1770 3347 1883 3385 cce-

191 3428 330 3479 lestis
384 3422 607 3479 medici
659 3419 869 3474 auxilia
916 3419 1203 3488 converti;
1251 3423 1307 3473 et
1351 3419 1593 3472 tdomni
1653 3420 1889 3473 Victoris

192 3516 303 3569 oleo
326 3522 522 3568 totum
586 3525 818 3579 corpus,
880 3508 1031 3579 quod
1060 3509 1194 3578 "jam
1245 3508 1503 3578 sepulcro
1561 3508 1885 3578 parabatur,

192 3610 375 3657 contra
409 3602 609 3656 febres
642 3597 878 3652 armavi.
942 3596 1060 3649 Scit
1113 3598 1261 3650 Deus
1290 3613 1489 3651 meus:
1542 3613 1674 3650 mox
1712 3597 1893 3651 adfuit

194 3694 373 3763 magni
398 3690 614 3745 militis
667 3688 1000 3757 imperator,
1042 3690 1097 3740 et
1151 3686 1305 3755 quod
1354 3703 1456 3756 per
1510 3690 1713 3739 testem
1771 3686 1893 3756 ejus

192 3781 458 3834 idoneum
494 3777 763 3849 poposci,
798 3776 1197 3830 incunctanter
1226 3775 1469 3830 obtinui.
1530 3776 1653 3831 Mox
1708 3775 1896 3829 fervor

194 3870 277 3921 ille
304 3869 518 3922 aeterni
539 3864 775 3935 frigoris
806 3868 1146 3935 procurator
1169 3862 1435 3933 intepuit,
1470 3868 1525 3918 et
1550 3864 1692 3917 hora
1718 3880 1891 3931 nona,

194 3958 328 4010 sicut
364 3958 607 4027 legitur,
638 3954 887 4007 Domino
916 3969 1045 4006 meo
1074 3952 1386 4007 mandante
1420 3953 1678 4007 discessit
1707 3954 1891 4022 (Joan.

195 4050 278 4113 iv}.
312 4048 447 4099 Scio
500 4042 784 4097 orationis
843 4046 1045 4095 vestras
1094 4046 1392 4110 tempora;
1448 4042 1561 4095 scio
1616 4043 1896 4114 lacryma-

193 4151 311 4189 rum
345 4134 588 4204 copiam
620 4133 681 4186 in
717 4132 814 4185 illo
857 4145 1086 4202 quoque
1134 4136 1427 4184 momento
1474 4131 1689 4201 juvisse
1749 4133 1901 4187 labo-

194 4229 434 4277 rantem.
474 4220 841 4276 Ecceindicia
870 4220 1057 4273 votiva
1088 4235 1205 4272 non
1243 4220 1395 4273 tacui
1429 4236 1440 4273 :
1500 4220 1597 4273 sed
1651 4220 1898 4289 portito-

194 4329 314 4367 rum
342 4313 560 4366 raritas
582 4310 937 4365 desiderium
977 4324 1282 4362 commune
1300 4310 1609 4377 suspendit.
1633 4311 1774 4364 Nam
1809 4326 1900 4364 me

197 4404 447 4456 multum
473 4403 647 4471 juvat
672 4398 945 4453 relevatio
977 4403 1187 4464 vestra,
1220 4414 1349 4469 qua:
1380 4414 1413 4451 a
1438 4398 1600 4453 vobis
1633 4399 1893 4469 minime,

195 4492 287 4561 qui
320 4494 460 4547 laeta
488 4488 818 4560 respuistis,
848 4492 1097 4558 optetur.

792 4594 1128 4649 EPISTULA
1166 4593 1313 4649 XXV.

745 4700 1068 4741 ENNODIUS
1112 4699 1377 4741 FAUSTO.

258 4797 382 4853 Mox
418 4797 525 4851 ubi
578 4807 671 4850 me
718 4793 902 4864 gratia
947 4808 1197 4863 superna
1243 4791 1512 4864 respexit,
1561 4795 1617 4846 et
1652 4790 1904 4845 animam

196 4887 519 4957 dejudiciis
571 4883 814 4939 caelestis
844 4883 1133 4937 vicinitate
1163 4882 1566 4953 trepidantem,
1614 4896 1903 4946 concesso,

199 4981 256 5029 ut
298 4975 739 5039 melioraretur,
789 4971 1019 5026 vivendi
1085 4971 1294 5025 laxavit
1350 4971 1553 5042 spatio,
1614 4969 1906 5041 magnitu-

195 5064 311 5119 dini
372 5070 592 5119 vestraa
650 5061 932 5117 beneficia
951 5078 1055 5132 per
1089 5061 1309 5115 litteras
1338 5060 1531 5114 divina
1577 5076 1695 5114 non
1733 5058 1904 5113 tacui.

197 5154 361 5221 Vere,
410 5152 774 5208 cessantibus
822 5151 1083 5217 medicis,
1136 5150 1291 5205 illius
1326 5148 1424 5221 qui
1470 5150 1815 5205 innocentia
1855 5152 1913 5203 et

197 5242 473 5314 lacrymis
502 5242 741 5309 emitur,
776 5239 1062 5295 medicina
1085 5256 1203 5293 non
1231 5226 1427 5294 defuit.
1492 5239 1737 5305 Credite,
1799 5236 1912 5292 nisi

199 5333 341 5387 mihi
377 5331 746 5386 subvenisset
779 5329 1072 5384 destitutio
1111 5329 1458 5397 curantium,
1507 5328 1589 5382 nil
1638 5329 1907 5382 valerem.

200 5421 513 5494 Namquia
542 5418 932 5491 aegrescebam
972 5417 1273 5473 hominum
1332 5417 1556 5482 studiis,
1615 5417 1759 5489 coepi
1812 5432 1913 5473 ne-

269 5591 285 5622 1
328 5580 553 5634 Domni
591 5574 866 5646 Victoris]
898 5574 1156 5646 Martyris
1188 5574 1641 5629 Mediolanensis.
1666 5575 1762 5640 {De
1811 5574 1918 5628 hac

492 5650 796 5707 curatione
811 5646 1269 5719 copiosiuslaget
1295 5646 1357 5701 in
1373 5646 1763 5702 Eucharistico
1786 5646 1918 5702 vitae

3558 314 3658 368 142

1894 451 1937 501 Î‘
1970 446 2245 516 gligentia
2254 446 2376 515 jam
2405 445 2612 499 sanari.
2648 446 2775 499 Haec
2796 446 3027 516 quidem
3054 446 3341 516 prioribus
3390 448 3658 504 intimate

1968 540 2100 588 sunt
2136 552 2148 587 :
2182 536 2279 589 sed
2308 551 2379 588 ne
2409 534 2626 587 occasio
2660 535 3068 605 praeteriretur,
3122 536 3340 607 adieci:
3397 554 3657 607 sperans,

1969 624 2242 694 obsequio
2266 624 2619 676 salutationis
2649 623 2857 690 oblato,
2902 630 2962 676 ut
3009 640 3099 678 me
3152 625 3220 679 de
3265 626 3659 697 prosperitatis

1969 719 2167 767 vestrae
2200 714 2267 767 de
2300 729 2413 783 qua
2435 712 2677 783 pendeo,
2712 712 3023 766 sublevetis
3054 713 3342 784 alloquiis.

2540 800 2869 855 EPISTULA
2902 801 3087 855 XXVI.

2504 903 2819 943 ENNODIUS
2866 904 3130 944 AVIENO.

2043 981 2277 1033 Necesse
2326 981 2411 1031 est
2464 983 2526 1031 ut
2556 978 2655 1048 qui
2700 978 2985 1031 desiderat
3054 978 3263 1048 scripta
3326 984 3510 1034 vestra
3546 998 3664 1035 non

1976 1073 2153 1122 taceat
2182 1086 2192 1122 :
2219 1085 2323 1121 nec
2345 1067 2558 1121 silentii
2591 1067 2917 1136 exemplum
2950 1067 3187 1136 tribuat,
3219 1068 3493 1140 quicupit
3525 1070 3663 1123 allo-

1974 1160 2196 1229 quium.
2227 1158 2393 1213 Juxta
2437 1156 2760 1210 orationum
2815 1160 3126 1210 vestrarum
3183 1158 3477 1226 suffragia,
3523 1174 3667 1229 quos

1973 1246 2303 1299 innocentia
2324 1250 2378 1297 et
2410 1245 2635 1299 devotio
2670 1244 2781 1296 Deo
2812 1249 3007 1297 nostro
3054 1244 3185 1297 fecit
3213 1253 3491 1315 acceptos,
3550 1263 3668 1299 me-

1976 1335 2175 1387 liorem
2210 1350 2299 1385 me
2331 1349 2449 1385 esse
2483 1332 2598 1403 jam
2633 1331 2815 1385 sentio
2852 1348 2865 1385 :
2908 1332 3239 1385 desiderans
3278 1333 3668 1387 honoriï¬cen-

1974 1423 2054 1476 tia
2085 1421 2442 1475 salutationis
2464 1421 2744 1490 impensa,
2778 1436 2951 1491 quam
2997 1420 3143 1474 bene
3202 1422 3434 1475 valeatis
3485 1438 3671 1493 agnoâ€”

1976 1528 2130 1565 scere
2164 1528 2176 1564 :
2216 1511 2349 1581 quia
2373 1515 2497 1580 post
2528 1515 2811 1579 receptam
2852 1509 3117 1573 salutem,
3167 1510 3402 1564 unicum
3450 1516 3537 1565 est
3588 1528 3673 1564 so-

1978 1601 2181 1654 latium
2212 1600 2359 1654 bono
2389 1602 2590 1652 vestra:
2640 1598 3034 1668 prosperitatis
3068 1599 3272 1652 attolli.

2543 1687 2873 1741 EPISTULA
2913 1687 3113 1741 XXVII.

2479 1791 2803 1832 ENNUDIUS
2849 1791 3183 1831 BARBARJE.

2052 1864 2317 1930 Quamvis
2338 1864 2522 1919 adhuc
2555 1865 2704 1918 inter
2730 1868 2981 1919 extrema
3033 1864 3138 1917 sim
3187 1864 3428 1935 positus,
3462 1869 3517 1920 et
3570 1882 3675 1936 pro

1981 1960 2339 2027 peccatorum
2362 1970 2624 2008 meorum
2655 1954 2827 2020 mole,
2860 1953 3048 2007 somni
3071 1954 3183 2007 mei
3212 1954 3508 2021 beneficia,
3537 1956 3676 2009 dum

1984 2061 2208 2099 mereor
2247 2044 2305 2097 in
2338 2044 2575 2114 longum
2607 2044 2845 2110 conteri,
2880 2060 2995 2097 non
3026 2050 3341 2114 sequantur
3371 2061 3383 2098 :
3420 2061 3677 2099 reveren-

1984 2134 2077 2187 tia;
2104 2139 2297 2186 tamen
2321 2137 2518 2185 vestra:
2548 2132 2839 2202 obsequiis
2879 2132 3030 2202 quod
3064 2132 3231 2186 debet
3268 2133 3522 2203 pendens
3552 2134 3675 2187 ani-

1986 2238 2078 2276 ma
2119 2238 2233 2275 non
2265 2220 2475 2274 omisit.
2525 2223 2671 2275 Pene
2698 2220 2819 2290 jam
2868 2225 3099 2274 vocatur
3148 2222 3217 2275 ad
3270 2222 3574 2291 judicium,
3623 2228 3681 2276 et

1985 2311 2169 2364 adhuc
2191 2309 2428 2379 suspicit
2459 2310 2518 2363 in
2539 2310 2644 2363 hac
2668 2310 2792 2363 luce
2824 2325 2967 2379 quos
2989 2310 3181 2364 coluit.
3205 2312 3387 2374 Quam
3411 2327 3540 2365 vera
3597 2317 3681 2366 est

1986 2400 2086 2453 illa
2099 2399 2402 2465 sententia,
2429 2398 2585 2469 quod
2605 2404 2831 2452 sanctus
2854 2398 3085 2452 affectus
3114 2415 3217 2453 nec
3236 2406 3423 2454 morte
3450 2401 3675 2471 pereat!

1989 2490 2155 2558 Ergo,
2211 2489 2424 2541 domna
2472 2504 2620 2553 mea,
2676 2487 2919 2541 servitiis
2977 2504 3073 2541 vos
3116 2488 3322 2542 debita:
3379 2490 3681 2543 salutatio-

1988 2577 2076 2630 nis
2104 2592 2481 2647 prosequens,
2514 2592 2654 2646 rogo
2696 2581 2775 2644 ut,
2801 2576 3010 2647 agnitis
3031 2593 3160 2647 quae
3189 2578 3337 2631 circa
3353 2594 3446 2631 me
3476 2594 3683 2648 gerun-

1987 2670 2102 2731 tur,
2136 2681 2239 2735 pro
2261 2665 2359 2717 illo
2379 2680 2495 2735 quo
2525 2663 2790 2717 omnibus
2818 2664 3082 2717 eminetis
3100 2670 3157 2717 et
3179 2664 3474 2733 sanguinis
3497 2665 3683 2719 nitore

1989 2761 2044 2808 et
2063 2752 2507 2808 conversationis
2537 2752 2731 2819 radiis,
2766 2751 2979 2806 domno
3014 2769 3142 2806 meo
3166 2755 3424 2823 apostolo
3479 2759 3537 2807 et
3579 2770 3683 2806 caaâ€”

1989 2844 2125 2897 teris
2183 2845 2305 2911 ejus
2350 2841 2619 2895 fratribus
2650 2841 3021 2910 supplicetis:
3074 2848 3139 2895 ut
3172 2858 3275 2912 per
3304 2858 3402 2895 vos
3450 2848 3684 2895 exorata

1990 2932 2091 2987 Dei
2120 2930 2401 3000 potentia,
2437 2928 2757 2983 clementiae.
2787 2945 2903 2981 sua:
2944 2944 3073 2999 quae
3103 2929 3265 2983 tarda
3289 2945 3411 2983 esse
3434 2946 3550 2983 non
3591 2945 3685 2982 so-

1919 3025 1959 3080 C
1990 3022 2088 3088 let,
2120 3018 2397 3073 beneficia
2420 3032 2537 3072 non
2561 3015 2828 3070 refrenet.

2538 3106 2875 3160 EPISTULA
2912 3105 3138 3160 XXVIII.

2549 3210 2871 3251 ENNODIUS
2917 3195 3160 3265 Î¸Î·Ï„Î±Î¹

2064 3288 2186 3352 Qua
2231 3284 2375 3340 mihi
2424 3284 2853 3351 vicissitudinis,
2914 3300 3028 3354 qua
3084 3284 3496 3355 obsequiorum
3554 3301 3690 3339 cura

1995 3376 2351 3448 pensabitur,
2389 3375 2545 3446 quod
2574 3380 2630 3428 te
2657 3380 2713 3427 et
2742 3374 2801 3427 in
2831 3374 3229 3443 frequentibus
3266 3373 3493 3444 paginis
3544 3374 3689 3427 allo-

1998 3483 2145 3538 quor
2170 3470 2225 3519 et
2256 3463 2444 3519 officio
2476 3464 2754 3517 sermonis
2775 3463 2858 3515 tui
2889 3463 2948 3516 in
2987 3463 3173 3516 lucem
3203 3462 3373 3517 exire.
3400 3462 3691 3533 publicam

1996 3572 2111 3611 non
2151 3554 2444 3609 detestor?
2477 3554 2599 3608 Non
2657 3567 2748 3606 me
2778 3556 2913 3605 aetas
2940 3557 3062 3620 tua,
3092 3567 3210 3605 non
3271 3553 3505 3621 ingenio
3565 3569 3693 3605 meo

2001 3649 2188 3717 potest
2216 3658 2483 3697 revocare
2514 3658 2619 3712 par
2639 3641 2906 3696 formula.
2934 3641 3091 3710 Eligo
3121 3639 3387 3711 benignis
3406 3642 3536 3711 plus
3566 3657 3695 3695 cre-

2002 3735 2159 3799 dere,
2192 3749 2364 3804 quam
2384 3731 2612 3802 peritis;
2640 3735 2702 3785 ut
2733 3730 2883 3785 bona
2930 3729 3170 3800 originis
3207 3730 3530 3783 anteferant
3574 3734 3695 3783 stu-

2004 3823 2112 3879 diis
2147 3840 2159 3876 .'
2190 3821 2343 3892 quod
2374 3820 2557 3874 fidelis
2603 3835 2683 3887 es,
2713 3817 2894 3873 divini
2942 3822 3027 3872 est
3062 3818 3351 3871 muneris:
3384 3818 3445 3872 in
3491 3822 3699 3872 natura

2005 3911 2248 3965 eruditio
2286 3926 2298 3976 ;
2333 3925 2437 3978 per
2458 3911 2636 3963 Deum
2658 3907 2848 3961 veniet
2876 3923 2966 3961 res
3004 3907 3271 3961 secunda.
3325 3908 3563 3961 Necesse
3614 3909 3700 3960 est

2009 4006 2070 4054 ut
2093 4004 2278 4053 totum
2320 3997 2422 4051 tibi
2453 4013 2616 4050 amor
2654 3996 3002 4068 integritatis
3048 3996 3331 4063 exhibeat,
3380 3996 3699 4067 primarum

2008 4089 2259 4161 partium
2306 4086 2554 4156 insignia
2587 4086 2708 4156 jam
2749 4086 2985 4140 tenenti.
3022 4086 3168 4155 Ergo
3216 4085 3430 4138 honore
3483 4085 3699 4138 saluta-

2008 4178 2180 4233 tionis
2234 4180 2479 4247 accepto,
2541 4176 2768 4229 noveris
2840 4190 2951 4240 me,
3008 4175 3170 4243 juxta
3205 4174 3541 4244 petitionem
3611 4188 3703 4225 ve-

2012 4274 2207 4331 stram,
2243 4266 2545 4336 epistolam
2578 4263 2600 4296 Â³
2628 4263 2697 4318 ad
2728 4280 2823 4317 vos
2856 4262 3288 4328 admonitionis,
3319 4261 3578 4332 quamvis
3598 4260 3703 4316 sub

1937 4396 1980 4448 D
2010 4354 2399 4423 festinatione,
2434 4356 2671 4407 dictasse
2706 4368 2917 4423 :quam
2943 4352 3014 4405 ad
3074 4351 3352 4406 domuum
3400 4350 3705 4422 patricium

2008 4445 2415 4517 Symmachum
2446 4443 2654 4497 idcirco
2683 4441 2927 4512 dirigere
2962 4440 3281 4512 procuravi,
3329 4445 3394 4495 ut
3441 4441 3599 4513 quod
3646 4440 3707 4496 in

2007 4554 2073 4590 ea
2102 4534 2503 4589 emendatione
2531 4532 2775 4602 dignum
2817 4534 2920 4597 est,
2956 4530 3299 4601 corrigatur.
3326 4531 3435 4585 Sed
3462 4536 3703 4602 propter

2012 4622 2430 4693 surreptionem
2456 4618 2844 4689 negligentiae,
2886 4622 2941 4671 te
2980 4634 3211 4688 quoque
3256 4619 3381 4690 ejus
3420 4620 3709 4690 exempla-

2012 4713 2171 4768 ribus
2200 4708 2528 4764 informavi.
2556 4708 2677 4771 Qua
2706 4706 2773 4761 de
2805 4723 2864 4761 re
2896 4712 2959 4761 tu
2992 4707 3142 4778 apud
3175 4712 3229 4762 te
3262 4712 3380 4762 esto
3415 4725 3428 4762 :
3466 4713 3522 4761 et
3579 4724 3710 4762 cave

2014 4819 2087 4856 ne
2119 4800 2222 4855 tibi
2244 4800 2314 4855 ad
2344 4806 2400 4853 te
2424 4798 2700 4869 perlatam
2730 4796 3060 4851 manifestas
3081 4798 3496 4868 comprehenso
3535 4814 3712 4868 supe-

2016 4892 2134 4945 rius
2156 4886 2608 4943 eminentissimo
2635 4887 2774 4953 viro,
2810 4902 2913 4941 ceu
2940 4902 3061 4941 rem
3105 4902 3314 4941 novam
3361 4887 3659 4958 postulans
3695 4902 3709 4941 :

2016 4980 2151 5051 quia
2178 4980 2222 5032 si
2254 4979 2376 5049 ejus
2407 4993 2534 5032 eam
2567 4975 2895 5047 magisterio
2927 4976 3210 5047 placuisse
3241 4976 3592 5048 cognoveris,
3640 4976 3711 5031 ad

2018 5068 2287 5124 notitiam
2344 5083 2545 5121 eorum
2602 5067 2857 5138 perferre
2916 5068 3015 5138 qui
3059 5067 3293 5138 sapiunt
3364 5082 3482 5121 non
3547 5065 3715 5120 time-

2019 5159 2128 5214 bis.

2598 5236 2933 5291 EPISTULA
2970 5236 3141 5289 XXIX.

2584 5340 2909 5382 ENNODIUS
2956 5337 3171 5379 BEATO.

2096 5414 2219 5470 Non
2247 5413 2391 5468 mihi
2421 5417 2554 5469 tuus
2583 5430 2743 5469 error
2774 5414 2970 5480 illusit,
3003 5428 3107 5466 nec
3148 5413 3468 5465 retroversa
3497 5411 3729 5485 decepit

2096 5578 2117 5609 Â²
2147 5576 2473 5647 Epistulam
2502 5575 2578 5629 ad
2595 5591 2703 5647 eos
2721 5569 3149 5647 admonitionis]
3183 5571 3532 5647 Paraanesim
3562 5569 3734 5647 dida-

2028 5642 2291 5702 scalicam
2317 5650 2486 5703 Beato
2506 5652 2563 5701 et
2586 5643 2880 5715 Ambrosio
2906 5642 3217 5715 scriptam,
3265 5643 3359 5697 cui
3386 5642 3585 5697 locum.
3616 5642 3736 5698 de-

2028 5718 2222 5776 dimus
2246 5719 2399 5775 inter
2425 5718 2703 5789 opuscula
2724 5714 3003 5771 miscella.
