4102 6182
330 273 426 325 143

327 403 583 459 affectio:
617 408 679 458 tu
708 404 913 469 aetatis,
943 407 1185 470 naturae,
1219 401 1499 472 propositi
1530 400 1792 455 ordinem
1832 405 1989 455 custo
2051 405 2094 457 A

328 492 457 547 disti
502 514 513 548 :
546 510 682 564 ergo
717 492 937 563 deliqui
995 492 1161 544 aliter
1195 492 1262 544 de
1295 496 1347 542 te
1385 505 1557 559 quam
1578 490 1847 559 poscebat
1872 491 2023 545 veri-

326 589 430 651 tas,
460 582 895 653 judicando.Ad
930 581 1037 634 hoc
1066 580 1329 645 redeunt,
1377 595 1521 650 quos
1578 578 1877 648 diligentia
1931 580 2014 632 in-

326 671 478 731 sulsa
510 672 754 741 captivat
786 670 1065 740 :proinde
1087 668 1207 736 jam
1231 666 1351 720 sine
1391 666 1723 721 circuitione
1777 668 2016 738 loquen-

324 760 463 814 dum
497 765 597 814 est.
630 760 750 823 Quo
783 764 837 812 te
866 759 1265 811 immemorem
1315 757 1400 810 tui
1454 756 1613 811 duxit
1641 756 1841 811 insana
1883 774 2021 827 prae-

324 850 596 920 sumptio,
620 854 683 902 ut
710 848 726 881 ¹
763 850 956 901 sancto
987 848 1320 917 presbytero
1352 846 1587 913 diceres,
1639 845 1700 899 in
1757 846 2016 900 versibus

318 939 451 1005 illis,
483 936 740 1008 quamvis
764 937 821 990 in
854 937 1132 1007 temporis
1174 941 1470 989 momento
1504 935 1859 1006 compositis,
1912 935 2014 988 ali-

322 1028 528 1098 quibus
548 1026 727 1080 videri
745 1027 1010 1081 affectum
1033 1026 1156 1097 conj
1170 1026 1351 1097 ugalis
1381 1026 1578 1096 gratiae
1627 1042 1744 1079 non
1797 1042 2018 1096 expres-

319 1133 445 1171 sum
468 1117 495 1171 ?
518 1120 627 1171 Aut
652 1133 759 1187 ego
792 1116 1087 1170 diffamare
1108 1116 1266 1168 volui
1296 1115 1450 1185 quod
1486 1116 1827 1185 scripseram
1848 1114 1876 1168 ‘2
1916 1119 2016 1169 aut

316 1204 611 1275 epitaphia
639 1206 749 1259 hoc
779 1205 1109 1276 poscebant,
1164 1209 1264 1258 aut
1301 1204 1487 1257 ratio?
1516 1204 1649 1266 Quis
1684 1204 1789 1257 hoc
1830 1203 2011 1273 impe-

314 1295 479 1361 ritus,
515 1294 643 1366 quis
692 1299 880 1349 tecum
941 1292 1181 1347 sanitate
1224 1308 1433 1346 vacuus
1474 1290 1634 1358 dixit,
1686 1296 1748 1345 ut
1781 1308 2011 1346 carnem

316 1385 472 1455 quod
502 1384 561 1437 in
583 1400 867 1438 summam
901 1384 1145 1453 gratiam
1187 1383 1430 1436 domnus
1475 1382 1709 1435 Faustus
1767 1382 2007 1451 excepit,

314 1477 369 1527 te
392 1479 447 1527 et
468 1473 841 1544 participibus
864 1472 977 1525 tuis
1005 1470 1336 1525 rodentibus
1353 1471 1702 1525 laederetur?
1720 1471 1884 1523 Forte
1905 1469 2008 1523 2de

313 1564 481 1615 tertio
515 1562 841 1629 Phaleucio,
877 1560 975 1632 qui
1006 1561 1415 1615 Terentianum
1442 1560 1725 1627 nesciunt,
1786 1550 2029 1613 liabue-A

312 1651 445 1717 rint,
473 1640 628 1722 quod
660 1651 728 1705 de
790 1667 901 1704 una
933 1649 1149 1721 syllaba
1179 1654 1502 1721 quaerentes
1534 1648 1890 1703 occasionem
1921 1649 2004 1701 lo-

1565 271 1850 327 ENNODII
1891 272 2203 328 EPISCOPI
2244 272 2625 328 TICINENSIS

3726 276 3829 331 144

2682 402 3019 458 EPISTOLA
3055 403 3265 460 XXXII.

2471 507 2793 547 ENNODIUS
2838 508 3193 548 SYMMACHO
3236 496 3487 564 (PAPJE).
3726 560 3729 561 ν

2202 581 2343 634 Rem
2374 581 2753 634 necessariam
2795 582 3076 651 providet,
3138 584 3238 652 qui
3295 583 3519 653 parenti
3564 585 3822 638 omnium

2129 669 2356 724 orbatos
2381 674 2435 724 et
2467 659 2802 741 peregrinos
2830 670 3085 725 insinuat
3117 688 3129 726 :
3157 671 3325 726 unica
3354 672 3445 726 via
3479 679 3564 727 est
3607 678 3827 744 aposto-

2127 757 2274 811 latus
2298 759 2467 813 vestri
2493 759 2783 826 solatium,
2843 776 2972 831 quas
3032 761 3295 815 medetur
3353 762 3620 815 externis.
3663 763 3817 817 Absit

2128 846 2368 901 afﬂictos
2391 848 2602 917 dicere,
2643 865 2783 919 quos
2814 849 2884 902 ad
2942 866 3042 903 vos
3088 850 3388 920 contigerit
3442 851 3816 921 pervenisse:

2125 938 2396 992 creatoris
2430 938 2699 1009 patriam,
2734 955 2871 1009 opes
2888 938 3024 992 alibi
3055 955 3170 993 non
3207 940 3528 1010 requirunt,
3556 957 3700 1012 quos
3725 958 3818 995 co-

2124 1041 2283 1080 ronae
2327 1032 2526 1081 vestrae
2590 1044 2724 1081 cura
2782 1028 3114 1099 susceperit.
3164 1029 3515 1083 Praesentum
3571 1030 3818 1100 bajulus,

2124 1118 2283 1169 ortus
2315 1116 2606 1183 nobiliter,
2639 1117 2943 1188 profutura
2964 1118 3033 1172 ad
3055 1118 3451 1173 testimonium
3493 1119 3819 1191 ingenuita-

2122 1204 2194 1257 tis
2216 1204 2403 1259 studia
2436 1206 2697 1261 Romana
2728 1206 2993 1277 requirit.
3043 1207 3205 1261 Nunc
3235 1207 3579 1262 beatitudini
3616 1214 3819 1263 vestra:

2122 1308 2250 1347 mea
2270 1294 2542 1365 supplicis
2572 1295 2746 1349 vestri
2780 1295 3144 1349 commendat
3193 1298 3453 1364 assertio,
3496 1302 3561 1351 ut
3602 1298 3815 1351 saluta-

2120 1383 2297 1436 tionis
2328 1383 2574 1438 servitiis
2608 1385 2916 1455 dignanter
2936 1386 3198 1455 acceptis,
3245 1387 3399 1456 quod
3445 1403 3550 1441 usu
3598 1388 3805 1457 facitis,

2119 1487 2223 1541 pro
2256 1473 2371 1527 mei
2400 1472 2857 1528 consideratione
2880 1475 3228 1545 geminatur.

2670 1582 3002 1637 EPISTOLA
3040 1583 3266 1637 XXXIII.
3360 1609 3367 1616 -

2404 1686 2727 1725 ENNODIUS
2767 1669 2791 1703 δ
2835 1686 3182 1725 HORMISDE
3233 1686 3529 1726 DIACONO.

312 1745 642 1831 querentur.
680 1742 821 1831 Vere
877 1739 1088 1831 dignus
1268 1738 1375 1791 i513
1404 1754 1532 1809 qua
1557 1737 1811 1831 Peri-“lii
1873 1736 2008 1831 (lum
2048 1726 2087 1779 Β
2192 1758 2255 1811 Et
2278 1759 2429 1828 quod
2463 1776 2541 1828 es,
2578 1759 2947 1814 miseratione
2979 1765 3253 1827 ornatur;
3288 1765 3343 1814 et
3381 1761 3535 1831 quod
3587 1760 3814 1815 futurus

309 1830 583 1900 scriptum
619 1834 702 1883 est
735 1829 968 1900 (Matth.
1024 1845 1122 1895 vn,
1176 1828 1254 1897 6),
1320 1826 1659 1897 margaritas
1709 1830 1839 1879 ante
1898 1826 2007 1879 im-

307 1919 525 1972 munda
566 1917 836 1972 animalia
863 1935 981 1971 non
1004 1933 1125 1971 esse
1160 1916 1487 1970 mittendas.
1519 1915 1785 1979 Quamvis
1810 1915 2007 1970 dictio-

306 2024 443 2061 num
479 2014 534 2061 et
572 2008 879 2078 imperitiae
912 2023 1053 2061 mea:
1093 2007 1240 2060 bene
1272 2006 1379 2058 sim
1411 2005 1691 2075 conscius,
1728 2010 1780 2058 te
1811 2009 2003 2060 tamen

305 2114 409 2151 nec
444 2099 585 2151 scire
619 2098 856 2169 aliquid,
884 2113 987 2151 nec
1018 2096 1293 2150 sciturum
1328 2099 1457 2149 ante
1480 2095 1812 2150 didiceram.
1849 2097 2000 2163 Vale,

302 2188 439 2242 etad
473 2188 614 2242 alios
645 2192 700 2241 te
722 2186 931 2258 quibus
962 2186 1171 2240 debeas
1202 2185 1381 2256 loqui,
1419 2190 1703 2239 converte.

889 2294 1226 2349 EPISTULA
1272 2293 1418 2346 XXX.

569 2399 895 2440 ENNODIUS
942 2397 1278 2439 ADEODATO
1324 2396 1757 2437 PRESBYTERO.

372 2493 589 2547 Acerbo
621 2491 980 2562 aegritudinis
1016 2490 1232 2560 impetu
1284 2494 1339 2543 et
1383 2487 1567 2543 valida
1614 2487 1860 2541 febrium
1909 2488 1996 2542 ni-

302 2583 531 2637 mietate
555 2582 852 2647 contritus,
887 2596 1018 2634 cum
1076 2584 1138 2633 ut
1188 2579 1359 2632 ﬁdem
1412 2577 1620 2632 veteris
1679 2577 1997 2632 testimonii

298 2673 553 2728 Christus
579 2675 771 2725 noster
804 2670 863 2722 in
891 2686 1002 2736 me,
1039 2668 1192 2740 quod
1216 2669 1499 2738 inLazaro
1530 2667 1761 2734 fecerat,
1797 2672 1990 2722 osten-

300 2762 493 2827 disset,
511 2767 566 2815 et
585 2759 875 2829 Evangelii
888 2758 1059 2812 ﬁdem
1076 2757 1452 2828 prmseutibus
1469 2758 1781 2811 declararet
1802 2773 1994 2811 exem-

293 2851 402 2921 plis
434 2868 445 2905 :
480 2851 699 2904 litteras
728 2854 941 2902 vestras
974 2849 1181 2918 accepi.
1221 2847 1517 2903 Ordinavit
1549 2847 1645 2901 ille
1664 2847 1762 2917 qui
1782 2847 1990 2917 potuit,

292 2945 355 2994 ut
374 2940 571 2994 diebus
602 2938 812 3010 quibus
844 2938 1021 2992 vitam
1050 2938 1400 3003 restituerat,
1422 2935 1739 2989 amicorum
1760 2952 1991 3007 quoque

2117 1862 2192 1913 es,
2227 1847 2439 1916 pietate
2464 1849 2826 1920 conquiritur
2861 1864 2875 1902 :
2910 1854 2965 1902 et
3004 1849 3308 1903 diaconum
3345 1850 3433 1903 his
3492 1850 3697 1904 studiis
3727 1866 3817 1903 ex-

2115 1935 2321 2003 tulisti,
2346 1937 2507 2008 cujus
2536 1937 2617 1991 rei
2648 1936 2934 2008 promittit
2956 1953 3093 1990 cura
3141 1937 3492 2008 pontiﬁcem.
3548 1940 3810 2005 Praesen-

2116 2023 2262 2077 tium
2287 2024 2535 2096 bajulus,
2571 2025 2843 2079 honestus
2875 2027 3155 2087 moribus,
3181 2032 3386 2080 natura
3415 2027 3693 2095 sublimis,
3721 2045 3811 2099 ge-

2113 2113 2256 2166 mini
2289 2115 2477 2168 solatii
2520 2115 2751 2169 orbatus
2774 2116 3061 2186 praesidio,
3113 2116 3354 2170 Romam
3392 2133 3497 2187 pro
3555 2118 3813 2171 honestis

2111 2202 2348 2269 artibus,
2383 2204 2514 2258 licet
2537 2206 3025 2275 peregrinaturus,
3047 2205 3299 2276 expetiit.
3333 2206 3469 2260 Vide
3493 2206 3538 2260 si
3560 2223 3811 2261 merean-

2110 2296 2205 2344 tur
2237 2308 2270 2344 a
2300 2294 2591 2362 religioso,
2626 2294 2770 2347 bene
2802 2299 2956 2361 nato,
2998 2294 3499 2365 locupleti,juvari
3534 2296 3640 2349 ista
3677 2313 3808 2367 quae

2107 2381 2361 2450 praetuli.
2401 2384 2556 2436 Nunc
2587 2383 2775 2435 ofﬁcio
2819 2384 3178 2437 salutationis
3223 2384 3494 2451 exhibito,
3554 2401 3696 2455 rogo
3746 2392 3802 2439 ut

2106 2468 2154 2521 si
2194 2485 2307 2535 me,
2341 2471 2389 2523 si
2416 2471 2627 2525 bonam
2669 2487 2842 2541 quam
2874 2472 3152 2542 coemistil
3182 2472 3520 2542 opinionem
3583 2474 3797 2545 diligis,

2102 2556 2378 2630 impensis
2408 2560 2648 2631 portitor
2676 2561 2962 2614 adulescat
2995 2562 3244 2615 auxiliis.

2663 2668 3001 2723 EPISTOLA
3038 2670 3253 2723 XXXIV.

2419 2770 2744 2811 ENNODIUS
2784 2761 2807 2793 ⁴
2848 2773 3173 2813 PORTIANO
3220 2774 3478 2814 ABBATI.

2173 2861 2389 2916 Divinis
2420 2863 2742 2919 declaratur
2772 2865 3067 2935 exemplis,
3095 2864 3207 2918 nisi
3254 2881 3358 2935 per
3397 2864 3495 2920 Dei
3552 2866 3795 2936 gratiam

2096 2950 2482 3006 visitationem
2529 2952 2833 3007 hominum
2883 2954 3199 3007 caelestium
3232 2971 3347 3008 non
3394 2954 3608 3009 venire.
3660 2955 3795 3020 Quae

292 3046 524 3085 suorum
556 3045 680 3083 eam
700 3033 755 3082 et
780 3028 1147 3082 conﬁrmaret
1187 3032 1244 3105 et
1289 3026 1517 3080 fulciret
1565 3025 1849 3095 alloquiis.
1912 3027 1984 3079 De

2104 3042 2258 3096 enim
2281 3042 2602 3097 recordatio
2642 3047 2831 3113 potest
2862 3059 2982 3097 esse
3004 3044 3385 3113 peccantium,
3421 3044 3534 3098 nisi
3558 3045 3798 3099 occultis

290 3118 543 3171 versibus
571 3117 721 3171 unde
753 3117 857 3169 tibi
878 3120 1209 3186 portentum
1250 3115 1387 3169 illud
1421 3114 1582 3180 dixit,
1630 3114 1811 3167 risum
1843 3113 1987 3168 mihi

287 3204 694 3273 stultajudicia
720 3203 990 3257 fecerunt.
1034 3202 1186 3257 Scias
1216 3202 1345 3255 illos
1402 3201 1461 3254 in
1512 3217 1736 3254 summo
1795 3202 1983 3271 pretio

285 3294 437 3364 apud
466 3294 741 3347 domuum
772 3292 1015 3357 habitos,
1075 3290 1336 3362 quamvis
1387 3289 1447 3343 in
1480 3291 1754 3361 temporis
1794 3307 1982 3361 angu-

288 3383 396 3436 stia
451 3387 506 3436 et
552 3380 806 3436 viridarii
856 3380 1282 3435 transcursione
1331 3378 1698 3450 conscriptos.
1772 3378 1882 3434 Sed
1935 3380 1982 3433 si

287 3489 384 3525 eos
415 3487 531 3525 non
554 3470 852 3541 scripsisti,
884 3485 990 3523 nec
1016 3469 1206 3524 facias.
1240 3469 1374 3524 Mihi
1404 3468 1633 3535 sufﬁcit,
1659 3469 1793 3523 dum
1850 3469 1976 3535 feci,

285 3566 417 3614 vota
459 3561 799 3630 complesse.
853 3560 1015 3613 Nunc
1060 3560 1130 3613 ad
1190 3575 1315 3612 eam
1370 3562 1591 3629 partem
1636 3574 1728 3611 me
1785 3558 1979 3612 confe-

282 3667 368 3716 ro,
423 3666 549 3721 quze
602 3648 925 3720 specialiter
954 3665 987 3701 a
1032 3647 1235 3703 sanctis
1283 3648 1573 3718 poscenda
1629 3652 1744 3714 est;
1782 3652 1844 3702 ut
1872 3664 1977 3718 pro

282 3756 435 3809 aegro
462 3744 519 3793 et
577 3744 805 3792 amante
864 3738 1138 3793 attentius
1196 3754 1353 3803 ores;
1391 3737 1432 3791 si
1475 3753 1722 3804 mereor,
1778 3737 1978 3791 crebra

278 3828 425 3883 mihi
446 3832 501 3882 et
528 3827 919 3882 iustructionis
938 3833 994 3880 et
1013 3826 1419 3880 consolationis
1440 3830 1677 3897 praestes
1697 3826 1970 3897 alloquia.

863 3935 1206 3990 EPISTOLA
1244 3934 1414 3989 XXXI.

815 4055 1139 4096 ENNODIUS
1186 4055 1437 4095 BOETIO.

351 4150 740 4205 Consideratio
778 4148 1192 4220 magnitudinis
1220 4152 1419 4202 vestrae
1447 4147 1971 4219 exegitfepistolare

275 4240 681 4294 commercium
707 4257 720 4306 ;
756 4239 847 4293 sed
881 4238 1168 4292 festinatio
1199 4238 1492 4309 portitoris
1513 4237 1809 4309 epistolam
1840 4236 1969 4291 bre-

272 4331 445 4385 vitate
476 4330 775 4383 conclusit.
811 4330 934 4382 Non
962 4328 1127 4399 potui
1144 4328 1353 4383 morari
1376 4332 1778 4399 properantem
1807 4342 1820 4381 :
1871 4326 1967 4381 sed

271 4436 375 4475 nec
406 4420 493 4473 his
519 4434 761 4472 vacuum
793 4417 1002 4471 muniis
1024 4421 1259 4488 propter
1288 4435 1376 4471 res
1402 4416 1745 4473 necessarias
1775 4416 1960 4472 emisi.
2006 4414 2049 4469 D

274 4509 509 4563 Crebras
540 4525 710 4577 super
743 4508 910 4561 domo
969 4523 1142 4578 quam
1199 4507 1457 4579 poposci,
1516 4507 1734 4560 litteras
1789 4505 1963 4560 desti-

271 4598 423 4652 navi.
456 4597 801 4667 Sipossibile
831 4601 914 4651 est
935 4598 1129 4668 cupita
1152 4597 1351 4664 tribui,
1390 4597 1511 4667 jam
1544 4599 1774 4664 referte,
1830 4596 1965 4668 quia

272 4687 467 4741 omnia
516 4686 759 4741 azditicia
801 4688 925 4757 ejus
962 4687 1065 4741 sub
1115 4687 1467 4758 negligentia
1529 4690 1958 4741 consenescunt.

270 4776 510 4829 Domine
540 4776 644 4845 mi,
687 4776 1043 4831 salutationis
1091 4776 1366 4848 obsequia
1414 4776 1762 4845 dependens,
1820 4790 1961 4844 rogo

267 4872 333 4921 ut
360 4884 457 4921 vos
479 4867 689 4938 juvetis
730 4866 851 4920 sine
900 4871 1088 4920 vestro
1156 4864 1456 4936 dispendio
1518 4863 1956 4933 supplicantem.

336 5021 356 5088 ξ
380 5015 585 5088 Sancto
602 5008 1488 5088 presbytero]AdeodatoLepist.
1519 5023 1638 5088 seq.
1677 5077 1687 5088 0

337 5084 359 5115 ²
380 5086 463 5138 De
493 5077 655 5140 tertio
697 5077 1038 5154 Plfaleucioj
1069 5083 1129 5136 Id
1159 5088 1264 5150 est,
1292 5077 1528 5154 Eioptet
1552 5077 1955 5154 sgrmilem~ma-

264 5159 431 5211 trona
453 5162 664 5211 sortem
696 5173 709 5210 :
740 5174 853 5227 quo
876 5150 1038 5207 versu
1067 5154 1347 5227 clauserat
1392 5151 1750 5227 epitaphium
1783 5150 1957 5221 Cyne-

264 5229 373 5298 giaz
402 5227 501 5283 lib.
528 5245 622 5295 vn,
655 5223 820 5298 epist.
854 5228 941 5281 29.
975 5227 1103 5298 Haec
1156 5223 1334 5298 igitur
1376 5227 1460 5275 est
1489 5223 1733 5292 epistola
1782 5238 1953 5292 quam

260 5296 433 5370 paulo
456 5306 588 5353 ante
630 5296 1161 5370 retractavit,_cpist.
1195 5296 1282 5348 2t.

331 5372 352 5403 ³
384 5370 709 5424 Hermia-dae
738 5364 1009 5438 diacono]
1037 5363 1198 5438 Ejus,
1242 5379 1454 5438 nomen
1490 5363 1652 5438 inter
1695 5364 1952 5438 Ecclesiae

256 5442 529 5497 Romanae
552 5442 817 5495 diaconos
843 5440 902 5491 iu
934 5436 1147 5508 sy'nodo
1178 5436 1520 5506 Symmachi,
1580 5453 1707 5507 quae
1751 5436 1950 5490 Avieni

255 5513 500 5583 junioris
522 5512 823 5583 consulatu
851 5513 1166 5583 coactaest.
1194 5510 1436 5583 Jamque
1454 5508 1607 5579 apud
1628 5508 1949 5583 Eunodium

255 5579 464 5653 saepius
496 5582 744 5653 occurrit
773 5597 786 5635 :
821 5596 974 5635 nunc
1004 5580 1087 5635 illi
1119 5580 1515 5653 pontificatum
1562 5594 1678 5653 non
1707 5579 1948 5653 obscure

256 5650 529 5725 praesagit
561 5669 576 5706 :
607 5652 932 5725 iterumque
963 5650 1205 5725 epistola
1232 5654 1324 5721 39,
1357 5651 1519 5725 Esto,
1572 5650 1805 5725 inquit,_
1826 5665 1950 5720 spe-

251 5720 425 5779 cialis
449 5720 602 5777 tutor
622 5740 638 5791 ;
666 5720 920 5780 omnium
943 5720 1075 5780 mox
1084 5720 1348 5793 futurus.
1369 5724 1481 5778 Nec
1496 5720 1707 5777 vanum
1726 5720 1837 5776 fuit
1855 5737 1948 5776 au-

2096 3131 2400 3186 itineribus
2438 3132 2599 3185 favor
2628 3132 2873 3187 caelestis
2914 3139 3205 3204 operetur,
3242 3139 3299 3188 et
3330 3150 3432 3204 per
3450 3134 3600 3188 viam
3633 3150 3791 3187 men-

2093 3220 2246 3274 tibus
2275 3220 2615 3291 inspiratam
2645 3237 2776 3292 quaa
2806 3227 3044 3292 propter
3074 3227 3324 3293 peccata;
3345 3240 3642 3294 surrepere
3692 3240 3797 3293 po-

2090 3312 2258 3377 terat,
2292 3310 2889 3381 e1iminetur_oblivio?
2910 3312 3236 3381 Impetratce
3277 3311 3400 3381 jam
3423 3312 3629 3366 diviuze
3679 3312 3789 3366 mi-

2093 3399 2415 3453 sericordiae
2444 3398 2652 3453 ﬁducia
2683 3404 2788 3466 est,
2822 3399 3110 3454 cultorum
3146 3400 3246 3454 Dei
3277 3400 3480 3454 animis
3526 3418 3642 3455 non
3682 3403 3789 3457 de-

2091 3504 2230 3542 esse.
2260 3490 2404 3559 Ergo
2432 3488 2645 3559 gratias
2665 3488 2849 3543 refero
2877 3488 3141 3543 Trinitati
3172 3490 3287 3544 Deo
3318 3493 3533 3559 nostro,
3576 3492 3677 3562 qui
3730 3499 3787 3547 ut

2088 3592 2180 3631 me
2223 3578 2547 3632 reverentia
2588 3582 2774 3632 vestra
2826 3578 3093 3649 alloquiis
3110 3578 3386 3645 visitaret,
3410 3580 3617 3651 exegit.
3671 3582 3782 3636 Su-

2088 3666 2266 3737 scipio
2298 3666 2682 3721 obedientiam
2712 3671 2961 3721 vestram
2997 3684 3133 3723 :nec
3154 3667 3309 3724 enim
3336 3669 3579 3740 exiguus
3603 3672 3791 3726 cultus

2085 3756 2325 3811 debetur
2356 3755 2825 3828 obsequentibus,
2885 3774 3017 3811 cum
3067 3758 3274 3813 Christi
3334 3759 3520 3829 gloria
3552 3767 3780 3816 maneat

2080 3845 2483 3916 imperantem.
2512 3847 2679 3901 Orate
2702 3863 2805 3917 pro
2839 3863 2951 3913 me,
3012 3847 3112 3918 qui
3156 3848 3535 3903 humanitatis
3601 3850 3785 3906 imbe-

2082 3934 2232 4000 cilla,
2266 3935 2405 3988 dum
2432 3935 2618 3989 adhuc
2649 3935 2783 3990 estis
2812 3935 3100 4004 homines,
3121 3936 3373 3991 evitastis
3397 3954 3409 3991 :
3438 3953 3580 4008 quos
3606 3939 3786 3992 conti-

2082 4024 2180 4092 git,
2207 4024 2450 4093 necdum
2466 4040 2703 4095 corpore
2720 4029 3100 4096 sequestrate,
3115 4025 3468 4095 ponderibus
3486 4026 3672 4079 carnis
3684 4027 3785 4079 ab-

2082 4113 2248 4178 solvi;
2276 4118 2331 4166 et
2379 4113 2624 4167 servitiis
2665 4114 3023 4168 salutationis
3068 4115 3331 4185 acceptis,
3375 4116 3599 4186 frugem
3630 4115 3782 4169 circa

2081 4216 2173 4257 me
2188 4202 2407 4273 gratiae,
2426 4203 2565 4257 dum
2586 4203 2868 4258 sermonis
2896 4204 3171 4259 adolescit
3192 4206 3436 4269 cultura,
3460 4204 3775 4259 concedite.

2649 4312 2891 4368 EPISTO
2900 4314 2986 4367 LA
3022 4313 3212 4368 XXXV.

2272 4416 2597 4457 ENNODIUS
2640 4404 2661 4437 ⁸
2699 4416 3075 4457 AURELIANO
3124 4416 3564 4458 PRESBYTERO.

2143 4507 2471 4561 Inamabilis
2505 4507 2737 4578 quidem
2794 4507 3089 4561 desideriis
3136 4508 3277 4562 meis
3307 4508 3575 4563 militavit
3623 4523 3775 4563 occa-

2073 4594 2178 4663 sio,
2221 4601 2277 4650 et
2305 4597 2447 4650 votis
2478 4596 2697 4650 aditum
2728 4597 3033 4651 necessitas
3061 4597 3154 4651 vix
3189 4598 3424 4652 ferenda
3455 4597 3723 4669 patefecit
3757 4616 3770 4653 :

2073 4686 2369 4755 amplexus
2398 4685 2668 4755 paginam
2690 4685 3023 4756 praefatione
3059 4687 3467 4754 blandientem,
3506 4686 3770 4757 sequenti

2071 4774 2194 4843 ejus
2220 4774 2541 4829 elocutione
2566 4776 2833 4830 confusus
2864 4792 3011 4830 sum.
3036 4778 3177 4831 Nam
3210 4777 3375 4831 dulce
3418 4776 3766 4847 principium

2070 4867 2127 4917 et
2159 4863 2345 4917 sereni
2401 4864 2573 4918 mella
2626 4865 2921 4937 colloquii,
2976 4866 3161 4921 relata
3229 4866 3547 4930 calamitas,
3601 4865 3769 4932 quasi

2066 5005 2316 5080 gurium,
2346 5006 2481 5077 quia
2510 5008 2853 5077 Symmacho
2876 5025 3042 5080 papa:
3074 5008 3367 5063 successit.

2136 5082 2157 5114 ‘
2189 5079 2472 5133 Portiano
2528 5080 2737 5150 abbati]
2776 5078 2894 5134 Etsi
2934 5078 3197 5149 tempora
3246 5096 3361 5132 non
3413 5078 3766 5149 discrepant,

2064 5148 2351 5204 affirmare
2371 5156 2564 5205 tamen
2600 5148 2736 5206 nou_
2764 5152 2966 5219 ausim,
3017 5148 3170 5204 hunc
3216 5155 3476 5204 nostrum
3531 5148 3650 5203 esse
3701 5150 3763 5205 S.

2062 5222 2395 5275 Portianum
2452 5223 2553 5292 qui
2611 5221 3087 5277 Candidobrensis
3109 5222 3262 5291 apud
3294 5223 3578 5275 Arvernos
3609 5237 3764 5292 imo-

2063 5293 2297 5347 nasterii
2330 5291 2502 5346 abbas
2537 5294 2662 5357 fuit,
2701 5293 2868 5362 eique
2896 5296 2951 5345 et
2970 5292 3180 5362 oppido
3210 5309 3327 5347 non
3378 5291 3621 5363 ignobili
3650 5308 3763 5347 no-

2065 5379 2199 5417 men
2235 5365 2488 5433 reliquit.
2523 5364 2952 5418 SANPORTIANUM
3002 5364 3157 5417 enim
3200 5365 3574 5435 appellamus.
3628 5364 3765 5419 Fuit

2060 5441 2117 5487 et
2147 5436 2454 5506 Porcianus
2481 5436 2777 5504 episcopus
2809 5435 3191 5506 inprovincia
3208 5436 3312 5506 qui
3344 5436 3571 5506 synodis
3622 5435 3762 5489 Car-

2058 5504 2449 5579 pentorateusi
2485 5513 2542 5558 et
2598 5506 2833 5561 Vasensi
2876 5504 3141 5562 interfuit
3176 5504 3383 5579 paucis
3402 5507 3571 5560 annis
3625 5511 3763 5576 post

2057 5576 2400 5631 Eunodium.

2055 5718 2089 5774 ὁ
2126 5645 2865 5773 “lAruretlianopresbyterﬂ
2885 5648 3205 5706 Arelatensi
3236 5666 3250 5706 :
3284 5649 3441 5721 quod
3454 5648 3762 5722 sequentia

2095 5735 2156 5774 ec
2182 5735 2214 5773 a
2247 5735 2318 5774 an
2351 5760 2363 5773 .

2095 5734 2363 5775 ec1arant.
