4054 6176
236 295 315 349 145
1528 280 1859 339 EPISTULA

2052 280 2177 333 LIB.
2224 279 2361 330 Vlll.

3580 278 3679 330 146

230 432 354 484 veste
378 424 566 491 noctis,
598 419 859 477 obnubit.
894 419 1042 475 Vere
1066 417 1438 490 loquentibus
1463 417 1622 472 vobis
1650 416 1874 487 ingesta
1910 424 1956 471 A
1986 416 2268 485 guitatem
2300 430 2474 487 quam
2509 413 2694 469 credis
2724 413 3025 482 exhibeas;
3058 416 3114 467 et
3144 414 3281 468 dum
3314 412 3558 467 amantis
3589 417 3678 467 te-

230 522 337 573 sunt
363 514 546 580 oculis,
579 528 709 583 quas
742 510 1030 581 legebam.
1059 510 1199 563 Nam
1230 509 1368 563 dum
1400 506 1673 562 absentia:
1702 506 1880 560 felici-

230 611 371 660 tatem
392 603 588 675 pagina
610 601 886 670 sapientis
915 599 1236 669 intercepit,
1269 602 1496 651 coactus
1527 612 1654 650 sum
1682 598 1699 632 ¹
1720 596 1875 648 illam

228 693 498 751 Etheriam
551 690 720 743 nimis
758 689 963 743 vidisse
1012 692 1323 755 terrenam,
1374 691 1429 739 et
1459 703 1491 740 a
1528 685 1880 739 sublimitate

229 781 451 837 vocabuli
488 780 547 833 in
589 780 888 833 Tartarum
922 778 1063 831 duce
1112 777 1281 847 culpa
1310 774 1649 846 depositam.
1701 775 1879 828 Taceo

229 871 337 944 quid
358 867 603 924 debuerit
634 866 990 937 parentibus,
1026 865 1163 936 quid
1194 864 1438 935 pudori:
1474 880 1539 917 ex
1574 880 1686 935 qua
1709 864 1879 918 domo

226 961 385 1016 infelix
428 958 700 1029 processit
731 956 800 1009 ad
838 958 1059 1009 scelus:
1105 954 1259 1025 quod
1306 958 1497 1008 secuta
1526 958 1630 1020 est,
1669 953 1880 1007 relictis

227 1052 305 1105 Dei
342 1046 662 1113 cultoribus,
715 1044 1013 1116 lupanaris
1062 1043 1184 1097 vice
1248 1044 1603 1113 conjugium.
1654 1043 1877 1097 Credite

228 1139 360 1203 mihi,
395 1136 662 1190 ultionem
712 1133 995 1199 criminis,
1029 1134 1165 1187 dum
1216 1132 1463 1186 admittit
1501 1132 1739 1199 crimen,
1781 1148 1876 1185 ex-

226 1232 383 1281 secuta
410 1231 525 1280 est:
562 1230 617 1279 et
659 1224 813 1294 turpi
842 1239 1028 1276 mersa
1059 1222 1459 1289 contubernio,
1494 1226 1550 1276 et
1592 1220 1876 1291 ﬂagitium

225 1321 267 1368 et
290 1329 494 1385 pcenam
535 1310 743 1381 ﬂagitii
774 1310 986 1380 reperit
1033 1309 1090 1362 in
1126 1309 1352 1362 marito.
1389 1309 1593 1361 Secum
1626 1307 1709 1359 rei
1740 1322 1876 1376 per-—

224 1420 387 1457 sonam
430 1401 708 1471 portavit:
759 1405 817 1453 et
842 1398 1052 1469 judicis
1082 1398 1314 1459 mulier,
1352 1397 1487 1450 dum
1516 1395 1688 1466 elegit
1730 1393 1878 1448 indi-

222 1508 385 1563 gnum.
415 1490 790 1544 Producerem
821 1488 1057 1553 litteras,
1094 1487 1204 1541 nisi
1234 1486 1574 1540 memoriam
1609 1484 1875 1539 infaustae

221 1580 411 1634 feminae
476 1578 866 1633 desiderarem
945 1575 1234 1630 oblivione
1293 1574 1545 1645 sepeliri.
1622 1575 1751 1640 Vos,
1814 1578 1876 1627 ut

220 1669 377 1724 Galliae
405 1667 741 1739 expulsione
771 1666 1005 1720 illorum
1037 1665 1428 1732 subleventur,
1462 1664 1716 1734 eligatis:
1745 1679 1872 1732 nos,

218 1775 273 1813 ne
334 1757 482 1811 Italia
556 1755 982 1827 coinquinetur.
1042 1755 1325 1825 Expetant
1377 1754 1568 1824 potius
1638 1752 1872 1824 Libycas

219 1853 391 1919 syrtes:
425 1850 479 1901 et
507 1846 583 1900 ab
620 1843 996 1898 humanitatis
1023 1842 1310 1897 consortio
1342 1842 1705 1897 dividantur:
1738 1841 1872 1913 quia

216 1937 250 1990 si
289 1936 403 1990 inde
431 1936 714 1990 domuum
756 1933 1128 1988 Aurelianum
1176 1932 1449 2002 fugerint,
1499 1932 1634 1987 hinc
1679 1932 1871 1985 Enno-

220 2026 361 2090 dium,
388 2025 451 2079 ad
497 2041 631 2095 qua
664 2024 789 2077 loca
821 2022 1229 2077 declinabunt?
1278 2021 1299 2054 ²
1330 2023 1553 2076 Domno
1597 2022 1868 2092 praafecto

213 2131 310 2186 qua
330 2114 592 2185 jussistis,
626 2113 875 2183 pressius
909 2110 1208 2165 intimavi:
1242 2112 1341 2181 qui
1377 2108 1398 2143 ⁵
1436 2110 1738 2180 praecepta
1776 2126 1863 2162 re-

214 2199 284 2269 gia
323 2216 440 2253 mox
487 2198 703 2268 exegit,
751 2215 855 2269 per
884 2214 1013 2268 quae
1063 2197 1350 2251 credimus
1396 2198 1547 2252 viros
1586 2199 1767 2253 bonos
1811 2202 1871 2253 et

216 2290 383 2343 amicos
406 2289 766 2342 occasionem
790 2287 1073 2342 invenisse
1100 2287 1447 2358 praestandi:
1475 2292 1530 2341 et
1555 2304 1655 2342 vos
1673 2291 1869 2343 tamen

215 2380 423 2432 animum
454 2379 521 2432 ab
555 2378 853 2432 anxietate
884 2382 1209 2433 removete:
1246 2378 1380 2448 quia
1418 2378 1661 2432 caelestis
1706 2378 1869 2432 suffi-

213 2468 297 2521 ciet
333 2468 392 2521 ad
434 2467 721 2521 ultionem
756 2468 1037 2521 malorum
1067 2468 1234 2537 vigor
1274 2467 1571 2522 examinis.
1625 2468 1865 2521 Domine

215 2557 290 2619 mi,
350 2556 706 2610 salutationis
769 2556 1042 2627 obsequia
1097 2561 1471 2626 praesentans,
1532 2573 1733 2628 precor
1808 2560 1867 2610 ut

212 2644 367 2699 crebro
408 2662 494 2698 me
542 2644 948 2716 prosperitatis
988 2649 1209 2712 vestrae,
1244 2645 1380 2715 quia
1413 2644 1862 2700 commeantium

210 2733 550 2805 opportunitas
591 2733 895 2805 ingeritur,
930 2733 1189 2787 relevetis
1220 2733 1505 2804 alloquiis.

722 2823 1053 2878 EPISTOLA
1091 2824 1314 2877 XXXVI.

702 2926 1029 2967 ENNODIUS
1075 2927 1326 2966 BOETIO.

1988 520 2188 574 porem
2215 504 2443 570 metuis,
2479 502 2538 557 in
2564 502 2924 557 affectionem
2957 502 3247 574 frigescas.
3275 506 3295 539 ι
3318 502 3583 571 Domine,
3613 506 3680 556 ut

1988 610 2181 663 supra,
2224 592 2589 647 salutationis
2619 592 2861 661 gratiam
2893 592 3241 662 persolvens,
3275 608 3441 663 spero
3469 596 3529 645 ut
3559 608 3678 645 cre-

1988 681 2091 735 bro
2126 682 2193 736 ad
2235 697 2325 735 me
2369 681 2742 753 epistolarum
2774 682 3117 735 commercia
3161 680 3394 751 dirigas,
3445 682 3577 751 quia
3620 681 3680 734 in

1988 771 2075 825 bis
2108 772 2320 825 muniis
2352 774 2409 825 et
2460 770 2762 840 diligentia
2814 774 2870 824 te
2902 771 3172 824 admonet
3200 775 3255 825 et
3303 770 3573 841 perfectio
3617 773 3680 823 ut

1990 861 2204 914 multus
2234 860 2550 914 incumbas.

2526 948 2861 1003 EPISTOLA
2900 948 3145 1003 XXXVII.

2522 1052 2847 1091 ENNODIUS
2894 1052 3142 1091 DOETIO.

2057 1126 2323 1191 Quamvis
2362 1125 2520 1181 tenui
2552 1126 2757 1180 effectu
2804 1125 3103 1196 petitionis
3146 1125 3329 1196 surgit
3361 1125 3678 1195 eloquium,

1986 1220 2042 1269 et
2092 1216 2398 1270 conciliant
2442 1220 2498 1269 et
2540 1216 2738 1270 dotant
2780 1214 3101 1269 facundiam
3154 1231 3243 1268 res
3291 1215 3571 1279 secundm,
3620 1215 3680 1267 in

1987 1304 2243 1375 qualibet
2272 1304 2576 1357 verborum
2609 1302 2905 1357 saturitate
2934 1303 3160 1372 paginae
3201 1303 3247 1355 si
3276 1302 3676 1372 repudientur,

1985 1394 2053 1447 ab
2084 1394 2489 1464 impetratione
2515 1393 2817 1463 jejunant:
2848 1392 2977 1462 plus
3007 1391 3262 1445 felicibus
3294 1391 3547 1461 epistolis
3581 1392 3680 1444 dc-

1982 1481 2148 1535 betur
2195 1481 2447 1535 laudatio
2500 1497 2673 1552 quam
2737 1480 2957 1550 peritis.
3010 1482 3143 1535 Jure
3189 1480 3446 1550 loquitur
3492 1480 3677 1533 verbis

1983 1570 2169 1623 nitore
2201 1569 2563 1637 sublimibus,
2603 1569 2702 1639 qui
2738 1573 3049 1623 summates
3079 1568 3230 1621 viros
3252 1568 3469 1622 dicendi
3504 1584 3678 1621 venu-

1984 1663 2127 1712 state
2176 1658 2461 1728 captivat:
2513 1658 2754 1728 quodvis
2803 1657 3118 1712 oratorium
3168 1657 3396 1711 schema
3451 1656 3680 1710 sinistra

1984 1764 2105 1801 sors
2134 1747 2411 1818 dissipat:
2446 1746 2670 1801 ditescit
2695 1746 2851 1801 enim
2889 1747 3087 1817 lingua
3117 1747 3332 1801 nutrita
3362 1746 3673 1800 beneficiis.

1983 1838 2208 1891 Dudum
2263 1837 2333 1891 ad
2364 1835 2736 1890 eminentiam
2776 1841 3022 1890 vestram
3062 1836 3241 1890 direxi
3292 1835 3679 1907 qualicunque

1981 1926 2217 1980 audacia
2258 1926 2605 1996 producente
2654 1924 3038 1996 colloquium;
3091 1926 3246 1996 quod
3291 1925 3371 1979 ita
3418 1925 3678 1995 responsi

1977 2015 2146 2086 genio
2187 2015 2545 2083 sublevastis,
2594 2020 2657 2069 ut
2689 2016 2979 2069 crederem
3024 2031 3115 2068 me
3147 2014 3460 2085 perdidisse
3515 2013 3678 2085 digni

1977 2105 2186 2159 favoris
2221 2110 2482 2175 tempora
2512 2120 2614 2175 per
2645 2104 2918 2175 quietem,
2952 2104 3182 2175 quando
3216 2104 3471 2157 modicus
3504 2104 3678 2157 sudor

1971 2194 2256 2265 judicium
2284 2209 2472 2247 arcem
2504 2193 2752 2248 tenentis
2784 2193 3059 2247 illexerat.
3084 2192 3479 2247 Promiseratis
3498 2194 3672 2245 etiam

1976 2285 2213 2339 domum
2246 2301 2419 2356 quam
2452 2301 2843 2356 poposceram,
2880 2301 2994 2338 non
3036 2285 3378 2356 negandam.
3418 2284 3671 2339 Geminis

1976 2377 2227 2429 elevatus
2258 2375 2609 2429 successibus
2637 2374 3007 2441 incedebam;
3045 2374 3091 2427 si
3127 2378 3182 2428 et
3212 2374 3406 2442 opinio
3437 2374 3671 2445 perfecti

1975 2465 2397 2536 astipulatione,
2450 2469 2507 2519 et
2553 2480 2756 2518 census
2800 2463 3236 2535 locupletissimi
3267 2463 3534 2517 crevisset
3562 2463 3671 2517 im-

1975 2554 2201 2625 pendio.
2249 2554 2356 2608 Sed
2396 2553 2648 2608 detestor
2694 2570 2936 2620 moram,
2971 2570 3142 2625 quam
3180 2553 3396 2608 sterilia
3436 2553 3671 2624 quidem

1975 2647 2206 2711 peccata
2249 2646 2623 2712 pepererunt.
2672 2643 2813 2696 Nam
2864 2648 2920 2696 et
2968 2643 3138 2696 homo
3189 2643 3455 2696 culminis
3500 2642 3671 2695 vestri

1974 2745 2145 2800 quem
2177 2730 2554 2799 praestolabar
2598 2729 2865 2784 advenit:
2915 2735 2972 2785 et
3009 2731 3153 2785 nihil
3185 2732 3290 2785 sibi
3332 2730 3670 2785 mandatum

1973 2835 2114 2881 esse,
2163 2819 2317 2888 quod
2350 2818 2651 2873 desideriis
2682 2819 2825 2873 meis
2861 2820 3131 2889 prodesse
3162 2826 3374 2891 posset,
3409 2819 3665 2874 asseruit.

1973 2908 2107 2961 Vide
2138 2908 2479 2961 meritorum
2512 2924 2772 2961 meorum
2811 2909 2960 2962 fusca
2992 2910 3335 2962 commercia
3368 2926 3381 2963 :
3418 2925 3667 2979 quorum

260 3002 552 3057 Perdiderat
601 2999 951 3055 eruditionis
998 3001 1250 3069 pretium
1299 2999 1519 3069 lingua,
1559 2999 1697 3053 dum
1728 2998 1863 3055 reti-
1901 3026 1941 3081 C
1970 3002 2167 3050 contra
2200 3013 2291 3050 me
2322 2997 2561 3050 nitentia
2590 2998 2761 3051 ﬁdem
2790 2998 3053 3068 frangere
3086 3003 3398 3069 nequeunt,
3431 2996 3666 3067 exigunt

210 3107 300 3143 ccs:
344 3092 468 3162 quia
515 3091 661 3145 dum
707 3094 1063 3143 venustatem
1116 3089 1459 3161 eloquentia
1502 3089 1861 3143 taciturnitas

210 3179 500 3246 includebat,
553 3179 906 3233 credebatur
957 3194 1075 3233 non
1113 3195 1233 3233 esse
1264 3180 1418 3250 quod
1466 3195 1652 3249 nuper
1695 3178 1859 3232 effer-

208 3267 315 3321 buit.
346 3268 667 3323 Produxisti
718 3267 780 3322 in
823 3269 1010 3322 lucem
1042 3284 1255 3321 novum
1299 3267 1471 3338 jubar
1500 3268 1756 3339 eloquii:
1805 3273 1862 3321 et

209 3356 310 3410 dum
359 3357 501 3411 diem
571 3358 639 3411 in
702 3356 946 3427 epistola
1009 3356 1168 3423 facis,
1229 3356 1595 3427 splendorem
1664 3373 1860 3410 recens

208 3446 393 3516 adeptus
423 3445 679 3501 crederis
699 3444 821 3515 jam
842 3450 1153 3498 maturum.
1179 3444 1397 3500 Gratias
1430 3461 1558 3515 ago,
1592 3445 1744 3516 quod
1768 3461 1859 3498 me

215 3535 265 3587 ad
298 3535 541 3590 amicitim
593 3534 923 3589 custodiam
955 3534 1181 3605 paginae
1221 3539 1336 3589 tua:
1367 3536 1508 3589 ﬂore
1540 3534 1856 3603 compellis.

207 3624 284 3678 Sed
320 3628 361 3680 si
401 3626 532 3681 ﬁdei
584 3640 739 3680 mea;
785 3641 933 3679 esses
982 3623 1258 3692 conscius,
1303 3624 1722 3679 dubitationem
1790 3623 1858 3676 de

207 3714 334 3768 rebus
382 3713 781 3769 constantibus
831 3730 944 3767 non
996 3713 1253 3768 haberes.
1302 3714 1498 3768 Timeo
1551 3730 1623 3768 ne
1676 3712 1856 3767 ambi-

256 3857 266 3890 ¹
293 3855 457 3911 Illam
478 3854 825 3925 Etherium]
854 3856 1072 3910 Nurum
1096 3854 1497 3923 Archotamias,
1529 3856 1597 3909 de
1620 3872 1733 3926 qua
1753 3856 1854 3911 lib.

204 3942 272 3991 vn,
296 3930 441 3999 epist.
502 3931 583 3982 14.
619 3928 735 3981 Sed
769 3931 889 3980 tota
934 3927 1107 3997 hujus
1155 3927 1413 3996 epistola:
1460 3928 1857 3999 interpretatio

202 4014 247 4069 ex
281 3998 603 4053 Cessiodoro
646 3999 894 4068 petenda
935 4006 1033 4062 est,
1082 4000 1232 4068 apud
1266 4015 1438 4069 quem
1481 3998 1858 4053 Theodericus

202 4068 252 4121 de
277 4071 363 4122 bac
390 4071 645 4124 [Etheria
680 4070 1018 4124 Merabaudo
1049 4069 1239 4122 comiti
1290 4068 1367 4123 Sic
1397 4070 1594 4122 scribit
1623 4070 1725 4123 lib.
1780 4086 1854 4137 Iv,

200 4140 327 4215 epist.
348 4145 406 4215 12
429 4160 440 4195 :
461 4147 510 4195 Α
519 4140 856 4215 rchotamia
870 4139 1065 4215 itaque
1079 4140 1327 4215 illustris
1345 4139 1562 4215 femina
1587 4139 1859 4215 ﬂebiliter

198 4210 526 4281 ingemiscens
552 4210 783 4281 nepotis
802 4211 894 4264 sui
912 4211 1308 4266 calamitatem
1334 4212 1442 4265 tali
1460 4212 1858 4281 conquestione

197 4280 485 4351 deploravit,
506 4280 650 4337 dum
672 4299 899 4353 semper
913 4281 1051 4337 avia
1073 4298 1209 4337 cura
1231 4281 1484 4336 tenacior
1500 4280 1853 4345 estsuor-um,

195 4368 410 4423 asserens
422 4354 769 4409 Etheriam
786 4352 992 4407 nurum
1013 4370 1203 4417 suam,
1226 4353 1427 4408 mariti
1438 4352 1756 4423 postposita
1771 4354 1856 4408 di-

197 4421 409 4490 lectione,
431 4426 678 4481 cuidam
705 4442 767 4497 se
793 4425 1015 4479 Liberio
1028 4425 1219 4497 jugali
1244 4421 1461 4493 fcedere
1482 4421 1733 4497 sociasse
1756 4447 1767 4478 :
1803 4429 1855 4497 et

196 4509 291 4548 cum
318 4497 571 4552 ornatior
589 4496 753 4568 cupit
776 4497 935 4551 novis
955 4495 1227 4551 thalamis
1248 4513 1554 4568 apparere,
1576 4495 1857 4550 studuerit

194 4568 363 4638 prioris
388 4569 497 4623 viri
512 4567 854 4633 facultates
880 4572 1159 4623 evertere:
1193 4568 1457 4638 allegans
1486 4567 1761 4638 dictatam
1790 4572 1855 4638 ﬁ-

197 4635 361 4711 liorum
385 4641 614 4709 spoliis,
652 4640 856 4711 quibus
884 4644 1069 4706 magis
1098 4639 1285 4693 decuit
1311 4635 1673 4711 congregari.

244 4706 263 4782 ξ
289 4706 496 4767 Damno
521 4706 826 4782 praefecto]
860 4712 1083 4782 Fausto.

246 4780 263 4811 ³
282 4779 787 4861 ‘Preeceptaregia1
818 4783 917 4860 llla
946 4781 1219 4861 nimirum
1249 4796 1377 4861 quae
1399 4779 1855 4861 proximaquam

197 4847 512 4922 laudavimus
550 4847 883 4907 Cas'siodori
916 4854 1154 4922 epistola
1184 4847 1575 4918 continentur,
1617 4847 1716 4905 ubi
1751 4856 1855 4906 Ar-

194 4920 449 4987 chotamiae
479 4926 763 4978 adversus
808 4920 1117 4977 ZEtheriam
1151 4939 1360 4977 nurum
1392 4939 1621 4976 causam
1669 4923 1855 4976 Theo-

195 4990 373 5069 dericus
406 4996 758 5049 Merabaudo
777 4995 1116 5069 committit.
1152 4993 1533 5069 sublimitatis
1554 4997 1751 5069 vestra
1765 4994 1856 5062 ju-

192 5059 304 5118 dicio
327 5066 467 5122 hanc
493 5083 741 5121 causam
770 5065 989 5133 legibus
1015 5064 1426 5120 committimus
1463 5059 1811 5120 audiendam
1836 5082 1849 5120 :

193 5139 378 5193 inomni
390 5137 742 5192 incivilitate
752 5137 1033 5204 submota,
1054 5136 1258 5191 mediis
1268 5137 1654 5192 sacrosanctis
1670 5138 1857 5191 Evan-

191 5204 336 5280 geliis,
354 5225 479 5280 cum
492 5209 683 5263 tribus
703 5209 943 5263 honorat
950 5209 997 5262 is
1007 5225 1147 5278 quos
1154 5212 1412 5280 partium
1426 5224 1729 5280 consensus
1749 5209 1858 5264 ele-

191 5278 332 5355 gerit,
360 5279 465 5355 qui
493 5282 693 5355 legum
731 5280 965 5355 possint
994 5278 1200 5355 habere
1246 5278 1553 5355 notitiam_,_
1581 5279 1859 5355 quidquid

346 5349 492 5415 juris
512 5349 715 5423 forma
732 5349 1048 5423 constituit,
1078 5350 1229 5423 inter
1249 5367 1342 5405 eos
1357 5349 1857 5423 considera/adis-

192 5418 370 5488 Ciplina
396 5422 587 5477 nostri
612 5422 887 5493 temporis
916 5420 1254 5493 proferatis.
1287 5423 1515 5476 Prolata
1550 5422 1849 5489 sententia,

194 5503 293 5565 cum
320 5498 734 5565 prtegravatam
757 5494 1061 5563 conjugem
1087 5510 1247 5547 suam
1277 5499 1682 5565 questusesset
1702 5493 1858 5547 Libe-

195 5574 301 5622 ηας,
329 5564 711 5618 Theodericus
732 5566 900 5634 epist.
934 5567 1000 5619 46
1034 5567 1245 5619 iterum
1276 5564 1581 5635 rescripsit,
1607 5570 1671 5619 ut
1690 5581 1858 5619 causa

197 5646 270 5697 per
292 5636 524 5689 arbitros
553 5642 981 5690 retractaretur.

248 5707 264 5735 ‘
289 5706 517 5760 Domine
548 5709 615 5761 ut
659 5707 855 5778 supra]
886 5708 977 5763 Sic
1008 5708 1104 5762 lib.
1144 5724 1179 5774 ι,
1218 5708 1383 5776 epist.
1422 5710 1501 5772 12,
1538 5706 1635 5760 lib.
1670 5724 1727 5772 ιι,
1763 5724 1851 5776 ep.

1972 3086 2317 3139 tarditatem.
2355 3085 2511 3140 Absit
2542 3104 2574 3139 a
2616 3085 2963 3140 conscientia
2999 3103 3143 3153 mea,
3178 3087 3246 3140 de
3278 3092 3461 3140 vestra
3492 3087 3663 3140 clari-

1968 3180 2081 3229 tate
2113 3175 2406 3230 diftidere:
2444 3175 2703 3229 obscenae
2744 3176 2953 3229 mentis
2984 3180 3085 3244 est,
3118 3180 3321 3246 putare
3366 3175 3665 3229 constituti

1968 3265 2312 3318 memoriam
2343 3281 2459 3318 non
2506 3280 2758 3319 manere.
2804 3265 2911 3319 Sed
2943 3281 3082 3335 rogo
3114 3270 3177 3319 ut
3208 3265 3346 3319 dum
3388 3264 3663 3335 propositi

1968 3355 2139 3408 vestri
2185 3355 2371 3408 lucem
2420 3354 2691 3422 asseritis,
2730 3370 2932 3409 eorum
2982 3371 3110 3426 quas
3160 3354 3304 3408 mihi
3359 3354 3659 3419 debentur,

1969 3444 2210 3497 obscura
2261 3444 2561 3515 superatis.
2617 3445 2761 3515 Ergo
2796 3443 3154 3514 praastationi
3196 3448 3394 3498 vestrae
3427 3443 3661 3515 genium

1969 3534 2117 3587 dono
2149 3533 2452 3587 celeritatis
2483 3533 2783 3588 infundite.
2809 3534 3051 3588 Domine
3077 3534 3175 3601 mi,
3208 3535 3428 3588 cultum
3459 3534 3663 3586 saluta-

1967 3622 2140 3676 tionis
2185 3622 2542 3693 impertiens,
2598 3639 2793 3693 preces
2837 3623 3062 3694 adjicio,
3109 3628 3171 3677 ut
3230 3626 3250 3659 ³
3300 3623 3658 3677 consularem

1967 3712 2281 3783 sportulam
2304 3727 2434 3766 cum
2455 3727 2728 3782 responso
2750 3712 3004 3783 praefatae
3034 3712 3331 3782 petitionis
3363 3712 3660 3783 accipiam.

1967 3858 1997 3909 9
2028 3860 2083 3909 et
2113 3854 2237 3908 aliis
2268 3855 2423 3908 locis.
2447 3856 2509 3911 1n
2531 3855 2955 3909 conscribendis
2972 3856 3128 3909 enim
3160 3856 3417 3925 epistolis
3448 3855 3657 3925 quibus

1965 3927 2248 3980 honorum
2287 3926 2467 3980 titulis
2500 3926 2663 3980 initio
2696 3926 2952 3996 epistolas
2982 3926 3240 3997 singulos
3277 3926 3652 3997 appellarant,

1966 3998 2196 4051 eosdem
2246 3998 2351 4051 sub
2401 3998 2576 4051 tinem
2608 3998 2815 4051 iterare
2863 4015 2986 4052 mos
3034 4003 3174 4053 erat.
3229 3998 3402 4053 Verbi
3450 3999 3655 4067 gratia,

1964 4068 2261 4139 Volusiaui
2299 4068 2367 4121 ad
2400 4073 2658 4122 sanctum
2708 4069 3092 4139 Augustinum
3131 4069 3369 4138 epistola
3406 4069 3484 4123 sic
3514 4071 3657 4124 inci-

1964 4140 2070 4211 pit:
2095 4138 2337 4211 Domino
2356 4155 2486 4211 vere
2504 4144 2702 4194 sancto
2720 4156 2788 4197 ac
2803 4138 3007 4195 merito
3026 4140 3346 4197 venerabili
3363 4141 3523 4211 patri
3542 4142 3586 4195 Α
3599 4160 3658 4195 u-

1958 4210 2188 4283 gustino
2209 4210 2591 4283 Volusianus.
2630 4213 2833 4266 Eadem
2856 4212 2934 4266 sic
2952 4213 3273 4267 clauditur:
3306 4210 3655 4283 Incolumem

1960 4281 2382 4337 venerationem
2415 4288 2573 4337 tuam
2602 4283 2876 4337 divinitas
2901 4300 3129 4337 summa
3150 4286 3397 4346 tueatur,
3429 4282 3655 4336 domine

1894 4392 1937 4445 D
1963 4370 2093 4445 '3???
2101 4362 2422 4445 finff‘ffﬁ
2438 4353 2657 4445 Ϊηῗῖξίίὶ
2665 4354 3513 4445 Ἡῗῖἒίῗῖὲτέῗίίέέῖαίῗζζβυῖῗίὲπέ
3530 4357 3654 4445 3‘3}:

1966 4425 2183 4495 gustiui
2221 4425 2463 4494 epistola
2493 4441 2604 4494 qua
2636 4426 2943 4479 Volusiano
2975 4425 3300 4495 respondet,
3347 4425 3453 4477 hoc
3485 4424 3657 4478 habet

1965 4493 2194 4550 initium
2219 4513 2231 4549 :
2261 4493 2754 4551 Domina-illustri
2783 4499 2837 4549 et
2858 4495 3061 4550 merito
3079 4493 3297 4565 insigni
3315 4498 3371 4548 et
3383 4498 3656 4565 praestan-

1965 4567 2183 4622 tissimo
2200 4566 2330 4636 ﬁlio
2368 4566 2682 4639 Volusiano
2712 4565 3085 4639 Augustinus.
3119 4565 3234 4639 sub
3265 4567 3438 4639 linem
3469 4583 3601 4620 vero
3639 4584 3652 4621 :

1964 4639 2319 4692 Incolumem
2330 4638 2689 4709 fcliczoremq
2696 4655 2761 4692 ue
2788 4637 2838 4692 te
2852 4637 3390 4693 misericordissima
3414 4639 3653 4709 Deiom-

1963 4709 2290 4781 nipotentia
2320 4712 2565 4781 tueatur,
2591 4705 2817 4764 domine
2835 4709 3082 4765 illustris
3103 4713 3157 4763 et
3183 4711 3387 4781 merito
3417 4708 3659 4779 insignis

1963 4780 2619 4861 etprsestantissimeﬁli.
2646 4781 2968 4861 Eademque
2982 4780 3343 4861 inplerisque
3356 4781 3657 4861 Augustini

1964 4858 2021 4906 et
2050 4853 2295 4906 aliorum
2327 4853 2581 4923 epistolis
2614 4853 2866 4905 cernitur
2898 4852 3181 4922 repetitio.
3217 4852 3399 4915 Quam
3432 4857 3491 4904 ut
3521 4853 3657 4906 vita-

1964 4928 2090 4977 rent
2121 4922 2738 4993 librarii,’compendio
2790 4924 3117 4989 utebantur,
3150 4922 3398 4993 praeﬁxis
3444 4923 3651 4990 verbis,

1967 5011 2032 5049 ur
2083 5012 2273 5060 suras,
2326 4996 2431 5048 hoc
2472 5001 2577 5062 est,
2629 5000 2688 5047 ut
2718 4994 2882 5049 initio
2914 4995 3171 5065 epistolae
3217 4995 3490 5064 scriptum
3523 4995 3649 5048 fuit.

1966 5067 2305 5137 Quanquam
2330 5066 2483 5136 apud
2512 5066 2831 5119 Ennodium
2866 5066 3013 5120 tituli
3035 5082 3234 5120 omnes
3257 5065 3653 5135 epistolarum,

1965 5138 2131 5191 nudis
2160 5144 2385 5190 tantum
2419 5137 2751 5192 nominibus
2798 5137 3031 5199 relictis,
3062 5137 3256 5191 omissi
3295 5141 3444 5189 sunt.
3492 5137 3652 5200 Quod

1964 5209 2104 5262 item
2136 5208 2337 5262 accidit
2378 5208 2664 5279 rescriptis
2709 5209 3040 5279 Principum
3072 5210 3141 5277 iin
3192 5207 3393 5279 codice
3431 5222 3494 5259 ac
3550 5223 3652 5260 no-

1964 5281 2125 5333 vellis
2154 5296 2167 5334 :
2204 5295 2385 5349 eoque
2417 5277 2630 5334 factum
2660 5286 2723 5334 ut
2752 5281 2849 5333 illa
2874 5297 2885 5333 :
2906 5277 3062 5334 Have
3096 5277 3337 5333 Tatiane
3356 5280 3657 5332 carissime

1963 5350 2146 5419 nobis,
2170 5355 2225 5404 et
2246 5356 2292 5404 Α
2304 5350 2455 5406 lbine
2477 5352 2695 5407 Parens
2721 5350 3039 5405 Karissime
3056 5352 3465 5421 Augustorum,
3497 5367 3559 5403 ac
3579 5349 3653 5403 si-

1964 5422 2125 5476 milia
2154 5438 2280 5493 quae
2329 5423 2435 5488 bis,
2468 5438 2534 5476 ex
2570 5438 2727 5476 more
2773 5439 2944 5487 quem
2974 5422 3109 5486 dixi,
3142 5420 3323 5489 repeti
3372 5421 3652 5488 solebant,

1965 5495 2141 5547 semel
2174 5498 2419 5561 tantum,
2443 5495 2578 5564 quia
2607 5494 2830 5562 integra
2863 5493 3281 5564 rescriptanon
3313 5497 3466 5558 sunt,
3500 5509 3656 5546 nunc

1964 5565 2022 5617 in
2055 5566 2259 5630 fronte,
2296 5562 2554 5619 nunc—ad
2589 5565 2800 5617 calcem
2831 5563 3075 5632 ascripta
3108 5562 3423 5617 videamus.

2037 5638 2057 5707 ἕ
2094 5635 2459 5692 Consularem
2480 5633 2823 5707 sportulam]
2855 5635 2996 5697 Quia
3028 5636 3225 5687 consul
3261 5638 3380 5707 erat
3409 5634 3657 5707 Boetius,

1913 5736 1923 5747 -
1968 5706 2131 5777 epist.
2195 5711 2213 5761 l
2271 5708 2441 5776 hujus
2498 5704 2651 5761 libri.
2697 5707 2979 5771 Sportula:
3026 5713 3217 5761 autem
3261 5704 3454 5761 amicis
3499 5705 3663 5759 novis
