4102 6182
366 222 467 277 147

884 354 1221 411 EPISTOLA
1259 357 1527 409 XXXVIII.

706 459 1030 500 sanemus
1075 460 1427 499 svmmcno
1473 446 1715 513 (eam).

435 534 557 587 Non
601 532 969 587 inefficaciter
1018 533 1219 602 poscit,
1255 532 1350 602 qui
1387 533 1608 601 parenti
1658 533 1919 587 omnium
1957 550 2056 605 pe-

365 622 624 692 regrinos
648 622 935 675 insinuat:
972 621 1257 674 nobilibus
1289 621 1572 688 generalis
1606 622 1847 675 debetur
1872 640 2057 677 asser-

366 710 468 775 tio,
518 710 762 763 maxime
795 710 947 780 apud
980 726 1073 761 eos
1098 709 1195 778 qui
1227 708 1503 763 beneficia
1533 711 1795 765 tribuunt
1822 729 1938 765 non
1969 730 2058 766 ro-

364 798 499 865 gati.
550 800 784 851 Beatum
832 798 1135 851 sublimem
1186 798 1634 867 adolescentem,
1687 803 2053 871 praesentium

365 887 651 955 bajulum,
683 887 729 939 si
756 902 965 939 corona
985 892 1169 939 vestra
1204 887 1509 957 dignanter
1538 888 1797 958 accipiat,
1826 890 2057 958 prie-cla-

364 991 489 1028 rum
516 977 679 1045 juxta
708 991 929 1028 morem
964 974 1249 1045 pontilicis
1283 980 1447 1028 ornat
1468 977 1741 1030 officium.
1782 979 1872 1030 Est
1902 977 2054 1031 enim

364 1064 462 1133 qui
491 1063 733 1132 gratiam
768 1069 1011 1116 vestram
1047 1068 1102 1116 et
1131 1064 1416 1117 natalibus
1450 1070 1506 1118 et
1538 1066 1793 1119 moribus
1833 1082 2057 1119 merea—

364 1154 493 1203 tur:
546 1150 759 1204 sufticit
803 1151 994 1220 dignis
1040 1154 1236 1205 stricta
1284 1152 1559 1208 laudatio.
1607 1156 1763 1208 Nunc
1809 1155 2055 1209 servitiis

362 1239 725 1292 salutationis
774 1240 1063 1306 exhibitis,
1120 1257 1284 1311 rogo,
1320 1248 1383 1295 ut
1427 1258 1518 1295 me
1547 1248 1836 1297 amantem
1885 1245 2056 1297 vestri

360 1328 546 1381 crebri
574 1330 841 1383 relevetis
872 1331 1338 1400 promulgatione
1370 1333 1660 1401 colloquii.

908 1420 1240 1474 EPISTOIA
1282 1422 1497 1475 XXXIX.

677 1522 1000 1562 ENNODIL'S
1048 1524 1392 1563 HORMISD/E
1442 1525 1738 1565 DIACONO.

431 1594 485 1649 Si
521 1595 773 1666 dignatio
804 1597 950 1649 circa
982 1613 1071 1649 me
1102 1598 1384 1667 promissa
1418 1599 1670 1665 duraret,
1706 1605 2053 1653 assereretur

358 1685 683 1755 frequentia
715 1685 1070 1738 litterarum:
1122 1686 1209 1739 vix
1243 1686 1555 1755 respiciunt
1598 1687 1863 1750 humiles,
1907 1704 2052 1757 quos

360 1775 430 1827 ad
461 1790 646 1827 arcem
676 1778 910 1826 eventus
930 1791 1169 1844 prosper
1199 1774 1479 1828 avexerit:
1510 1792 1679 1845 grave
1712 1782 1813 1843 est,
1851 1778 1895 1829 si
1926 1794 2053 1845 spes

360 1863 736 1917 secundarum
771 1880 965 1916 rerum
996 1865 1247 1917 caritatis
1282 1880 1458 1917 nexus
1487 1864 1703 1918 incidat
1740 1879 1751 1917 ξ
1801 1882 1919 1917 non
1956 1865 2053 1917 de-

358 1952 456 2006 bet
482 1953 858 2023 przejudicare
890 1952 1221 2023 diligentiae,
1261 1954 1351 2007 cui
1390 1954 1702 2007 secundum
1736 1958 1862 2007 vota
1897 1954 2053 2008 blan-

360 2042 532 2095 ditur.
555 2042 609 2095 Si
640 2047 832 2095 tamen
868 2041 1081 2111 aliquid
1115 2042 1263 2095 circa
1292 2058 1383 2097 me
1412 2043 1612 2113 gratia:
1643 2044 1972 2109 custoditis;
2006 2044 2053 2096 si

358 2131 496 2184 vivit
541 2131 752 2184 amoris
814 2131 1054 2202 polliciti
1099 2132 1361 2199 scintilla,
1424 2134 1657 2187 Beatum
1710 2134 2052 2187 commendo

359 2220 782 2273 nobilissimum
820 2221 1235 2274 adolescentem
1278 2223 1645 2293 przesentium
1680 2223 2048 2293 portitorem;

358 2308 449 2361 cui
485 2310 706 2378 justum
753 2313 838 2361 est
880 2314 944 2361 ut
974 2310 1433 2363 consideratione
1481 2310 1618 2376 mei,
1652 2318 1708 2363 et
1752 2299 2050 2380 parentem

357 2396 653 2451 beatitudo
678 2402 861 2451 vestra
888 2399 1206 2469 impendat,
1245 2403 1299 2451 et
1325 2399 1590 2468 patriam.
1632 2401 1759 2453 Esto
1794 2400 2053 2469 specialis

358 2490 536 2551 tutor,
579 2486 840 2539 omnium
872 2503 999 2541 mox
1046 2488 1289 2540 futurus.
1326 2488 1565 2541 Domine
1596 2488 1788 2554 frater,
1840 2489 2055 2542 saluta-

358 2575 530 2629 tionis
596 2575 919 2629 humilitate
976 2576 1245 2646 depensa,
1299 2592 1438 2645 rogo
1492 2581 1556 2629 ut
1613 2576 1718 2631 sub
1767 2578 2052 2631 celeritate

361 2681 534 2737 quam
565 2665 712 2719 bene
745 2665 995 2732 valeatis,
1031 2664 1337 2736 scriptione
1367 2664 1624 2735 signetis.

973 2754 1307 2808 EPISTULA
1345 2754 1446 2807 XL.

900 2857 1223 2896 ENNODIUS
1269 2856 1518 2897 BOETIO.

1568 225 1858 280 ENNODII
1895 225 2207 281 EPISCOPI
2244 228 2650 283 TICINENSIS.

3758 236 3859 289 148

2092 362 2135 411 Α
2168 363 2286 410 tum
2322 360 2541 412 animas
2586 364 2827 429 pascunt
2856 376 2981 414 esca
3028 363 3318 432 colloquii.
3372 366 3518 419 Bene
3551 366 3705 420 enim
3756 384 3862 439 per

2170 448 2377 517 stylum
2405 449 2633 502 dilectio
2665 451 2907 503 amicam
2931 450 3037 503 sibi
3064 452 3253 522 pingit
3282 452 3564 523 effigiem;
3593 473 3719 509 cum
3749 474 3862 527 qua

2170 536 2291 589 sine
2324 537 2532 590 laboris
2561 538 2841 608 patientia
2881 540 3115 594 misceat
3163 541 3333 595 mella
3382 559 3734 599 sermonum.
3778 547 3860 600 Ad

2166 624 2273 680 hoc
2301 627 2637 697 magnitudo
2669 632 2765 681 tua
2796 628 2997 682 artifex
3030 646 3101 683 ne
3131 630 3436 701 impastam
3466 634 3711 703 gratiam
3750 636 3861 689 lin-

2169 732 2391 786 queres,
2422 717 2716 787 scripsisti.
2753 717 2943 771 Debeo
2971 718 3444 788 vicissitudinem,
3478 723 3615 793 quia
3642 740 3862 779 memo—

2165 820 2288 858 rem
2337 806 2451 858 mei
2493 811 2548 859 te
2578 823 2699 859 esse
2749 807 3005 875 cognovi.
3062 809 3287 862 Honore
3322 826 3457 881 ergo
3502 813 3865 867 salutationis

2167 894 2436 961 exhibito,
2475 912 2616 965 rogo
2648 898 2707 949 ut
2736 897 2890 966 quod
2937 898 3043 950 scis
3070 900 3223 968 apud
3270 915 3431 953 caros
3474 905 3530 955 et
3562 902 3861 957 aﬂectione

2165 985 2434 1054 praeditos
2491 1001 2611 1040 esse
2658 987 2976 1057 pretiosum
3037 986 3140 1041 sub
3192 990 3624 1046 continuatione
3674 992 3861 1046 facere

2166 1090 2278 1129 non
2312 1074 2564 1130 omittas.

2745 1164 3081 1220 EPISTOLA
3119 1167 3273 1222 XLII.

2700 1269 3024 1309 ENNODIUS
3071 1270 3331 1311 AVIENO.

2237 1340 2610 1411 Algritudinis
2640 1348 2839 1396 vestrm
2872 1343 3147 1398 indicium
3180 1345 3239 1398 in
3283 1361 3427 1399 mea:
3458 1348 3739 1419 contingit
3778 1350 3863 1403 in-

2165 1436 2540 1484 crementum.
2573 1431 2714 1483 Nam
2741 1432 2866 1484 talis
2898 1448 3124 1501 semper
3153 1438 3209 1487 et
3241 1450 3372 1487 usus
3404 1440 3461 1488 et
3479 1452 3625 1506 pene
3657 1443 3865 1491 natura

2165 1520 2411 1584 solliciti,
2443 1524 2508 1573 ut
2536 1520 2623 1573 vix
2654 1520 2846 1574 credat
2878 1522 3169 1575 transiisse
3201 1524 3353 1593 quod
3380 1526 3581 1579 metuit
3606 1543 3617 1580 :
3647 1532 3703 1580 et
3731 1546 3864 1598 quae

2163 1609 2295 1663 fecit
2317 1610 2663 1680 Redemptor
2696 1615 2887 1664 noster
2913 1611 3126 1665 caelesti
3157 1611 3505 1682 benignitate
3546 1617 3862 1686 praeterita,

2166 1700 2328 1769 quasi
2373 1700 2487 1753 sint
2529 1700 2588 1753 in
2636 1700 2870 1753 occultis
2928 1701 3108 1754 locata
3149 1708 3413 1771 suspirat.
3463 1706 3603 1758 Vere
3650 1706 3864 1759 domne

2163 1788 2395 1855 Aviene,
2439 1791 2557 1859 jam
2600 1790 2657 1842 in
2706 1806 2797 1843 me
2845 1790 2989 1843 nihil
3022 1790 3091 1844 de
3124 1808 3297 1845 usura
3345 1792 3485 1845 lucis
3530 1793 3714 1858 istius,
3748 1795 3863 1848 nisi

2163 1882 2350 1930 vestra
2390 1882 2633 1944 tantum,
2668 1883 2796 1947 post
2827 1895 3080 1933 amorem
3115 1880 3236 1946 Dei,
3280 1882 3555 1935 remansit
3584 1883 3809 1937 affectio
3847 1901 3860 1937 :

2164 1966 2393 2038 quando
2425 1967 2629 2020 melius
2659 1983 2884 2021 meeum
2917 1968 3129 2038 agitur,
3161 1970 3289 2022 talis
3323 1986 3470 2037 sum,
3506 1975 3735 2041 qualem
3768 1990 3862 2027 me

2166 2055 2221 2108 in
2264 2056 2661 2126 desperatione
2695 2056 3006 2110 dimisistis.
3054 2058 3323 2128 Superest
3364 2065 3427 2112 ut
3462 2060 3725 2131 precibus
3758 2078 3864 2114 vc-

2163 2145 2292 2197 stris
2342 2153 2393 2199 et
2433 2149 2793 2214 peccatorum
2846 2145 3107 2199 remissio
3158 2148 3521 2214 concedatur,
3577 2155 3631 2202 et
3688 2151 3735 2202 si
3782 2151 3865 2203 ita

2164 2234 2279 2286 Deo
2310 2234 2551 2299 videtur,
2586 2251 2689 2303 pro
2721 2236 2737 2271 ¹
2769 2234 2889 2288 vice
2938 2236 3179 2289 remedii
3210 2236 3397 2290 obitus
3430 2239 3577 2291 celer
3610 2240 3859 2306 eveniat,

2164 2338 2236 2375 ne
2274 2323 2523 2375 amarius
2563 2323 2633 2375 sit
2664 2328 2845 2377 morte
2881 2324 3201 2394 quodvivo.
3238 2326 3478 2379 Domine
3512 2326 3611 2394 mi,
3646 2329 3861 2403 saluta-

2168 2411 2383 2464 tionem
2453 2411 2702 2465 debitam
2760 2416 2879 2465 tota
2922 2412 3247 2467 humilitate
3300 2416 3652 2483 persolvens,
3716 2433 3862 2485 rogo

2165 2504 2226 2553 ut
2255 2516 2356 2570 per
2380 2517 2496 2568 vos,
2540 2501 2678 2572 quid
2708 2504 2765 2554 in
2798 2517 2965 2555 causa
2996 2506 3177 2555 vestra
3208 2503 3276 2556 de
3307 2504 3487 2558 Roma
3531 2504 3861 2574 nuntietur,

2165 2604 2489 2659 agnoscam.

2732 2677 3057 2733 EPISTOLA
3099 2680 3282 2733 XLIII.

2666 2782 2988 2821 ENNODIUS
3036 2783 3360 2822 MESSALJE.

2238 2855 2505 2926 Nunquid
2566 2854 2876 2925 aliquando
2936 2856 3005 2909 ab
3050 2857 3252 2910 etfectu
3305 2857 3538 2923 destitit,
3587 2858 3683 2928 qui
3735 2861 3858 2911 Dm

433 2934 673 2987 Precum
732 2931 957 2985 iteratio
1023 2932 1235 2984 bonam
1291 2931 1697 2985 conscientiam
1754 2932 2055 2987 ObIIVIOUIS
2095 2962 2135 3017 C
2167 2960 2294 2999 cum
2326 2944 2535 2999 ﬁducia
2569 2944 2946 3014 supplicavit?
3060 2946 3284 2998 animus
3320 2945 3379 2999 in
3409 2947 3517 3000 ﬁde
3554 2963 3667 2999 non
3702 2948 3863 3000 eid”-

361 3026 605 3075 accusat.
658 3020 761 3074 Sed
811 3022 1047 3074 facessat
1096 3020 1391 3073 stimulare
1434 3025 1780 3086 currentem,
1825 3026 1880 3074 et
1921 3038 2054 3074 con-

362 3113 606 3163 stantem
633 3110 819 3163 virum
848 3110 917 3163 ad
946 3110 1283 3162 memoriam
1317 3109 1708 3179 promissionis
1736 3111 2051 3181 impellere.

364 3198 497 3251 Hmc
542 3197 611 3250 de
660 3198 749 3250 his
781 3214 908 3267 quae
944 3215 975 3250 a
1021 3214 1113 3251 me
1156 3198 1373 3250 dudum
1409 3198 1645 3251 culmini
1690 3205 1876 3252 vestro
1926 3203 2057 3251 sunt

362 3286 594 3356 scripta,
638 3287 974 3356 perstrinxi;
1022 3291 1085 3339 ut
1114 3286 1349 3339 domum
1399 3286 1468 3340 de
1499 3303 1613 3357 qua
1638 3287 1758 3357 jam
1804 3288 2055 3358 paginali

358 3376 579 3445 judicio
617 3377 881 3429 voluntas
912 3379 1097 3429 vestra
1128 3380 1212 3430 est
1250 3376 1549 3446 patefacta,
1584 3378 1897 3446 perficiam.
1946 3380 2056 3432 Re-

360 3466 520 3535 liqua
550 3464 801 3536 epistolaz
830 3465 1187 3518 salutationis
1219 3466 1421 3518 nuntio
1444 3466 1796 3536 mancipavi;
1821 3471 1885 3519 ut
1915 3468 2057 3520 sicut

362 3554 515 3623 apud
546 3570 649 3607 nos
676 3554 941 3607 valetudo
973 3554 1031 3606 in
1064 3554 1310 3607 statione
1343 3557 1447 3617 est,
1476 3553 1554 3607 ita
1583 3554 1652 3608 de
1675 3554 1926 3608 culmine
1955 3572 2053 3610 ve-

361 3647 475 3695 stro
506 3642 746 3697 caelestis
784 3641 953 3696 faciat
984 3643 1141 3695 favor
1170 3643 1422 3713 agnosci.

432 3717 445 3721 ’
956 3731 1287 3787 EPISTOLA
1331 3732 1457 3785 xu.

880 3834 1205 3876 ENNODIUS
1251 3836 1549 3875 AGAPITO.

432 3907 815 3962 Insolabiliter
843 3914 1138 3962 amantum
1173 3910 1418 3963 ferretur
1436 3910 1709 3977 absentia,
1745 3910 1852 3963 nisi
1882 3927 2054 3981 opem

362 3997 564 4050 darent
595 3998 848 4052 remedia
894 3998 1236 4062 litterarum,
1273 4016 1403 4070 quas
1444 3999 1674 4068 jejunas
1715 4000 2053 4055 desideran-

360 4122 597 4196 honoris
625 4139 795 4178 causa
825 4126 1200 4181 debebantur.
1241 4126 1616 4196 Symmachus
1654 4126 1817 4195 epist.
1850 4126 2054 4180 ultima

361 4194 460 4247 lib.
492 4210 574 4247 ix:
612 4196 938 4266 Sportulam
962 4194 1301 4252 consulatus
1334 4196 1448 4251 mei
1475 4201 1529 4252 et
1556 4194 1823 4251 amicitia:
1849 4200 2055 4252 nostrae

360 4267 415 4319 et
444 4266 649 4319 honori
680 4271 773 4321 tuo
800 4268 987 4322 debeo.

434 4339 450 4371 ¹
494 4337 631 4391 Vice
648 4338 885 4392 remedii
906 4338 1121 4410 obitus]
1145 4340 1251 4403 Qui
1273 4340 1547 4393 diuturno
1568 4339 1769 4393 morbo
1793 4340 2048 4409 languet,

361 4415 609 4462 mortem
636 4415 816 4480 optat,
851 4416 911 4463 ut
942 4412 1285 4465 remedium.
1324 4412 1493 4465 Vetus
1527 4411 1909 4479 epitaphium,

503 4496 678 4559 Ἠλθες
707 4496 834 4571 ἐμῆς
870 4503 1006 4561 ζωῆς
1035 4498 1395 4573 γλυκερώτερε,
1432 4499 1486 4559 ὃς
1518 4500 1572 4570 μ’
1600 4498 1864 4573 ἀπέλυσας

573 4567 808 4634 Noua-6w,
838 4575 925 4621 καὶ
957 4567 1200 4643 nandum}
1232 4567 1330 4621 καῖ
1352 4567 1571 4643 μογερᾶς
1602 4567 1895 4644 ποδάγρας.

2167 3034 2333 3097 dicet,
2379 3038 2435 3086 et
2464 3037 2591 3086 vota
2636 3038 2691 3087 et
2732 3038 2993 3087 votorum
3026 3034 3191 3103 copia
3224 3035 3667 3105 eonjunguntur.
3720 3038 3867 3089 I’lm-e

2167 3124 2281 3194 egit
2312 3119 2461 3193 apud
2494 3140 2591 3175 vos
2635 3123 2928 3176 silentium
2962 3139 3177 3189 meum,
3208 3124 3361 3193 quod
3396 3125 3539 3177 tanti
3583 3128 3871 3194 temporis

2168 3230 2281 3267 non
2308 3211 2485 3265 valuit
2516 3212 2774 3265 obtinere
2812 3212 3145 3280 loquacitas.
3184 3211 3472 3274 Quantum
3503 3212 3687 3277 video,
3721 3215 3868 3268 scri-

2167 3308 2261 3374 pta
2307 3308 2491 3355 vestra
2522 3300 2631 3353 nisi
2663 3301 3021 3353 taciturnitas
3054 3317 3167 3354 non
3216 3307 3508 3355 meretur:
3544 3318 3689 3372 quos
3737 3320 3872 3357 mu-

2166 3397 2251 3445 tos
2299 3390 2533 3461 putatis,
2569 3388 2963 3459 alloquimini:
3001 3389 3069 3442 ab
3116 3389 3202 3442 his
3234 3389 3443 3459 quibus
3497 3390 3694 3460 lingua
3738 3410 3867 3446 esse

2167 3481 2432 3547 creditur,
2465 3478 2779 3532 abstinetis.
2816 3476 3043 3531 Fecistis
3073 3482 3262 3531 tamen
3296 3479 3449 3549 quod
3476 3479 3666 3533 decuit
3692 3482 3868 3536 dom~

2167 3586 2306 3624 num
2332 3574 2407 3634 et,
2438 3571 2497 3621 ut
2529 3568 2639 3638 ipsi
2677 3567 2882 3635 dicitis,
2916 3570 3243 3637 parentem;
3288 3571 3347 3620 ut
3372 3583 3462 3621 me
3493 3569 3651 3639 gravi
3683 3572 3866 3639 aegri-

2167 3657 2364 3711 tudine
2394 3657 2727 3726 depressum
2757 3656 2995 3726 dignum
3037 3654 3251 3726 putetis
3277 3656 3549 3726 alloquio.
3604 3658 3763 3727 Rogo
3804 3664 3871 3712 ut

2164 3746 2272 3800 hoc
2305 3746 2409 3800 sub
2442 3744 2875 3800 continuatione
2927 3744 3167 3798 faciatis.
3221 3745 3461 3799 Domine
3507 3745 3606 3811 mi,
3656 3746 3869 3799 saluta-

2164 3836 2338 3890 tionis
2376 3834 2754 3890 reverentiam
2785 3835 3009 3888 solvens
3037 3850 3206 3904 posco
3237 3838 3299 3888 ut
3334 3851 3436 3904 pro
3480 3850 3571 3887 me
3603 3850 3707 3904 per
3740 3851 3867 3887 om-

2164 3944 2265 3981 nes
2314 3926 2413 3981 Dei
2457 3931 2682 3979 sanctos
2734 3926 3055 3995 supplicare
3108 3940 3225 3978 non
3274 3924 3518 3992 desinas,
3572 3928 3865 3996 quati-nus

2163 4017 2292 4072 vita:
2317 4016 2593 4084 redditus,
2627 4016 2695 4069 de
2727 4014 2943 4068 visione
2976 4018 3163 4067 vestra
3193 4014 3497 4084 gaudeam.

2718 4146 2868 4194 ΛΥΡ.
2901 4143 3298 4195 ΑΜΦΙΚΤΥΩΝ

2834 4229 2971 4299 ἄγων
3002 4229 3110 4288 ἔτος
3142 4234 3184 4277 Ο

2386 4322 2609 4377 Venisti
2639 4318 2869 4373 tandem
2902 4317 3022 4372 vita
3050 4316 3194 4370 mihi
3216 4315 3459 4381 dulcior,
3482 4317 3537 4368 et
3563 4332 3654 4368 me

2437 4391 2669 4447 Solvisti
2697 4390 2912 4444 morbis
2942 4388 3225 4455 tristibus,
3251 4390 3306 4440 et
3333 4386 3613 4458 podagra.

2707 4480 2870 4533 ΑΗΒ.
2912 4476 3304 4532 AMPHICTYO

2660 4584 2877 4621 annum
2909 4582 3084 4637 agens
3114 4581 3231 4620 LXX.

1562 4810 2653 4992 LIBERJONUS.

909 5082 1244 5137 EPISTOLA
1284 5082 1517 5137 PRIMA.

842 5188 1164 5227 ENNODIUS
1206 5170 1224 5203 ¹
1272 5188 1581 5227 ARATORI.

435 5261 617 5315 Velim
664 5261 745 5316 ita
790 5261 973 5315 labori
1034 5277 1159 5313 meo
1205 5261 1412 5320 faveas.
1463 5266 1529 5313 ut
1580 5260 1780 5330 jejuno
1832 5259 2058 5314 veniam

438 5404 455 5438 ¹
487 5406 536 5455 Α
547 5402 751 5473 ratori]
778 5403 980 5457 Libens
1011 5403 1217 5457 accedo
1250 5403 1318 5456 ad
1338 5402 1723 5471 conjecturam
1744 5403 2059 5457 doctissimi

362 5473 684 5539 cardinalis,
720 5479 1018 5527 Aratorem
1064 5475 1216 5527 hunc
1245 5490 1363 5527 esse
1392 5473 1491 5543 qui
1519 5474 1904 5543 apostolorum
1947 5478 2059 5527 Ac-

363 5549 457 5596 tus
482 5545 735 5597 versibus
765 5546 1045 5615 exposuit.
1082 5546 1286 5598 Verum
1326 5545 1373 5598 is
1403 5545 1508 5597 hoc
1559 5552 1818 5614 tempore
1865 5546 2055 5599 adole-

365 5629 527 5667 scens
559 5615 745 5668 adhuc
774 5621 914 5681 erat,
949 5622 1004 5669 et
1034 5618 1319 5669 Musarum
1349 5622 1543 5669 tamen
1570 5616 1632 5670 in
1663 5617 1862 5669 castris
1896 5617 2057 5670 miles

2097 5087 2139 5139 D
2169 5086 2403 5152 praestes
2434 5081 2685 5153 ingenio,
2719 5082 2856 5152 quia
2900 5080 3054 5133 nefas
3085 5086 3169 5134 est
3208 5081 3267 5133 in
3309 5081 3714 5135 devotionibus
3758 5083 3863 5136 de-

2167 5171 2307 5241 spici
2338 5171 2642 5224 amabilem
2685 5170 2935 5223 discendi
2974 5168 3345 5238 cupiditatem
3382 5187 3393 5223 :
3442 5171 3671 5241 quando
3707 5173 3865 5240 quod

2168 5260 2449 5329 gratiosus
2480 5260 2773 5325 obtulerit,
2817 5259 2996 5312 durus
3026 5272 3219 5310 rerum
3264 5256 3549 5329 interpres
3599 5266 3863 5314 evacuat.

2166 5420 2280 5457 non
2309 5405 2558 5473 ignotus,
2608 5407 2673 5455 ut
2720 5406 2930 5471 printer
2975 5400 3120 5454 hanc
3165 5400 3316 5455 bime
3360 5402 3675 5473 superioris
3722 5403 3864 5458 libri

2165 5472 2775 5554 epistolieostendunt.
2809 5472 3098 5554 Ligurem
3144 5473 3327 5554 patria
3358 5472 3556 5554 fuisse,
3602 5475 3853 5554 facundo

2164 5543 2323 5615 patre
2350 5550 2571 5605 natum,
2600 5550 2770 5613 atque
2804 5544 2862 5596 in
2893 5543 3121 5613 Liguria
3151 5543 3275 5615 ipsa
3303 5543 3616 5611 eruditum,
3644 5550 3699 5599 et
3733 5561 3867 5600 cau-

2166 5616 2324 5669 sidici
2353 5615 2540 5669 officio
2571 5616 2827 5669 functum
2862 5631 2875 5668 :
2909 5616 3257 5686 legationem
3291 5615 3463 5671 etiam
3494 5632 3598 5686 pro
3632 5617 3867 5671 Dalma-
