4102 6182
252 269 342 321 litt

1628 272 2112 328 EPISTOLARUM
2154 275 2279 328 LIB.
2325 276 2408 326 IX.

3644 280 3745 331 150

243 404 585 458 Laudandus
613 410 698 459 est
727 406 788 458 in
837 406 1054 468 studiis,
1093 407 1180 460 vel
1219 407 1319 478 qui
1364 408 1674 462 facundum
1708 425 1936 479 aequare
1975 412 2019 463 A
2045 410 2330 466 contexui.
2367 411 2584 464 Sufficit
2616 412 2730 464 Deo
2753 413 3028 480 placentis
3069 413 3174 466 viri
3228 413 3578 484 instructam}
3620 430 3739 467 esse

243 507 348 543 non
381 496 620 560 putatur
650 492 902 564 eloquio.
934 496 1086 547 Inter
1105 495 1387 562 benignos
1404 502 1461 549 et
1488 497 1764 564 eruditos,
1801 495 1938 567 quid

240 580 486 648 eligatur
518 581 802 635 incertum
825 587 926 649 est,
960 599 1090 636 cum
1123 601 1264 654 pars
1279 589 1522 656 utraque
1546 586 1640 640 det
1668 585 1937 656 pretium.

239 670 380 739 Ergo
414 670 581 724 crede
634 671 920 740 diligenti,
971 677 1026 725 et
1081 673 1526 728 amaritudinem
1586 675 1941 744 temporibus

237 757 478 826 legitimi
508 759 720 811 amoris
753 759 1031 812 amollire.
1070 760 1211 812 Nolo
1244 777 1366 814 rem
1401 761 1514 815 voti
1549 762 1719 815 facias
1754 777 1940 816 neces-

233 846 459 900 sitatem
490 865 506 899 :
537 851 592 900 et
622 847 907 900 desideria
929 847 1138 918 quibus
1169 849 1489 903 humanum
1505 867 1686 920 genus
1718 856 1932 904 natura

232 934 473 1004 peperit,
507 934 736 1005 digeras
776 936 836 988 in
867 952 1192 990 mcerorem.
1228 939 1350 991 Non
1411 941 1710 994 habiturus
1753 940 1935 993 conti-

232 1024 514 1088 nentiam,
539 1023 650 1076 nisi
691 1024 920 1093 nuptias
943 1030 1120 1094 optet,
1148 1026 1207 1078 in
1236 1029 1402 1097 culpa
1434 1034 1517 1082 est
1549 1045 1562 1082 :
1607 1029 1930 1099 conjugalis

232 1114 453 1181 copulae
487 1113 671 1165 vitans
702 1113 1045 1179 remedium,
1081 1116 1367 1169 electurus
1399 1131 1483 1170 est
1514 1123 1612 1171 aut
1669 1118 1930 1183 virtutes,

230 1207 326 1253 aut
359 1201 630 1254 crimina.
664 1202 745 1254 Tu
776 1207 831 1254 te
865 1207 926 1255 ut
972 1204 1243 1270 metiaris,
1285 1205 1553 1276 imploro,
1603 1211 1667 1259 ut
1697 1223 1802 1259 nec
1835 1222 1930 1258 su-

230 1307 330 1359 pra
361 1290 664 1342 hominem
713 1291 951 1359 plenum
1002 1292 1223 1347 casibus
1254 1294 1359 1349 iter
1389 1295 1652 1364 arripias,
1685 1312 1787 1349 nec
1844 1295 1932 1348 in-

228 1385 314 1431 tra
342 1379 647 1432 hominem
675 1395 802 1449 quae
835 1387 970 1433 sunt
999 1382 1298 1451 plectenda
1333 1384 1643 1437 mediteris.
1679 1385 1780 1438 Vix
1828 1385 1931 1437 de-

227 1467 463 1538 linquit,
499 1468 656 1538 quia
685 1472 890 1522 natura
935 1474 990 1521 et
1037 1471 1162 1540 lege
1194 1487 1309 1524 non
1351 1471 1555 1526 deviat.
1613 1475 1754 1542 Ergo
1802 1478 1932 1542 post

226 1556 523 1609 Musarum
565 1561 768 1621 castra,
826 1562 882 1610 et
927 1558 1128 1611 inanes
1158 1565 1324 1614 (etate
1370 1566 1562 1615 nostra
1591 1563 1927 1626 cantilenas,

227 1645 293 1697 ad
325 1661 529 1698 curam
561 1649 617 1698 te
641 1646 895 1699 serendae
929 1647 1141 1700 sobolis
1170 1654 1365 1702 muta:
1402 1650 1515 1702 vita
1547 1651 1701 1721 quod
1741 1650 1925 1714 viluit,

227 1734 358 1804 quia
407 1733 566 1788 inter
612 1734 1016 1804 imperitorum
1069 1737 1347 1790 exercitus
1413 1739 1575 1792 furor
1628 1745 1712 1793 est
1773 1740 1925 1792 nolle

223 1824 524 1876 rusticari:
556 1824 717 1892 juvat
737 1825 1076 1894 sapientem,
1119 1827 1228 1880 hoc
1263 1843 1381 1881 esse
1417 1829 1570 1898 quod
1617 1829 1918 1900 plurimos.

226 1914 482 1966 Facessat
507 1913 873 1982 phiIOSOphia
903 1915 961 1967 in
985 1922 1315 1970 nostrorum
1337 1923 1471 1971 nota
1508 1919 1884 1972 conventibus
1911 1934 1925 1971 :

225 2016 326 2072 ego
359 2003 611 2056 donasse
637 2002 789 2055 curis
818 2003 1008 2073 cupio,
1047 2005 1312 2074 quotiens
1332 2006 1618 2060 infelicem
1643 2007 1925 2060 inscitiam

225 2091 486 2161 sequitur
517 2090 614 2158 qui
645 2093 934 2160 praecedit.
977 2094 1126 2162 Ergo
1168 2093 1450 2149 honorem
1499 2097 1726 2149 salutati
1781 2096 1922 2149 acci-

221 2182 404 2249 piens,
439 2180 691 2234 rescribe
722 2181 867 2234 mihi
893 2183 1032 2252 quid
1059 2199 1188 2237 cum
1214 2185 1404 2238 animo
1425 2190 1524 2239 tuo
1549 2186 1760 2255 pagina
1798 2201 1924 2238 mea

226 2270 416 2339 egerit.
450 2270 592 2322 Nam
625 2269 668 2321 si
701 2286 830 2340 quae
885 2271 1027 2324 mihi
1060 2271 1131 2324 sit
1175 2273 1458 2326 sententia
1503 2273 1747 2343 ﬂagites,
1812 2289 1920 2344 ego

224 2359 341 2428 ipsa
366 2358 694 2412 studiorum
735 2359 1056 2414 liberalium
1082 2361 1321 2414 nomina
1348 2361 1470 2432 jam
1508 2363 1776 2416 detestor.

854 2485 1190 2539 EPISTOLA
1229 2488 1298 2538 Il.
1329 2485 1342 2498 '

762 2606 1079 2647 ENNODHS
1126 2607 1390 2648 FAUSTO.

288 2716 406 2768 Stat
436 2714 594 2785 apud
637 2717 1042 2771 conscientiam
1093 2717 1361 2771 culminis
1409 2718 1584 2772 vestri
1631 2717 1768 2789 quid
1818 2733 1915 2771 su-

225 2805 407 2858 blimis
440 2803 550 2855 viri
584 2804 983 2859 Faustinivoto
1012 2807 1250 2860 debeam
1288 2813 1344 2860 et
1369 2807 1564 2876 generi
1598 2823 1611 2860 :
1673 2814 1730 2861 et
1790 2807 1918 2860 ideo

227 2894 481 2965 quamvis
507 2892 660 2961 apud
692 2911 790 2947 vos
815 2896 1008 2950 credat
1037 2896 1298 2949 sufﬁcere
1332 2897 1485 2966 quod
1509 2913 1611 2965 pro
1661 2897 1778 2948 tilio
1810 2913 1917 2966 pa-

224 2989 304 3036 ter
326 2986 573 3056 rogavit,
608 3002 711 3057 per
768 3001 860 3038 me
910 2989 1101 3038 tamen
1151 2985 1285 3055 quia
1317 3001 1521 3055 parum
1581 2991 1746 3055 putat
1794 2987 1916 3056 ejus
1957 3003 1997 3056 ο

225 3074 539 3128 sollicitudo
570 3074 723 3146 quod
770 3074 971 3144 egerit,
1030 3090 1226 3142 preces
1276 3073 1620 3143 frequentat,
1680 3090 1913 3143 sperans

223 3169 280 3216 ut
311 3172 509 3219 noster
535 3167 864 3220 adolescens
885 3164 953 3217 ad
986 3168 1257 3230 maturos,
1302 3165 1414 3217 Deo
1439 3163 1684 3233 auspice,
1723 3180 1912 3217 mores

223 3252 468 3322 erigatur
507 3272 641 3308 :vos
672 3254 817 3308 detis
841 3258 1149 3322 praecepta,
1171 3252 1308 3322 quid
1335 3252 1496 3322 sequi
1524 3252 1750 3319 debeat,
1774 3253 1912 3322 quid

225 3357 437 3404 cavere,
475 3360 573 3396 vos
614 3343 765 3412 apud
788 3357 932 3413 quos
971 3342 1356 3395 necessarium
1384 3341 1741 3395 credideritis
1776 3341 1911 3394 scri-

223 3432 406 3499 ptione
440 3431 900 3502 prosequamini.
925 3432 1040 3484 Hoc
1057 3430 1171 3484 scio
1190 3431 1420 3483 culmen
1446 3435 1714 3496 vestrum,
1739 3430 1913 3483 etiam

222 3519 530 3580 sitaceam.
563 3538 683 3574 esse
705 3521 1025 3574 facturum:
1060 3520 1155 3572 sed
1211 3536 1315 3573 nec
1369 3519 1542 3573 debui
1600 3520 1741 3572 tanti
1806 3518 1911 3572 viri

220 3609 474 3676 precibus
508 3610 726 3672 deesse,
761 3624 864 3661 nec
892 3608 1053 3677 potui
1079 3625 1221 3677 :qua
1250 3609 1392 3662 dere
1423 3608 1911 3677 permotuslacry-

219 3699 319 3749 mis
342 3698 609 3768 superius
633 3696 1056 3766 comprehensi,
1096 3702 1154 3749 et
1183 3713 1289 3763 ego
1322 3697 1466 3749 flens
1511 3697 1767 3766 supplico
1810 3713 1911 3765 per

217 3785 365 3839 illam
403 3804 536 3856 quae
570 3786 729 3839 vobis
776 3802 809 3838 a
843 3787 958 3839 Deo
1017 3802 1282 3839 concessa
1338 3790 1442 3851 est,
1504 3785 1910 3838 conscientiam

217 3875 303 3938 (sic
331 3877 645 3944 petitiones
677 3879 893 3928 vestras
933 3875 1029 3944 pia
1069 3879 1386 3944 martyrum
1414 3874 1691 3928 Salvatori
1714 3879 1909 3927 nostro

215 3963 576 4015 commendet
601 3963 881 4032 assertio),
909 3970 970 4014 ut
1001 3962 1305 4016 efficaciter
1322 3963 1473 4031 apud
1489 3979 1583 4014 vos
1612 3968 1665 4014 et
1688 3968 1911 4015 creator

214 4066 309 4119 pro
349 4053 469 4104 tilio
505 4057 560 4105 et
591 4052 838 4104 domnus
873 4052 1174 4104 Faustinus
1201 4067 1306 4120 pro
1335 4050 1638 4104 Ambrosio
1679 4051 1902 4121 suppli-

211 4144 335 4192 cet:
381 4147 435 4194 et
461 4140 720 4194 ordinate
760 4140 1100 4209 praedictum
1161 4140 1454 4208 juvenem.
1507 4143 1565 4192 et
1609 4145 1765 4192 orate
1805 4155 1909 4208 pro

210 4228 352 4295 ipso,
381 4234 443 4281 ut
481 4229 908 4282 adolescentem
951 4228 1129 4281 Roma
1183 4244 1286 4281 nec
1335 4228 1488 4280 vitiis
1545 4229 1744 4297 possit,
1805 4244 1907 4280 nec

210 4318 467 4370 moribus
498 4318 879 4386 exstinguere.
910 4317 1036 4370 Scio
1085 4333 1182 4368 vos
1232 4318 1398 4386 plura
1429 4316 1579 4386 apud
1624 4317 1904 4383 homines,

209 4407 298 4459 sed
335 4407 561 4475 majora
587 4407 734 4476 apud
782 4407 960 4459 Deum
1002 4407 1328 4475 praevalere.
1374 4407 1439 4458 Et
1489 4405 1620 4458 idoo
1676 4421 1908 4458 securus

205 4495 315 4562 jam
358 4496 627 4549 elfectum
664 4493 774 4548 illis
817 4494 1090 4564 polliceor
1136 4511 1277 4564 quos
1332 4495 1695 4547 commendo.
1762 4495 1905 4562 Ergo

209 4585 591 4638 reverentiam
657 4582 1017 4636 salutationis
1076 4583 1386 4644 exsolvens,
1461 4583 1656 4652 paucis
1727 4583 1909 4636 multa

207 4761 270 4812 tis
301 4761 373 4813 ad
404 4759 821 4812 Theodericum
849 4773 1042 4828 regem
1070 4775 1198 4812 cum
1227 4758 1395 4811 laude
1421 4758 1628 4812 obiisse
1666 4762 1909 4812 testatur

204 4831 586 4895 Athalaricus,
621 4831 718 4883 lib.
754 4847 847 4882 Vlll
892 4829 1129 4897 Variar.,
1180 4829 1346 4899 epist.
1403 4833 1487 4893 12,
1529 4846 1641 4900 qua
1684 4830 1906 4883 comiti-

206 4918 328 4955 vam
361 4903 813 4956 domesticorum
871 4902 1097 4954 Aratori
1130 4900 1406 4954 decernit.
1451 4903 1756 4971 Postquam
1810 4917 1908 4954 co-

206 4974 404 5026 mitiva
439 4972 611 5025 etiam
637 4988 827 5025 rerum
852 4972 1227 5040 privatarum,
1277 4972 1615 5042 priusquam
1657 4973 1788 5025 aula
1819 4988 1907 5025 re-

205 5044 334 5098 licta
369 5044 630 5097 Ecclesim
663 5043 1110 5112 manciparetur,
1169 5048 1438 5096 ornatum
1497 5043 1693 5109 fuisse,
1750 5044 1910 5096 docet

207 5132 306 5168 nos
338 5121 507 5168 vetus
565 5113 876 5173 adnotatio.
911 5131 1040 5184 quae
1075 5114 1132 5166 in
1159 5115 1449 5184 plerisque
1488 5115 1910 5183 exemplaribus

203 5187 464 5241 Aratoris
498 5184 657 5238 libris
680 5185 915 5254 praeﬁxa
947 5191 1045 5238 est.
1081 5185 1202 5248 Qua
1233 5186 1452 5239 ratione
1480 5185 1682 5255 Vigilio
1737 5185 1910 5238 oblati

205 5265 258 5309 et
287 5257 546 5328 suscepti
587 5256 656 5328 ab
711 5273 777 5308 eo
829 5256 1060 5328 fuerint.
1097 5256 1233 5328 Ejus
1279 5257 1435 5328 enim
1468 5257 1526 5309 in
1557 5256 1748 5310 codice
1801 5257 1908 5310 Re-

204 5329 390 5381 mensi
427 5326 843 5380 monachorum
887 5327 939 5381 S.
992 5326 1236 5397 Remigii
1286 5327 1393 5380 hoc
1427 5333 1511 5381 est
1563 5329 1906 5381 exordium:

206 5399 392 5454 Beato
431 5399 640 5451 domno
666 5401 829 5452 Petro
857 5398 1200 5467 adjuvanle,
1229 5399 1456 5453 oblatus
1502 5397 1593 5452 hic
1625 5398 1797 5452 codex
1837 5398 1911 5452 ab

205 5473 455 5524 Aratore
473 5469 733 5532 inlustri,
766 5484 833 5522 ex
853 5469 1055 5524 comite
1093 5470 1552 5532 domesticorum,
1603 5485 1670 5523 ea:
1703 5469 1912 5523 comite

203 5542 596 5613 privatarum,
619 5539 742 5593 viro
762 5539 1053 5611 religioso,
1076 5541 1424 5613 subdiacorto
1451 5543 1513 5596 S.
1546 5541 1620 5594 E.
1654 5542 1746 5613 R.‘
1761 5539 1911 5613 sedis

205 5610 556 5684 apostolicae,
576 5613 783 5684 sancto
803 5610 979 5684 atque
992 5611 1308 5684 apostolico
1333 5611 1454 5666 viro
1467 5627 1633 5682 papa?
1673 5610 1908 5682 Vigilio,

205 5680 502 5754 susceptus
531 5682 604 5736 ab
641 5697 703 5737 eo
722 5680 816 5734 die
834 5680 929 5736 vin
958 5680 1358 5753 ideprilium
1383 5699 1394 5736 :
1425 5680 1485 5736 et
1508 5680 1636 5752 quae
1657 5680 1908 5753 sequun-

2051 500 2322 569 pietatem
2354 516 2366 552 ε
2396 504 2450 552 et
2476 516 2646 554 causa
2675 505 2732 554 et
2749 518 3015 570 persona,
3058 519 3188 556 cum
3221 503 3322 556 Dei
3354 503 3577 567 solatio,
3617 520 3740 556 ves-

2048 595 2136 643 tro
2167 589 2509 659 disponatur
2538 589 2749 644 studio.

2660 695 2989 752 EPISTOLA
3027 697 3124 751 IIl.

2512 817 2836 858 ENNODIUS
2882 819 3273 859 MERIBAUDO.

2117 908 2284 971 Quasi
2318 907 2728 964 solemfacibus
2745 910 2994 979 adjuvet,
3016 915 3071 964 et
3092 927 3247 964 mare
3266 911 3469 981 exiguo
3491 912 3736 964 humore

2044 996 2372 1067 locupletet,
2406 997 2483 1050 ita
2514 997 2820 1066 supertluis
2848 998 3068 1052 laborat
3115 1000 3444 1069 impendiis,
3479 1001 3578 1070 qui
3631 1018 3735 1070 per

2043 1101 2101 1138 se
2126 1086 2409 1155 placitura
2441 1087 2824 1140 commendat.
2862 1089 2969 1141 Sed
3019 1090 3254 1142 stultum
3285 1093 3369 1142 est
3401 1089 3587 1158 perire
3649 1105 3737 1142 oc-

2041 1175 2330 1228 casionem
2361 1174 2645 1237 beneﬁcii,
2666 1175 2897 1244 quando
2929 1176 3204 1230 auxilium
3230 1177 3390 1230 fortis
3420 1177 3690 1247 implorat
3719 1196 3731 1243 ;

2042 1279 2216 1333 opum
2249 1265 2440 1334 largus
2462 1280 2633 1334 supra
2663 1263 2854 1333 copias
2877 1265 3086 1318 ditatus
3139 1271 3244 1331 est,
3276 1266 3321 1318 si
3370 1267 3548 1320 credit
3605 1268 3736 1320 sub-

2039 1351 2248 1405 sidium
2280 1353 2430 1422 quod
2460 1369 2681 1422 pauper
2707 1353 2996 1406 obtulerit.
3037 1354 3243 1423 Regale
3278 1370 3487 1408 munus
3525 1355 3608 1421 tit,
3643 1355 3732 1407 cui

2041 1440 2266 1510 insigne
2299 1441 2548 1511 pretium
2582 1447 2815 1511 prastat
2857 1441 3158 1511 accipiens.
3215 1444 3470 1496 Domnus
3519 1443 3736 1496 Fausti-

2041 1546 2149 1582 nus
2180 1531 2248 1582 de
2272 1531 2446 1600 prolis
2486 1547 2598 1582 sum
2638 1530 2897 1599 profectu
2951 1546 3122 1599 supra
3181 1547 3354 1601 quam
3403 1531 3589 1600 poscit
3641 1548 3734 1601 pa-

2039 1624 2203 1673 terna
2233 1636 2389 1684 cura,
2412 1618 2707 1685 sollicitus,
2739 1619 3105 1672 Ambrosium
3137 1629 3398 1675 nostrum
3435 1620 3540 1673 hac
3580 1621 3730 1689 apud

1969 1709 2007 1760 Β
2037 1723 2138 1761 vos
2168 1708 2407 1762 credidit
2433 1708 2834 1777 prosecutione
2849 1708 3200 1762 communiri
3226 1725 3239 1762 :
3270 1709 3562 1762 aestimans
3577 1708 3729 1779 quod

2037 1797 2270 1867 sanguis
2304 1797 2445 1866 ejus,
2485 1797 2636 1868 quod
2669 1797 3000 1866 prudentia,
3027 1798 3178 1867 quod
3205 1813 3426 1863 census,
3459 1798 3610 1851 intra
3642 1798 3728 1850 l.i-

2036 1886 2214 1956 gurize
2247 1891 2487 1955 angusta
2518 1886 2907 1952 delitesceret;
2933 1893 2989 1940 et
3009 1887 3158 1957 quod
3185 1887 3322 1939 artis
3340 1887 3493 1940 fama
3522 1887 3728 1940 nobilis

2034 1980 2350 2028 arctaretur
2367 1975 2672 2028 obstaculis
2706 1992 2718 2028 :
2741 1976 2925 2028 alieno
2945 1975 3212 2044 praesidio
3225 1975 3542 2029 claritatem
3564 1992 3724 2028 suam

2031 2063 2091 2116 in
2126 2066 2441 2117 Romanam
2476 2065 2661 2117 lucem
2695 2069 2856 2134 putat
2878 2080 3198 2134 erumpere.
3233 2066 3490 2118 Facessat
3505 2064 3575 2117 ab
3603 2069 3726 2118 stu-

2031 2153 2140 2206 diis
2170 2152 2310 2206 meis
2343 2169 2553 2222 negare
2586 2153 2976 2206 testimonium
3034 2154 3184 2223 quod
3228 2155 3358 2223 plus
3411 2153 3727 2223 epitulatur

2031 2242 2251 2295 auctori
2286 2258 2298 2295 :
2328 2242 2425 2312 qui
2460 2242 2613 2295 enim
2646 2243 2827 2296 bonos
2854 2244 3074 2308 asserit,
3105 2243 3473 2312 approbatur.
3528 2242 3725 2296 Videte

2030 2345 2160 2400 quae
2183 2329 2250 2383 de
2278 2329 2435 2383 vobis
2477 2329 2686 2384 ﬁducia
2735 2330 2968 2400 sit,,cui
3024 2329 3304 2400 quidquid
3369 2329 3723 2400 praecipuum

2029 2418 2202 2472 habet
2232 2419 2443 2472 nobilis
2494 2424 2645 2472 terra
2669 2419 2973 2472 commisit.
3025 2419 3163 2472 Nolo
3221 2423 3384 2489 putet
3431 2417 3584 2488 apud
3623 2434 3725 2470 nos

2029 2507 2181 2578 quod
2208 2508 2310 2561 hac
2337 2507 2410 2561 sit
2441 2508 2660 2561 familia
2701 2507 2895 2577 potius
2935 2507 3199 2560 inveniri.
3249 2507 3473 2561 Sufﬁcit
3529 2507 3723 2560 hono-

2027 2613 2156 2649 rum
2190 2597 2412 2667 cupidis
2431 2597 2507 2650 sic
2541 2597 2732 2666 plures
2754 2596 3002 2662 vincere,
3037 2600 3100 2650 ut
3147 2595 3458 2666 potissimis
3488 2611 3719 2664 compa-

2027 2691 2244 2738 rentur.
2275 2687 2642 2739 Honestatem
2666 2684 2894 2755 juvenis
2933 2685 3193 2753 vulgatus
3213 2684 3490 2738 natalium
3538 2684 3724 2752 pudor

2027 2774 2318 2827 ostendit:
2371 2773 2540 2826 faciat
2586 2773 2900 2827 divinitatis
2950 2773 3301 2842 dispensatio
3354 2777 3416 2825 ut
3469 2787 3571 2841 per
3622 2788 3721 2824 vos

2029 2861 2315 2932 principia
2335 2862 2456 2931 ejus
2489 2862 2580 2914 hic
2612 2861 2756 2915 bene
2796 2861 2976 2914 locata
3009 2861 3342 2914 solidentur.
3381 2860 3496 2929 Ego
3538 2859 3716 2911 hono-

2022 2966 2146 3004 rem
2176 2949 2531 3003 salutationis
2584 2951 2840 3020 accipite,
2875 2955 2929 3002 et
2960 2948 3225 3018 petitioni
3257 2965 3400 3001 meae
3455 2954 3716 3016 paterna,

2025 3039 2171 3093 sicut
2227 3044 2606 3109 praeceptores
2683 3038 2905 3091 vocavit
2967 3037 3294 3108 antiquitas,
3361 3035 3573 3106 pietate
3621 3051 3718 3088 re-

2023 3128 2320 3199 spondete.

2637 3216 2972 3270 EPISTOLA
3012 3217 3098 3268 ιν.

2497 3338 2821 3379 ENNODIUS
2869 3325 2885 3358 ¹
2927 3338 3230 3378 ΡΒΟΒΙΝΟ.

2092 3431 2150 3485 Si
2179 3431 2329 3501 apud
2385 3429 2758 3483 eminentiam
2812 3433 3057 3482 vestram
3099 3428 3440 3498 supplicatio
3491 3444 3619 3481 mea
3638 3444 3718 3480 re-

2023 3521 2356 3574 cordatione
2389 3519 2742 3584 subsisteret,
2793 3519 2988 3572 crebra
3036 3519 3345 3587 scriptione
3393 3517 3714 3588 patuisset:

2023 3624 2127 3662 nec
2153 3625 2295 3679 quos
2325 3609 2473 3678 apud
2499 3609 2788 3678 Liguriam
2817 3612 3030 3660 vestros
3087 3607 3422 3676 dignatione
3477 3606 3716 3660 vocaba-

2020 3697 2113 3758 tis,
2149 3698 2418 3768 sepeliret
2448 3697 2678 3750 oblivio.
2711 3696 2815 3750 Sed
2852 3696 2989 3765 quia
3019 3697 3140 3749 loco
3172 3701 3228 3749 et
3283 3696 3484 3766 opibus
3530 3695 3716 3760 divisi,

2021 3803 2126 3840 nec
2154 3786 2606 3855 diligentitelege
2640 3790 3079 3854 comparantur;
3113 3784 3240 3838 ideo
3260 3783 3714 3854 perfectamsub-

2015 3875 2182 3944 jectis
2209 3875 2523 3939 caritatem,
2563 3874 2608 3926 si
2631 3874 2793 3942 digni
2820 3873 2935 3926 sint
2968 3872 3332 3938 allocutione,
3383 3870 3665 3940 prmstatis
3701 3887 3712 3920 :

2019 3964 2126 4016 hac
2153 3964 2210 4015 in
2247 3963 2556 4016 amicitiam
2585 3961 2926 4016 discretione
2961 3966 3250 4028 coeuntes,
3301 3965 3367 4014 ut
3424 3976 3518 4013 vos
3561 3975 3719 4028 coga-

2019 4052 2162 4105 mini
2195 4057 2417 4105 tantum
2446 4052 2751 4122 respicere,
2803 4067 2905 4105 nos
2963 4067 3174 4104 amare.
3229 4049 3346 4103 Erit
3385 4049 3580 4102 vilium
3631 4065 3718 4100 su-

2017 4141 2196 4210 perba
2249 4139 2517 4202 conditio,
2579 4139 2626 4192 si
2684 4141 2812 4209 plus
2871 4157 2903 4192 a
2952 4139 3278 4209 potentibus
3323 4153 3499 4208 quam
3545 4136 3715 4190 verba

2015 4230 2441 4300 przestolantur.
2464 4230 2548 4281 Ad
2582 4229 2876 4298 querelam
2909 4227 3175 4282 descendi
3222 4225 3475 4279 caritatis
3539 4226 3716 4294 impe-

2018 4319 2105 4372 rio
2141 4335 2153 4372 :
2187 4316 2464 4371 debuistis
2486 4333 2575 4369 me
2607 4321 2738 4386 post
2767 4317 3088 4386 periculum
3123 4315 3274 4385 quod
3305 4313 3593 4379 videratis,
3641 4312 3717 4365 di-

2019 4422 2198 4478 gnum
2246 4411 2449 4476 putare
2506 4405 2812 4474 colloquio,
2861 4406 2947 4458 vel
2972 4405 3109 4475 quia
3147 4405 3390 4458 recentis
3458 4401 3714 4471 mysterii

2019 4496 2452 4548 reviviscentem
2505 4493 2947 4548 commendabat
3007 4493 3292 4546 assertio:
3351 4495 3488 4561 puto
3559 4491 3712 4560 quod

2018 4584 2178 4655 digni
2212 4585 2327 4637 sint
2351 4585 2635 4638 bonorum
2668 4583 2854 4653 gratia
2882 4583 2950 4637 de
2982 4581 3256 4653 sepulcris
3307 4580 3711 4650 Redemptoris

2018 4765 2131 4814 tur.
2157 4759 2452 4829 Pangendi
2484 4758 2627 4812 sacri
2659 4757 2947 4825 carminis,
2972 4759 3078 4812 hoc
3109 4761 3192 4829 est
3226 4760 3394 4813 Musae
3419 4757 3484 4811 ad
3518 4756 3714 4811 divina

2017 4828 2417 4885 convertendae
2449 4835 2648 4882 auctor
2692 4829 2919 4883 Aratori
2967 4830 3102 4883 olim
3135 4828 3320 4883 fuerat
3376 4829 3716 4883 Parthenius

2020 4903 2404 4957 Ennodianus.
2448 4901 2658 4955 Idcirco
2685 4917 2816 4954 cum
2847 4902 3239 4970 apostolorum
3279 4903 3450 4954 Actus
3488 4899 3717 4953 cecinis-

2019 4979 2123 5053 set,
2157 4988 2602 5053 opusquensuum
2632 4972 2856 5053 Vigilio,
2893 4972 3334 5053 utndictnm'est,
3396 4971 3713 5053 obtulisset,

2019 5046 2075 5099 id
2103 5041 2290 5115 ipsum
2322 5041 2379 5096 in
2412 5043 2650 5115 Galliam
2672 5041 2827 5097 misit
2861 5044 2929 5096 ad
2963 5043 3359 5107 Parthenium,
3393 5049 3456 5096 ut
3477 5043 3559 5096 ibi
3589 5041 3714 5115 ejus

2019 5114 2192 5186 opera
2213 5115 2496 5168 ederetur.
2533 5114 2654 5177 Qua
2676 5116 2744 5168 de
2786 5131 2845 5168 re
2868 5116 3141 5186 praeclara
3173 5115 3231 5166 in
3259 5115 3462 5186 eodem
3519 5114 3712 5186 codice

2022 5132 2192 5186 opera
2213 5132 2496 5168 ederetur.
2533 5132 2654 5177 una
2676 5132 2744 5168 ue
2786 5132 3141 5239 recpraeclara
3173 5132 3231 5166 in
3259 5132 3462 5167 eoaem
3519 5132 3712 5166 cocuce

2022 5186 2291 5242 Remensi
2323 5190 2503 5238 exstat
2525 5186 2778 5240 Aratoris
2818 5203 2848 5238 a
2920 5185 3291 5239 Parthenium
3318 5185 3507 5254 ipsum
3538 5184 3714 5254 elegis

2019 5258 2276 5312 versibus
2307 5256 2549 5326 epistola
2580 5274 2592 5311 :
2625 5273 2799 5327 quam
2829 5257 2966 5326 quia
2995 5257 3256 5310 nondum
3281 5253 3510 5324 vulgata
3541 5259 3646 5319 est,
3669 5253 3712 5305 si

2019 5331 2172 5383 velut
2201 5328 2572 5399 peregrinum
2595 5329 2878 5382 emblema
2905 5327 2992 5379 his
3022 5328 3174 5381 notis
3204 5327 3477 5399 inseram,
3524 5341 3711 5395 neque

2021 5397 2556 5470 ingratumJneque
2580 5399 2784 5452 inutile
2816 5399 3070 5470 πάρεργον
3101 5399 3222 5451 fore
3253 5397 3503 5450 confido.

2093 5467 2111 5504 ί
2143 5470 2411 5540 Probino]
2458 5467 2583 5523 Viro
2605 5470 2838 5533 illustri,
2872 5467 3129 5537 patricio,
3161 5473 3225 5521 ut
3245 5473 3403 5538 patet
3436 5485 3500 5521 ex
3525 5467 3709 5540 Theo-

2022 5543 2191 5596 derici
2222 5543 2287 5595 ad
2312 5543 2476 5595 illum
2525 5542 2693 5611 epist.
2753 5558 2788 5593 ιι
2840 5540 3054 5592 Variar.
3097 5543 3176 5604 lt,
3211 5546 3266 5611 et
3294 5539 3580 5593 Partenesi
3611 5554 3712 5611 a_u-_

2021 5614 2159 5666 toris
2190 5613 2260 5666 ab
2287 5615 2518 5667 Beatum
2553 5609 2608 5666 et
2633 5611 2997 5665 Ambrosium
3022 5611 3182 5682 hunc
3207 5610 3399 5682 ipsum
3459 5609 3715 5664 Faustini

2023 5684 2208 5738 tilium
2240 5700 2411 5754 quem
2443 5683 2689 5737 Probino
2729 5681 3114 5736 commendat.
