4102 6182
354 287 446 338 151
1554 279 1850 336 ENNODII
1891 280 2198 337 EPISCOPI
2241 282 2622 338 TICINENSIS
3756 293 3850 346 152

352 417 524 473 nostri
557 414 814 489 potentia
873 414 1142 470 restituti.
1211 415 1329 485 Ego
1383 416 1598 481 tamen,
1630 412 1893 484 quamvis
1931 413 2041 467 sim
2078 417 2124 470 A
2153 413 2250 469 vit.
2276 413 2441 469 Venit
2489 415 2558 468 ad
2597 431 2688 469 me
2739 431 2863 470 sera
2890 415 3122 487 quidem
3170 416 3394 483 relatio,
3453 419 3550 474 sed
3609 420 3843 477 votiva:

351 507 626 578 prodigus
654 504 857 560 frontis
871 508 926 558 et
952 505 1236 575 garrulus,
1257 518 1360 556 nec
1394 502 1528 557 dum
1560 502 1628 555 de
1654 519 1746 556 me
1765 502 2042 574 ‘ﬁduciam

351 613 573 668 gerens,
629 595 986 665 propinquos
1039 591 1288 645 insinuo.
1343 591 1714 645 Praisentium
1781 593 2042 662 portitor,

351 686 547 740 domni
606 685 859 740 Faustini
909 682 1079 746 filius,
1135 680 1487 735 suflicienter
1538 681 1688 735 bona
1746 683 2046 752 pollicetur

351 776 556 829 merita
581 775 648 829 de
681 776 914 843 parente
945 786 958 824 :
993 771 1145 824 hunc
1176 775 1238 822 ut
1277 787 1374 823 vos
1433 770 1696 837 foveatis,
1737 771 1986 842 imploro
2023 787 2034 826 :

352 865 488 936 quia
517 865 662 918 bene
693 861 875 915 nostis
932 875 1046 930 qua
1092 859 1164 912 sit
1194 863 1411 913 creator
1459 859 1581 929 ejus
1637 876 1858 914 morum
1919 862 2045 915 luce

351 951 694 1022 conspicuus
735 951 898 1005 :'nec
930 949 1100 1004 debet
1155 948 1228 1002 ad
1281 948 1425 1002 alios
1492 948 1782 1014 festinare,
1835 949 1945 1003 nisi
1975 949 2045 1002 ad

351 1057 472 1104 vos,
506 1054 908 1109 quemcunque
968 1038 1099 1091 vitae
1157 1035 1465 1090 auctoritas
1523 1041 1708 1089 armat
1765 1041 1822 1091 et
1875 1053 2046 1106 gene-

351 1129 450 1184 ris.
485 1130 652 1198 Ergo,
687 1127 899 1181 domne
929 1126 1030 1192 mi,
1067 1124 1343 1194 obsequio
1371 1123 1728 1178 salutationis
1759 1125 2042 1196 impenso,

352 1233 489 1286 rogo
521 1222 583 1270 ut
613 1216 1055 1286 prosperitatem
1084 1219 1332 1266 vestram
1374 1213 1693 1282 epistolaris
1746 1230 1881 1268 cura
1924 1232 2046 1270 ma-

352 1305 594 1360 nifestet.

980 1391 1316 1446 EPISTOLA
1356 1391 1419 1444 V.

659 1513 984 1555 ENNODIUS
1033 1512 1384 1553 HORMISDE
1434 1512 1732 1554 DIACONO.

422 1604 678 1659 leestis
710 1604 1059 1675 dispensatio
1081 1603 1484 1674 epistolaribus
1502 1603 1797 1659 beneﬁciis
1823 1605 2049 1676 junctos

2153 503 2304 558 adsit
2329 503 2679 576 Redemptor
2709 509 2917 572 noster,
2949 509 3002 558 et
3057 506 3296 577 impleat
3326 507 3478 579 quod
3529 509 3840 566 inclinatus

2151 593 2568 664 supplicatione
2603 595 2897 649 concessit.
2936 594 3175 650 Domine
3221 596 3321 663 mi,
3359 597 3718 652 salutationis
3763 616 3849 654 re-

2150 683 2464 737 verentiam
2494 685 2735 749 solvens,
2769 700 2909 754 rogo
2937 689 2996 738 ut
3029 685 3266 738 actionis
3298 691 3501 741 vestras
3562 705 3851 744 summam

2146 772 2221 825 de
2253 772 2588 826 suburbano
2625 772 2721 825 illo
2778 790 2906 825 cum
2951 780 3189 843 parente
3222 775 3443 828 vestro1
3495 776 3708 830 domno
3768 778 3855 831 Li-

2153 861 2333 928 berio,
2367 861 2592 916 Christo
2619 861 2906 915 vobiscum
2949 863 3265 929 adnitente,
3299 865 3634 935 compleatis
3668 885 3683 920 :
3711 882 3852 936 qua-

2154 956 2318 1005 tenus
2352 951 2398 1004 si
2429 951 2620 1005 evenit
2665 951 3060 1021 commutatio,
3103 953 3354 1023 pretium
3391 954 3659 1024 dignetur
3700 955 3854 1008 acci-

2155 1056 2306 1111 pere,
2341 1056 2412 1093 ne
2443 1040 2659 1094 diutius
2690 1040 2795 1094 sub
2812 1040 3204 1110 permissionis
3234 1047 3502 1096 nutemus
3551 1044 3849 1114 ambiguo,

2157 1128 2292 1198 quia
2321 1145 2419 1182 vos
2452 1129 2628 1182 nostis
2658 1129 2802 1183 nihil
2836 1131 2961 1199 plus
2994 1146 3114 1184 esse
3142 1131 3296 1200 quod
3354 1130 3414 1185 in
3446 1131 3552 1185 hac
3607 1131 3852 1202 supplici

2155 1222 2342 1272 vestro
2375 1217 2577 1272 mundi
2607 1218 3031 1273 conversatione
3061 1219 3360 1290 prazstetis.

2749 1351 3082 1406 EPISTOLA
3119 1352 3258 1407 VIII.

2674 1474 3001 1515 ENNODIUS
3047 1474 3336 1516 VICTORI.

2233 1583 2379 1636 Dum
2411 1581 2694 1636 inscitiam
2735 1582 3056 1637 sublimitas
3085 1587 3183 1637 tua
3221 1583 3616 1654 praeloquitur,
3673 1583 3859 1638 erudi-

354 1695 587 1748 caritate
617 1693 944 1748 consociat:
979 1694 1116 1747 dum
1148 1709 1292 1764 quos
1325 1692 1597 1746 discernit
1627 1694 1902 1748 itinerum
1922 1712 2041 1766 pro-

2159 1671 2332 1726 tionis
2365 1677 2580 1726 secreta
2609 1672 2911 1742 patefecit:
2947 1672 3254 1744 impugnas
3294 1673 3642 1744 perfectione
3697 1673 3856 1744 quod

352 1783 562 1848 lixitas,
593 1782 653 1835 in
677 1781 929 1835 remedio
962 1781 1368 1836 sollicitudinis
1395 1782 1589 1853 jungit
1615 1783 1856 1851 affectio,
1889 1785 1935 1839 si
1976 1786 2049 1840 sit

352 1887 488 1925 cura
508 1872 805 1925 sermonis.
843 1871 1148 1925 Silentium
1181 1875 1375 1925 tamen
1404 1877 1656 1926 vestrum
1709 1874 1880 1928 nimis
1946 1876 2046 1930 ad-

353 1960 548 2028 miror,
585 1961 736 2031 quod
767 1964 893 2030 post
921 1960 1194 2029 depositas
1229 1960 1478 2014 sarcinas
1500 1961 1853 2031 aegritudinis
1886 1964 2048 2018 nulla

353 2065 445 2103 me
497 2050 843 2104 allocutione
896 2049 1251 2103 sublevastis.
1296 2049 1405 2104 Sed
1437 2050 1573 2120 quia
1603 2051 1900 2122 loquendo
1949 2069 2048 2123 op-

352 2141 600 2207 portunc
630 2137 908 2207 cogimus,
941 2141 1005 2190 ut
1034 2136 1308 2207 loquaris,
1339 2137 1426 2190 vel
1453 2138 1669 2207 garruli
1725 2140 2046 2194 imitatione

352 2226 653 2296 responde.
708 2227 855 2279 Bene
899 2225 1054 2279 enim
1105 2241 1196 2279 res
1235 2225 1502 2280 desiderii
1554 2231 1609 2280 et
1664 2228 1934 2298 poscitur,
1993 2233 2050 2283 et

353 2314 696 2385 impetratur
777 2313 1070 2384 exemplis.
1147 2316 1292 2384 Ergo
1349 2314 1625 2369 honorem
1681 2318 2038 2372 salutationis

312 2401 715 2473 impendens,
775 2403 965 2457 indico
1016 2419 1125 2472 me,
1186 2405 1302 2458 Deo
1354 2404 1626 2475 propitio,
1678 2405 1799 2476 jam
1836 2408 2044 2475 valere,

353 2491 698 2562 supplicans,
727 2497 792 2546 ut
821 2492 1028 2546 vicaria
1072 2489 1216 2545 mihi
1255 2493 1388 2564 styli
1425 2495 1894 2566 promulgatione
1949 2496 2046 2550 be-

353 2581 598 2635 nedicas.

971 2668 1302 2726 EPISTOLA
1341 2671 1430 2723 VI.

911 2790 1226 2831 BNNODIUS
1272 2790 1496 2833 BEATO.

424 2883 482 2938 Si
512 2882 851 2955 proferenda
882 2883 1237 2954 temporibus
1267 2883 1337 2938 de
1372 2883 1710 2939 eruditionis
1734 2901 1915 2942 messe
1941 2904 2047 2959 pe-

353 2973 523 3028 ctoris
555 2973 759 3028 horreo
789 2973 1160 3040 condidisses,
1212 2974 1431 3045 jejuna:
1490 2975 1560 3029 ab
1610 2976 1868 3046 epistolis
1931 2978 2046 3032 tuis

354 3063 806 3118 commeantium
830 3063 1083 3138 dexterze
1103 3078 1220 3116 non
1250 3062 1528 3118 venirent.
1557 3063 1664 3119 Sed
1694 3065 1831 3136 quia
1862 3067 2044 3138 negli-

354 3153 604 3222 gentiam
635 3158 692 3206 et
738 3135 1094 3205 sterilitatem
1125 3157 1286 3206 tuam
1330 3153 1613 3206 sermonis
1673 3135 2049 3224 proditabisti-

354 3243 565 3310 nentia,
603 3258 708 3295 nos
735 3257 964 3296 necesse
992 3246 1075 3295 est
1100 3242 1309 3296 iterum
1340 3243 1409 3297 ad
1446 3244 1731 3297 culturam
1784 3244 2046 3299 admoni-

281 3381 285 3386 .
354 3329 524 3384 tionis
543 3346 862 3401 assurgere,
896 3335 951 3384 et
972 3334 1133 3401 terga
1159 3330 1324 3400 jactis
1373 3330 1681 3386 infecunda
1734 3333 2048 3389 seminibus

354 3418 616 3473 recidivis
649 3420 717 3473 ad
752 3419 1070 3473 ubertatem
1105 3418 1275 3472 sulcis
1317 3435 1540 3489 urgere.
1577 3419 1685 3474 Ubi
1739 3426 1870 3475 sunt
1923 3438 2046 3477 mo-

354 3507 476 3562 nita
512 3525 639 3579 quae
673 3508 825 3579 apud
867 3513 920 3562 te
978 3507 1266 3562 asserebas
1317 3525 1436 3562 esse
1470 3509 1733 3563 victura?
1781 3510 1881 3564 ubi
1930 3516 2045 3566 stu-

356 3596 514 3650 dium
566 3598 946 3668 colloquendi,
1008 3613 1112 3668 per
1143 3597 1298 3668 quod
1346 3601 1401 3651 et
1439 3598 1674 3651 scientia
1714 3602 1962 3668 patescat
1992 3605 2049 3654 et

355 3686 602 3740 caritas?
631 3688 892 3741 Clamant
923 3686 1151 3740 silentia
1184 3691 1302 3751 tua,
1332 3691 1388 3740 te
1411 3703 1523 3740 non
1539 3692 1860 3741 assecutum
1891 3688 2048 3758 quod

353 3776 490 3829 boni
522 3775 760 3844 dignum
778 3775 962 3844 possit
993 3791 1113 3829 esse
1145 3774 1380 3844 judicio.
1414 3777 1552 3829 Nam
1582 3775 1728 3829 sicut
1761 3791 1888 3829 rara
1944 3776 2046 3830 do-

354 3871 496 3930 ctos,
526 3865 603 3918 ita
637 3864 907 3918 continua
941 3864 1499 3933 prodittaciturnitas
1530 3865 1848 3935 imperitos.
1901 3866 2045 3936 Ergo

353 3953 645 4018 erubesce,
698 3958 754 4006 et
807 3953 1036 4006 tandem
1095 3952 1406 4023 aliquando
1441 3969 1643 4023 rumpe
1693 3954 1937 4020 vincula,
1991 3960 2047 4007 et

353 4040 746 4111 inpedimenta
776 4055 1127 4094 sermonum.
1150 4041 1391 4095 Ostende
1414 4041 1550 4111 quid
1578 4043 1782 4109 valeas,
1813 4041 2045 4095 ostende

353 4125 493 4201 quid
527 4129 900 4200 promoveris,
934 4129 978 4182 si
1013 4134 1204 4182 tamen
1236 4135 1289 4183 te
1339 4130 1500 4198 juxta
1539 4136 1735 4184 votum
1783 4136 2045 4184 nostrum

351 4218 535 4289 gratia
566 4233 815 4288 superna
840 4235 955 4272 non
983 4219 1210 4272 deserit.
1255 4220 1414 4272 Nunc
1448 4219 1810 4274 salutationis
1869 4219 2048 4273 hono-

350 4325 474 4364 rem
521 4309 737 4378 accipe,
798 4314 854 4362 et
905 4308 1065 4362 brevi
1117 4313 1418 4362 contentus
1494 4309 1757 4380 epistola,
1804 4325 2044 4379 agnosce

2157 1761 2375 1815 asseris.
2404 1762 2543 1814 Nam
2578 1761 2715 1814 dum
2746 1766 2799 1814 te
2860 1762 3013 1816 salvo
3060 1762 3280 1832 pudore
3325 1762 3683 1816 illitteratum
3733 1779 3858 1816 esse

2158 1853 2481 1918 conﬁrmas,
2519 1850 2658 1922 quid
2689 1855 2906 1904 natura:
2931 1851 3111 1920 vigor,
3163 1850 3302 1921 quid
3353 1852 3676 1906 studiorum
3719 1852 3858 1905 lima

2157 1940 2481 2006 contulerit,
2533 1939 2850 1994 declarasti.
2908 1941 3114 1994 Credat
3163 1941 3304 1994 mihi
3355 1942 3677 1996 sublimitas
3729 1949 3851 2009 tua,

2157 2028 2532 2082 imbuendum
2589 2029 2921 2082 liberalibus
2989 2029 3308 2098 disciplinis
3347 2031 3467 2100 jam
3523 2031 3639 2084 suis
3688 2031 3856 2084 bonis

2157 2117 2376 2171 ditavit.
2402 2117 2456 2172 Si
2480 2117 2606 2171 talis
2627 2117 2825 2188 lingua
2847 2118 3212 2189 prosequitur
3231 2119 3611 2188 fratrisjPauli
3641 2120 3853 2184 tilium,

2157 2207 2401 2261 facunda
2457 2208 2784 2278 astipulatio
2825 2214 2882 2261 et
2911 2208 3278 2263 commendat
3320 2212 3377 2261 et
3432 2209 3648 2263 edocet.
3705 2210 3860 2262 Nihil

2157 2296 2325 2366 longe
2353 2297 2692 2366 degentibus
2720 2296 3008 2368 magistris
3053 2313 3196 2368 Opus
3256 2302 3358 2359 est,
3391 2298 3619 2368 quando
3679 2298 3861 2368 digna

2157 2383 2326 2439 laude
2357 2385 2634 2456 loquitur,
2691 2385 2792 2471 qui
2833 2385 3029 2456 dirigit
3053 2386 3135 2456 iad
3193 2385 3514 2440 docentem.
3572 2387 3857 2440 Erubesco

2157 2473 2513 2528 insinuatum
2543 2477 2732 2529 minus
2760 2474 3043 2529 invenisse
3078 2491 3250 2543 quam
3276 2475 3481 2529 detulit
3511 2491 3522 2529 :
3558 2476 3737 2529 Deum
3765 2492 3860 2530 ro-

2161 2579 2303 2634 gans
2335 2564 2583 2634 utquod
2635 2564 2702 2618 dc
2755 2580 2846 2618 me
2902 2580 3005 2635 per
3059 2564 3417 2617 ati'ectionem
3483 2565 3857 2634 praesumitis,

2157 2651 2377 2722 ingenii
2407 2653 2625 2706 valeam
2659 2652 2866 2706 virtute
2897 2653 3207 2722 complere.
3234 2654 3340 2706 Vos
3366 2658 3577 2720 tamen,
3631 2655 3859 2708 honore

2159 2741 2516 2796 salutationis
2542 2747 2793 2812 accepto,
2845 2743 3053 2813 quibus
3085 2743 3223 2796 libet
3278 2743 3532 2796 officium
3573 2744 3860 2797 sermonis

2157 2831 2508 2902 impendite;
2542 2831 2852 2885 dummodo
2873 2831 3243 2886 sollicitudini
3271 2848 3414 2886 meae
3439 2834 3508 2887 de
3555 2833 3853 2904 prosperi-

2156 2924 2270 2976 tate
2303 2920 2324 2951 ⁸
2348 2920 2645 2991 multiplex
2675 2919 3000 2991 scriptionis
3033 2937 3167 2975 cura
3196 2921 3555 2992 respondeat.

2777 3046 3107 3101 EPISTOLA
3149 3047 3232 3100 IX.

2635 3169 2962 3209 ENNODIUS
3004 3159 3025 3189 ³
3074 3169 3396 3209 manus.

2230 3260 2582 3330 Intercepisti
2611 3267 2898 3330 nostrum,
2949 3261 3138 3314 nescio
3193 3277 3367 3332 quem
3400 3263 3611 3324 secuta,
3662 3260 3856 3315 consi-

2157 3341 2319 3403 lium.
2346 3351 2481 3403 Nam
2518 3350 2819 3420 parvulum
2854 3354 3018 3402 tuum
3050 3365 3222 3420 quem
3255 3349 3575 3402 studiorum
3635 3350 3851 3404 libera-

2158 3439 2301 3493 lium
2331 3438 2528 3492 debuit
2547 3454 2684 3492 cura
2714 3437 3018 3507 suscipere,
3050 3441 3179 3490 ante
3207 3435 3404 3507 judicii
3454 3439 3854 3493 convenientis

2156 3533 2437 3598 tempora,
2463 3527 2753 3596 religionis
2776 3526 2954 3579 titulis
2983 3525 3293 3595 insignisti.
3341 3526 3677 3581 Veneranda
3714 3527 3855 3598 qui—

2155 3617 2284 3670 dem
2339 3615 2701 3670 ecclesiastici
2751 3616 2933 3669 forma
2961 3614 3196 3682 servitii,
3253 3615 3351 3668 sed
3395 3631 3523 3686 qua:
3582 3616 3654 3668 ad
3705 3617 3852 3671 duas

2155 3711 2343 3776 partes
2383 3705 2640 3758 animum
2673 3720 2788 3758 non
2845 3705 3098 3758 relaxet:
3154 3720 3336 3758 unum
3385 3709 3439 3758 et
3469 3705 3698 3759 difﬁcile
3744 3706 3858 3760 iter

2156 3799 2362 3865 estquo
2395 3794 2511 3846 itur
2544 3793 2611 3846 ad
2645 3793 2953 3860 Christum,
2987 3809 3093 3846 nec
3123 3798 3430 3863 occupatos
3458 3794 3855 3864 multipliciter

2157 3882 2464 3953 aliquando
2496 3881 2610 3935 vita
2627 3886 2778 3935 arcta
2791 3882 3052 3952 suscepit.
3081 3884 3455 3952 Properantes
3473 3883 3540 3935 ad
3571 3900 3628 3936 se
3655 3883 3722 3936 de
3739 3883 3856 3936 dis-

2155 3972 2381 4042 ciplinis
2410 3971 2776 4026 saecularibus
2791 3971 2984 4025 salutis
3017 3971 3206 4041 opifex
3239 3987 3353 4024 non
3375 3973 3618 4040 refutat;
3653 3973 3749 4026 sed
3769 3973 3854 4026 ire

2155 4061 2226 4114 ad
2269 4061 2391 4113 illas
2416 4077 2767 4132 quemquam
2803 4061 2870 4115 de
2901 4077 3002 4114 suo
3032 4061 3218 4114 nitore
3252 4076 3365 4114 non
3394 4062 3626 4130 patitur.
3647 4062 3773 4115 Jam
3806 4062 3850 4114 si

2156 4165 2287 4202 eum
2321 4150 2534 4203 mundo
2568 4151 2950 4214 subtraxeras,
2987 4149 3184 4203 mundi
3216 4149 3274 4203 in
3309 4166 3374 4203 eo
3406 4151 3694 4204 schemata
3734 4167 3852 4205 non

2155 4240 2453 4309 requiras:
2495 4239 2766 4293 erubesco
2801 4239 3194 4304 ecclesiastica
3241 4239 3608 4309 profitentem
3681 4255 3845 4292 orna-

2156 4329 2363 4382 mentis
2422 4328 2786 4383 saecularibus
2832 4329 3101 4399 expolire.
3155 4331 3486 4382 Annueram
3543 4327 3695 4398 quod
3747 4344 3852 4398 per

350 4397 516 4489 Patri
551 4403 651 4452 ίυο
695 4413 822 4468 qua?
878 4397 1053 4467 10083
1099 4398 1458 4468 θοΓΓθΡίίοΠθ
1501 4403 1827 4454 reserantur
1875 4399 2050 4456 misse
2088 4404 2131 4457 Ῑ)
2160 4418 2468 4472 Patricium
2500 4418 2826 4486 diaconum,
2858 4397 3136 4489 quantum
3179 4418 3299 4488 ipse
3326 4397 3586 4483 asseruit,
3637 4397 3845 4487 postu-

350 4487 636 4541 mandata.

965 4573 1296 4629 EPISTOLA
1334 4575 1442 4628 VII.

877 4677 1203 4718 ENNODIUS
1249 4677 1513 4718 AVIBNO.

421 4769 701 4834 Benedico
741 4768 839 4824 Dei
865 4769 1040 4824 nostri
1066 4770 1346 4842 triplicem
1380 4770 1439 4824 in
1471 4770 1861 4842 majestatibus
1913 4771 2043 4824 uni-

347 4864 522 4914 tatem
555 4875 682 4930 quae
716 4874 806 4912 me
840 4858 990 4912 inter
1019 4859 1310 4929 angustias
1359 4876 1535 4926 meas,
1582 4859 1846 4928 perfecta:
1889 4859 2039 4912 sani-

346 4949 476 5005 tatis
505 4949 648 5015 loco,
681 4948 749 5002 de
785 4947 1202 5018 conjunctionis
1240 4953 1444 5003 vestrae
1503 4963 1742 5001 munere
1788 4947 2043 5002 subleva-

418 5076 434 5108 ¹
487 5077 701 5129 Damno
742 5071 990 5144 Liberio]
1035 5073 1278 5128 Patricio
1328 5073 1513 5126 item:
1567 5073 1636 5127 de
1693 5089 1806 5143 quo
1833 5073 1931 5128 lib.
1988 5091 2036 5135 ν,

345 5145 511 5216 epist.
552 5151 598 5200 l.
631 5144 798 5198 Aliud
821 5146 929 5198 hoc
958 5144 1351 5216 suburbanum
1379 5145 1449 5197 ab
1481 5161 1547 5198 co
1581 5147 1731 5214 quod
1765 5162 1798 5198 a
1838 5145 2038 5199 Fausto

344 5217 736 5343 supgrilustper
767 5217 998 5340 Florum
1019 5215 1345 5286 postulabat
1383 5215 1549 5286 epist.
1592 5218 1674 5283 12,
1707 5215 1806 5270 lib.
1843 5232 1956 5269 VIII.

498 5305 525 5341 c
547 5306 602 5342 io
639 5327 676 5343 ..
709 5303 803 5341 ves
832 5303 916 5339 ra.

498 5303 676 5352 cnot.,
709 5303 916 5341 υειςινα.

414 5359 436 5393 ³
468 5359 746 5428 Camillae]
764 5357 958 5411 Viduas
997 5356 1434 5428 consanguineas
1493 5356 1552 5409 in
1599 5357 1795 5423 Gallia,
1847 5357 1904 5412 id
1954 5365 2038 5413 est

341 5432 587 5484 Arelate.
613 5425 764 5484 Infra
804 5428 971 5498 epist.
1005 5429 1069 5498 29
1103 5444 1115 5481 :
1169 5425 1424 5481 Camilla
1458 5443 1674 5498 parens
1715 5445 1845 5482 mea
1881 5433 2038 5485 intra

344 5501 568 5558 Gallias-
580 5505 629 5555 ει
645 5499 800 5554 vidui
807 5496 943 5554 tritis
956 5497 1214 5564 miseria,
1229 5496 1523 5569 etgemiha
1537 5496 1712 5552 etiam
1737 5501 2036 5569 captivita-

343 5572 792 5627 tis-succubuisse
796 5570 1000 5639 fertur
1017 5567 1409 5624 incommodis.
1427 5571 1724 5624 Parentem
1740 5567 1890 5636 dicit,
1918 5589 2034 5626 non

341 5650 606 5708 matrem,
639 5643 736 5696 sed
795 5640 1071 5710 sanguine
1120 5642 1500 5710 conjunctam,
1545 5640 1778 5695 militari
1810 5644 1948 5696 olim
1981 5649 2036 5697 et

341 5715 604 5781 barbara,
645 5712 743 5767 sed
793 5710 1040 5766 Ennodii
1091 5715 1262 5768 aetate
1315 5718 1562 5785 recepta,
1623 5712 2034 5784 signiﬁcatione

2154 4508 2283 4562 lasti
2311 4523 2324 4561 :
2353 4507 2490 4578 quid
2535 4507 2786 4576 oportuit
2815 4523 2945 4559 eum
2979 4506 3142 4558 aliter
3170 4506 3239 4559 ad
3289 4522 3400 4574 me,
3434 4522 3605 4576 quam
3646 4505 3851 4560 diebus

2152 4595 2289 4666 ipsis
2322 4596 2588 4649 inventus
2619 4600 2721 4660 est,
2753 4594 3072 4648 destinari?
3107 4593 3161 4648 Si
3185 4594 3466 4664 judicium
3491 4610 3684 4647 meum
3717 4611 3850 4649 con-

2152 4685 2310 4751 sulis,
2347 4684 2473 4738 volo
2506 4684 2577 4736 ad
2617 4699 2708 4736 me
2757 4683 3109 4753 pertinentes
3156 4684 3337 4753 magis
3376 4682 3584 4736 merito
3623 4689 3849 4738 sanctos

2151 4789 2275 4826 esse
2308 4789 2479 4842 quam
2529 4772 2709 4825 titulo.
2773 4773 2911 4824 Vere
2968 4771 3224 4824 animum
3281 4787 3470 4824 meum
3516 4771 3584 4825 de
3636 4771 3849 4842 quietis

2149 4860 2392 4914 statione
2423 4860 2491 4914 ad
2535 4860 2950 4930 cogitationum
2997 4862 3231 4930 pelagus
3277 4859 3564 4929 expulisti.
3609 4860 3845 4930 Suscepi

2148 4954 2362 5015 tamen,
2391 4950 2503 5002 Deo
2525 4949 2774 5019 auspice,
2808 4949 3106 5020 sanguinis
3139 4947 3252 5003 mei
3277 4946 3302 4982 ’³
3335 4948 3649 5002 vernulam.
3684 4949 3848 5002 Nunc

2145 5072 2423 5126 vocabuli.
2456 5072 2588 5127 Ideo
2636 5073 2945 5127 Patricium
2987 5073 3290 5126 diaconum
3326 5070 3576 5126 Camillae
3633 5070 3844 5140 tilium,

2144 5160 2260 5198 non
2291 5146 2546 5210 fratrem,
2580 5145 2673 5198 sed
2710 5145 3003 5214 sanguinis
3035 5143 3123 5197 sui
3159 5144 3452 5196 vernulam
3473 5146 3651 5195 vocat.

2216 5220 2236 5252 ι
2279 5216 2610 5288 Vernulamj
2649 5218 2762 5270 Nic.
2799 5213 2961 5270 Fabri
2994 5215 3156 5288 liber,
3189 5213 3476 5288 penulam,
3499 5213 3662 5288 quod
3695 5229 3844 5282 pro-

2143 5286 2265 5341 bari
2300 5292 2524 5357 posset:
2556 5285 2688 5356 quia
2719 5303 2923 5340 venam
2951 5285 3246 5356 sanguinis
3285 5290 3434 5338 recte
3478 5285 3714 5357 diceret,
3769 5291 3848 5357 _ut

2144 5355 2346 5412 venam
2370 5355 2600 5411 familias
2631 5355 3167 5428 Symmachuslibro
3189 5372 3360 5419 nono,
3395 5356 3679 5428 epist._65,
3722 5355 3839 5410 nisi

2141 5429 2436 5484 vernulam
2469 5426 2802 5498 praeferrent
2830 5427 2925 5481 alii
2957 5428 3178 5481 codices
3211 5445 3222 5482 :
3257 5427 3406 5498 quod
3445 5426 3663 5498 rectius
3707 5432 3835 5492 est;

2141 5497 2626 5569 conﬁrmaturque
2648 5499 2987 5568 glossemate
3012 5497 3334 5554 Basiliens’is
3363 5497 3656 5563 editionis,
3677 5500 3841 5569 quod

2142 5568 2547 5642 expunximus,
2579 5571 2634 5622 in
2653 5586 2766 5640 quo
2792 5572 3025 5624 vernula
3053 5571 3356 5642 exponitur
3376 5569 3694 5642 servitialis,
3726 5568 3840 5642 hoc

2141 5639 2229 5698 est
2245 5658 2412 5713 servo
2441 5641 2627 5696 editus
2662 5639 2686 5696 ξ
2706 5643 2959 5697 vernula:
2999 5639 3151 5698 enim
3173 5642 3428 5713 primum
3454 5639 3612 5708 dicti,
3644 5640 3835 5711 quiex

2142 5713 2360 5769 ancillis
2385 5712 2540 5767 domi
2571 5713 2690 5767 nati
2711 5720 2914 5768 essent.
