4054 6176
205 307 294 359 153
1535 303 2019 360 EPISTOLARUM
2062 304 2190 358 LIB.
2237 302 2332 356 IX.

3580 302 3685 359 155

192 440 361 491 restat
387 442 454 491 ut
474 436 775 491 conatibus
792 435 1640 503 meisfavorccelestisarrideat,
1658 441 1715 491 et
1740 453 1873 507 neg-
1910 440 1952 493 Α
1986 436 2169 490 losum
2195 436 2261 489 de
2301 436 2591 507 publicata
2641 436 3027 506 promissione
3086 436 3482 493 constitutum.
3538 439 3679 492 Vere

191 526 446 594 ligentias
483 527 784 580 hominum
804 526 909 595 piae
931 525 1339 580 moderationis
1365 527 1619 579 ubertate
1644 542 1881 595 compo-

191 620 297 669 nat.
336 615 599 682 Domina,
627 624 687 668 ut
718 632 912 684 supra,
941 615 1183 668 salutem
1208 615 1460 669 debitam
1487 615 1702 680 dicens,
1745 632 1882 685 pre-

187 721 281 759 cor
307 711 371 758 ut
429 721 587 759 nunc
636 706 927 774 geminam
978 704 1409 758 sollicitudinen
1460 722 1563 775 pro
1624 705 1880 776 utrisque

187 794 477 863 suscipias,
512 800 568 847 et
601 796 714 848 Deo
737 800 931 847 nostro
965 795 1367 848 commendare
1401 794 1642 848 assiduis
1697 794 1878 865 preci-

192 886 287 939 bus
322 901 439 937 non
472 884 727 939 omittas.

823 972 1152 1026 EPISTULA
1192 972 1264 1027 Χ.

713 1076 1037 1115 ENNODIL‘S
1082 1058 1101 1093 ί
1144 1075 1356 1115 CELSO.

251 1148 624 1204 Lenocinium
659 1156 757 1217 est,
797 1166 914 1202 non
973 1150 1172 1220 gratim
1220 1154 1663 1215 sacramentum,
1725 1149 1879 1220 quod

186 1246 403 1293 tantum
436 1240 825 1309 prmsentibus
854 1239 1166 1310 fexhibetur
1198 1256 1209 1293 :
1263 1239 1529 1293 amicitia:
1588 1240 1879 1292 sinceritas

183 1334 231 1383 et
261 1331 437 1398 longe
478 1330 697 1399 positos
720 1344 833 1382 non
868 1329 1158 1398 relinquit.
1204 1328 1350 1392 Quid
1373 1329 1699 1399 possitvera
1720 1328 1876 1395 ﬁdes,

182 1418 465 1488 intelligat
491 1417 591 1488 qui
626 1424 762 1471 tunc
795 1416 1130 1487 adipiscitur
1162 1417 1455 1477 beneficia,
1499 1418 1729 1488 quando
1781 1418 1878 1471 de-

180 1509 310 1562 sinit
342 1509 713 1578 supplicare;
756 1524 863 1578 ego
890 1508 1028 1561 mihi
1061 1508 1238 1561 debeo
1272 1509 1423 1579 quod
1456 1508 1526 1561 ad
1577 1508 1881 1561 stationem

179 1612 412 1665 precum
450 1600 613 1649 trans
662 1597 911 1664 Gargara
969 1596 1187 1665 positus
1236 1595 1566 1666 pervenisti.
1624 1596 1702 1649 Tu
1756 1596 1879 1649 luce

177 1685 542 1739 conscientiae
575 1685 786 1738 amicos
809 1690 865 1737 et
895 1684 1110 1738 litteras
1139 1701 1253 1738 uno
1284 1689 1394 1738 ate
1420 1689 1677 1755 tempore
1735 1684 1874 1739 divi-

178 1775 311 1841 sisti,
348 1779 577 1828 sectans
600 1775 919 1829 nonsolum
976 1774 1315 1844 longinqua,
1377 1773 1475 1827 sed
1532 1772 1744 1839 abdita,
1798 1773 1877 1825 ita

174 1869 233 1916 ut
288 1880 588 1935 nusquam
639 1868 695 1917 te
745 1863 962 1933 sagacis
1014 1863 1148 1916 boni
1214 1867 1542 1933 persecutor
1595 1861 1871 1916 inveniat.

180 1953 413 2023 Semper
453 1960 511 2007 et
542 1953 635 2006 hic
665 1953 898 2024 quidem
931 1952 1168 2006 latentia
1208 1953 1356 2005 inter
1389 1954 1610 2021 lepores
1665 1951 1877 2005 cubilia

177 2042 455 2113 diligebas
486 2059 499 2111 ;
532 2043 632 2097 sed
662 2058 816 2113 saepe
850 2042 1126 2096 latebram
1156 2048 1331 2109 tuam,
1379 2042 1479 2112 qui
1525 2058 1721 2111 presso
1780 2057 1877 2094 ore

177 2134 415 2202 vestigia
476 2132 721 2186 rimatus
769 2137 853 2186 est
896 2131 1129 2186 invenit.
1168 2133 1326 2186 Nunc
1371 2131 1559 2185 altiori
1616 2131 1873 2197 consilio,

177 2222 359 2285 credo,
398 2226 465 2274 ut
499 2221 748 2290 majores
779 2223 801 2256 ²
840 2221 1181 2285 accenderis,
1212 2226 1265 2273 te
1294 2220 1600 2274 hominum
1643 2221 1879 2274 ccetilms

175 2310 534 2363 submov.sti.
568 2310 716 2378 Ergo
749 2310 927 2364 solam
960 2310 1265 2381 pueritiam
1316 2309 1563 2363 debuisti
1607 2310 1878 2365 Mediola-

179 2399 449 2452 nensibus
512 2399 664 2451 tuis?
692 2403 746 2451 et
802 2399 987 2452 virum
1047 2403 1100 2452 te
1148 2404 1342 2452 tenere
1395 2399 1728 2465 debuerant,
1781 2398 1876 2470 qui

176 2504 417 2559 puerum
450 2488 878 2557 possederunt;
908 2492 963 2541 et
989 2504 1131 2558 quos
1160 2488 1457 2541 lmtiﬁcasti
1492 2487 1558 2541 de
1607 2488 1879 2557 amplexi-

176 2579 294 2643 bus,
335 2576 592 2630 debuisti
624 2577 825 2645 juvare
858 2576 1127 2629 consiliis.
1162 2576 1272 2631 Sed
1302 2576 1433 2629 hinc
1455 2575 1627 2642 alias;
1665 2582 1727 2629 tu
1777 2576 1880 2629 tibi

179 2666 577 2735 provisionum
608 2669 837 2718 tuarum
871 2665 1190 2734 autgaudia
1214 2665 1446 2718 debebis
1468 2670 1563 2717 aut
1583 2665 1876 2735 lacrymas,

176 2756 282 2825 Ego
312 2754 558 2808 interim
590 2752 995 2807 salutationem
1036 2753 1330 2823 praefatus,
1378 2754 1611 2823 imemor
1680 2753 1876 2819 debiti,

177 2844 551 2897 donationem
576 2843 646 2895 de
678 2859 859 2912 puero
892 2843 1200 2909 destinavi;
1235 2841 1340 2895 hoc
1372 2843 1522 2911 apud
1570 2858 1659 2895 me
1688 2842 1878 2910 [repu—

178 2938 311 2997 tans,
348 2938 414 2986 ut
445 2948 556 2986 nec
587 2932 953 3002 importunus
984 2932 1039 2985 iu
1083 2936 1341 3001 tempore
1384 2930 1716 2985 difﬁdentia:
1763 2948 1879 2985 sua:

175 3024 437 3091 vinceret,
495 3027 551 3076 et
579 3038 804 3076 cessans
851 3022 1001 3075 inter
1047 3020 1463 3091 desperationis
1529 3020 1681 3074 mala
1729 3037 1873 3092 gau-

178 3111 345 3165 deret.

793 3199 1129 3253 EPISTOLA
1168 3199 1255 3252 XI.

720 3302 1047 3342 ENNODIUS
1094 3301 1360 3342 FAUSTO.

238 3377 475 3448 Suscepi
518 3377 742 3431 litteras
783 3376 1087 3447 multiplici
1138 3376 1480 3446 gaudiorum
1530 3374 1660 3430 dote
1721 3376 1875 3430 locu-

177 3468 365 3537 pletes,
402 3474 455 3520 et
485 3467 735 3537 gratiam
770 3467 918 3519 circa
952 3484 1042 3520 vos
1076 3466 1174 3521 Dei
1200 3482 1371 3537 quam
1409 3480 1680 3518 noveram
1720 3482 1874 3519 nun—

178 3558 389 3611 tiantes.
431 3555 1175 3610 ProtinustestibusChristi
1211 3554 1415 3623 nostri,
1447 3570 1577 3607 cum
1606 3553 1873 3624 lacrymis

180 3663 303 3715 quas
333 3645 693 3715 suggerebat
719 3644 998 3709 hilaritas,
1043 3644 1289 3698 indicata
1317 3645 1590 3713 patefeéi:
1622 3650 1676 3699 et
1717 3645 1873 3713 quod

176 3751 265 3804 per
291 3736 450 3805 ipsos
491 3735 868 3803 impetratum
900 3732 1103 3799 fuerat,
1155 3734 1365 3801 gratias
1402 3734 1673 3801 referens,
1712 3734 1874 3804 quasi

180 3841 346 3878 novus
380 3825 605 3877 relator
637 3822 875 3875 asserui.
906 3823 1065 3887 Vere,
1100 3822 1307 3876 domne
1342 3824 1563 3893 Fauste,
1600 3826 1873 3895 simplici-

176 3919 251 3966 ter
282 3915 337 3967 in
366 3914 475 3966 bac
509 3927 683 3965 causa
705 3912 996 3981 vulgatum
1029 3917 1129 3977 est,
1166 3912 1301 3981 quid
1381 3912 1617 3966 haberet
1658 3914 1869 3976 meriti,

180 4003 303 4071 quid
326 4004 538 4055 virium
562 4001 625 4053 in
663 4000 927 4070 precibus
963 4000 1057 4052 illa
1088 4005 1280 4052 sancta
1305 4002 1498 4054 anima
1546 4018 1673 4072 quae
1717 4019 1870 4072 prm-

178 4092 354 4145 cessit.
393 4093 539 4145 Nam
574 4090 680 4143 etsi
708 4089 779 4142 sit
820 4105 948 4158 spes
985 4094 1178 4142 nostra
1232 4089 1417 4143 adhuc
1476 4106 1622 4143 cazca
1672 4092 1871 4145 mundi

178 4182 287 4233 luce
321 4180 559 4246 vestita;
592 4179 692 4232 sed
726 4178 875 4249 quod
909 4177 1253 4231 conveniens
1298 4195 1416 4232 esse
1457 4184 1693 4234 noverat
1753 4181 1873 4235 sine

177 4276 373 4323 nostra:
405 4268 656 4321 actionis
684 4268 876 4320 labore
907 4266 1412 4337 promeruit;cum
1440 4285 1470 4321 a
1505 4268 1669 4322 nobis
1726 4269 1866 4323 divi-

176 4361 317 4414 deret
349 4376 442 4412 res
476 4360 536 4411 in
554 4356 1155 4422 manibuscollocatas,
1185 4356 1396 4410 obtulit
1424 4358 1593 4428 longa
1624 4358 1867 4413 statione
1911 4350 1950 4402 Ι)
1983 4370 2123 4407 vena
2176 4352 2414 4417 invenis,
2489 4368 2798 4421 componas
2859 4350 3208 4420 eloquentia-

178 4448 460 4513 distautes,
500 4446 727 4501 felicius
777 4445 1034 4499 tribuens
1088 4446 1405 4500 necessaria
1438 4463 1609 4518 quam
1658 4448 1868 4517 cupita.

178 4536 306 4607 Ergo
350 4537 618 4591 mundus
661 4534 767 4588 iste
819 4534 936 4588 veri
997 4534 1214 4604 aliquid
1274 4535 1489 4602 habet;
1542 4540 1639 4590 aut
1666 4536 1709 4591 si
1755 4553 1872 4590 non

176 4626 352 4693 habet,
395 4643 522 4680 non
556 4625 629 4678 de
656 4624 779 4693 ejus
802 4622 1015 4677 ditione
1047 4639 1181 4677 mox
1208 4622 1448 4693 rapitur.
1492 4622 1710 4679 Mentiti
1742 4630 1875 4678 sunt

176 4714 427 4770 homines
448 4715 555 4785 qui
587 4713 941 4783 sejurabant
968 4712 1222 4782 accipere
1256 4713 1553 4780 beneﬁcia,
1594 4714 1640 4767 si
1685 4714 1871 4768 dedis--

178 4810 331 4858 sent:
375 4806 560 4859 etiam
612 4818 862 4873 superna
914 4801 1336 4872 dispensatione
1389 4801 1677 4872 conjuncti
1715 4807 1868 4869 sunt,

180 4894 454 4965 aquibus
520 4908 627 4945 nec
686 4890 1008 4962 accepimus
1068 4891 1478 4957 blandimenta,
1540 4908 1645 4945 nec
1708 4891 1869 4945 dedi-

180 4997 291 5037 mus
323 5001 336 5038 :
370 4989 533 5038 certa
564 4998 639 5036 ne
686 4980 1089 5051 desperatione
1143 4980 1511 5049 conﬁdentia,
1572 4984 1629 5034 et
1682 4980 1864 5034 nebu-

242 5126 257 5200 ξ
288 5126 472 5200 Celso]
510 5124 948 5200 Mediolanensi.

240 5198 260 5230 ³
287 5197 474 5254 δεὶιοὶῖ
489 5241 503 5263 ,
535 5197 895 5252 accenderer.

239 5274 257 5303 ³
286 5273 359 5323 In
384 5269 638 5325 alterius
670 5267 826 5322 servi
885 5268 969 5321 lui
1016 5265 1245 5337 copula]
1278 5263 1500 5336 Nuptiis
1529 5264 1754 5332 Avieni,
1798 5266 1867 5320 de

178 5342 367 5409 quibus
391 5342 639 5413 epistola
663 5340 927 5410 sequenti
954 5339 1028 5413 ad
1061 5338 1370 5413 Messalam,
1409 5342 1460 5389 et
1480 5352 1658 5413 supra
1692 5337 1862 5413 epist.

178 5408 223 5477 τ,
252 5408 501 5484 itemque
533 5413 607 5466 ad
637 5408 830 5481 ipsum
863 5409 1164 5484 sivienum.
1184 5410 1326 5484 Ergo
1355 5410 1548 5484 puella
1565 5408 1728 5484 cujus
1746 5408 1867 5463 obi-

181 5492 255 5534 tus
285 5486 368 5537 hic
390 5478 759 5547 describit—ur,
789 5480 990 5534 Avieni
1019 5497 1204 5546 soror,
1238 5481 1356 5533 ﬁlia
1399 5478 1607 5533 Fausti.

240 5561 257 5590 ⁴
286 5550 1491 5627 ιρθαίὶρνουὶηείίιίἰε]Ρτρνίιιριξβιειειιιίιω
1513 5553 1623 5627 :_ut
1653 5550 1864 5627 legatio

180 5622 589 5698 Procorisuldris
622 5623 935 5698 provincia
969 5623 1131 5693 :lege
1164 5624 1281 5698 _186
1322 5624 1447 5698 cod.
1475 5622 1730 5698 _ATheod.
1793 5622 1862 5698 de

182 5696 589 5754 Decurionibus.
619 5693 763 5751 Nam
791 5693 889 5749 alii
946 5698 1108 5748 erant
1162 5694 1337 5763 legati
1380 5693 1696 5759 civitatum,
1759 5694 1857 5764 qui

1992 523 2259 590 dicerem,
2296 525 2341 577 si
2372 525 2590 579 doleret
2644 525 2749 580 ista
2810 526 3066 581 discissio
3100 528 3255 596 quod
3304 529 3444 582 tales
3496 527 3682 582 homi-

1992 629 2092 665 nes
2124 630 2225 667 nec
2256 614 2353 667 illa
2384 631 2555 684 quam
2588 615 2771 669 dicitis
2800 617 3078 671 nutricem
3112 618 3474 672 mendacium
3536 634 3676 680 esse.

1993 703 2221 772 Liguria
2257 704 2532 773 potuisset
2555 705 2802 758 mittere.
2836 706 2979 769 Quid
3010 722 3246 776 arguam
3272 707 3431 776 prius
3460 706 3681 761 inillis?

1991 794 2248 859 fallacize,
2284 797 2381 846 aut
2412 793 2687 846 fatuitatis
2728 794 3019 847 obscena?
3078 796 3445 864 perdiderunt
3516 796 3679 862 duos,

1992 882 2087 953 qui
2124 883 2272 935 inter
2303 899 2359 935 se
2391 886 2719 935 sanctorum
2757 883 3160 951 impetratione
3215 885 3523 950 sociantur,
3580 901 3683 956 per

1990 988 2133 1042 quos
2188 972 2470 1042 potuisset
2512 970 2607 1024 diu
2654 971 2893 1041 jacentis
2945 977 2999 1026 et
3043 973 3103 1026 in
3148 973 3413 1026 umbram
3473 978 3681 1027 coactae

1990 1058 2220 1113 familiae
2260 1058 2506 1113 scintilla
2530 1059 2801 1128 reparari.
2860 1061 3135 1114 Memores
3180 1061 3333 1126 estis,
3407 1061 3682 1118 domuum

1991 1149 2271 1201 Avienum
2306 1147 2462 1201 vobis
2504 1148 2566 1200 in
2613 1148 2848 1201 ecclesia
2896 1149 3126 1215 dixisse,
3161 1150 3340 1203 Deum
3372 1166 3430 1202 se
3462 1150 3531 1203 de
3586 1150 3684 1204 illa

1990 1238 2182 1308 puella
2212 1237 2534 1306 specialiter
2564 1254 2680 1290 non
2709 1253 2931 1306 rogare.
2958 1238 3094 1291 Vide
3110 1238 3446 1308 progeniem
3475 1238 3682 1293 sanctis

1989 1326 2338 1381 creatoribus
2373 1326 2441 1379 ad
2474 1342 2705 1379 usuram
2735 1326 2863 1379 vitae
2922 1327 3345 1396 procedentem.
3404 1328 3681 1400 Intellige-

1986 1416 2084 1470 bat
2114 1417 2241 1488 plus
2272 1432 2330 1469 se
2362 1422 2666 1486 parentum
2696 1414 2928 1469 ﬂetibus
2962 1431 3135 1485 quam
3181 1416 3400 1468 actione
3450 1432 3678 1486 promo-

1992 1512 2204 1559 turum.
2234 1504 2454 1559 Gratias
2475 1504 2599 1569 tibi,
2630 1503 2999 1574 omnipotens
3031 1505 3194 1569 Deus,
3223 1503 3455 1574 gratias,
3495 1510 3684 1559 rector

1991 1596 2269 1662 ﬁdelium,
2306 1594 2404 1665 qui
2435 1594 2656 1647 ancilla:
2698 1598 2810 1647 ture
2834 1598 2966 1647 vota
2999 1593 3329 1665 respiciens,
3363 1594 3682 1663 prophetiae

1993 1686 2050 1738 in
2081 1702 2147 1739 ea
2179 1683 2613 1756 pollicitationes
2652 1682 2924 1753 implesti,
2976 1683 3247 1738 dicentis:
3302 1681 3522 1736 Anima
3559 1684 3684 1753 ejus

1984 1770 2043 1824 in
2066 1770 2228 1827 bonis
2239 1767 2646 1836 demorabitur,
2661 1772 2916 1823 etsemen
2933 1770 3057 1838 ejus-
3074 1767 3431 1824 haereditabit
3464 1771 3682 1825 terram

1985 1861 2169 1930 (Psal.
2201 1877 2346 1935 sxw,
2384 1863 2489 1927 13).
2524 1859 2758 1926 Perﬁce,
2788 1859 2881 1929 pie
2910 1858 3140 1927 arbiter,
3185 1859 3341 1929 quod
3384 1859 3678 1921 remansit,

1985 1956 2041 2003 et
2069 1951 2090 1983 ³
2120 1950 2181 2003 in
2209 1949 2441 2003 alterius
2472 1948 2617 2002 servi
2644 1949 2729 2002 tui
2759 1948 2965 2019 copula
3012 1964 3246 2002 serenus
3295 1947 3503 2018 aspira.
3546 1947 3682 2003 Mihi

1985 2039 2031 2092 si
2061 2040 2179 2093 haec
2209 2038 2451 2093 videnda
2483 2040 2712 2093 morbus
2745 2040 2844 2109 qui
2871 2038 3005 2108 jam}
3034 2038 3264 2091 vitalem
3324 2053 3683 2107 praeoccupa-

1986 2129 2065 2181 vit
2096 2128 2495 2195 substantiam,
2529 2145 2645 2182 non
2691 2128 2986 2199 relinquit,
3042 2127 3232 2181 videat
3261 2127 3331 2181 de
3375 2126 3486 2180 illis
3532 2127 3684 2182 bona

1987 2222 2164 2287 pater,
2209 2220 2263 2269 et
2293 2217 2381 2269 avi
2407 2216 2722 2287 proavique
2744 2221 2875 2270 ante
2908 2217 3214 2270 transitum
3246 2232 3412 2269 suum
3468 2231 3682 2269 nomen

1988 2304 2240 2375 accipiat.
2261 2306 2343 2359 Me
2376 2311 2589 2373 tamen,
2616 2305 2874 2375 quamvis
2907 2310 3283 2376 peccatorem,
3322 2295 3509 2358 adhuc
3546 2320 3679 2379 gra-

1986 2396 2066 2447 tia
2095 2411 2341 2465 superna
2373 2411 2489 2448 non
2516 2395 2747 2464 deserit,
2782 2394 2879 2465 qui
2906 2393 3358 2448 admonitionem
3413 2393 3680 2449 cautione

1987 2483 2295 2552 prasvenio.
2329 2483 2469 2537 Nam
2505 2482 2788 2537 desideria
2822 2500 3037 2537 meane
3068 2488 3088 2520 ⁴
3118 2483 3289 2554 legati
3321 2482 3682 2553 provincialis

1987 2588 2196 2625 nomen
2224 2572 2558 2642 acciperem,
2596 2572 2728 2626 licet
2752 2588 2882 2626 cum
2925 2573 3139 2638 dolore,
3177 2573 3461 2643 suspendi.
3495 2572 3683 2626 Timui

1988 2677 2058 2715 ne
2082 2667 2396 2715 autrerum
2430 2661 2715 2727 dominus,
2747 2661 2907 2716 vobis
2924 2662 3376 2731 disponentibus,
3398 2662 3521 2715 hinc
3551 2677 3583 2715 a
3622 2676 3681 2714 se

1988 2752 2137 2821 exigi
2192 2751 2466 2819 crederet,
2522 2767 2649 2821 quas
2706 2752 2858 2821 cogit
2909 2751 3216 2804 necessitas
3261 2749 3572 2821 postulari;
3625 2755 3682 2804 et

1987 2858 2091 2911 ego
2126 2841 2391 2894 redderer
2421 2840 2620 2895 ofﬁciis
2658 2836 2933 2893 onerosus
2980 2844 3035 2894 et
3065 2839 3383 2893 actionibus
3420 2839 3680 2893 infecun-

1986 2930 2110 2996 dus,
2146 2929 2407 2999 quamvis
2437 2945 2541 2983 nec
2571 2929 2803 2999 exsequi
2836 2945 2936 2982 nec
2968 2928 3238 2997 injunctis
3270 2944 3372 2998 par
3410 2943 3531 2980 esse
3562 2927 3678 2980 suf-

1988 3016 2236 3070 ﬁcerem.
2272 3016 2427 3085 Rogo
2458 3019 2523 3069 ut
2548 3015 2874 3086 supplicetis
2907 3016 3042 3081 Deo,
3077 3018 3137 3067 ut
3172 3031 3262 3068 me
3293 3016 3381 3068 vel
3410 3029 3592 3084 usque
3610 3012 3680 3067 ad

1988 3111 2249 3158 votorum
2284 3105 2679 3158 communium
2710 3108 2970 3174 tempora
2995 3104 3054 3157 in
3096 3102 3301 3158 mundi
3340 3103 3507 3158 istius
3552 3117 3677 3157 ser-

1985 3200 2078 3248 vet
2107 3196 2348 3249 incerto.

2591 3283 2923 3338 EPISTOLA
2961 3283 3072 3337 XII.

2483 3386 2805 3426 ENNODIUS
2853 3383 3177 3425 MESSALzE.

2060 3462 2197 3515 Fero
2256 3466 2567 3514 vestrarum
2624 3459 2937 3513 absentiam
2982 3458 3324 3524 litterarum,
3384 3458 3431 3511 si
3485 3458 3563 3512 sic
3609 3458 3679 3512 ad

1985 3550 2337 3605 incrementa
2365 3550 2559 3620 gaudii
2592 3549 2705 3603 mei
2735 3549 2979 3618 pertinet
3014 3548 3167 3619 quod
3198 3548 3412 3602 tacetis.
3438 3548 3561 3602 Non
3593 3553 3679 3602 est

1984 3640 2221 3694 molesta
2298 3639 2579 3710 paginalis
2649 3638 3010 3701 intermissio,
3082 3638 3129 3690 si
3173 3654 3303 3690 cum
3357 3637 3671 3707 splendidis

1985 3729 2671 3798 dictionibusjunguntur
2696 3744 2823 3781 rara
2859 3726 3162 3797 colloquia.
3194 3726 3357 3791 Quod
3385 3726 3453 3780 de
3497 3726 3679 3796 gratia

1984 3816 2131 3869 circa
2153 3835 2247 3871 vos
2282 3818 2402 3883 Dei,
2439 3818 2591 3887 quod
2624 3818 2692 3871 de
2740 3816 2951 3869 sanctis
2982 3817 3314 3885 parentibus
3342 3815 3679 3887 Epraesuma-

1985 3911 2076 3959 tur
2106 3908 2339 3976 accipio.
2399 3908 2521 3960 Jam
2584 3906 2868 3977 suffragiis
2902 3906 3213 3967 amicorum
3282 3906 3378 3959 Dei
3432 3906 3531 3977 qui
3579 3904 3678 3959 tibi

1986 4001 2146 4066 pater
2186 4002 2241 4049 ct
2271 3997 2446 4050 frater
2489 4002 2591 4063 est,
2625 3996 2927 4066 agnovisti.
2977 3980 3116 4049 Vere
3158 3996 3469 4049 dictionem
3519 4000 3677 4049 tuam

1984 4085 2105 4138 sine
2140 4086 2401 4155 lacrymis
2426 4102 2565 4153 quas
2599 4086 2811 4139 dabant
2840 4084 3070 4155 gaudia,
3112 4100 3230 4138 non
3274 4084 3473 4154 relegi.
3538 4084 3679 4137 Nolo

1984 4175 2135 4245 apud
2165 4179 2218 4227 te
2263 4190 2389 4243 qua:
2425 4175 2493 4228 de
2538 4179 2589 4227 te
2647 4174 2830 4227 sentio
2880 4174 3183 4227 verborum
3242 4172 3677 4241 importunitate

1984 4265 2316 4334 producere.
2355 4263 2571 4317 Labora
2616 4269 2679 4315 ut
2719 4262 2871 4332 quod
2932 4267 3274 4332 suggerente
3304 4260 3360 4313 in
3418 4260 3677 4313 sensibus

3301 4348 3450 4402 Nihil
3499 4347 3603 4401 tibi
3645 4365 3676 4400 a

1981 4442 2178 4496 domni
2208 4442 2399 4496 Fausti
2429 4446 2484 4495 et
2510 4442 2737 4495 domne:
2770 4456 2912 4493 meae
2938 4438 3130 4493 matris
3166 4445 3278 4492 tuae
3309 4437 3427 4491 ﬁlio
3481 4437 3675 4491 minus

1984 4538 2085 4599 est,
2122 4532 2230 4585 nisi
2262 4532 2414 4602 quod
2449 4534 2468 4566 ⁸
2498 4531 2617 4601 ipse
2651 4529 2903 4583 studiose
2936 4527 3299 4580 subtraxeris.
3325 4527 3519 4579 Pareat
3570 4525 3676 4580 tibi

1982 4627 2177 4676 tamen
2212 4624 2376 4689 Deus,
2424 4626 2488 4674 ut
2535 4619 2730 4673 credas
2781 4635 2871 4672 me
2942 4618 3341 4670 immemorem
3398 4632 3518 4672 esse
3568 4615 3675 4685 tui,

1982 4712 2119 4765 dum
2160 4710 2611 4781 impedientibus
2673 4709 2886 4762 morbis
2917 4706 3203 4777 frequenti
3246 4711 3299 4759 te
3368 4706 3675 4776 scriptione

1981 4818 2098 4855 non
2130 4816 2370 4853 veneror
2401 4816 2412 4853 :
2450 4799 2618 4851 debes
2648 4814 2810 4851 nosse
2835 4797 3075 4867 dignum
3118 4812 3238 4849 esse
3296 4795 3463 4848 venia
3509 4795 3677 4865 quid-

1981 4891 2118 4962 quid
2142 4889 2472 4944 necessitatc
2506 4886 2879 4956 delinquitur.
2927 4885 3165 4939 Domine
3214 4884 3313 4948 mi,
3374 4885 3670 4938 salutatio-

1979 4996 2112 5034 nem
2141 4978 2530 5050 plenissimam
2586 4976 2801 5042 dicens,
2865 4974 3197 5028 benedicere
3242 4990 3329 5028 me
3374 4975 3550 5028 Deum
3608 4974 3669 5026 in

1978 5139 2096 5177 non
2127 5140 2157 5175 a
2179 5125 2299 5176 tota
2342 5120 2655 5192 provincia,
2722 5120 2821 5174 sed
2880 5136 2913 5173 a
2942 5120 3182 5192 civitate
3216 5123 3439 5192 tantum
3478 5118 3671 5192 aliqua

1978 5189 2370 5260 mittebantur,
2396 5198 2460 5246 ut
2485 5189 3229 5262 Hierapolilamecivitalis,
3254 5190 3377 5262 cod.
3404 5189 3530 5262 eod.
3551 5192 3673 5262 lege

1977 5270 2008 5321 8
2040 5266 2109 5319 de
2139 5264 2543 5331 Censitoribus,
2568 5268 2624 5318 et
2649 5260 2859 5335 legatio
2895 5261 3330 5335 Λίετξιιεανιράτὶηᾳ,ι
3359 5261 3467 5335 leg.
3502 5260 3571 5312 42
3598 5260 3672 5335 de

1976 5336 2282 5407 Episcopis,
2318 5342 2423 5389 etc.
2456 5331 2720 5390 Oblatani
2752 5335 2857 5388 sibi
2892 5335 2959 5387 ad
2992 5332 3406 5407 Theodericum
3438 5331 3674 5407 legatio-

1972 5402 2106 5462 nem
2138 5402 2328 5460 subire
2373 5414 2677 5477 propterea
2723 5410 3022 5460 cunctatur
3054 5402 3399 5477 ‘Ennodius,
3424 5473 3432 5477 _
3460 5417 3533 5477 ne
3600 5404 3674 5457 ob

1975 5494 2257 5533 summam
2289 5472 2417 5532 cum
2478 5472 2681 5534 Fausto
2724 5475 3221 5539 necessitudinem,
3279 5472 3676 5543 suspicionem

1972 5550 2092 5620 regi
2112 5556 2353 5616 moveat,
2376 5567 2504 5621 quae
2529 5551 2802 5620 Ligurum
2830 5547 3059 5621 nomine
3084 5545 3427 5616 postulanda
3477 5553 3672 5614 erant,

1974 5619 2056 5692 ea:
2072 5622 2263 5676 Fausti
2286 5619 2652 5691 suggestione
2680 5619 2979 5692 postulari.

2044 5690 2066 5727 ⁵
2086 5693 2300 5761 Schot.,
2330 5690 2465 5748 ista.
