4060 6174
352 245 447 297 153

346 373 615 445 operibus
647 373 769 445 ejus
794 373 870 428 de
921 372 1113 428 domui
1148 371 1353 427 Avieni
1402 368 1809 439 conjunctione
1860 367 2037 439 signi-
2077 370 2126 422 A

345 464 494 531 ﬁco;
538 467 593 517 et
622 463 692 518 de
732 467 786 517 te
817 464 972 534 quod
1002 463 1122 532 ejus
1153 461 1336 531 pietas
1393 457 1717 528 pollicetur,
1749 459 2036 528 exspecto.

948 550 1280 605 EPISTULA
1316 548 1457 604 XIII.

820 654 1142 696 ENNODIUS
1188 650 1583 692 PANFRONIO.

414 730 774 803 Peregrinari
822 746 914 783 me
970 728 1028 782 in
1080 728 1201 780 solo
1254 725 1441 796 patrio
1501 723 1662 778 vobis
1711 722 2044 777 absentibus

346 822 626 888 crederes,
680 819 906 874 etiamsi
964 817 1235 870 valerem.
1294 818 1368 869 At
1399 830 1529 868 cum
1561 812 1841 884 aegritudo
1899 811 2044 866 mihi

346 915 403 964 et
455 908 840 980 quorumdam
891 905 1117 960 insistat
1182 902 1509 972 infirmitas,
1592 904 1741 955 inter
1799 906 2043 971 utraque

344 998 485 1068 quid
512 996 755 1050 faciam?
787 994 916 1066 quis
955 1010 1068 1048 uno
1090 998 1371 1063 tempore,
1406 995 1462 1044 et
1501 991 1733 1044 morbos
1758 989 1927 1058 ferat,
1988 993 2046 1042 et

344 1086 640 1155 perﬁdos?
666 1084 818 1139 Scias
858 1084 1017 1137 nulla
1050 1083 1337 1147 cautione,
1359 1080 1519 1135 nulla
1572 1078 1922 1145 innocentia,
1983 1078 2043 1131 in

344 1176 575 1228 civitate
611 1179 830 1242 nostra,
897 1189 1027 1244 quas
1067 1174 1182 1227 Deo
1214 1171 1401 1224 medio
1432 1170 1715 1238 promissa
1752 1172 1904 1234 sunt,
1939 1182 2041 1221 cu-

344 1264 545 1318 stodiri
580 1280 593 1318 :
627 1268 812 1317 totum
862 1262 1117 1316 felicitati
1168 1261 1456 1323 tribuitur,
1505 1260 1584 1313 nil
1628 1258 1853 1313 amori:
1896 1256 2044 1310 circa

342 1352 592 1406 humiles
624 1368 753 1405 rara
775 1350 1066 1421 dignatio;
1102 1350 1354 1419 optimus
1385 1349 1504 1415 ille,
1530 1348 1630 1418 qui
1658 1347 1881 1400 celsior.
1935 1345 2042 1401 Sed

343 1441 467 1495 haec
488 1458 595 1511 ego
616 1457 730 1493 non
762 1456 868 1510 pro
901 1439 1037 1507 mei,
1067 1436 1157 1493 cui
1178 1439 1324 1492 nihil
1342 1442 1602 1508 superest
1626 1436 1776 1507 quod
1794 1450 2039 1506 sperem,

343 1530 798 1584 consideratione
825 1529 1068 1599 suspiro,
1102 1528 1255 1582 dolet
1288 1527 1430 1580 mihi
1476 1526 1604 1580 illos
1661 1525 1850 1596 perire
1900 1540 2041 1595 quos

343 1619 543 1690 diligo.
570 1619 801 1673 Plenius
834 1618 993 1672 vobis
1033 1634 1154 1671 rem
1186 1632 1440 1682 omnem,
1465 1619 1520 1669 et
1576 1630 1747 1685 quam
1800 1618 2041 1683 propter

345 1708 599 1762 studium
632 1713 885 1761 vestrum
917 1706 1193 1760 invidiam
1224 1703 1623 1771 contraxerim,
1659 1704 1832 1757 homo
1851 1707 2040 1757 vester

346 1796 685 1850 insinuabit.
735 1797 850 1867 Ego
909 1796 1187 1849 honorem
1266 1793 1626 1849 salutationis
1678 1790 2037 1862 impertiens,

344 1902 486 1955 rogo
521 1891 583 1939 ut
612 1884 823 1955 scripta
875 1901 1027 1953 mea,
1085 1890 1141 1939 et
1191 1885 1403 1939 domno
1452 1883 1691 1951 Avieno,
1722 1886 1781 1935 et
1810 1881 2039 1951 {domno

346 1974 574 2030 Liberio
600 1975 865 2045 protinus
891 1975 1271 2042 contradatis;
1302 1978 1357 2028 et
1377 1972 1683 2044 peripsum
1735 1970 1835 2043 qui
1883 1970 2042 2024 vobis

345 2064 733 2118 Pamfroniam
760 2069 1014 2117 nostram
1043 2080 1242 2118 sanam
1263 2062 1613 2128 contribuat,
1656 2060 1914 2131 conjuro,
1978 2064 2044 2112 ut

344 2170 441 2206 vos
473 2169 564 2207 me
600 2153 734 2224 quid
795 2153 1054 2224 responsi
1107 2152 1371 2207 dederint
1418 2150 1753 2216 instruatis;
1807 2148 1943 2218 quia
1994 2147 2042 2201 si

344 2242 537 2313 regius
568 2242 941 2313 occupatione
988 2242 1181 2313 aliqua
1214 2246 1458 2313 negatur
1489 2240 1788 2304 adventus,
1824 2254 1928 2309 ego
1971 2237 2042 2290 ad

343 2346 461 2397 vos,
496 2332 612 2385 Deo
643 2345 772 2383 meo
820 2330 1193 2401 suffragante,
1226 2329 1330 2382 sub
1390 2326 1588 2399 quavis
1648 2325 2041 2381 membrorum

349 2435 613 2473 meorum
643 2418 951 2490 fragilitate
984 2418 1178 2473 venire
1204 2417 1430 2472 festino.

948 2507 1279 2562 EPISTOLA
1316 2506 1449 2559 XIV.

709 2611 1034 2651 ENNODIUS
1081 2610 1332 2650 ELPIDIO
1382 2607 1682 2647 DIACONO.

356 2738 359 2745 ,
419 2686 565 2738 Deus
604 2685 958 2739 sanctitatem
994 2691 1153 2738 tuam
1188 2681 1592 2737 misericordiae
1617 2696 1730 2733 sum
1756 2684 1813 2733 et
1842 2678 2042 2750 gratia:

341 2779 725 2843 prosequatur
754 2774 1102 2843 insignibus;
1138 2772 1237 2843 qui
1261 2773 1329 2826 de
1362 2770 1687 2825 humilitate
1720 2784 1868 2835 mea,
1920 2784 2040 2822 rem

343 2862 508 2915 amici
541 2862 773 2927 faciens,
802 2862 1055 2933 dignaris
1076 2878 1197 2915 esse
1231 2860 1527 2925 sollicitus,
1553 2864 1610 2912 et
1641 2874 1731 2911 me
1773 2872 2041 2927 meosque

1568 238 1851 294 ENNODII
1894 238 1998 291 ΕΡ]
2011 237 2203 294 SCOPI
2242 237 2630 294 TICINENSIS

3746 242 3845 291 156

2754 369 3089 424 EPISTULA
3128 372 3273 445 xv1._

2635 473 2958 513 ENNODIUS
3004 474 3360 514 ADEODATO.

2225 546 2376 603 Olim
2409 546 2478 601 ad
2501 546 2873 601 beatitudinis
2908 552 3019 600 tua:
3059 548 3269 618 scripta
3314 548 3744 619 responderam,
3799 550 3846 601 si

2152 636 2318 692 facile
2348 636 2547 690 fuisset
2578 638 2816 690 Romam
2839 636 3205 708 pergentium
3232 637 3440 691 itinera
3470 637 3842 708 deprehendi.

2154 725 2540 780 Ecclesiastica
2567 726 2863 780 humilitas
2895 743 2925 779 a
2949 726 3150 780 mundi
3178 727 3511 797 potentibus
3547 728 3712 798 quasi
3759 744 3848 780 res

2153 816 2459 886 peregrina
2488 816 2779 869 transitur.
2815 816 2885 869 Ut
2915 815 3167 887 primum
3198 820 3394 870 tamen
3423 816 3668 870 domnus
3713 816 3848 871 Dio-

2154 921 2349 959 scorus
2383 906 2624 960 Romam
2672 904 3006 975 perfunctus
3044 904 3128 974 pii
3164 906 3376 959 laboris
3418 906 3689 960 remeavit
3720 907 3846 960 0Πὶ-

2154 995 2262 1065 cio,
2295 995 2365 1049 ad
2431 994 2852 1048 restitutionem
2910 993 3107 1062 debiti,
3167 995 3545 1049 reverentiam
3601 1001 3846 1049 vestram

2154 1084 2489 1154 suspiciens,
2550 1082 2811 1153 aspiravi.
2877 1085 2988 1137 llos
3070 1082 3222 1137 ﬁlios
3279 1088 3516 1152 vestros,
3571 1084 3848 1137 domuum

2155 1173 2417 1234 Paulum,
2454 1173 2543 1226 vel
2590 1176 2843 1226 sanctam
2886 1172 3227 1243 progeniem
3274 1172 3452 1242 ipsius
3491 1173 3679 1226 redire
3734 1173 3846 1226 Ro-

2153 1279 2307 1316 mam
2330 1261 2557 1332 cupitis,
2591 1278 2696 1315 nos
2727 1277 2958 1315 manere
2994 1276 3005 1314 :
3032 1261 3225 1332 dispar
3255 1261 3538 1316 sententia
3566 1261 3634 1315 ad
3668 1278 3850 1314 unum

2154 1350 2680 1406 aﬂ'ectioniscallem
2706 1351 2828 1404 sine
2856 1367 3049 1405 errore
3082 1351 3407 1406 revertitur.
3444 1353 3592 1405 Deus
3647 1355 3847 1405 tamen

2154 1441 2405 1511 optimus
2432 1441 2810 1510 dispensator,
2844 1440 2997 1510 quod
3040 1439 3299 1493 felicitati
3339 1439 3462 1509 ejus
3504 1440 3607 1494 scit
3647 1456 3851 1494 conve-

2152 1530 2295 1597 nire,
2324 1530 2606 1600 disponat.
2641 1530 2775 1583 Mihi
2817 1529 3014 1585 domui
3066 1528 3276 1596 Fausti,
3315 1545 3667 1600 suorumque
3708 1546 3852 1599 pro-

2152 1620 2392 1691 speritas
2425 1618 2748 1690 praesentiae
2767 1618 2889 1672 vice
2915 1618 3226 1672 blanditur.
3256 1617 3498 1672 Domine
3536 1617 3638 1685 mi,
3688 1620 3850 1671 salu-

2150 1709 2379 1763 tationis
2429 1709 2645 1762 cultum
2704 1709 2876 1776 pleno
2935 1724 3131 1762 amore
3187 1706 3525 1773 dissolvens,
3596 1707 3853 1761 codicem

2151 1814 2321 1870 quem
2357 1797 2612 1861 dedistis,
2654 1796 2774 1851 filio
2799 1801 2983 1851 vestro
3016 1797 3227 1851 domno
3247 1795 3516 1867 praefecto
3531 1801 3850 1863 remeante,

2150 1885 2474 1939 trausmitto
2512 1901 2526 1939 :
2558 1901 2655 1938 vos
2688 1901 2902 1953 meum,
2936 1890 3034 1939 aut
3064 1885 3225 1938 illum
3260 1900 3432 1955 quem
3483 1885 3852 1954 promisistis,

2152 1974 2199 2029 si
2224 1973 2523 2045 placuerit,
2557 1973 2860 2027 destinate.
2896 1973 3018 2028 llud
3080 1977 3275 2026 tamen
3334 1972 3662 2042 specialiter
3711 1988 3851 2025 con-

2149 2064 2418 2130 ferentes,
2448 2067 2513 2118 ut
2544 2062 2869 2117 orationum
2898 2067 3217 2117 vestrarum
3246 2077 3543 2133 nunquam
3582 2077 3673 2115 me
3703 2077 3848 2131 pro-

2149 2151 2506 2224 pugnatione
2536 2151 2781 2218 nudetis,
2809 2151 2945 2223 quia
2968 2152 3160 2205 nullus
3196 2150 3340 2205 mihi
3402 2166 3600 2204 murus
3656 2149 3854 2221 potior

2150 2258 2271 2297 esse
2302 2243 2570 2297 adversus
2587 2240 2806 2312 peccati
2833 2240 3067 2296 arietem
3099 2240 3333 2312 poterit,
3378 2256 3552 2312 quam
3616 2238 3665 2301 si
3722 2239 3852 2292 illa-

2150 2349 2278 2387 rum
2310 2348 2402 2386 me
2436 2333 2615 2386 tutela
2644 2330 2980 2385 defenderit.

2735 2418 3064 2474 EPISTOLA
3100 2419 3259 2473 XVII.

2634 2522 2959 2563 ENNODIUS
3003 2522 3376 2562 APODEMIE.

2223 2596 2345 2650 Non
2372 2596 2576 2650 clauda
2604 2595 2743 2651 ﬁdes
2776 2596 3066 2665 opinionis
3096 2595 3370 2666 antiqme,
3403 2611 3531 2667 quae
3580 2594 3853 2665 perhibet

2151 2685 2302 2756 quod
2321 2686 2721 2756 propinquitas
2744 2685 2972 2754 generis
2991 2701 3108 2738 non
3129 2684 3322 2739 defrau
3334 2685 3499 2739 detur
3514 2683 3854 2754 longinqui-

2153 2779 2266 2828 tate
2296 2775 2569 2844 regionis.
2606 2775 2835 2828 Manent
2863 2774 3210 2828 familiarum
3251 2774 3365 2826 suis
3414 2773 3546 2844 jura
3600 2772 3853 2826 cardini-

2150 2862 2290 2930 bus;
2325 2879 2426 2917 nec
2458 2879 2585 2933 qua:
2637 2866 2771 2916 sunt
2818 2861 2998 2916 divisa
3047 2862 3407 2928 habitaculis,
3468 2862 3855 2916 dissociantur

342 2951 627 3021 promittis
656 2952 930 3023 peculiari
990 2950 1288 3004 affectione
1346 2955 1402 3005 te
1463 2949 1667 3002 colere.
1735 2947 1859 3002 Scio
1907 2946 2041 3016 quia
2078 2958 2118 3012 ρ
2149 2952 2484 3005 animabus:
2512 2953 2795 3021 percurrit
2824 2952 3093 3006 aetherius
3123 2951 3302 3023 vigor,
3333 2950 3661 3021 ubicunque
3722 2965 3852 3003 car-

344 3040 492 3093 Deus
522 3040 803 3110 propitius
837 3038 939 3093 tibi
971 3039 1047 3091 sic
1077 3038 1316 3109 gratiam
1354 3036 1552 3091 invicti
1580 3036 1856 3108 principis
1903 3050 2034 3087 con-

339 3130 492 3194 tulit,
525 3134 585 3182 ut
628 3130 921 3182 humilitas
969 3127 1347 3182 ecclesiastica
1402 3142 1519 3179 non
1580 3126 1809 3195 periret.
1876 3125 2034 3189 Vere,

341 3217 549 3271 domne
576 3218 775 3287 Elpidi,
807 3217 854 3269 si
884 3217 1157 3287 dignatur
1187 3216 1316 3285 pius
1344 3231 1444 3268 rex
1474 3215 1542 3268 de
1570 3229 1733 3267 servo
1770 3229 1872 3266 suo
1915 3228 2035 3265 esse

339 3306 641 3373 sollicitus,
676 3312 737 3359 tu
794 3304 999 3369 fecisti,
1047 3305 1211 3374 cujus
1270 3302 1464 3357 animo
1495 3303 1685 3356 nullus
1721 3300 2036 3355 amicorum

341 3393 522 3448 vicem
544 3394 757 3463 poterit
783 3408 1109 3463 repensare.
1167 3392 1317 3447 Scias
1380 3408 1473 3445 me
1525 3395 1719 3445 tamen
1777 3390 2035 3461 quotidie

344 3480 569 3536 diversa
599 3481 780 3551 afﬂigi
810 3482 1087 3553 qualitate
1118 3480 1474 3545 morborum,
1495 3480 1577 3533 ita
1610 3484 1672 3533 ut
1702 3480 1769 3533 de
1791 3478 1906 3533 vita
1938 3479 2035 3533 de-

343 3586 589 3641 sperem.
620 3571 779 3640 Rogo
808 3574 1023 3639 tamen,
1053 3570 1270 3623 honore
1304 3568 1658 3623 salutationis
1689 3572 1940 3637 accepto,
1974 3571 2039 3621 ut

344 3660 622 3713 domuum
657 3660 925 3713 Faustum
945 3664 1001 3712 et
1031 3659 1177 3712 ﬁlios
1195 3658 1394 3729 ipsius,
1418 3674 1641 3712 memor
1668 3657 1875 3711 animae
1898 3662 2035 3725 tuae,

346 3749 643 3803 sinceriter
673 3748 918 3819 diligas;
956 3752 1011 3802 et
1038 3764 1141 3818 pro
1172 3750 1365 3802 anima
1395 3764 1543 3813 mea,
1581 3751 1861 3818 quantum
1895 3762 2037 3816 prae-

345 3839 518 3905 valcs,
546 3854 709 3891 orare
740 3854 855 3892 non
885 3853 1067 3891 cesses
1105 3854 1118 3891 :
1158 3838 1293 3908 quia
1333 3854 1448 3891 non
1497 3836 1774 3891 remansit
1812 3836 1871 3889 in
1913 3837 2037 3889 luce

344 3926 497 3998 quod
532 3942 776 3997 sperem.
812 3927 971 3997 Rogo
1005 3926 1179 3980 etiam
1208 3930 1273 3980 ut
1310 3942 1401 3980 me
1450 3925 1734 3996 frequenti
1781 3924 2036 3995 digneris

344 4015 615 4085 alloquio,
656 4020 712 4068 et
736 4016 783 4069 si
807 4016 1052 4069 domnus
1078 4018 1274 4071 noster
1301 4015 1386 4069 ad'
1417 4015 1707 4086 Liguriam
1759 4017 2037 4068 venturus

343 4108 447 4169 est,
474 4103 742 4158 intimare
773 4120 1064 4175 procures.

956 4193 1292 4248 EPISTOLA
1327 4193 1433 4247 XV.

800 4297 1125 4337 ENNODIUS
1171 4296 1576 4337 STEPHANI/II.

415 4372 563 4426 Bene
594 4375 678 4425 est
708 4370 901 4424 animo
932 4387 1081 4437 meo,
1117 4371 1269 4441 quod
1300 4374 1599 4441 gravatum
1629 4368 1843 4439 peccati
1881 4368 2030 4423 fasce

342 4460 718 4527 meministis;
758 4464 815 4513 et
844 4460 993 4513 inter
1025 4459 1152 4513 illas
1185 4460 1326 4513 secri
1359 4458 1606 4529 pectoris
1627 4474 1812 4525 curas,
1845 4474 2030 4528 quan-

340 4553 461 4602 tum
497 4548 756 4619 epistolae
787 4548 856 4602 ad
891 4549 1169 4602 domnum
1199 4547 1476 4604 Avienum
1507 4546 1799 4600 destinatas
1846 4545 2020 4607 mani-

341 4637 568 4703 festant,
615 4653 876 4705 personae
934 4654 1079 4693 meae
1135 4654 1247 4691 non
1316 4636 1560 4707 emergit
1615 4636 1846 4690 oblivio.

341 4725 555 4797 gratias
585 4742 712 4796 ago,
764 4726 863 4798 qui
894 4743 996 4797 per
1042 4726 1358 4781 indebitam
1390 4725 1857 4795 delinquentibus
1913 4726 2032 4779 cle-

342 4814 615 4868 mentiam
647 4815 814 4870 solita
845 4815 1206 4869 miseratione
1237 4814 1535 4882 succurrit,
1571 4815 1707 4869 dum
1747 4830 1843 4868 eos
1895 4831 2031 4868 san-

338 4906 558 4957 ctarum
593 4904 919 4959 animarum
953 4905 1363 4959 intercessione
1393 4905 1833 4958 sustentat.Non
1862 4903 2029 4958 credo

340 4995 495 5066 quod
546 4996 695 5050 inter
766 4996 1055 5051 orationes
1120 4997 1431 5061 deseratur,
1485 5012 1658 5067 quem
1716 4994 2031 5049 nobilitatis

339 5084 615 5156 alloquio.
651 5084 843 5140 Saluto
876 5101 1013 5156 ergo
1044 5084 1370 5139 humilitate
1403 5101 1518 5155 qua
1549 5085 1788 5155 dignum
1820 5088 1923 5151 est,
1975 5087 2032 5137 et

340 5190 478 5244 rogo
532 5179 593 5227 ut
644 5174 729 5228 illi
776 5174 1002 5228 assidua
1059 5173 1379 5228 orationum
1448 5174 1673 5229 donetis
1737 5174 2028 5244 suffragia,

342 5279 511 5334 quem
541 5263 1102 5318 commemorationis
1117 5263 1348 5335 pascitis
1374 5263 1655 5319 ubertate.

412 5408 428 5442 ί
451 5407 683 5461 Lanam
708 5409 764 5461 et
791 5407 1067 5477 racanas]
1089 5406 1172 5461 Ita
1196 5405 1461 5461 distincte
1503 5406 1803 5461 Vaticanus
1828 5423 1842 5461 :
1904 5407 2032 5461 reli-

341 5477 440 5547 qui
470 5479 492 5499 "
522 5481 689 5533 Lana
708 5481 896 5533 metra
918 5494 1096 5533 canas
1125 5494 1138 5532 :
1168 5478 1326 5548 quod
1358 5477 1561 5531 eodem
1602 5478 1821 5532 recidit.
1852 5480 2029 5534 Haca-

340 5564 431 5620 naz
459 5555 647 5602 autem
672 5551 821 5618 quod
852 5549 1376 5620 genus‘vestimenti
1418 5548 1608 5613 fuerit,
1658 5565 1772 5603 non
1827 5549 2031 5620 liquet,

342 5619 413 5673 ad
432 5620 816 5674 calceamenta
845 5619 1156 5675 referendae
1214 5620 1505 5687 videntur,
1560 5624 1624 5674 ut
1678 5624 1736 5673 et
1778 5619 1935 5690 rogat
1974 5626 2029 5674 et

1918 4638 2031 4691 Deo
2069 4712 2074 4716 η

2148 3041 2239 3093 nis
2269 3040 2612 3111 cognatione
2665 3041 3037 3110 producitur;
3094 3046 3150 3094 et
3206 3041 3303 3094 illa
3362 3041 3603 3095 ccelestis
3654 3038 3851 3109 portio

2147 3128 2320 3181 unius
2351 3128 2549 3197 patriae
2581 3144 2693 3181 non
2723 3128 3048 3182 continetur
3064 3129 3360 3199 angustiis.
3386 3127 3476 3182 Sic
3506 3132 3588 3194 tu,
3629 3127 3853 3180 domna

2147 3232 2297 3283 mea,
2333 3218 2503 3287 longe
2536 3233 2567 3269 a
2600 3233 2838 3288 corpore
2860 3218 3163 3288 degentem
3196 3217 3517 3271 Ennodium
3551 3216 3852 3287 perquisi-

2146 3306 2239 3373 sti,
2273 3306 2561 3359 efferendo
2599 3306 2932 3360 desideratis
2980 3306 3173 3359 nobile
3231 3321 3441 3359 munus
3496 3303 3848 3375 aspectibus.

2144 3395 2351 3465 Accepi
2375 3394 2655 3448 cucullam
2684 3394 2914 3464 qualem
2947 3393 3146 3449 debuit
3175 3393 3443 3463 dirigere,
3498 3393 3850 3463 religionem

2145 3482 2459 3555 proﬁtenti.
2483 3481 2866 3549 Sanctissima,
2899 3498 3018 3541 ora,
3055 3486 3115 3535 ut
3143 3482 3386 3552 dignum
3406 3497 3495 3535 me
3526 3481 3845 3535 humilium

2144 3570 2518 3639 indumentis,
2540 3574 2596 3624 et
2624 3571 2671 3623 si
2702 3586 2817 3624 non
2850 3570 3194 3624 invenerunt
3218 3571 3368 3624 dona
3396 3576 3602 3639 vestra,
3644 3575 3847 3623 tamen

2145 3659 2337 3714 meriti
2366 3660 2453 3713 sui
2482 3659 2783 3714 nobilitate
2824 3658 3141 3730 perficiant.
3168 3659 3408 3713 Domina
3438 3659 3536 3727 mi,
3594 3659 3845 3713 salutem

2144 3748 2526 3819 largissimam
2558 3749 2770 3815 dicens,
2803 3764 2966 3820 rogo,
3017 3754 3078 3802 ut
3124 3749 3322 3803 crebro
3356 3748 3695 3802 venerandis
3756 3765 3850 3801 re-

2145 3839 2342 3893 levetis
2362 3839 2650 3910 alloquiis.
2684 3840 2701 3873 ¹
2732 3837 2959 3892 [ιερηδω
2997 3842 3053 3891 et
3082 3853 3339 3903 racanas,
3385 3837 3548 3907 cujus
3601 3852 3698 3890 vos
3750 3852 3849 3888 vo-

2144 3927 2369 3982 lueritis
2400 3927 2606 3982 coloris
2633 3926 2800 3981 rubei
2839 3931 2937 3980 aut
2986 3925 3151 3994 fusci,
3185 3925 3332 3979 mihi
3389 3925 3496 3980 sub
3546 3924 3843 3979 celeritate

2146 4016 2394 4089 dirigite.

2719 4103 3053 4159 EPISTULA
3089 4103 3274 4159 XVIII.

2609 4208 2934 4249 ENNODIUS
2979 4206 3387 4248 STEPHANIE.

2215 4283 2511 4340 Sufﬁceret
2534 4283 2803 4355 equidem
2834 4299 2938 4354 pro
2982 4282 3279 4354 epistolari
3329 4279 3671 4336 commercio
3715 4295 3842 4332 mc-

2143 4373 2321 4427 ritum
2355 4372 2670 4443 portitoris,
2694 4372 2786 4425 cui
2825 4378 2881 4425 et
2936 4388 3083 4425 vena
3137 4389 3239 4425 sua
3270 4371 3425 4443 quod
3482 4367 3838 4440 loquendum

2141 4468 2228 4517 est
2248 4467 2304 4516 et
2350 4478 2496 4533 pura
2528 4461 2675 4515 circa
2704 4477 2794 4515 me
2825 4460 3115 4514 ministrat
3160 4460 3403 4514 affectio.
3451 4459 3561 4514 Sed
3610 4457 3842 4512 animus

2140 4568 2302 4605 meus
2333 4551 2401 4604 ad
2421 4550 2774 4620 duplicatum
2824 4548 3056 4602 festinat
3114 4549 3485 4620 obsequium;
3540 4563 3646 4602 nec
3695 4546 3839 4600 sini—

2140 4640 2274 4711 plici
2307 4655 2481 4711 quam
2514 4638 2833 4692 reverentia
2867 4642 3051 4691 vestra
3102 4639 3276 4709 exigit
3323 4638 3647 4693 humilitate
3695 4652 3840 4690 con-
3912 4660 3917 4663 Α

2140 4733 2352 4794 tentus,
2384 4727 2595 4781 domno
2625 4727 2842 4780 Avieno
2892 4727 3103 4798 scripta
3159 4728 3478 4798 conjungit,
3518 4726 3602 4780 illi
3655 4742 3838 4797 quem

2138 4819 2207 4872 de
2238 4816 2412 4887 stirpe
2436 4821 2623 4871 vestra
2652 4819 3018 4887 procreatum
3044 4821 3102 4871 et
3137 4817 3253 4870 vita
3293 4816 3485 4886 prodit
3531 4820 3589 4871 et
3620 4814 3830 4869 oratio.

2140 4906 2399 4962 Graviter
2436 4909 2631 4959 tamen
2669 4905 2791 4960 fero
2823 4907 2979 4977 quod
3038 4906 3277 4961 rusticas
3310 4922 3473 4959 voces
3522 4903 3694 4958 nimis
3741 4920 3835 4955 ur-

2138 4997 2287 5051 bana
2316 5002 2373 5050 et
2392 4995 2587 5050 subtili
2609 4994 2929 5050 elocutione
2963 4995 3225 5050 narratis.
3269 4997 3392 5051 Non
3422 4994 3500 5047 ita
3567 4994 3714 5047 circa
3762 4993 3844 5046 fa-

2141 5086 2359 5140 miliam
2384 5094 2629 5139 vestram
2673 5086 2857 5156 gratia
2897 5084 3141 5140 ccelestis
3179 5084 3449 5151 innotuit,
3485 5088 3549 5136 ut
3578 5082 3833 5153 aliquem

2141 5174 2200 5229 in
2258 5192 2324 5229 ea
2389 5175 2556 5229 liceat
2606 5160 2921 5243 majoribus
2970 5174 3087 5228 suis
3147 5177 3246 5227 aut
3284 5172 3485 5244 lingua
3558 5188 3679 5226 esse
3734 5176 3841 5224 aut

2141 5264 2362 5318 actione
2388 5263 2745 5331 dissimilem,
2775 5263 2886 5317 nisi
2928 5262 3076 5317 forte
3110 5262 3264 5333 quod
3316 5278 3413 5315 vos
3438 5279 3612 5333 supra
3663 5261 3840 5315 clari-

2139 5412 2360 5477 tzangaa
2390 5406 2515 5477 lege
2539 5408 2568 5460 3
2594 5404 2721 5459 cod.
2755 5404 3064 5477 Theod._de
3096 5404 3298 5459 Habitu
3350 5404 3501 5474 quod
3538 5404 3650 5477 uti_
3671 5420 3838 5473 opor-

2140 5484 2257 5532 teat
2280 5474 2430 5531 intra
2454 5474 2672 5530 urbem.
2705 5477 2874 5529 Intra
2893 5475 3089 5530 urbem
3110 5476 3357 5531 Romam
3378 5490 3539 5529 nemo
3560 5474 3651 5528 vel
3661 5477 3839 5545 rogis,

2138 5548 2228 5604 vel
2243 5548 2461 5601 tzancis
2483 5549 2708 5602 utatur.

2203 5629 2225 5653 "
2256 5626 2460 5675 Videsis
2489 5626 2537 5676 le
2563 5625 2636 5675 St.
2661 5626 2836 5676 Moine
2865 5626 2982 5676 Vat.
3006 5625 3149 5676 Sacr.
3176 5629 3303 5675 tom.
3336 5623 3410 5681 II,
3438 5639 3490 5688 p.
3527 5626 3635 5674 287.
