4060 6174
197 243 283 291 t5?
1500 238 1992 296 EPISTOLARUM
2036 239 2164 297 LIB.
2208 239 2294 293 IX.

3583 241 3681 294 158

187 373 354 422 tatem
376 368 669 422 seniorum
720 371 929 421 sanctm
971 367 1266 422 viduitatis
1292 367 1350 422 in
1383 367 1543 423 vobis
1587 369 1773 439 fulgor
1802 369 1874 420 ir-
1913 373 1956 423 Α
1987 369 2236 440 precatio
2316 368 2561 423 fructum
2626 370 2732 424 sibi
2787 369 3049 424 videatur
3119 370 3400 424 ascribere
3466 369 3679 425 laboris

186 458 379 511 radiat.
418 459 635 528 Nempe
682 458 835 511 illius
898 458 1091 511 domui
1138 457 1324 511 Fausti
1371 474 1644 528 germana
1683 476 1763 523 es,
1817 459 1879 511 iu

187 547 339 616 cujus
372 546 716 616 praefectura
753 546 903 616 quod
960 546 1272 601 monachos
1310 546 1593 616 instituat,
1657 547 1876 601 inveni-

185 640 287 701 tur,
319 652 496 705 quem
530 635 658 705 plus
705 640 789 690 est
838 636 1057 689 actione
1098 636 1486 691 venerabilem
1520 653 1659 704 esse,
1703 652 1877 708 quam

186 723 364 779 titulo.
399 725 558 795 Rogo
610 740 726 791 vos,
780 724 1012 777 servitio
1071 726 1431 780 salutationis
1487 726 1760 794 exhibito,
1815 730 1879 779 ut

188 830 480 884 nunquam
547 813 1013 867 scholasticorum
1088 815 1365 869 indociles
1420 816 1878 887 ,‘compositiones

190 904 387 957 sanctis
438 902 845 957 dictationibus
902 902 1230 958 misceatis:
1277 905 1487 959 sufﬁcit
1528 906 1669 959 mihi
1725 906 1877 976 quod

190 992 452 1059 admirer,
503 993 657 1063 quod
716 992 762 1046 si
793 1008 1020 1046 mereor
1071 993 1232 1065 sequi
1277 994 1535 1063 debeam,
1573 995 1635 1049 in
1681 995 1879 1050 vestris

190 1081 442 1135 sensibus
470 1081 750 1135 invenire.

776 1169 1017 1225 EPISTO
1029 1170 1115 1224 LA
1153 1171 1287 1224 XIX.

688 1273 1015 1314 ENNODIUS
1062 1274 1372 1314 AGNELLO.

249 1349 451 1419 Longo
491 1347 719 1401 animus
744 1364 908 1401 meus
947 1349 1219 1419 pependit
1261 1349 1501 1417 incerto,
1549 1354 1741 1404 utrum
1776 1367 1878 1421 pro

189 1439 480 1509 diligentia
520 1438 737 1491 notitiae
764 1443 963 1491 vestrae
993 1438 1228 1507 jauuam
1277 1439 1600 1510 scriptionis
1644 1441 1880 1495 amabili

186 1527 633 1600 praesumptione
665 1528 974 1597 pulsarem,
1025 1533 1082 1581 et
1118 1528 1577 1582 excellentissimi
1633 1530 1881 1584 hominis

187 1634 277 1688 per
298 1618 460 1670 hunc
490 1617 690 1669 callem
723 1622 923 1686 pectus
952 1617 1303 1687 ingrederer,
1335 1634 1407 1671 an
1451 1634 1555 1688 per
1614 1620 1880 1673 homines

188 1712 412 1770 vestros,
449 1722 592 1773 vaga
628 1705 968 1759 salutatione
1024 1710 1343 1775 contentus,
1399 1712 1613 1761 secreta
1671 1708 1877 1779 quibus

189 1794 487 1849 obsidebar
513 1795 917 1865 irrumperem,
953 1796 1085 1866 quia
1117 1795 1299 1849 visum
1328 1796 1473 1849 mihi
1505 1802 1588 1850 est
1621 1814 1737 1851 non
1758 1815 1879 1852 esse

187 1885 236 1938 in
255 1884 562 1938 hominum
597 1900 838 1937 numero
872 1885 1310 1954 computandus,
1361 1902 1534 1956 quem
1572 1885 1878 1941 hominum

186 1974 513 2045 potissimus
546 1974 857 2044 ignoraret.
891 1974 955 2026 Et
984 1974 1153 2043 plane
1185 1973 1270 2027 illi
1304 1990 1409 2028 uec
1436 1991 1624 2028 mores
1672 1992 1879 2046 sugge-

186 2062 769 2128 ruutﬁduciam,nec
825 2067 1051 2128 natura,
1100 2062 1199 2133 qui
1254 2063 1311 2115 iu
1334 2079 1461 2117 arce
1514 2064 1712 2118 locatis
1759 2065 1881 2119 abs-

186 2153 444 2206 conditur
474 2168 487 2205 :
520 2152 681 2205 vobis
712 2152 1019 2221 praecipue,
1053 2168 1196 2221 quos
1221 2158 1463 2223 uterque
1498 2153 1650 2206 orbis
1700 2154 1881 2208 amica

188 2246 236 2295 et
263 2242 417 2295 socia
488 2240 817 2295 diversitate
888 2241 1303 2311 complectitur,
1348 2242 1500 2312 quod
1560 2242 1660 2296 Dei
1706 2243 1882 2297 timor

186 2332 374 2401 gratiae
426 2346 551 2383 suae
591 2329 855 2383 comitate
912 2330 1171 2383 ﬁrmatos
1226 2329 1359 2383 fecit
1408 2331 1529 2401 jam
1591 2332 1879 2385 honorum

187 2435 402 2471 summa
428 2418 652 2487 largiri,
688 2424 744 2472 et
776 2418 845 2471 ad
881 2418 1031 2488 quod
1066 2419 1153 2472 vix
1185 2419 1459 2489 prmcipui
1485 2421 1882 2489 perducuntur

184 2508 242 2560 ad
274 2507 574 2577 opinionis
598 2508 838 2577 gloriam
886 2507 1019 2561 dare
1065 2507 1352 2578 subjectis.
1406 2508 1697 2562 Laudandi
1750 2514 1882 2563 sunt

185 2597 383 2667 apices,
435 2596 539 2649 sed
620 2596 690 2649 ad
748 2612 846 2649 eos
905 2596 1114 2649 sudore
1169 2597 1419 2651 maximo
1470 2599 1558 2650 vix
1629 2598 1875 2653 venitur.

182 2684 330 2748 Quod
362 2689 565 2737 tamen
606 2683 845 2737 feliciter
873 2684 1087 2737 dictum
1118 2684 1209 2750 sit,
1234 2689 1286 2738 et
1310 2684 1460 2738 inter
1489 2700 1729 2739 munera
1778 2702 1879 2738 ve-

183 2780 288 2826 stra
316 2778 457 2827 sunt
487 2772 758 2825 culmina.
786 2773 933 2843 Ergo
965 2774 1219 2826 salutans
1272 2778 1616 2841 reverenter,
1675 2774 1881 2845 episto-

183 2862 283 2915 lam
318 2862 603 2917 brevitate
658 2862 956 2927 concludo,
1002 2878 1075 2915 ne
1121 2868 1254 2915 ante
1321 2863 1721 2934 dignationem
1785 2880 1876 2917 ve-

1986 458 2178 513 alieni.
2204 459 2395 513 Saluto
2427 476 2561 529 ergo
2592 461 2915 515 humilitate
2940 477 3052 533 qua
3087 462 3322 532 dignum
3358 465 3459 526 est,
3514 463 3567 513 et
3620 463 3677 512 ut

1987 549 2251 619 przefatos
2283 564 2412 603 cum
2439 549 2651 619 gaudio
2682 550 2753 603 ad
2777 566 2867 603 me
2899 552 3224 618 remittatis,
3257 549 3524 620 imploro.

2582 639 2920 695 EPISTOLA
2959 641 3088 695 XXI.

2506 743 2829 783 ENNODIUS
2875 743 3159 783 ELPIDIO.

2060 816 2175 870 Etsi
2205 819 2261 871 te
2298 815 2700 871 immemorem
2732 818 2845 871 mei
2886 818 3119 872 Pontica
3169 815 3302 871 facit
3346 816 3677 870 inhumani-

1988 913 2090 968 tas,
2126 921 2217 960 me
2257 910 2450 960 tamen
2482 906 2697 960 imitari
2746 923 2861 961 non
2908 908 3067 962 decet
3114 907 3264 977 quod
3325 922 3547 960 accuso.
3591 906 3677 959 Sic

1988 996 2055 1049 de
2087 995 2307 1049 civitate
2334 996 2739 1050 Mediolauensi
2768 996 2930 1067 quasi
2956 998 3146 1051 Icarus
3182 996 3437 1063 avolasti,
3484 1005 3540 1049 et
3576 1012 3681 1049 nec

1989 1084 2244 1138 mandati
2278 1101 2370 1138 me
2392 1085 2734 1139 salutatione
2752 1086 3019 1156 dignatus
3050 1102 3124 1139 es.
3155 1084 3246 1140 Sic
3284 1084 3501 1138 faciunt
3537 1101 3679 1155 quos

1989 1175 2312 1243 potentium
2338 1175 2609 1229 lateribus
2635 1175 2828 1246 jungit
2873 1175 3169 1245 inopinata
3230 1173 3516 1227 sodalitas.
3569 1175 3681 1227 Illu-

1988 1280 2080 1317 sca
2102 1264 2377 1317 moritura
2396 1265 2618 1335 justum
2653 1270 2755 1333 est,
2785 1269 2849 1318 ut
2875 1264 2920 1317 si
2959 1280 3062 1335 per
3109 1267 3371 1317 naturam
3416 1279 3530 1316 non
3582 1279 3684 1331 po-

1986 1356 2093 1419 tes,
2142 1353 2210 1406 ad
2247 1352 2509 1407 effectum
2569 1369 2697 1406 meo
2758 1353 3015 1406 iuviteris
3081 1353 3387 1421 exemplo:
3444 1354 3683 1421 possunt

1990 1440 2090 1495 tibi
2115 1439 2209 1495 alii
2237 1458 2339 1511 pro
2374 1441 2725 1497 abundantia
2754 1442 3090 1497 facultatum
3126 1441 3381 1495 utiliores
3420 1440 3677 1505 existere,

1989 1547 2110 1585 esse
2141 1536 2331 1585 tamen
2358 1547 2473 1585 non
2500 1532 2689 1585 valent
2712 1532 3015 1586 dulciores.
3049 1532 3159 1586 Sed
3201 1530 3370 1583 redeo
3430 1530 3496 1583 ad
3551 1545 3683 1581 con-

1989 1619 2393 1673 siderationem
2424 1620 2648 1691 patriae,
2675 1620 2786 1689 cui}
2810 1620 2981 1674 debes
3010 1620 3295 1674 bonorum
3328 1617 3677 1672 oblivionem

1937 1710 1957 1727 λ
1989 1709 2350 1763 etmiseriam
2383 1725 2495 1780 qua
2522 1709 2763 1764 laboras.
2792 1711 2952 1763 Nunc
2977 1726 3133 1780 ergo,
3192 1708 3415 1762 honore
3467 1707 3681 1760 saluta-

1987 1796 2159 1851 tionis
2188 1798 2468 1869 impenso,
2504 1815 2729 1853 servum
2760 1804 2925 1853 tuum
2947 1799 3015 1852 ad
3050 1798 3156 1852 hoc
3212 1796 3412 1862 direxi,
3441 1800 3505 1849 ut
3561 1795 3683 1849 ﬁlio

1990 1892 2088 1940 tuo
2119 1887 2330 1941 domno
2354 1888 2619 1958 praefecto
2652 1892 2707 1942 et
2739 1888 2843 1942 tibi
2886 1888 3179 1941 nuntiaret
3215 1887 3275 1940 in
3321 1884 3532 1940 Christi
3580 1901 3682 1937 no-

1991 1976 2168 2043 mine,
2202 1993 2293 2031 me
2324 1977 2392 2031 de
2426 1978 2753 2032 suburbano
2784 1978 2884 2031 illo
2908 1978 3251 2031 documenta
3283 1975 3540 2046 legitima
3565 1989 3686 2026 sus-

1989 2068 2225 2137 cepisse,
2274 2073 2339 2121 ut
2394 2084 2490 2121 vos
2533 2084 2662 2122 cum
2703 2068 2823 2122 filio
2899 2074 3084 2122 vestro
3136 2068 3349 2121 domno
3409 2065 3680 2135 Triggua,

1990 2157 2143 2227 quod
2163 2157 2546 2212 necessarium
2567 2156 2797 2224 videris,
2833 2172 3002 2227 agere
3031 2173 3147 2210 non
3165 2154 3397 2209 omittas
3423 2152 3573 2226 [sic].

2569 2246 2907 2301 EPISTOIA
2944 2246 3102 2300 XXII.

2513 2350 2840 2390 ENNODIUS
2889 2348 3152 2390 FAUSTO.

2058 2423 2234 2494 Spero
2264 2423 2325 2477 in
2353 2422 2630 2477 Trinitate
2660 2425 2776 2477 Deo
2803 2427 3021 2489 nostro,
3050 2439 3153 2494 per
3195 2419 3468 2492 suffragia
3518 2436 3683 2474 vene-

1986 2514 2165 2568 randa
2196 2518 2541 2581 sanctorum,
2574 2513 2725 2584 quod
2758 2529 2949 2567 servos
2980 2513 3041 2566 in
3059 2527 3401 2582 quocunque
3426 2510 3549 2565 loco
3584 2525 3684 2579 po-

1989 2602 2149 2670 sitos,
2192 2603 2684 2673 quemadmodum
2717 2602 2977 2656 munitur
3008 2600 3160 2655 oculi
3196 2600 3436 2671 pupilla,
3502 2604 3685 2652 custo-

1986 2691 2126 2759 diat,
2170 2695 2226 2743 et
2282 2692 2353 2745 ad
2402 2690 2617 2745 bonam
2670 2690 3055 2745 valetudinem
3118 2689 3353 2742 reducat
3406 2686 3681 2757 quidquid

1987 2778 2223 2833 inimica
2242 2779 2416 2850 fregit
2436 2779 2818 2849 inaequalitas.
2854 2781 2969 2849 Ego
3002 2784 3213 2841 tamen,
3246 2776 3387 2845 etlsi
3445 2791 3683 2844 corpore

1988 2885 2236 2939 nequeo,
2270 2884 2478 2940 sequor
2508 2867 2729 2921 ofﬁciis.
2779 2868 2920 2920 Nam
2970 2866 3217 2935 imperio
3277 2862 3682 2918 sollicitudinis

181 2955 347 3002 stram
380 2948 1000 3019 videaturimportuna
1058 2950 1331 3004 laudatio.
1379 2952 1570 3005 Latius
1612 2956 1739 3021 post
1787 2969 1873 3005 re-
1915 2976 1955 3027 η
1985 2956 2157 3011 verba
2182 2958 2458 3027 congessi,
2495 2957 2805 3026 deprecans
2861 2959 2926 3009 ut
2977 2970 3149 3024 quam
3205 2953 3329 3005 sani
3381 2952 3501 3005 sitis
3557 2952 3683 3004 edo-

182 3054 445 3109 sponsum
500 3038 787 3109 paginale,
843 3039 991 3109 quod
1052 3039 1330 3107 moribus,
1379 3041 1533 3111 quod
1606 3041 1874 3110 potentiae

180 3132 371 3180 vestra:
396 3126 692 3195 convenit,
724 3126 880 3180 eritis
921 3128 1137 3182 mundo
1186 3144 1409 3182 mecum
1442 3135 1749 3185 attestante
1798 3132 1875 3184 le-

181 3217 339 3269 ctuti.

784 3305 1122 3359 EPISTULA
1161 3307 1267 3360 XX.

653 3409 977 3450 ENNODIUS
1025 3411 1406 3451 MASCATORL

242 3484 305 3536 Et
330 3499 424 3537 me
456 3499 691 3553 sperare
727 3484 881 3554 quod
909 3485 1071 3555 pium
1125 3490 1230 3552 est,
1286 3490 1341 3539 et
1393 3502 1493 3539 vos
1551 3486 1712 3540 decet
1770 3503 1873 3540 an-

178 3587 363 3627 nuere.
394 3574 541 3626 Nam
562 3572 889 3643 disparibus
912 3574 1016 3627 viis
1054 3574 1121 3627 ad
1157 3591 1336 3628 unum
1383 3574 1557 3629 ﬁnem
1610 3591 1876 3629 remune-

179 3662 350 3715 rauda
390 3662 579 3716 tendit
608 3661 870 3716 intentio.
906 3663 1013 3717 Vos
1054 3663 1255 3717 solatia
1300 3663 1468 3717 rebus
1519 3664 1874 3734 impenditis,

177 3764 321 3803 ame
365 3750 531 3804 tenui
583 3750 865 3806 sermonis
921 3752 1287 3824 praestolatur
1347 3752 1637 3805 auxilium.
1693 3754 1783 3807 Sic
1815 3753 1879 3806 ﬁt

178 3844 231 3890 ut
258 3841 351 3893 cui
386 3839 672 3893 incumbit
710 3856 814 3910 per
842 3840 1015 3894 ofﬁcii
1051 3841 1575 3896 considerationem
1606 3848 1876 3911 praestare

176 3930 423 3997 potiora,
483 3928 578 3981 vix
634 3930 816 3999 possit
869 3930 1095 4001 exigua.
1158 3930 1377 3984 Reddat
1452 3930 1874 4001 ingenuitatem

177 4016 345 4071 homo
409 4017 630 4088 palatii,
696 4017 831 4088 quia
889 4019 1147 4073 Ecclesize
1198 4020 1337 4072 nihil
1374 4020 1622 4089 amplius
1670 4019 1877 4072 sufﬁcit

178 4122 341 4174 quam
377 4106 628 4175 precari.
655 4106 820 4159 Scitis
854 4108 998 4177 ’pro
1058 4107 1264 4160 ascinis
1292 4124 1325 4159 a
1377 4123 1491 4177 quo
1546 4113 1731 4161 veniat
1786 4124 1873 4160 re-

174 4195 435 4262 tributio,
469 4194 824 4263 sijuventur.
876 4195 1197 4250 Succurrite
1236 4195 1323 4249 his
1383 4212 1525 4266 quos
1578 4201 1635 4249 et
1690 4195 1876 4266 patria

174 4288 319 4337 terra
351 4283 626 4352 captivat,
672 4284 882 4353 quibus
930 4289 987 4338 et
1015 4285 1228 4337 invidia
1271 4289 1355 4339 est
1386 4300 1515 4338 cum
1548 4284 1874 4355 originariis

173 4380 223 4424 et
250 4374 515 4427 conditio
548 4374 799 4427 dolenda
831 4390 959 4427 cum
991 4374 1267 4444 profugis.
1307 4374 1574 4427 Pluribus
1597 4374 1872 4428 Christia-

174 4477 306 4515 num
342 4468 409 4515 et
438 4461 757 4530 sapientem
788 4479 903 4516 non
934 4463 1094 4517 decet
1124 4462 1443 4527 admoueri,
1477 4479 1547 4516 ne
1578 4463 1751 4533 longa
1785 4463 1878 4517 de-

240 4591 253 4623 ¹
289 4589 422 4643 Pro
440 4586 675 4657 ascinis]
710 4586 815 4651 Qui
852 4587 1063 4640 laribus
1111 4592 1168 4640 et
1213 4591 1357 4640 tecto
1384 4591 1595 4640 carent.
1650 4589 1878 4643 Ammon

174 4660 322 4711 enim
359 4660 556 4712 asceni
594 4659 753 4721 dicti,
790 4658 887 4727 qui
920 4659 1040 4711 sine
1070 4659 1455 4711 tabernaculis
1500 4658 1604 4711 sub
1664 4658 1757 4711 dio
1793 4660 1874 4711 vi-

173 4736 324 4783 vunt.
368 4731 485 4783 Hos
528 4745 663 4799 ergo
696 4730 934 4783 clientes
957 4730 1127 4783 domo
1187 4746 1286 4781 sua
1338 4730 1393 4782 vi
1444 4729 1631 4782 forsan
1671 4731 1879 4799 ejectos

177 4800 475 4854 Mascatori
497 4800 883 4866 commendat,
919 4805 983 4856 ut
1013 4803 1133 4871 ejus
1174 4817 1280 4870 ope
1312 4800 1666 4871 postliminio
1710 4801 1877 4854 resti-

174 4880 651 4997 ωξηέἑῖίίὁυίεεθ
680 4942 1045 5015 documenta]
1086 4943 1182 5015 De
1223 4942 1552 4995 suburbano
1604 4941 1880 5015 Mediola-

176 5018 361 5081 ueusi,
418 5015 576 5085 quod
622 5015 860 5068 Faustus
904 5013 1161 5068 Ennodio
1196 5018 1568 5067 concesserat.
1623 5013 1880 5082 Epistola

174 5086 553 5221 “figam
579 5157 773 5210 Certat
806 5156 929 5209 haec
958 5156 1199 5225 epistola
1231 5154 1725 5222 LiberiiIlaudibus
1748 5171 1877 5208 cum

174 5229 294 5295 ejus
314 5229 640 5296 epitaphio,
675 5227 830 5297 quod
869 5227 1020 5296 patri
1052 5228 1191 5281 olim
1223 5244 1253 5280 a
1282 5227 1417 5280 ﬁliis
1443 5226 1688 5279 Arimini
1717 5228 1880 5297 {posi-

176 5304 293 5351 tum
330 5304 423 5351 est
440 5300 526 5351 bis
550 5298 736 5351 verbis
769 5316 782 5352 :

236 5402 490 5450 Humano
524 5402 705 5464 generi
736 5402 1129 5465 legemrnatura
1156 5402 1380 5465 creatrix

296 5466 453 5512 Hanc
474 5465 637 5527 dedit.
669 5468 726 5512 ut
756 5464 947 5512 tUmuli
976 5466 1210 5513 membra
1235 5464 1439 5527 sepulta
1467 5466 1663 5527 tegant.

232 5526 443 5574 Liberii
464 5526 672 5574 soboles
700 5528 962 5588 matrique
990 5528 1230 5589 patrique
1255 5526 1520 5589 superstes

294 5589 475 5637 Triste
506 5590 858 5637 ministerium
892 5593 1066 5637 mente
1096 5589 1285 5637 dedere
1311 5590 1415 5651 pia.

233 5652 367 5699 Heic
400 5656 528 5699 sunt
556 5652 791 5701 membra
811 5651 1044 5713 quidem,
1068 5651 1159 5700 sed
1188 5651 1381 5700 famam
1404 5665 1513 5700 non
1546 5654 1691 5702 tenet
1718 5666 1873 5702 urna.

1986 3062 2133 3099 cear.
2158 3047 2295 3099 Ecce
2326 3044 2417 3098 vix
2464 3044 2584 3100 fero
2623 3045 2877 3111 brevem,
2912 3042 3170 3097 absentia
3212 3041 3385 3111 longa
3430 3039 3676 3110 fatigau-

1985 3136 2091 3189 dus
2124 3135 2259 3189 :sed
2290 3138 2553 3204 potentes
2585 3139 2719 3187 sunt
2750 3138 2807 3187 et
2836 3132 3005 3185 amici
3035 3129 3255 3196 domui,
3316 3130 3525 3201 quibus
3580 3145 3682 3181 vos

1984 3225 2178 3278 anima
2206 3228 2399 3277 sancta
2427 3222 2733 3276 commisit.
2770 3223 2884 3291 Ego
2916 3236 3220 3286 memores,
3257 3223 3319 3273 ut
3348 3218 3677 3289 depositum

1985 3318 2232 3379 servent,
2263 3312 2383 3366 sine
2413 3312 2732 3366 cessatione
2766 3309 3044 3364 convenio
3078 3326 3090 3363 :
3128 3309 3373 3363 aderunt
3420 3308 3681 3377 partibus

1986 3402 2121 3470 suis,
2158 3407 2214 3455 et
2242 3402 2397 3472 quod
2429 3401 2496 3454 ab
2529 3402 2611 3455 eis
2636 3404 2960 3470 susceptum
2995 3404 3096 3464 est,
3130 3399 3250 3451 sine
3277 3396 3682 3450 imminutione

1985 3491 2308 3543 servabunt:
2336 3489 2431 3543 His
2460 3490 2625 3555 addo,
2661 3492 2966 3559 praestante
2997 3486 3409 3557 omnipotentis
3442 3486 3541 3539 Dei
3583 3483 3683 3537 mi-

1985 3578 2309 3646 sericordia,
2353 3595 2543 3632 servos
2577 3583 2790 3631 vestros
2833 3578 2901 3631 de
2948 3576 3194 3630 Venetiis
3221 3577 3339 3645 jam
3396 3590 3681 3643 regressus

1984 3670 2006 3701 ²
2040 3667 2358 3722 exhibuisse
2402 3668 2744 3721 documenta
2786 3664 3123 3719 conﬁrmata
3166 3665 3234 3719 de
3290 3662 3533 3733 legibus,
3589 3661 3681 3715 hic

1984 3755 2474 3809 iutroductionem
2519 3756 2831 3809 solemnem
2889 3754 3044 3807 illico
3110 3753 3283 3807 fuisse
3338 3753 3677 3806 confectam.

1984 3845 2165 3898 Nunc.
2190 3847 2385 3897 utrum
2433 3843 2615 3897 amico
2668 3860 2699 3897 a
2733 3844 2894 3896 vobis
2926 3842 3037 3896 dici
3065 3842 3283 3913 aliquid
3328 3841 3551 3907 debeat,
3582 3840 3679 3892 illa

1986 3949 2099 4004 qua
2126 3933 2326 3987 soletis
2358 3933 2688 3987 maturitate
2718 3932 3016 3986 consulite.

2557 4021 2889 4076 EPISTOLA
2928 4021 3112 4075 XXIII.

2482 4122 2807 4163 ENNODIUS
2847 4112 2868 4142 ⁸
2911 4122 3192 4161 LIBERIO.

2058 4198 2263 4251 Datum
2329 4200 2414 4250 est
2449 4196 2610 4262 mihi,
2652 4196 2892 4251 cmlestis
2949 4195 3238 4249 iufusione
3287 4191 3567 4263 mysterii,
3615 4192 3682 4244 li-

1986 4286 2122 4340 bera
2155 4285 2629 4354 haberejudicia,
2662 4286 2836 4338 etiam
2877 4300 3007 4338 cum
3056 4285 3163 4337 sim
3204 4280 3497 4336 beneﬁciis
3542 4280 3683 4333 olili-

1987 4380 2169 4447 gatus.
2199 4376 2293 4429 Est
2314 4374 2465 4429 enim
2498 4374 2731 4444 superni
2780 4372 3035 4428 muneris
3086 4376 3149 4424 ut
3180 4372 3492 4441 ingenuam
3553 4384 3680 4421 scn-

1988 4466 2227 4519 teutiam
2260 4466 2406 4519 ferat
2469 4463 2766 4531 obnoxius,
2817 4479 2923 4517 nec
2973 4461 3287 4516 delectetur
3324 4458 3681 4513 immanitate

2112 4589 2241 4636 Nam
2273 4588 2433 4636 durat
2451 4587 2617 4636 titulis
2642 4586 2819 4635 nescia
2844 4585 2984 4633 fama
3000 4583 3153 4632 mori.

2050 4650 2201 4699 Rexit
2229 4650 2512 4699 Romuleos
2539 4650 2703 4697 fasces
2725 4647 3059 4697 currentibus
3093 4646 3266 4702 anuis,

2112 4712 2367 4761 Successu
2400 4711 2549 4773 parili
2577 4712 2771 4759 Gallica
2791 4711 2911 4772 jura
2937 4714 3140 4773 tenens.

2050 4776 2155 4823 Hos
2181 4789 2288 4823 nou
2316 4771 2514 4823 imbelli
2546 4775 2712 4836 pretio
2743 4771 3005 4836 mercatus
3033 4771 3283 4836 honores,

2114 4838 2214 4887 Sed
2237 4837 2407 4909 pretio
2438 4832 2609 4909 majus
2639 4832 3172 4909 detulitalma‘ﬁdes.

2050 4895 2297 4970 Ausoniis
2327 4895 2536 4970 populis
2565 4897 2787 4970 gentiles
2814 4896 2912 4968 rite
2940 4895 3184 4970 cohortes

2114 4958 2413 5023 DiSposuit:
2429 4958 2605 5007 sanxit
2632 4959 2846 5011 fcedera.
2870 4959 2992 5020 jura
3022 4958 3185 5023 dedit.

2050 5020 2266 5072 Cunctis
2297 5027 2471 5071 mente
2504 5026 2664 5082 pater.
2698 5026 2809 5069 toto
2835 5020 3153 5068 venerabilis
3170 5032 3284 5068 aevo

2110 5087 2207 5134 Ter
2231 5086 2380 5134 denis
2410 5085 2589 5132 lustris
2616 5084 2883 5147 proximus
2909 5083 3175 5131 occubuit.

2051 5149 2091 5196 Ο
2118 5152 2373 5209 quantum
2398 5147 2530 5195 bene
2566 5139 2709 5208 gesta
2737 5146 2943 5209 valent!
2976 5158 3095 5193 cum
3127 5143 3363 5192 membra
3405 5139 3677 5199 recedurt,

2111 5207 2286 5258 Nescit
2313 5210 2451 5257 fama
2479 5207 2633 5261 mori,
2655 5207 2831 5257 lucida
2850 5208 2959 5255 vita
2978 5210 3174 5255 manet.

1988 5308 2102 5360 Hoc
2125 5303 2480 5374 epitaphium
2513 5304 2764 5373 primum
2794 5303 2852 5355 iu
2888 5302 3098 5377 _lucem
3134 5298 3328 5377 edidit
3376 5297 3635 5377 Pithceus
3668 5313 3681 5350 :

1986 5381 2117 5447 post
2145 5377 2304 5429 illum
2340 5377 2634 5441 Baronius,
2682 5374 2973 5449 exemplar
3022 5375 3279 5449 nostrum
3332 5374 3680 5449 secutus,‘in

1987 5440 2100 5518 quo
2121 5450 2405 5517 superstes
2426 5463 2586 5500 versu
2620 5440 2787 5499 tertio
2814 5440 3022 5518 legitur
3050 5459 3065 5518 _:
3094 5441 3260 5518 qu_o_d_
3280 5441 3491 5494 rectius
3522 5440 3649 5493 vidq-

1987 5512 2100 5582 fur,
2130 5512 2282 5589 quod
2331 5518 2679 5589 sepulcrum,
2704 5512 3105 5589 quodieratin
3158 5512 3497 5566 Pithmano:
3551 5527 3678 5564 cum

1989 5584 2164 5644 unius
2190 5584 2414 5644 tantum
2442 5588 2651 5643 Liberii
2674 5584 2747 5641 sit
2778 5584 3157 5657 epitaphium.
