4060 6174
414 288 511 340 159
1618 286 1907 341 ENNODII
1947 285 2257 342 EPISCOPI
2294 286 2681 341 TICINENSIS
3802 290 3886 341 1ϋο

407 417 605 490 gratias
650 416 815 489 vigor
859 416 1157 475 examinis.
1216 416 1480 474 Divinum
1534 420 1640 483 est,
1685 418 1913 488 quando
1964 417 2089 471 sine
2127 424 2172 473 Α
2201 416 2432 472 tationis
2483 416 2768 485 exhibitis,
2829 416 3015 470 valere
3082 431 3175 471 me
3255 415 3479 485 nuntio,
3520 421 3579 472 et
3631 417 3701 472 de
3738 418 3885 474 vobis

407 507 774 579 corruptione
805 508 873 563 de
904 511 959 561 te
990 507 1244 579 loquitur
1287 507 1377 560 cui
1419 506 1569 560 mala
1618 505 1947 575 contuleris,
1996 522 2100 560 nec

406 597 669 669 iniquum
716 598 875 669 ponit
918 597 1132 667 aliquid
1182 596 1241 649 in
1299 596 1461 649 lance
1510 596 1763 649 veritatis
1811 596 2096 649 donorum

406 691 638 740 tuorum
668 687 872 757 opibus
903 686 1255 755 subjugatus.
1314 686 1455 738 Nam
1512 684 1611 739 ubi
1668 686 1737 739 de
1785 684 2097 755 potissimis

405 792 587 829 sermo
619 780 720 843 est,
770 781 824 829 et
854 777 915 829 in
945 790 1111 827 aures
1149 773 1355 827 mundi
1397 774 1550 828 itura
1598 774 1942 837 formantur,
1995 791 2098 844 pu-

404 865 617 919 blicum
651 864 1044 919 testimonium
1078 864 1297 933 privata
1322 864 1466 917 actio
1487 881 1587 917 cur
1613 864 1966 919 obumbret?
1996 866 2098 919 De-

403 954 510 1009 beo
543 955 778 1023 quidem
811 954 1136 1007 celsitudini
1186 958 1389 1007 vestra:
1432 954 1562 1023 plus
1595 971 1768 1025 quam
1821 954 2097 1008 universi-

403 1048 521 1108 tas;
550 1046 640 1093 θεαὶ
675 1044 806 1097 nolo
844 1043 1027 1113 majus
1061 1044 1278 1114 aliquid
1322 1060 1496 1115 quam
1541 1044 1926 1099 universitatis
1971 1061 2097 1114 pos—

402 1138 534 1184 sunt
572 1147 668 1182 ora
729 1130 1109 1200 depromere:
1160 1136 1215 1184 et
1265 1130 1585 1201 epistolaris
1629 1131 1910 1201 angustia:
1969 1131 2095 1201 lege

402 1225 723 1283 contentus,
774 1220 909 1273 satis
938 1219 1229 1274 modicum
1278 1220 1347 1273 de
1385 1220 1483 1273 illa
1516 1220 1853 1274 meritorum
1911 1236 2094 1274 messe

402 1309 661 1377 prrelibo.
715 1310 1060 1363 Felicissime
1116 1310 1438 1376 hominum,
1491 1310 1598 1363 hoc
1638 1311 1771 1364 totis
1813 1310 2094 1363 hostilitas

402 1396 609 1451 virium
644 1414 875 1452 suarum
902 1398 1117 1452 laborat
1162 1397 1492 1469 impendiis,
1545 1403 1605 1451 ut
1637 1415 1738 1469 per
1777 1403 1964 1452 totum
2003 1414 2092 1452 or-

401 1485 530 1539 bem
559 1491 619 1540 tu
652 1488 803 1540 solus
852 1487 1127 1557 dissipata
1176 1503 1506 1558 componas.
1555 1488 1941 1541 jEstimationi
1996 1504 2091 1541 re-

402 1580 595 1629 manet
622 1577 806 1647 qualis
835 1576 907 1630 sit
934 1577 1028 1630 ille
1052 1576 1139 1630 cui
1184 1576 1410 1642 milites,
1447 1577 1676 1649 quando
1725 1578 1904 1648 lapsa,
1956 1593 2089 1631 exu-

400 1668 503 1730 sta,
532 1665 774 1735 perdita,
804 1682 936 1719 cum
982 1671 1037 1719 te
1091 1666 1434 1737 aspexerint,
1467 1667 1886 1720 convalescunt.
1924 1668 1939 1700 ¹
1992 1666 2089 1720 Vix

399 1754 737 1822 pascebatur
768 1756 930 1810 Italia
959 1755 1173 1827 publici
1200 1756 1408 1810 sudore
1431 1756 1738 1826 dispendii,
1768 1755 2000 1827 quando
2028 1760 2090 1809 tu

399 1857 466 1897 ea
500 1843 621 1897 sine
669 1836 966 1899 intervallo
998 1845 1292 1916 temporis,
1343 1850 1399 1899 et
1447 1846 1517 1899 ad
1578 1862 1739 1916 spem
1782 1845 2093 1915 reparatio-

401 1931 505 2000 nis,
572 1938 627 1987 et
681 1934 751 1987 ad
840 1934 1233 2003 przebitionem
1291 1935 1649 1989 tributariam
1708 1934 2088 1989 commutasti.

401 2021 533 2075 ιωιί
561 2021 836 2093 coepimus
865 2028 919 2077 te
953 2024 1287 2077 moderante
1335 2024 1547 2078 inferre
1585 2024 1803 2078 aerariis
1851 2024 2092 2095 publicis

400 2112 553 2183 quod
585 2130 713 2167 cum
744 2113 994 2167 maximo
1035 2114 1230 2168 dolore
1271 2113 1598 2168 solebamus
1638 2113 1913 2184 accipere.
1968 2113 2092 2168 Fuit

399 2219 625 2273 semper
655 2204 887 2258 ubertas
908 2211 1103 2257 nostra
1129 2203 1479 2274 dispensatio
1515 2209 1631 2257 tua.
1677 2205 1955 2258 Juverunt
2003 2219 2093 2256 ve-

399 2292 654 2346 nerabile
682 2308 933 2363 superna
963 2292 1285 2345 consilium.
1339 2293 1481 2345 Nam
1529 2291 1675 2345 vires
1724 2292 2090 2360 vectigalium

399 2384 458 2435 tu
484 2382 572 2435 vel
599 2382 829 2435 nutristi
854 2398 959 2452 pro
992 2382 1141 2435 bono
1174 2380 1425 2451 publico,
1466 2382 1557 2434 vel
1605 2380 1826 2435 dedisti.
1877 2380 2091 2435 Culmi-

398 2469 565 2523 nibus
606 2470 874 2524 omnibus
901 2469 1222 2537 sublimior,
1275 2474 1338 2522 tu
1385 2469 1605 2540 primus
1649 2468 1828 2522 fecisti
1873 2470 2091 2539 regales

397 2559 589 2629 copias
622 2560 742 2612 sine
771 2559 920 2612 malo
948 2559 1181 2629 privatae
1214 2558 1601 2612 concussionis
1653 2558 1911 2612 afﬂuere.
1965 2557 2087 2611 Tibi

398 2653 527 2719 post
560 2649 739 2702 Deum
756 2647 1014 2715 debetur,
1048 2647 1203 2718 quod
1221 2649 1375 2718 apud
1414 2647 1879 2718 potentissimum
1910 2647 2091 2700 domi-

399 2754 536 2791 num
570 2737 862 2808 etubique
890 2737 1182 2804 victorem,
1226 2738 1409 2791 securi
1452 2737 1676 2792 divitias
1712 2739 2086 2791 confitemur:

399 2832 515 2881 tuta
558 2826 709 2880 enim
746 2831 829 2881 est
872 2826 1253 2896 subjectorum
1312 2826 1625 2896 opulentia,
1690 2831 1922 2897 quando
1973 2841 2091 2879 non

397 2915 632 2987 indiget.
664 2917 685 2950 ²
719 2916 863 2981 Quid
895 2917 1049 2986 quod
1081 2915 1208 2969 illas
1238 2916 1613 2969 innumerasa
1646 2916 1957 2970 Gothorum
1991 2932 2089 2969 ca-

396 3009 603 3073 tervas,
645 3006 734 3059 vix
798 3004 1107 3060 scientibus
1154 3004 1448 3069 Romanis,
1516 3005 1677 3075 larga
1740 3005 2090 3075 praediorum

396 3095 700 3149 collatione
731 3094 966 3150 ditasti?
1004 3094 1148 3149 nihil
1195 3095 1346 3148 enim
1406 3094 1653 3165 amplius
1701 3094 1941 3148 victores
1993 3111 2090 3148 cu-

395 3184 582 3255 piunt,
634 3188 689 3237 et
733 3184 890 3237 nulla
937 3188 1240 3237 senserunt
1287 3184 1495 3238 damna
1552 3183 1825 3254 superati.
1887 3185 2087 3250 Taceo,

396 3271 853 3328 consideratione
902 3273 1184 3343 paginalis
1250 3273 1485 3343 eloquii,
1579 3273 2000 3326 communionis
2038 3278 2093 3327 et

395 3363 925 3418 blandimentorum
956 3366 1188 3415 tuorum
1215 3363 1386 3415 mella
1430 3362 1725 3432 prmceptis
1770 3362 2091 3416 coelestibus

398 3450 680 3518 instituta,
704 3462 818 3503 non
844 3450 1034 3504 minus
1066 3452 1236 3505 rebus
1264 3451 1562 3505 nobilitata
1612 3468 1784 3523 quam
1854 3452 2041 3506 verbis
2075 3469 2087 3506 :

398 3540 719 3594 orationem
751 3556 936 3594 meam
970 3540 1119 3595 adea
1143 3558 1267 3611 qua:
1294 3541 1620 3595 eminentiae
1651 3546 1765 3595 tute
1788 3541 2089 3609 debentur,

398 3636 530 3682 vota
556 3629 880 3696 transduco,
913 3630 1047 3701 quia
1096 3646 1320 3684 mecum
1352 3628 1373 3661 ’⁸
1395 3630 1589 3686 Gallia:
1636 3630 1693 3684 in
1726 3632 1831 3684 hac
1881 3631 2093 3701 astipu-

399 3718 615 3771 latione
645 3718 1010 3783 conveniunt,
1044 3723 1128 3783 ut,
1157 3719 1381 3774 Christo
1408 3720 1522 3772 Deo
1572 3718 1696 3772 vivo
1725 3718 2089 3789 disponente,

401 3807 677 3862 ordinatis
709 3808 820 3861 illis
852 3809 1057 3879 quibus
1109 3808 1438 3862 civilitatem
1476 3811 1604 3879 post
1655 3809 1869 3861 multos
1917 3824 2095 3862 anno-

399 3913 527 3951 rum
560 3895 582 3930 ⁵
609 3897 921 3952 curriculos
952 3898 1217 3965 intulisti,
1254 3913 1399 3968 quos
1449 3903 1581 3950 ante
1616 3900 1669 3951 te
1707 3914 1822 3951 non
1856 3897 2094 3967 contigit

400 4004 665 4057 saporem
710 3988 778 4042 de
819 3989 1073 4042 Romana
1124 3988 1385 4041 libertate
1436 3991 1685 4057 gustare,
1744 3988 1814 4041 ad
1871 3988 2091 4041 Italiam

399 4082 577 4145 tuam,
610 4082 666 4131 et
689 4078 1056 4148 poscentibus
1086 4076 1269 4144 nobis,
1294 4081 1349 4129 et
1379 4076 1492 4129 illis
1524 4075 1875 4138 tenentibus,
1919 4076 2095 4129 redu—

399 4167 560 4220 caris.
592 4166 683 4221 Sic
715 4167 1011 4236 utriusque
1034 4165 1190 4219 orbis
1222 4182 1325 4235 per
1363 4170 1585 4219 sanctas
1634 4166 1881 4218 actiones
1941 4164 2093 4218 indi-

398 4271 566 4325 gena,
609 4255 990 4309 venerabilem
1037 4256 1275 4309 domum
1312 4259 1367 4308 et
1409 4259 1723 4308 summates
1768 4253 1914 4307 ﬁlios
1964 4270 2091 4306 cum

401 4344 676 4398 universis
707 4345 928 4399 Italiam
986 4344 1281 4414 possidens
1321 4343 1664 4410 videntibus,
1717 4342 1900 4396 felicis
1947 4358 2091 4412 pra:-

398 4434 589 4489 sentize
613 4437 725 4488 tuae
747 4433 878 4487 dote
896 4432 1189 4489 sublimes.
1228 4435 1341 4505 Ego
1373 4440 1586 4501 autem,
1648 4431 1890 4486 servitiis
1939 4432 2088 4485 salu-

467 4628 483 4662 ¹
525 4626 628 4681 Via:
652 4626 997 4697 pascebatur
1028 4625 1234 4698 Italia]
1270 4627 1567 4682 Pertinent
1603 4628 1725 4681 haec
1778 4626 1971 4681 omnia
2017 4626 2086 4679 ad

400 4698 705 4751 Romuleos
745 4699 920 4751 fasces
965 4699 1262 4769 epitaphii,
1292 4698 1399 4752 hoc
1441 4705 1527 4753 est
1574 4700 1643 4753 ad
1685 4699 2088 4769 przefecturam

399 4770 649 4838 praetorii
682 4770 881 4835 Italiae,
910 4786 1023 4839 qua
1052 4770 1279 4823 functus
1319 4776 1404 4824 est
1430 4771 1686 4825 Liberins
1732 4771 1933 4839 primis
1982 4785 2085 4821 an-

398 4840 484 4912 nis
505 4840 869 4912 Theoderici,
901 4857 1074 4910 quem
1102 4842 1169 4895 de
1201 4858 1268 4895 ea
1300 4841 1377 4894 sic
1408 4843 1739 4912 loquentem
1774 4841 2089 4912 facitUCaAs-

396 4910 660 4963 siodorus
694 4909 1078 4991 libtntepist.
1138 4914 1198 4964 16
1232 4909 1585 4991 εβεηιξξιῇιιδς
1627 4914 1831 4964 auctas
1872 4909 2089 4991 illatio-

396 4998 514 5048 nes,
536 4997 633 5035 vos
656 4981 857 5037 addita
882 4980 1097 5035 tributa
1124 4982 1377 5038 nescitis.
1406 4986 1499 5037 Ita
1520 4986 1820 5051 utrumque
1848 4981 1950 5033 sub
1986 4980 2086 5051 adg-

396 5052 700 5108 miratione
719 5054 1035 5124 perfectum
1069 5057 1175 5121 est,
1203 5059 1264 5106 ut
1285 5058 1339 5107 et
1358 5056 1528 5124 ﬁscus
1555 5050 1857 5117 cresceret,
1884 5054 1939 5105 et
1972 5050 2091 5123 pri-

394 5126 530 5178 vata
562 5124 791 5179 utilitas
806 5124 1021 5179 damna
1040 5141 1155 5179 non
1182 5124 1440 5178 sentiret.

406 5223 416 5230 -
468 5200 489 5231 ²
518 5196 728 5262 Schot.,
761 5197 1095 5267 imperator.

469 5272 489 5302 ³
521 5268 823 5324 Gothorum
841 5263 1127 5391 catervas}
1152 5264 1540 5336 Epitaphium,
1568 5263 2091 5389 _.4usoniis1populis

469 5338 636 5391 ntiles
666 5338 775 5391 rite
803 5338 1059 5391 cohortes
1130 5337 1388 5391 isnosuz't.
1429 5336 1794 5391 Cassrodorus
1835 5352 1847 5388 ι
1899 5336 2085 5391 idem:

393 5338 636 5409 gentiles
666 5338 775 5392 rite
803 5338 1059 5393 cohortes
1087 5336 1388 5409 disposuit.
1429 5336 1794 5409 Cassiodorus
1835 5336 2046 5409 ibidem
2074 5353 2085 5391 :

395 5407 574 5463 Juvat
584 5410 824 5479 referre,
838 5407 1315 5480 quemadmodum
1327 5408 1389 5461 in
1400 5410 1709 5463 tertiarum
1724 5407 2091 5480 deputatione

400 5478 707 5535 Gothorum
728 5478 1224 5550 Romanorumque
1240 5482 1621 5549 possessiones
1626 5480 1653 5546 j
1660 5478 1881 5532 unxerit
1894 5482 1948 5533 et
1967 5478 2091 5532 ani-

398 5568 538 5605 mos.
572 5553 730 5605 Nam
760 5568 887 5604 cum
909 5568 968 5606 se
987 5552 1243 5605 homines
1266 5551 1489 5605 soleant
1518 5551 1585 5604 de
1614 5551 1909 5605 vicinitate
1927 5550 2088 5604 colli-

398 5622 549 5687 dere,
579 5621 707 5675 istis
729 5622 1068 5691 praediorum
1085 5624 1406 5676 communio
1423 5638 1658 5676 causam
1678 5622 1930 5675 noscitur
1952 5637 2092 5691 prae-

398 5692 615 5747 stitisse
643 5692 968 5747 concordiae.
1028 5694 1276 5747 Tertiam
1326 5710 1595 5751 agrorum
1647 5698 1864 5762 partem
1896 5693 2092 5746 Gothis

2211 507 2363 578 quod
2394 512 2521 561 voto
2547 523 2674 561 meo
2709 506 3031 560 satisfacere
3062 504 3258 576 possit,
3292 512 3575 577 exspecto.

2786 595 3115 650 EPISTOLA
3154 595 3331 648 XXIV.

2737 682 3059 722 ENNODIUS
3107 681 3369 721 AVIENO.

2284 758 2432 811 Bene
2464 759 2586 810 erat
2623 754 2817 809 animo
2862 771 3011 835 meo,
3054 755 3102 808 si
3142 756 3229 809 vel
3261 755 3332 809 ad
3369 754 3737 826 scriptionem
3787 756 3885 812 fre-

2206 862 2387 914 quens
2418 846 2765 917 portitorum
2801 850 3207 915 suggereretur
3253 844 3493 912 occasio,
3533 845 3668 915 quia
3712 845 3771 899 in
3810 863 3888 900 re-

2207 936 2398 991 medio
2428 936 2693 989 desiderii
2724 936 2916 989 senior
2940 935 3301 1006 providentia
3329 952 3536 989 munus
3581 936 3891 990 litterarum

2205 1023 2574 1093 comparavit,
2612 1023 2673 1076 in
2726 1039 2840 1093 quo
2893 1023 2960 1076 ad
3042 1023 3222 1076 vicem
3277 1024 3598 1093 praesentiae
3654 1024 3887 1077 formato

2205 1112 2578 1167 mstuantibus
2604 1112 2899 1166 blanditur
2918 1112 3171 1182 alloquio
3206 1127 3219 1165 :
3280 1117 3333 1165 et
3356 1111 3487 1166 licet
3518 1113 3586 1166 de
3620 1113 3757 1184 ipsis
3805 1130 3885 1167 re-

2204 1202 2404 1256 mediis
2448 1218 2609 1256 mens
2665 1207 2940 1271 aegrescat
2993 1201 3341 1268 absentium,
3383 1206 3435 1256 et
3484 1203 3552 1256 de
3614 1203 3889 1257 medicina

2204 1292 2602 1346 sollicitudinis
2652 1294 2828 1345 cura“
2883 1291 3271 1361 geminentur,
3329 1297 3580 1346 attamen
3613 1309 3729 1346 non
3768 1299 3891 1347 sunt

2204 1382 2517 1436 deserenda
2577 1397 2706 1451 quae
2751 1381 2871 1434 sola
2924 1385 3075 1434 sunt.
3128 1382 3274 1452 Ergo
3324 1382 3543 1436 infante
3602 1382 3891 1437 Valentino

2200 1471 2439 1525 Romam
2476 1473 2726 1541 petente,
2777 1474 3057 1541 quantum
3109 1471 3214 1524 sub
3260 1471 3562 1526 celeritate
3586 1471 3771 1542 potui,
3829 1474 3891 1527 de

2200 1560 2289 1613 his
2316 1576 2445 1631 qua:
2480 1563 2643 1612 erant
2670 1559 2960 1630 loquenda
3010 1559 3292 1631 subripui,
3344 1561 3594 1615 breviter
3672 1562 3887 1630 signiti-

2202 1665 2334 1702 cans
2364 1648 2746 1703 valetudinem
2780 1648 3036 1718 corporis
3076 1650 3191 1703 mei
3231 1649 3406 1704 fuisse
3455 1651 3769 1705 turbatam.
3808 1651 3893 1705 Sa-

2129 1708 2171 1764 Β
2202 1737 2272 1790 tis
2306 1740 2388 1790 est
2419 1741 2633 1803 tamen,
2666 1736 2712 1789 si
2743 1708 2944 1790 nunt-io
2976 1738 3369 1807 prosperitatis
3414 1742 3635 1807 vestrae,
3672 1740 3809 1793 dum
3836 1739 3895 1793 ﬁt

2199 1825 2398 1879 hilaris
2430 1825 2641 1892 anima,
2676 1826 3083 1879 convalescam.
3119 1827 3358 1882 Domine
3390 1828 3487 1893 mi,
3540 1828 3894 1883 salutationis

2199 1916 2427 1979 muniis,
2477 1914 2623 1969 sicut
2667 1916 2988 1969 reverentia
3030 1921 3215 1969 vestra
3262 1919 3531 1987 postulat,
3607 1918 3893 1983 exsolutis,

2198 2020 2340 2072 rogo
2376 2009 2438 2057 ut
2460 2004 2582 2075 jam
2613 2020 2705 2057 me
2727 2004 2794 2058 de
2842 2013 3106 2058 votorum
3132 2005 3339 2059 effectu
3382 2010 3434 2059 et
3476 2006 3546 2059 de
3589 2006 3759 2059 bonis
3799 2021 3896 2058 ve—

2200 2094 2331 2149 stris
2357 2093 2677 2164 epistolaris
2702 2093 3008 2148 sublevetis
3040 2096 3502 2166 promulgatione
3526 2093 3824 2166 colloquii.

2786 2182 3116 2238 EPISTOLA
3153 2184 3303 2239 XXV.

2698 2269 3021 2309 ENNODIUS
3067 2270 3396 2309 ΑΟΝΕιιᾸς.

2272 2345 2509 2399 Gratum
2550 2342 2691 2397 mihi
2725 2348 2811 2396 est
2838 2342 2905 2395 ad
2939 2343 3397 2412 magnitudinem
3434 2345 3682 2397 vestram
3741 2342 3898 2396 litte-

2199 2448 2392 2486 rarum
2419 2448 2661 2485 munera
2689 2431 3080 2500 promulgare,
3133 2430 3268 2501 quia
3317 2437 3372 2483 et
3410 2430 3603 2500 generi
3658 2434 3715 2485 et
3760 2445 3899 2483 con-

2199 2521 2449 2575 scientiae
2483 2523 2702 2587 vestrae,
2738 2536 2850 2572 non
2882 2524 2996 2572 tam
3031 2519 3327 2573 exhibetur
3355 2520 3540 2573 honor
3561 2519 3687 2587 iste,
3724 2535 3899 2591 quam

2197 2611 2473 2665 redditur.
2507 2612 2730 2664 Iustum
2754 2614 2839 2662 est
2866 2614 2927 2662 ut
2962 2609 3216 2677 religiosi
3249 2609 3419 2663 homo
3451 2609 3732 2680 prapositi
3774 2624 3899 2663 san-

2202 2705 2351 2755 ctam
2386 2699 2619 2753 viduam
2670 2703 2726 2752 et
2774 2697 3025 2751 nobilem
3069 2703 3368 2751 veneretur
3415 2698 3721 2768 ingenuus.
3776 2700 3900 2767 Ago

2201 2790 2316 2843 Deo
2346 2805 2473 2842 meo
2505 2786 2739 2857 gratias,
2774 2786 2909 2858 quia
2926 2787 3113 2840 bonus
3141 2787 3427 2857 opinionis
3458 2793 3682 2851 vestras,
3710 2787 3781 2841 ad
3800 2803 3901 2841 nos

2196 2880 2339 2933 odor
2368 2878 2673 2931 emanavit.
2711 2878 2809 2932 Ille
2849 2893 3031 2947 usque
3063 2877 3130 2931 ad
3167 2878 3716 2932 consummationem
3772 2878 3904 2930 vitae

2199 2968 2414 3022 fructus
2456 2966 2693 3033 tribuat,
2748 2966 2846 3037 qui
2893 2966 3107 3020 bonam
3160 2967 3411 3021 radicem
3441 2968 3502 3021 in
3531 2967 3635 3021 hac
3703 2964 3902 3019 saeculi

2160 3047 2170 3063 ’
2201 3058 2630 3112 conversatione
2652 3057 2947 3127 plantavit.
3004 3058 3154 3111 Bene
3186 3056 3387 3123 fecisti,
3440 3056 3651 3111 domna
3693 3054 3906 3125 Agnel-

2198 3147 2271 3213 la,
2295 3147 2494 3200 mundi
2528 3146 2689 3200 istius
2710 3146 3108 3201 blandimenta
3128 3161 3436 3217 respuere:
3477 3150 3534 3200 et
3585 3147 3722 3201 dum
3787 3144 3904 3198 cel-

2199 3236 2345 3289 siora
2370 3236 2645 3306 sequeris,
2671 3236 2845 3289 etiam
2878 3252 3007 3306 quas
3058 3232 3367 3306 potuerunt
3406 3234 3602 3288 venire
3632 3250 3666 3287 a
3713 3232 3905 3303 legiti-

2200 3326 2307 3379 mis
2337 3324 2631 3394 remediis,
2666 3341 2782 3379 non
2809 3324 3019 3378 habere
3046 3342 3057 3378 :
3089 3324 3240 3378 scisti
3278 3340 3395 3377 non
3436 3325 3623 3378 solum
3666 3324 3906 3377 veniam

2203 3413 2609 3484 quaerere,sed
2644 3428 2931 3466 coronam.
2976 3412 3267 3465 Gaudeant
3315 3411 3383 3465 de
3436 3411 3719 3464 medicina
3772 3412 3906 3466 lan-

2200 3508 2475 3574 guentes:
2506 3518 2682 3572 prope
2718 3506 2802 3554 est
2847 3506 2909 3555 ut
2952 3499 3269 3570 proximior
3314 3499 3386 3551 sit
3425 3498 3770 3568 integritati,
3815 3498 3907 3552 cui

2200 3593 2531 3647 conceditur
2556 3596 2619 3644 ut
2648 3590 2891 3644 feliciter
2942 3589 3194 3643 dediscat
3239 3588 3551 3643 illecebras.
3596 3589 3770 3659 Ergo,
3812 3588 3910 3642 do-

2199 3683 2358 3737 mina
2380 3682 2477 3749 mi,
2504 3678 2865 3735 salutationis
2888 3680 3128 3749 gratiam
3148 3677 3767 3748 honoriﬁcentiamque
3782 3694 3911 3749 per-

2200 3770 2443 3837 solvens,
2468 3785 2608 3839 rogo
2642 3772 2707 3821 ut
2736 3784 2840 3838 pro
2875 3784 2967 3821 me
3000 3768 3182 3821 amico
3213 3772 3270 3821 et
3300 3770 3537 3837 parente
3560 3770 3656 3820 tuo
3678 3773 3911 3836 aposto—

2200 3862 2390 3915 lorum
2421 3856 2720 3913 liminibus
2762 3873 2875 3911 non
2911 3855 3135 3911 desinas
3184 3857 3527 3926 supplicare,
3566 3860 3627 3909 ut
3675 3870 3913 3909 merear

2201 3965 2425 4005 servare
2456 3948 2609 4018 quod
2641 3946 2911 4018 praedico,
2960 3950 3015 4000 et
3053 3945 3211 4018 quod
3244 3946 3304 3999 in
3343 3945 3467 4000 aliis
3518 3945 3721 3999 extollo
3783 3945 3912 4016 ipse

2201 4053 2318 4092 non
2340 4036 2656 4107 negligam.

2775 4122 3109 4178 EPISTOLA
3149 4122 3323 4175 XXVI.

2700 4210 3023 4251 ENNODIUS
3074 4207 3405 4248 MESSALﬂ.

2274 4284 2398 4341 Scio
2424 4285 2693 4356 equidem
2741 4300 2840 4338 vos
2890 4300 2992 4354 pro
3042 4281 3324 4337 desiderio
3375 4296 3502 4335 meo
3526 4280 3699 4335 fuisse
3758 4280 3913 4334 sub-

2130 4387 2172 4439 D
2204 4380 2448 4430 tractos:
2480 4375 2577 4429 sed
2618 4374 2769 4428 aliud
2822 4372 2943 4443 spei
2983 4373 3051 4427 de
3090 4371 3473 4426 sollicitudine
3520 4373 3704 4423 vestra
3748 4384 3914 4440 prae-

2199 4482 2483 4536 ceperam.
2542 4466 2682 4519 Nam
2725 4468 2781 4518 et
2833 4463 3080 4533 qualiter
3128 4462 3374 4516 domnus
3422 4461 3537 4514 Deo
3592 4462 3915 4530 praestante

2199 4623 2478 4693 assignari
2527 4622 2700 4693 jussit
2752 4622 3168 4676 Theodericus:
3248 4620 3355 4693 hoc
3410 4625 3495 4674 est
3564 4623 3913 4693 τριτημόριον

2200 4691 2350 4766 quod
2386 4696 2502 4747 suis
2534 4691 2722 4766 antea
2747 4694 2982 4766 largitus
3008 4693 3212 4766 fuerat
3256 4691 3532 4760 Odoacer,
3588 4691 3649 4745 ut
3703 4691 3918 4745 auCtor

2199 4764 2284 4819 est
2312 4766 2617 4834 Procopius
2647 4764 2809 4818 initio
2835 4764 2973 4818 belli
2994 4764 3233 4819 Gothici.

2269 4832 2963 4905 “GalliaalPra-fecturam
3024 4836 3197 4889 etiam
3265 4832 3522 4905 praetorii
3584 4833 3916 4889 Galliarum

2199 4908 2373 4976 gessit
2403 4914 2457 4961 et
2491 4909 2594 4959 sub
2626 4908 2799 4961 tinem
2855 4907 3017 4977 regni
3060 4906 3417 4971 Theoderici,
3446 4905 3551 4959 sub
3583 4908 3715 4977 ejus
3766 4921 3917 4959 suc-

2200 4995 2419 5031 cessore
2454 4979 2776 5031 Athalarico
2813 4994 2825 5032 :
2861 4976 3024 5047 cujus
3070 4984 3248 5031 exstat
3295 4977 3445 5048 apud
3490 4976 3913 5048 Cassiodorum

2198 5049 2442 5118 epistola
2468 5049 2536 5102 ad
2561 5049 2843 5101 Liberium
2870 5050 2972 5103 PP.
3004 5048 3315 5103 Galliarum
3337 5047 3450 5102 lib.
3500 5065 3617 5102 vui.
3662 5047 3823 5114 Var.,
3855 5050 3913 5101 6.

2198 5121 2405 5173 Verum
2455 5121 2601 5173 hanc
2652 5120 2941 5173 Ennodius
2970 5135 3085 5172 non
3142 5118 3297 5171 vidit.
3347 5119 3534 5182 Quare
3604 5134 3731 5188 quas
3796 5118 3919 5171 hoc

2199 5191 2322 5245 loco
2345 5197 2759 5245 commemorat
2807 5192 2875 5244 ad
2928 5188 3225 5258 superiora
3268 5194 3532 5259 tempora
3578 5188 3915 5258 pertinent,

2198 5278 2327 5315 cum
2360 5263 2611 5333 primum
2645 5262 2929 5333 inGallia
2956 5262 3188 5333 missus
3217 5264 3300 5313 est
3332 5276 3345 5314 :
3412 5262 3469 5314 in
3501 5277 3613 5329 qua
3669 5261 3915 5333 perdiu,

2199 5350 2304 5387 nec
2336 5331 2447 5389 una
2478 5338 2700 5386 tantum
2720 5332 2778 5385 in
2813 5331 3310 5385 administratione
3336 5338 3593 5385 versatus
3619 5338 3721 5384 est.
3751 5332 3915 5385 Nam

2200 5405 2474 5458 militares
2495 5404 2667 5457 etiam
2700 5404 2889 5472 copias
2912 5403 3072 5455 duxit
3109 5418 3121 5456 :
3164 5408 3225 5456 ut
3264 5408 3459 5457 auctor
3500 5405 3585 5459 est
3650 5403 3920 5458 Jornan-

2200 5475 2297 5530 des
2330 5476 2387 5527 in
2430 5476 2597 5527 rebus
2629 5475 2852 5527 Geticis.

2271 5545 2292 5579 ³
2325 5548 2484 5599 Forte
2515 5543 2777 5598 circulos.

2271 5620 2291 5653 ⁸
2320 5617 2532 5683 Schot.,
2554 5614 2893 5687 geminetur.
