4060 6174
176 296 249 350 161
514 350 525 355 ι
1529 298 2012 355 EPISTOLARUM
2054 298 2177 352 LIB.
2224 300 2312 353 IX.

3559 298 3659 351 162

170 427 505 495 valedixerit,
542 435 599 483 et
623 427 721 500 qui
750 427 913 482 vobis
959 427 1179 482 itineris
1220 429 1361 482 ordo
1401 427 1595 497 fuerit,
1643 431 1691 484 si
1739 430 1854 485 mei
1895 436 1939 488 A
1970 430 2110 484 Nam
2142 444 2369 501 semper
2388 427 2708 483 remedium
2729 427 2941 482 oblivio
2956 427 3168 483 doloris
3199 432 3312 497 est;
3346 430 3484 501 quia
3502 431 3655 502 quod

170 534 381 573 memor
417 534 591 584 esses,
626 533 989 587 agnoveram.
1013 517 1119 571 Sed
1155 519 1291 588 quid
1315 518 1480 585 facio,
1516 521 1616 591 qui
1666 520 1858 591 negli-

170 608 410 679 gentiam
435 611 702 672 vestram,
742 623 844 659 nec
875 608 1233 677 suggerendo
1265 608 1510 662 formam
1542 609 1858 663 affectionis

172 697 476 767 expugno?
514 696 665 766 Ergo
689 697 735 749 si
767 702 841 759 te,
894 696 1114 750 Christo
1148 698 1263 751 Deo
1312 703 1509 751 nostro
1547 700 1853 767 tribuente,

171 803 282 857 spes
324 784 607 855 nuptialis
637 784 933 853 afﬂaverit,
969 786 1213 839 Ennodii
1247 787 1586 841 memoriam
1619 805 1732 841 non
1769 789 1855 843 fu-

171 875 350 943 gabis:
406 874 644 945 quando
688 875 844 927 nulla
888 874 966 927 sic
1010 875 1179 929 cessit
1222 875 1407 946 major
1445 876 1759 946 diligentia,
1804 882 1859 931 et

170 966 278 1036 pius
312 980 482 1018 amor
517 963 777 1018 exclusus
807 968 909 1031 est,
944 968 1166 1018 tantum
1198 970 1476 1035 a‘pectore
1507 968 1646 1036 tuo,§
1676 984 1857 1038 quan-

169 1062 273 1109 tum
304 1053 380 1107 ab
414 1054 597 1108 oculis
632 1054 1033 1108 submovebor.
1055 1054 1239 1109 Sanus
1269 1059 1406 1123 esto,
1440 1056 1594 1110 salva
1622 1057 1737 1110 vita
1761 1073 1859 1127 pa-

169 1144 253 1196 tris
281 1148 339 1195 et
369 1142 569 1196 fratris
598 1142 702 1208 tui,
760 1143 907 1196 Deus
952 1143 1112 1197 vobis
1160 1143 1513 1199 benefaciat:
1545 1148 1859 1215 agnoscant

168 1232 299 1303 quod
336 1237 537 1302 pascat
567 1231 849 1298 auditum,
886 1232 1052 1302 quale
1077 1232 1247 1285 vultis
1276 1233 1424 1287 circa
1454 1250 1545 1288 me
1594 1235 1855 1289 exhibete

167 1322 541 1391 propositum.
582 1321 771 1375 Unum
803 1326 856 1374 te
882 1337 1044 1392 rogo,
1070 1322 1291 1376 honore
1313 1323 1668 1377 salutationis
1689 1325 1855 1378 exhi-

169 1410 289 1476 bito,
316 1414 383 1463 ut
413 1410 566 1480 apud
598 1410 839 1463 domuos
870 1412 1159 1481 apostolos
1183 1428 1284 1482 pro
1317 1428 1405 1465 me
1438 1413 1693 1483 digneris
1722 1430 1853 1484 pre-

164 1515 239 1552 ces
264 1499 517 1565 offerre;
554 1503 619 1551 ut
666 1499 775 1568 ipsi
808 1499 1064 1553 miserias
1096 1516 1252 1553 meas
1293 1500 1714 1556 mediciualiter
1749 1520 1853 1555 cu-

163 1593 293 1655 rent,
342 1603 452 1641 nec
495 1588 791 1658 patiantur
826 1604 917 1641 me
958 1588 1272 1659 quidquam
1321 1590 1465 1644 velle
1515 1591 1669 1660 quod
1738 1608 1853 1645 non

163 1677 299 1730 decet
335 1694 347 1731 :
384 1678 669 1747 castigent
712 1679 1193 1748 praesumptiones
1234 1678 1440 1732 mentis
1481 1683 1535 1731 et
1573 1680 1848 1748 corporis,

163 1766 304 1829 Quod
335 1766 379 1818 si
411 1768 607 1833 facias,
644 1767 814 1820 credo
848 1783 951 1836 pro
991 1768 1321 1822 innocentia
1343 1772 1397 1821 et
1442 1768 1692 1838 puritate
1756 1774 1855 1823 tua

166 1860 210 1905 te
235 1854 444 1907 melius
469 1871 575 1925 pro
606 1870 720 1923 me,
750 1870 923 1925 quam
951 1854 996 1907 si
1027 1870 1207 1908 essem
1239 1871 1428 1909 coram
1460 1856 1700 1926 positus,
1752 1872 1851 1909 au-

165 1942 424 1997 diendum
437 1984 451 1996 .

718 2032 1049 2088 EPISTULA
1089 2034 1301 2088 XXVII.

416 2137 750 2177 nummus
798 2123 811 2156 ¹
859 2138 1230 2177 1111111111Νο
1279 2138 1603 2179 EPISCOPO.

219 2210 404 2265 Debeo
441 2210 714 2282 equidem
740 2211 928 2265 dolori
956 2228 1082 2265 meo
1112 2229 1328 2278 vocem,
1362 2214 1455 2267 sed
1515 2212 1851 2268 reverentia

160 2301 620 2355 taciturnitatem.
663 2302 727 2355 Et
779 2300 925 2355 forte
960 2301 1164 2356 melius
1220 2319 1504 2357 moeroren
1556 2304 1625 2357 de
1673 2304 1853 2357 absti-

157 2392 334 2444 nentia
347 2391 640 2444 sermonis
660 2390 830 2444 vestri
854 2396 1189 2462 sequeretur
1206 2458 1211 2459 ί
1227 2397 1387 2445 muta
1433 2391 1849 2446 dissimulatio:

158 2480 429 2534 urbanum
482 2481 637 2534 enim
672 2484 727 2533 et
782 2481 987 2535 subtile
1020 2486 1139 2535 erat
1169 2486 1233 2535 ut
1270 2482 1486 2535 eisdem
1519 2481 1685 2535 lineis
1724 2482 1850 2553 qui-

157 2569 249 2623 bus
279 2572 338 2623 in
393 2586 489 2622 me
531 2570 888 2641 delinquitur
932 2571 1223 2641 potiorum
1273 2570 1480 2624 delicta
1520 2570 1849 2637 ferirentur,

158 2664 212 2711 ut
239 2674 432 2711 secum
468 2657 707 2711 haberet
744 2658 914 2728 culpa
954 2658 1287 2713 vindictam.
1331 2659 1437 2713 Sed
1472 2676 1585 2730 quo
1617 2676 1707 2712 me
1732 2676 1853 2713 ver-

159 2753 258 2800 tam
282 2748 384 2818 qui
417 2749 829 2801 immemorem
863 2747 993 2815 mei,
1022 2752 1078 2801 et
1114 2748 1424 2803 humilium
1449 2749 1713 2803 notitiam
1756 2765 1854 2802 re-

158 2843 473 2905 spuentem,
528 2837 847 2907 pertinacia
891 2837 1101 2890 amoris
1159 2838 1386 2909 insequi
1441 2854 1557 2892 non
1597 2838 1847 2892 desisto?

155 2926 411 2997 Nunquid
446 2942 569 2979 non
611 2926 895 2996 repudiati
926 2926 1331 2996 importunitas
1364 2932 1546 2981 mater
1594 2927 1851 2982 horroris

156 3019 248 3075 est,
275 3031 405 3068 cum
442 3015 711 3085 placendi
734 3031 836 3086 per
863 3015 1253 3069 assiduitatem
1286 3016 1637 3071 desiderium
1666 3021 1847 3070 mate-

152 3104 285 3157 riam
317 3105 506 3176 exigit
536 3104 919 3174 displicendi?
956 3106 1095 3158 Nam
1123 3105 1403 3176 quidquid
1447 3111 1639 3160 mente
1691 3105 1848 3176 fugi—

154 3208 286 3261 mus,
320 3195 623 3264 ingestum
652 3194 831 3247 oculis
862 3194 947 3247 vix
992 3194 1273 3248 videmus.
1315 3195 1356 3248 0
1390 3195 1435 3248 si
1484 3196 1624 3249 mihi
1654 3194 1851 3249 liceret

152 3283 323 3337 adhuc
355 3282 571 3355 aequali
605 3299 736 3336 cum
763 3283 1119 3337 beatitudine
1152 3288 1252 3337 tua
1274 3289 1425 3337 sorte
1468 3282 1846 3338 contendere!

154 3373 235 3425 sed
268 3374 577 3426 dormiunt
604 3373 756 3443 apud
789 3388 1058 3426 coronam
1094 3377 1250 3426 tuam
1269 3372 1716 3444 propinquitatis
1739 3374 1852 3443 pri-

150 3462 366 3532 vilegia,
392 3469 710 3535 postquam
744 3468 907 3534 pater
940 3479 1060 3517 esse
1097 3463 1374 3517 meruisti.
1429 3463 1657 3518 Retinet
1699 3463 1851 3535 quis-

152 3568 312 3621 quam
345 3554 659 3607 hominum
691 3552 878 3623 perire
906 3553 1021 3606 suis
1048 3553 1177 3622 jura
1197 3552 1631 3607 necessitudinis
1664 3554 1849 3606 incre-

152 3644 377 3707 mentis,
415 3648 475 3696 et
531 3643 855 3695 accessione
906 3643 1017 3712 piae
1077 3642 1396 3713 dignitatis,
1430 3647 1488 3695 et
1534 3642 1761 3712 generis
1796 3645 1852 3695 et

152 3730 459 3801 diligentiae
500 3732 688 3785 vincla
744 3731 1011 3785 dissolvi?
1065 3732 1211 3801 Ergo
1260 3731 1450 3785 decuit
1499 3730 1849 3785 evectionem

153 3821 333 3875 meriti
366 3822 545 3875 vestri
574 3820 831 3874 instabili
862 3821 1004 3874 mihi
1037 3837 1157 3875 esse
1197 3826 1443 3891 rumore,
1471 3824 1848 3891 compertam,

152 3916 199 3963 et
230 3912 298 3965 de
340 3910 762 3965 communibus
794 3911 1016 3981 gaudiis
1046 3911 1233 3965 adhuc
1283 3911 1534 3981 pendere
1582 3910 1851 3979 opinione

150 4001 537 4055 contentum?
564 4001 787 4053 Electus
817 4017 941 4053 sum
983 4001 1072 4053 cui
1127 4000 1344 4054 bonum
1388 4000 1653 4071 generale
1702 4003 1852 4053 tace-

146 4094 316 4159 retur,
350 4096 445 4161 ,ut
496 4106 621 4144 rem
677 4089 836 4143 aurei
884 4089 1078 4143 saeculi
1138 4090 1291 4144 solus
1332 4106 1436 4161 pro
1490 4089 1853 4143 conscientia:

148 4194 279 4233 mem
336 4179 695 4233 obscuritate
735 4179 1039 4232 nescirem.
1102 4178 1320 4232 Nobilis
1367 4179 1483 4232 vita
1527 4183 1582 4232 et
1642 4193 1852 4248 genere

145 4269 361 4338 apicem
417 4268 785 4323 ecclesiastici
836 4267 1074 4322 honoris
1126 4267 1397 4335 ascendit,
1452 4272 1509 4322 et
1568 4283 1658 4320 me
1692 4266 1855 4321 dedi-

147 4365 353 4426 gnatur
394 4358 676 4428 alloquio.
711 4357 852 4410 Vere
879 4358 990 4410 tale
1022 4356 1269 4425 factum,
1291 4362 1390 4410 aut
1412 4357 1600 4411 studio
1623 4361 1722 4410 aut
1750 4373 1856 4410 ne-

146 4448 431 4519 gligentia
460 4447 740 4515 evenerit,
775 4463 890 4500 non
922 4447 1218 4518 probatur.
1265 4447 1383 4517 Ego
1424 4452 1618 4501 tamen
1669 4445 1852 4500 servi-

149 4538 219 4589 tia
286 4535 665 4591 salutationis
734 4536 1029 4607 impendo,
1091 4540 1147 4591 et
1204 4536 1399 4589 Italica
1464 4535 1849 4606 simplicitate,

146 4628 289 4682 unde
324 4626 635 4681 tristitiam
657 4625 983 4694 habuerim,
1007 4626 1130 4680 sine
1156 4625 1612 4680 dissimulatione
1660 4624 1851 4679 mani-

147 4716 300 4773 testo.

699 4804 1032 4861 EPISTOLA
1078 4803 1308 4858 XXVIII.

694 4909 1019 4949 ENNODIUS
1067 4908 1322 4949 AGAPIO.

213 4987 455 5041 Duriter
494 4984 753 5039 ofﬁcium
798 4983 1094 5053 gestientis
1152 4981 1331 5035 animi
1385 4980 1455 5035 ad
1510 4979 1851 5035 memoriam

144 5076 397 5130 tristium
432 5091 601 5129 mens
661 5072 1058 5127 recordatione
1134 5070 1484 5125 stimulanda
1546 5071 1847 5125 revocavit.

208 5240 226 5274 ¹
257 5234 594 5291 Aureliano
621 5229 927 5304 episcopo]
979 5232 1154 5301 Cujus
1212 5230 1513 5304 cathedrae,
1547 5229 1691 5304 libri
1733 5246 1850 5284 non

142 5309 422 5363 indicant.
465 5309 611 5362 Cave
644 5301 1250 5375 putes—Arelatensem.
1286 5302 1427 5375 Nam
1462 5301 1561 5372 qui
1594 5303 1699 5375 hoc
1746 5317 1849 5355 no-

140 5384 294 5435 mine
329 5372 769 5450 episcopus'fuit
800 5375 1030 5450 Arelati,
1067 5376 1134 5427 30
1175 5380 1237 5450 ut
1278 5373 1467 5450 minus
1501 5372 1665 5450 annis
1722 5377 1851 5442 post

141 5444 399 5506 Ennodii
427 5444 653 5505 obitum
695 5463 820 5500 eam
853 5447 1043 5501 sedem
1093 5444 1327 5499 sortitus
1380 5449 1481 5497 est.
1547 5445 1661 5496 Hoc
1714 5458 1848 5496 vero

142 5529 409 5594 tempore
445 5519 796 5576 Arelatensis
827 5516 1092 5594 anstistes
1126 5522 1250 5594 erat
1277 5514 1575 5570 Caesarius.
1608 5514 1730 5594 Non
1749 5514 1849 5594 ab-

139 5585 378 5649 nuerim
416 5598 637 5657 tamen,
674 5606 879 5645 novam
943 5590 1098 5644 hunc
1165 5589 1560 5657 cujuscunque
1583 5585 1847 5657 civitatis

140 5668 487 5736 episcopum
539 5656 920 5736 Aurelianum
1003 5656 1384 5736 illumv’ideri
1439 5656 1847 5736 presbyterum

138 5728 568 5804 Xrelaténsem,
602 5734 674 5789 ad
702 5748 877 5806 quem
909 5731 1202 5803 rescripsit
1235 5729 1402 5801 epist.
1436 5732 1502 5783 35
1524 5728 1624 5784 lib.
1657 5738 1772 5783 vm.

1974 520 2191 573 ratione
2224 534 2338 573 non
2360 534 2688 588 possumus,
2722 521 3045 587 temporum
3078 518 3401 589 prolixitate
3456 521 3656 590 sepeli-

1971 624 2117 662 mus.
2155 610 2301 663 Bene
2331 613 2431 675 est,
2463 608 2597 678 quia
2627 608 3000 661 diuturnitate
3030 608 3271 661 senescit
3310 608 3562 676 afﬂictio,
3605 616 3661 663 et

1972 698 2166 767 magni
2199 698 2409 751 doloris
2454 697 2769 750 consolatio
2822 712 2925 766 per
2962 697 3251 750 silentium
3295 702 3656 767 procuratur.

1969 788 2108 841 Nam
2140 787 2195 840 in
2245 787 2577 857 hujusmodi
2624 785 2871 856 negotiis
2920 786 3047 855 plus
3077 786 3266 857 agitur
3294 788 3377 841 nil
3412 788 3655 858 agendo.

1968 876 2074 929 Sed
2108 876 2243 947 quid
2277 876 2440 941 facio,
2475 876 2611 946 quia
2651 874 2905 945 epistolae
2948 874 3112 928 lectio
3150 876 3268 945 jam
3308 876 3553 930 obducta
3582 877 3657 931 ci-

1968 966 2190 1019 catricis
2248 964 2563 1036 penetralia
2599 964 2892 1033 rescindit,
2935 969 2991 1017 et
3027 966 3307 1035 sepultam
3364 966 3661 1021 immaturi

1966 1055 2186 1108 funeris
2216 1054 2675 1108 recordationem
2726 1070 2921 1107 amara
2966 1060 3115 1109 sorte
3176 1055 3457 1109 viviﬁcat?
3514 1057 3659 1126 Ergo

1967 1159 2074 1214 ego
2117 1143 2409 1198 communi
2461 1143 2624 1197 fratri
2663 1144 3113 1198 consolationem
3146 1144 3301 1215 [dare
3375 1150 3657 1215 poteram,

1967 1249 2097 1287 cum
2129 1234 2176 1286 si
2206 1233 2343 1304 quid
2377 1232 2751 1287 humanitatis
2773 1232 2832 1286 in
2856 1248 2947 1287 me
2979 1248 3101 1288 esse
3126 1234 3401 1300 creditur,
3435 1233 3515 1287 sic
3550 1234 3658 1287 do-

1966 1322 2145 1376 lerem
2171 1322 2198 1377 ?
2227 1327 2327 1375 aut
2355 1338 2611 1393 unquam
2668 1323 2812 1376 ﬂens
2850 1323 3067 1393 placuit
3112 1322 3477 1377 "consolator?
3522 1339 3657 1393 ergo

1969 1413 2327 1480 exspectatur
2396 1411 2680 1465 medicina
2757 1411 2825 1465 de
2875 1410 3187 1464 morbidis?
3241 1411 3363 1464 Non
3411 1411 3480 1465 de
3546 1427 3655 1479 me,

1967 1500 2177 1554 domne
2194 1500 2399 1571 Agapi,
2431 1500 2575 1555 bene
2600 1500 2841 1571 judicas,
2875 1501 2921 1553 si
2949 1504 3003 1554 et
3034 1499 3376 1570 inlgermani
3406 1499 3487 1553 tui
3518 1516 3656 1553 moe-

1966 1589 2214 1657 roribus,
2266 1594 2322 1643 et
2362 1590 2421 1642 in
2473 1590 2631 1644 obitu
2686 1589 2995 1659 spiritualis
3030 1588 3155 1653 lilii,
3189 1606 3295 1659 ego
3338 1588 3499 1659 quasi
3534 1588 3659 1659 opi-

1964 1678 2127 1732 nioni
2159 1684 2271 1733 tuae
2305 1679 2629 1749 disputator
2669 1696 2926 1733 occurro.
2958 1678 3105 1732 Sana
3142 1684 3374 1748 pectora
3419 1678 3529 1732 iter
3569 1695 3661 1732 cu-

1964 1768 2202 1821 rationis
2233 1768 2557 1837 im'eniunt,
2601 1784 2771 1821 nemo
2816 1769 3059 1821 alterum
3098 1768 3251 1821 unde
3291 1766 3412 1838 ipse
3443 1767 3657 1822 laborat

1962 1857 2223 1911 absolvit.
2261 1857 2367 1912 Sed
2391 1857 2524 1912 hinc
2558 1857 2733 1911 alias:
2788 1862 2992 1927 potens
3026 1861 3109 1911 est
3153 1858 3322 1925 Deus,
3364 1856 3461 1928 qui
3505 1858 3658 1910 solus

1960 1946 2031 2000 ad
2064 1946 2173 2000 ista
2202 1947 2349 2001 valet
2379 1962 2675 2001 occurrere
2711 1950 2768 2000 et
2815 1946 3136 2001 communis
3178 1946 3316 2000 mali
3364 1947 3657 2001 sublevare

1962 2052 2312 2106 pressuram.
2347 2037 2456 2090 Vos
2489 2041 2681 2091 tamen
2722 2036 3057 2090 honoriﬁca:
3100 2036 3255 2089 cultu
3300 2034 3658 2089 salutationis

1960 2126 2319 2195 impertiens,
2356 2142 2518 2197 rogo,
2554 2131 2618 2180 ut
2643 2127 2843 2180 crebro
2867 2126 3010 2179 mihi
3032 2125 3352 2196 epistolaris
3383 2141 3660 2179 commer—

1961 2214 2033 2267 cii
2083 2231 2323 2269 munera
2374 2216 2693 2282 conferatis,
2744 2216 2815 2269 ad
2861 2232 2988 2286 qua:
3036 2214 3224 2269 studia
3254 2215 3501 2287 pigrum:
3536 2231 3657 2269 esse

1962 2319 2065 2357 nec
2087 2309 2373 2359 amantem
2406 2305 2690 2371 convenit,
2708 2320 2810 2358 nec
2839 2304 3172 2358 facundum.

2548 2431 2874 2486 EPISTOLA
2914 2431 3083 2484 XXIX.

2478 2553 2805 2593 ENNODIUS
2852 2551 3138 2591 LIBERIO.

2032 2662 2089 2716 Si
2114 2665 2419 2732 poetarum
2452 2662 2684 2733 spiritus
2716 2662 3020 2732 disciplina
3058 2659 3342 2732 paginalis
3387 2659 3649 2715 admitte-

1962 2755 2070 2819 ret,
2123 2756 2363 2804 centena
2418 2767 2537 2819 ora,
2599 2755 2653 2803 et
2708 2767 2812 2804 vox
2852 2751 3034 2805 ferrea
3094 2751 3182 2803 vix
3227 2749 3383 2820 quod
3423 2750 3650 2804 celsitu-

1963 2840 2085 2894 dini
2113 2845 2313 2893 vestrm
2355 2857 2387 2893 a
2418 2856 2508 2893 me
2552 2840 2793 2893 debetur
2838 2838 3151 2893 verborum
3195 2838 3452 2893 ubertate
3508 2854 3655 2892 rese-

1966 2933 2140 2983 raret.
2173 2928 2281 2983 Sed
2314 2929 2450 3000 quia
2483 2930 2708 2999 magnis
2739 2927 3019 2982 obnoxius
3044 2929 3131 2981 vix
3167 2928 3237 2981 ad
3274 2943 3456 2997 pauca
3501 2927 3652 2981 sufﬁ-

1959 3017 2067 3083 cio,
2102 3017 2327 3087 providi
2383 3022 2513 3087 post
2568 3017 2661 3069 Dei
2712 3016 3162 3070 misericordiam
3202 3020 3402 3069 vestrae
3452 3016 3650 3086 gratia:

1958 3122 2347 3176 repensorem.
2402 3106 2543 3159 Nam
2601 3106 2776 3159 frater
2840 3110 3026 3159 vester
3081 3104 3324 3158 domnus
3390 3104 3649 3174 Faustus,

1960 3196 2097 3249 dum
2120 3196 2327 3249 debere
2357 3211 2413 3249 se
2442 3194 2785 3249 beneﬁcium
2828 3194 2983 3264 quod
3023 3194 3165 3247 mihi
3216 3193 3490 3249 tribuistis
3537 3194 3651 3248 elo-

1960 3286 2174 3355 quitur,
2202 3284 2273 3338 ab
2318 3284 2622 3337 imbecillis
2668 3283 2982 3338 cervicibus
3022 3282 3208 3354 gravis
3242 3283 3433 3337 oneris
3479 3283 3650 3337 sarci-

1958 3390 2059 3428 nas
2091 3373 2383 3428 amolitur.
2408 3373 2551 3427 Sunt
2580 3373 2730 3427 inter
2762 3373 2906 3427 duos
2936 3372 3237 3442 praecelsos
3276 3372 3384 3426 ista
3401 3389 3653 3427 commu-

1955 3464 2055 3518 nia
2083 3480 2096 3517 :
2138 3480 2237 3517 vos
2259 3462 2418 3517 vobis
2449 3468 2505 3517 et
2531 3463 2666 3517 dare
2698 3462 2872 3534 digna
2904 3462 3103 3529 nostis,
3137 3466 3193 3516 et
3234 3462 3511 3531 reddere;
3560 3479 3652 3517 me

1959 3553 2062 3606 sub
2084 3553 2234 3606 fasce
2264 3553 2437 3605 vestri
2470 3551 2723 3606 muneris
2763 3552 3143 3605 constitutum
3182 3551 3301 3605 sola
3352 3558 3543 3609 manet
3583 3554 3652 3608 de

1960 3642 2321 3696 obnoxietate
2373 3642 2676 3708 confessio,
2718 3641 2855 3695 dum
2904 3645 3262 3711 praeventum
3320 3642 3654 3713 gratiaﬁve-

1962 3736 2093 3784 strae
2124 3732 2277 3784 mole
2306 3730 2459 3801 quod
2489 3730 2598 3785 voti
2626 3734 2954 3801 compotem
2990 3730 3142 3799 fecit,
3202 3731 3312 3785 hoc
3350 3730 3652 3802 imparem.

1960 3820 2175 3874 Adsum
2207 3824 2402 3873 tamen
2415 3818 2675 3890 partibus
2704 3819 2870 3885 meis,
2890 3824 2948 3873 et
2969 3819 3122 3873 inter
3144 3820 3658 3890 orandum,quam-

1959 3910 2043 3963 vis
2076 3913 2357 3979 peccator,
2391 3910 2591 3976 Deum,
2626 3912 2687 3962 ut
2717 3925 2820 3979 pro
2851 3924 2943 3963 me
2975 3924 3204 3979 quoque
3236 3908 3396 3963 vobis
3436 3910 3654 3977 reddat,

1959 3998 2230 4069 imploro.
2268 3998 2401 4051 Ecce
2434 3998 2669 4051 duoista
2685 3996 2976 4051 sufﬁciunt
3011 4012 3023 4050 :
3058 4012 3191 4050 nam
3220 3997 3356 4051 etde
3382 3999 3523 4052 cmlo
3552 4015 3657 4068 pro

1960 4105 2054 4142 me
2086 4086 2427 4156 exspectatis
2475 4086 2625 4156 quod
2688 4102 2786 4139 vos
2832 4085 3158 4140 exhibuisse
3192 4086 3567 4141 meministis:
3603 4093 3661 4143 et

1962 4182 2047 4233 est
2078 4175 2339 4247 aequalis,
2369 4175 2547 4245 quise
2578 4174 2786 4229 debere
2833 4175 3077 4229 fateatur
3123 4175 3181 4229 in
3222 4176 3407 4229 terris.
3455 4177 3660 4247 Exspe-

1961 4272 2053 4321 cto
2085 4270 2280 4319 tamen
2338 4263 2603 4317 beneﬁcii
2634 4264 2804 4317 vestri
2849 4265 3110 4318 celeriter
3168 4266 3655 4335 supplementum,

1965 4359 2030 4409 ut
2058 4354 2297 4419 litteras,
2321 4353 2516 4423 quales
2547 4368 2649 4423 per
2661 4353 2967 4407 sublimem
2986 4353 3173 4407 virum
3198 4354 3659 4424 Tranquillinum

1890 4443 1931 4495 D
1963 4460 2089 4499 sum
2120 4449 2403 4515 precatus,
2427 4443 2723 4515 accipiam.
2759 4443 2851 4497 His
2876 4448 3068 4497 tamen
3099 4442 3272 4496 aliam
3301 4443 3460 4496 vobis
3490 4444 3659 4497 mise-

1962 4533 2293 4588 rendiviam
2321 4534 2467 4588 bene
2491 4549 2716 4588 morum
2740 4532 3333 4587 vestrorumconscius
3355 4532 3656 4590 exhibebo.

1964 4622 2202 4677 Camilla
2231 4639 2439 4695 parens
2469 4640 2600 4678 mea
2629 4623 2781 4677 intra
2798 4621 3022 4690 Gallias,
3048 4626 3104 4676 et
3143 4621 3431 4676 viduitatis
3481 4622 3661 4677 mise-

1963 4711 2049 4765 ria
2101 4716 2157 4767 et
2224 4714 2470 4783 geminae
2516 4714 2636 4784 jam
2705 4712 3049 4783 captivitatis
3083 4712 3447 4766 succubuisse
3480 4712 3661 4767 fertur

1960 4800 2357 4857 incommodis.
2406 4804 2585 4855 Nemo
2631 4806 2715 4856 est
2754 4802 2853 4873 qui
2900 4805 3019 4856 tam
3072 4803 3419 4873 multiplices
3464 4819 3657 4857 neces-

1963 4891 2158 4945 sitates
2190 4896 2399 4963 praeter
2437 4892 2836 4945 celsitudinem
2866 4896 3119 4947 vestram
3160 4892 3339 4963 possit
3376 4897 3654 4960 avertere,

1961 4981 2191 5051 generis
2221 4981 2329 5034 mei
2365 4986 2640 5051 patronus
2671 4981 2823 5050 quod
2874 4980 2936 5034 in
2986 4982 3147 5035 Italia
3196 4982 3396 5051 positis
3444 4982 3661 5052 praesti-

1960 5070 2048 5139 tit,
2080 5086 2196 5125 non
2232 5075 2405 5141 neget
2423 5069 2482 5123 in
2512 5069 2711 5136 Gallia,
2744 5068 2841 5123 ut’
2870 5069 2938 5123 de
2972 5070 3254 5125 casellulis
3308 5070 3509 5140 ipsius,
3564 5086 3658 5123 or-

2030 5230 2053 5263 ⁹
2100 5231 2177 5282 De
2234 5224 2590 5298 casellulis],
2634 5225 3003 5298 Cassiodorus
3052 5227 3152 5282 lib.
3216 5244 3311 5291 vn,
3365 5228 3472 5279 45:
3529 5228 3661 5280 For-

1959 5298 2120 5353 mula
2147 5315 2262 5368 qua
2286 5314 2487 5351 census
2506 5297 2787 5351 relevetur
2806 5297 2859 5350 ei
2888 5297 2987 5368 qui
3000 5314 3171 5351 unam
3197 5313 3394 5351 casam
3406 5298 3659 5368 possidet

1954 5373 2395 5440 praeyravatam.
2431 5369 2532 5423 Cui
2555 5371 2710 5422 enim
2743 5372 2971 5439 gravior
2997 5385 3161 5439 tequo
3201 5384 3384 5421 canon
3426 5370 3659 5438 imposi-

1960 5448 2051 5493 tus
2073 5446 2215 5505 erat,
2257 5457 2290 5493 a
2319 5446 2713 5511 permquatore
2744 5441 3132 5493 minuebatur.
3184 5440 3247 5493 Id
3293 5440 3658 5495 revelationis

1960 5528 2061 5564 seu
2092 5513 2540 5582 peraequationis
2568 5512 2913 5566 beneﬁcium
2936 5511 3247 5565 dicebatur.
3297 5512 3509 5582 Glossae
3555 5528 3658 5566 no-

1959 5586 2112 5657 stra,
2178 5581 2480 5657 Relevatus
2536 5599 2691 5654 ager,
2761 5582 3279 5655 ἁνακεκουφισμένος,
3346 5581 3658 5657 ἐλαφρωθείς

1958 5660 2051 5707 τοῦ
2082 5651 2345 5728 δημοσίου
2376 5651 2593 5729 βὰρουςξ
