4060 6174
334 328 440 381 163

1558 315 1848 372 ENNODII
1886 315 2198 373 EPISCOPI
2238 315 2620 373 TICINENSIS

3724 286 3832 373 iss

328 456 621 512 clinatione
649 456 858 519 vestra,
903 451 1042 505 dum
1079 448 1149 503 ab
1189 447 1269 501 eis
1310 445 1432 502 ﬁsci
1467 461 1647 502 onera
1674 446 2021 513 derivantur,
2062 453 2109 504 A
2134 448 2415 503 exercitus
2445 448 2517 502 ad
2568 446 2947 517 triumphum.
2990 448 3126 512 Quis
3192 449 3387 503 credat
3441 448 3683 504 militem
3703 450 3831 521 ejus

330 547 400 601 ad
426 545 680 618 praefata:
721 543 990 596 alimenta
1028 538 1328 592 sufﬁciant.
1389 536 1628 590 Domine
1671 535 1769 602 mi,
1805 538 2018 589 saluta-

330 635 505 689 tionis
537 632 766 688 servitia
796 628 1148 700 dependens,
1192 641 1333 695 rogo
1380 630 1441 679 ut
1481 625 1820 695 portitorem
1870 641 2021 696 prae-

331 726 604 790 sentium,
638 720 932 775 hominem
960 731 1154 769 meum
1182 730 1354 785 quem
1384 715 1454 768 ad
1488 715 1610 768 haec
1660 715 2024 785 exsequenda

342 810 640 879 destinavi,
701 811 816 862 Deo
864 805 1024 859 vobis
1092 804 1431 874 inspirante,
1480 820 1676 857 meum
1759 803 2025 858 effectum

332 899 647 955 eminentia
670 892 1076 965 vestrajubeat
1118 908 1461 946 commeare.
1528 892 1797 963 Nunquid
1858 892 2024 946 dubi-

332 998 455 1044 tare
492 989 560 1042 de
594 982 1083 1057 postulationibus
1113 982 1229 1035 suis
1264 996 1394 1036 eum
1435 981 1720 1049 convenit,
1737 981 1838 1052 qui
1860 996 2027 1036 seno-

337 1080 415 1133 vit
444 1083 503 1132 et
532 1076 633 1130 illa
663 1092 787 1147 quae
820 1090 939 1128 non
969 1075 1326 1144 poposcerat,
1350 1071 1722 1141 impetrasse?

921 1208 1257 1263 EPISTOLA
1294 1208 1443 1264 XXX.

821 1318 862 1389 (¹
909 1292 981 1372 sv
1001 1330 1267 1371 muscao
1312 1313 1537 1384 ruga.)

402 1438 615 1491 Natura
645 1449 838 1488 rerum
874 1437 959 1486 est
989 1437 1052 1485 ut
1090 1430 1261 1485 etiam
1296 1430 1535 1484 idoneus
1563 1445 1661 1483 ore
1686 1429 1773 1482 vel
1799 1430 2027 1499 pectore

334 1526 516 1596 possit
547 1524 615 1578 de
650 1520 1101 1593 praesumptione
1125 1520 1365 1588 culpari,
1397 1518 1530 1588 quia
1580 1516 1769 1571 omnis
1816 1518 2027 1571 verbo-

331 1630 457 1667 rum
491 1611 870 1666 commoditas
897 1608 1240 1663 humilitatis
1267 1607 1547 1660 terminos
1567 1599 1806 1677 'egressa
1852 1608 2027 1660 calca-

330 1709 424 1756 tur
458 1718 471 1754 :
507 1707 562 1755 et
596 1700 740 1753 sicut
768 1698 1033 1752 habenda
1055 1701 1188 1750 sunt
1215 1712 1342 1766 quae
1367 1696 1675 1765 exiguntur
1700 1694 1771 1765 lin
1820 1695 2025 1765 pretio,

330 1793 409 1844 ita
440 1791 660 1860 ingesta
691 1789 987 1841 vilescunt.
1022 1784 1430 1854 Importunitas
1452 1800 1581 1837 cum
1609 1784 1886 1837 facundos
1904 1784 2028 1854 opi-

329 1879 521 1933 nionis
552 1876 851 1931 nobilitate
880 1875 1166 1945 dispoliet,
1205 1873 1481 1927 dedecore
1538 1872 1705 1927 vestit
1747 1872 2024 1927 indoctos.

330 1968 437 2022 Sed
469 1970 573 2021 hac
606 1983 698 2019 me
734 1964 1164 2018 ratiocinatione
1204 1966 1478 2029 sustento,
1506 1961 1641 2033 quia
1672 1967 1758 2016 est
1796 1962 2029 2033 quidem

329 2057 535 2121 audax,
570 2055 665 2109 sed
692 2053 937 2107 amabile
978 2051 1253 2123 praevium
1294 2052 1624 2122 praestitisse
1666 2066 2026 2105 sermonem:

330 2153 387 2200 et
410 2147 555 2199 sicut
584 2144 836 2198 vicinum
867 2142 1225 2209 temeritatis,
1284 2142 1364 2193 ita
1414 2141 1744 2211 proximum
1782 2140 2027 2210 diligen-

331 2236 426 2290 tias
449 2236 515 2289 ad
550 2233 847 2288 caritatem
880 2232 1173 2302 pertinens
1205 2230 1317 2283 iter
1356 2229 1597 2299 aperire.
1644 2231 1799 2283 Inter
1844 2229 2028 2283 Eccle-

332 2324 547 2377 siarum
578 2322 844 2376 homines
874 2319 1140 2389 nunquid
1197 2324 1388 2372 reatus
1414 2322 1517 2385 est,
1560 2317 1607 2369 si
1662 2317 1788 2388 pari
1848 2317 2030 2371 amori

330 2410 732 2465 contenderint
763 2410 1018 2480 dispares
1058 2407 1337 2478 dignitate
1362 2406 1389 2459 ?
1423 2413 1521 2459 aut
1568 2407 1850 2460 excedunt
1906 2423 2028 2461 mo-

330 2501 439 2556 dici
473 2499 710 2553 honoris
729 2498 1079 2568 angustiam,
1104 2496 1205 2566 qui
1228 2495 1553 2549 desiderant
1582 2496 1854 2566 suffragio
1899 2512 2027 2566 gra-

329 2591 420 2644 tiae
446 2588 825 2642 summatibus
847 2588 1163 2655 comparari
1179 2587 1205 2639 ’ἰ
1247 2588 1368 2640 Non
1405 2586 1574 2639 liabet
1614 2586 1844 2655 superbi
1890 2601 2028 2639 con-

329 2680 644 2743 scientiam,
678 2679 777 2747 qui
810 2694 865 2729 se
898 2681 1121 2730 tantum
1185 2676 1245 2728 in
1304 2675 1618 2728 affectionis
1657 2674 1871 2728 muniis
1912 2691 2029 2728 non

330 2766 583 2820 metitur.
620 2768 911 2819 Praesumo
939 2765 1148 2831 dicere,
1184 2763 1543 2817 subditorum
1571 2779 1733 2818 error
1776 2768 1876 2831 est,
1930 2763 2030 2833 qui

330 2855 391 2907 in
424 2856 529 2909 hac
580 2870 640 2908 re
694 2855 1114 2925 prmcedentem
1172 2854 1481 2906 antevenit.
1531 2853 1666 2905 Ecce
1714 2852 1791 2908 sic
1837 2857 2029 2922 partes

330 2960 486 2997 meas
547 2944 713 3015 quasi
763 2942 1100 2997 voluntariae
1160 2940 1520 2995 allocutionis
1593 2941 1837 2995 fuscatas
1878 2941 2028 2994 nube

328 3034 589 3103 purgavi.
638 3033 745 3087 Sed
800 3032 925 3086 dico
987 3031 1139 3102 quod
1198 3031 1269 3084 ad
1349 3030 1741 3085 defensionem
1809 3036 2027 3099 spectat

329 3123 706 3175 uberrimam.
742 3122 919 3175 Filius
952 3127 1137 3174 vester
1175 3122 1422 3173 domnus
1450 3120 1784 3174 Rhodanius
1842 3120 2027 3190 coegit

329 3227 361 3263 a
392 3228 481 3264 me
510 3211 572 3263 in
602 3226 771 3263 usum
802 3210 932 3279 styli
978 3208 1283 3278 praesentis
1318 3224 1638 3277 erumpere.
1685 3209 1886 3261 Fateor
1934 3213 2027 3261 ta-

328 3316 483 3367 men,
506 3300 567 3353 in
599 3299 790 3352 studio
833 3313 958 3351 meo
987 3297 1161 3350 fuisse
1192 3297 1536 3367 quodjussit
1570 3313 1582 3349 :
1614 3296 1750 3366 quia
1786 3296 1885 3367 qui
1929 3313 2025 3349 vo-

332 3390 547 3442 lentem
578 3387 850 3457 coegerit,
883 3403 1000 3439 non
1036 3387 1276 3439 laborat.
1320 3387 1432 3439 Deo
1481 3398 1702 3439 GRATIAS
1764 3385 2026 3455 principe

331 3477 479 3542 loco,
508 3480 564 3530 et
592 3482 713 3529 tota
742 3475 998 3545 epistola:
1020 3472 1461 3528 concinnatione
1508 3472 1844 3543 referamus,
1891 3474 2028 3545 quia

333 3566 394 3618 in
422 3565 753 3619 societatem
778 3563 977 3632 capitis
1004 3563 1092 3617 sui
1121 3562 1432 3632 aliquando
1461 3562 1719 3616 Romana
1767 3564 2029 3618 membra

332 3656 613 3707 coierunt.
640 3653 865 3706 Justum
914 3656 1035 3704 erat
1064 3655 1129 3704 ut
1154 3655 1210 3704 et
1240 3650 1440 3703 beatus
1499 3652 1699 3704 Petrus
1735 3652 2028 3721 apostolus

336 3741 456 3794 sedi
488 3757 606 3794 sua:
664 3738 937 3793 Ecclesias
970 3743 1025 3793 et
1076 3739 1300 3792 senatui
1363 3738 1616 3792 liberiori
1671 3754 1775 3809 per
1841 3739 2030 3793 Domi-

335 3846 475 3884 num
506 3834 697 3900 partes
726 3828 946 3882 debitas
976 3827 1332 3881 reformaret.
1372 3827 1587 3897 Dignus
1626 3833 1915 3898 regnator,
1955 3828 2031 3882 di-

338 3935 484 3989 gnus
509 3918 571 3972 in
594 3933 707 3989 quo
740 3932 869 3971 cum
900 3921 1064 3970 aetate
1096 3922 1361 3969 votorum
1418 3932 1643 3970 summa
1700 3917 2027 3987 contigerit.

339 4008 483 4061 Nam
511 4006 617 4060 etsi
644 4005 792 4059 itura
826 4004 897 4058 ad
920 4009 1176 4075 posteros
1208 4003 1451 4058 felicitas
1488 4010 1833 4073 perseveret,
1865 4006 2031 4058 litan-

338 4096 475 4149 dum
536 4094 620 4147 illi
658 4099 741 4148 est
799 4093 1128 4147 laudatione
1156 4092 1447 4163 praecipua
1478 4108 1509 4145 a
1543 4092 1752 4163 quibus
1786 4094 2031 4162 sumpsit

336 4184 651 4238 exordium.
687 4184 802 4238 Deo
832 4181 1139 4236 efficaciter
1198 4182 1575 4252 supplicastis,
1614 4186 1675 4235 ut
1719 4182 1874 4235 illius
1930 4198 2029 4235 vos

334 4273 511 4326 virtus
543 4277 791 4337 erueret,
827 4271 989 4341 cujus
1019 4274 1206 4341 potest
1227 4286 1452 4324 servare
1496 4269 1821 4324 clementia.
1881 4270 2032 4324 Didi-

336 4364 490 4417 cistis
546 4365 670 4434 ejus
704 4366 956 4431 _eventus
1012 4376 1335 4431 prosperos,
1394 4376 1566 4430 quem
1642 4359 1842 4413 videtis
1894 4360 2029 4413 dum
2071 4345 2115 4399 D

337 4452 577 4507 mandat
603 4456 857 4505 secutam
881 4449 1032 4503 bella
1053 4448 1371 4503 victoriam.
1408 4448 1619 4502 Parum
1651 4452 1931 4518 superest,
1971 4452 2034 4501 ut

340 4540 844 4596 mansuetudinem
874 4538 1084 4593 mentis
1113 4538 1358 4591 illiusita
1390 4537 1741 4608 profundam
1767 4537 2031 4605 teneatis,

340 4630 506 4701 quasi
535 4630 608 4683 sit
654 4628 855 4698 ignara
898 4626 1317 4698 procinctuum.
1380 4627 1495 4680 Deo
1558 4626 1869 4693 tribuente,
1932 4641 2036 4680 nec

337 4737 447 4791 pax
482 4718 605 4789 ejus
626 4717 845 4772 turbari
877 4716 1065 4772 dubiis
1086 4719 1292 4787 potest,
1328 4730 1430 4769 nec
1462 4714 1743 4769 fortitudo
1783 4714 2037 4785 qualibet

339 4807 722 4878 objectatione
761 4806 1068 4877 confringi.
1100 4804 1254 4861 Nihil
1284 4804 1441 4875 apud
1489 4804 1654 4859 illum
1684 4804 1863 4858 tutius
1908 4820 2037 4874 sup-

339 4899 591 4969 plicante
621 4913 635 4953 :
670 4898 822 4950 solus
850 4896 1028 4950 evasit
1068 4895 1357 4966 praeliares
1410 4894 1579 4962 acies,
1639 4893 1739 4964 qui
1767 4893 2033 4965 rogavit:

344 4988 474 5042 vicit
526 5002 822 5043 armorum
877 4986 1130 5055 impetus
1186 4984 1286 5054 qui
1317 4984 1525 5038 obtulit
1583 4984 1817 5038 devotus
1874 4982 2037 5036 obse-

341 5077 566 5148 quium.
599 5075 759 5139 Quod
786 5075 877 5131 vix
927 5079 1146 5128 veteres
1202 5072 1493 5143 principes
1540 5072 1860 5142 praesentize
1918 5089 2038 5127 suae

342 5166 552 5221 sudore
581 5164 749 5236 potiti
779 5170 934 5231 sunt,
966 5163 1095 5231 hoc,
1126 5177 1354 5233 semper
1402 5162 1554 5233 regis
1610 5162 1794 5217 nostri
1852 5162 2039 5217 brevis

340 5254 671 5327 procuravit
733 5252 989 5324 epistola.
1052 5253 1161 5307 Per
1217 5266 1487 5306 excursus
1569 5250 1837 5322 dirigitur
1904 5250 2038 5307 felix

415 5420 431 5451 ί
464 5416 809 5488 Symmacho
830 5410 1296 5488 papae]__Titulum
1327 5411 1663 5488 adjecimus,
1712 5412 1892 5488 cujus
1918 5412 2038 5488 vice

341 5489 403 5542 in
434 5483 688 5558 antiquis
718 5483 1137 5556 exemplaribus
1191 5483 1468 5558 scriptum
1525 5486 1649 5537 erat
1698 5484 1775 5537 In
1804 5483 2041 5558 ‘Clim'sti

340 5560 526 5626 signa.
574 5555 683 5613 Sed
714 5555 1084 5627 perspicuum
1110 5559 1220 5627 gest
1248 5555 1549 5627 epistolam
1608 5569 1730 5609 esse
1751 5555 1824 5608 ad
1864 5557 2037 5627 Sym-

342 5631 611 5686 machum
638 5626 870 5699 papam,
902 5631 961 5682 et
989 5626 1224 5699 quidem
1254 5626 1523 5698 scriptam
1560 5629 1688 5697 post
1733 5626 2038 5682 exstinctas

2130 537 2191 591 in
2224 538 2423 593 labore
2453 543 2509 592 et
2538 538 2887 608 perfectione
2937 538 3147 592 habere
3179 539 3441 609 quidem
3501 539 3830 609 superantis

2130 628 2389 698 gloriam,
2427 627 2523 681 sed
2555 626 2969 681 continentiam
3022 628 3355 698 subjugati?
3406 628 3831 682 Consummatis

2131 716 2627 787 congressionibus
2656 716 2726 770 de
2760 717 2860 770 irae
2890 717 3223 771 haereditate
3260 718 3343 770 nil
3369 723 3629 771 remanet
3661 735 3673 772 :
3709 733 3827 770 uno

2128 809 2407 875 tempore,
2441 821 2583 874 quos
2603 805 2953 874 perniciosos
2989 805 3301 859 adversarii
3356 805 3621 872 viderint,
3666 806 3828 859 blan-

2132 895 2231 950 dos
2264 895 2518 948 sentiunt
2548 894 2762 974 tributa
2791 895 3125 965 pendentes.
3152 897 3220 949 Et
3271 896 3393 950 haec
3439 896 3671 965 quidem
3719 911 3829 948 cre-

2130 982 2265 1038 losti
2311 988 2710 1054 praeparantur
2766 1000 2869 1053 pro
2930 984 3037 1038 hac
3101 984 3441 1054 repensione
3507 984 3822 1053 suffragio:

2133 1073 2269 1144 quia
2295 1072 2436 1125 ﬁdes
2468 1077 2661 1126 nostra
2690 1073 2843 1143 apud
2882 1089 3036 1140 eum,
3088 1074 3263 1143 (cum)
3288 1073 3443 1127 aliud
3478 1073 3599 1144 ipse
3647 1081 3826 1127 secte-

2132 1166 2249 1231 tur,
2275 1161 2334 1214 in
2365 1166 2535 1231 portu
2565 1167 2666 1215 est.
2696 1161 2969 1217 Mirabilis
3020 1163 3315 1232 patientia,
3367 1163 3596 1233 quando
3654 1168 3826 1216 tenax

2133 1249 2412 1322 propositi
2441 1250 2550 1316 sui,
2574 1251 2896 1306 claritatem
2923 1268 3041 1306 non
3071 1252 3374 1306 obumbrat
3418 1252 3591 1305 alieni
3623 1268 3635 1305 :
3687 1268 3827 1305 nam

2134 1343 2191 1392 et
2243 1337 2618 1392 Ecclesiarum
2671 1346 3002 1394 nostrarum
3059 1341 3406 1413 patrimonia
3468 1340 3667 1407 relabi,
3713 1340 3828 1394 nisi

2134 1431 2299 1481 aucta
2318 1426 2551 1495 fuerint,
2584 1427 2928 1499 ingemiscit.
2981 1431 3070 1485 Sic
3100 1431 3313 1485 factum
3347 1435 3450 1497 est,
3502 1436 3567 1484 ut
3612 1436 3669 1484 et
3719 1436 3831 1483 sta-

2134 1524 2257 1575 tum
2286 1521 2786 1594 suumlocupletes
2812 1536 3133 1591 pauperum
3190 1520 3521 1574 substantiae
3569 1524 3829 1587 teneant,

2135 1616 2192 1664 et
2230 1612 2543 1666 mediocres
2573 1612 2640 1665 ad
2659 1625 2988 1680 supremam
3018 1609 3368 1679 opulentiam
3389 1609 3825 1680 convalescant.

2136 1700 2199 1754 In
2220 1700 2606 1755 sacerdotibus
2648 1701 2882 1753 virtutes
2908 1703 2964 1753 et
3006 1699 3232 1751 innatas
3263 1697 3416 1764 colit,
3467 1703 3523 1751 et
3571 1698 3830 1759 nonlre-

2139 1796 2332 1859 pertas
2362 1789 2622 1859 inspirat.
2657 1788 2761 1842 Sed
2795 1804 2896 1840 cur
2942 1786 3358 1841 beatitudinem
3395 1791 3638 1839 vestram
3685 1802 3835 1856 pras-

2134 1877 2348 1948 judicio
2402 1876 2597 1931 diffusi
2643 1874 2924 1929 sermonis
2974 1875 3319 1945 anticipem?
3343 1875 3624 1928 Continuo
3656 1890 3832 1944 expe-

2138 1966 2345 2020 rientia
2382 1972 2571 2019 vestra
2602 1970 2661 2019 et
2694 1964 2969 2035 spiritalis
2998 1964 3094 2017 illa
3152 1964 3425 2033 perfectio
3452 1963 3716 2034 jejunum
3736 1979 3830 2016 me

2139 2056 2312 2110 fuisse
2352 2055 2413 2109 in
2447 2054 2551 2109 ﬁlii
2582 2054 2755 2109 vestri
2782 2054 3047 2107 laudibus
3093 2053 3379 2106 accusabit
3412 2058 3505 2106 :et
3561 2068 3691 2106 cum
3736 2068 3832 2105 so-

2138 2145 2292 2199 leant
2323 2144 2662 2215 ampliﬁcari
2700 2143 2848 2196 facta
2878 2141 3197 2212 colloquiis,
3234 2142 3486 2195 sterilem
3546 2157 3638 2195 me
3687 2142 3833 2195 rela-

2138 2239 2325 2289 torem
2357 2234 2426 2288 de
2444 2234 2720 2287 virtutum
2753 2233 2876 2302 ejus
2905 2247 3088 2285 messe
3123 2230 3464 2285 causabitur.
3498 2232 3623 2285 Jam
3656 2246 3835 2283 saecu-

2136 2324 2284 2379 lares
2312 2325 2519 2393 apices,
2547 2322 2772 2375 curules
2818 2326 2875 2375 et
2916 2320 3159 2383 trabeas,
3210 2319 3476 2390 patricias
3521 2320 3689 2373 etiam
3739 2319 3830 2373 di-

2137 2414 2379 2484 gnitates
2430 2412 2677 2483 qualiter
2721 2416 2821 2465 aut
2882 2415 3101 2464 natura)
3134 2409 3333 2463 reddat
3386 2414 3484 2462 aut
3552 2408 3835 2476 moribus,

2141 2501 2441 2557 domestici
2464 2500 2767 2572 perlatoris
2798 2499 3202 2569 astipulatione
3250 2499 3531 2568 vulgetur.
3576 2500 3715 2552 Nam
3774 2504 3838 2550 et

2137 2597 2354 2645 veteres
2390 2590 2448 2643 in
2480 2590 2719 2660 antiqua
2757 2587 2986 2659 generis
3024 2589 3147 2641 luce
3189 2588 3395 2642 durare
3431 2587 3580 2653 fecit,
3628 2592 3682 2641 et
3732 2603 3837 2640 no-

2137 2696 2235 2733 vos
2264 2679 2568 2750 splendore
2629 2678 2915 2747 inopinati
2970 2677 3210 2748 fulgoris
3270 2676 3526 2730 irradiat.
3588 2675 3837 2729 Facilius

2136 2768 2458 2838 respublica
2486 2768 2609 2837 ejus
2637 2767 2787 2821 bono
2817 2765 3266 2836 dispensationis
3291 2765 3352 2818 in
3394 2766 3671 2835 privatam
3716 2763 3838 2817 mi-

2137 2863 2263 2930 grat
2293 2857 2667 2927 opulentiam,
2711 2871 2883 2926 quam
2917 2855 3297 2908 famulantum
3336 2870 3537 2908 census
3582 2854 3639 2906 in
3678 2852 3838 2923 pala-

2136 2946 2433 3000 tinalucra
2474 2950 2884 2999 commutatur.
2941 2945 3103 2998 Nunc
3130 2944 3285 3015 quod
3344 2948 3622 3013 superest,
3682 2958 3837 2995 mea;

2064 3063 2103 3118 Ο
2132 3035 2375 3090 servitiis
2400 3034 2758 3088 salutationis
2791 3033 3055 3103 acceptis,
3104 3031 3409 3103 prospicite
3458 3036 3519 3084 ut
3570 3031 3838 3085 Christus

2138 3124 2482 3193 Redemptor
2510 3129 2699 3176 noster
2719 3139 2846 3193 quae
2868 3124 2927 3175 in
2957 3123 3195 3192 praefato
3218 3120 3662 3175 clementissimo
3690 3134 3837 3188 rege

2138 3213 2517 3267 servientibus
2546 3212 2655 3267 sibi
2684 3212 2949 3280 contulit,
2984 3213 3153 3281 longa
3179 3216 3344 3265 astate
3374 3216 3685 3263 conservet.
3726 3210 3839 3261 Det

2137 3302 2308 3354 etiam
2339 3299 2505 3370 regni
2528 3301 2595 3353 de
2623 3301 2745 3370 ejus
2785 3299 3045 3371 germine
3094 3314 3472 3352 successorem
3506 3314 3519 3352 :
3573 3314 3643 3350 ne
3683 3296 3840 3350 bona

2136 3389 2278 3443 tanti
2302 3389 2553 3443 hominis
2576 3389 2637 3442 in
2668 3404 2781 3442 una
2806 3392 2971 3441 aetate
3003 3390 3374 3453 veterescant,
3422 3390 3477 3438 et
3530 3386 3840 3454 antiquata

2136 3478 2491 3550 temporibus
2520 3494 2627 3548 pro
2676 3478 2798 3532 sola
2823 3475 2982 3531 aurei
3032 3476 3225 3529 saeculi
3272 3475 3831 3529 commemoratione

2138 3568 2528 3624 nominentur.
3034 3565 3045 3577 ’

2710 3652 3047 3708 EPISTOLA
3082 3653 3270 3708 XXXI.

2677 3757 3003 3797 ENNODIUS
3047 3756 3311 3797 AVIENO.

2208 3833 2355 3885 Dum
2381 3830 2647 3902 jucundis
2676 3831 2883 3897 adhuc,
2929 3833 3042 3885 Deo
3075 3831 3464 3901 dispensante,
3495 3830 3718 3883 fruerer
3762 3829 3841 3883 de

2139 3924 2462 3995 praesentiae
2493 3928 2690 3977 vestra:
2724 3922 3013 3976 vicinitate
3044 3923 3459 3993 conspectibus,
3486 3927 3541 3976 et
3566 3920 3843 3975 amabilia

2139 4013 2556 4082 colloquiorum
2615 4011 2789 4064 mella
2866 4012 3178 4065 venerabili
3236 4011 3536 4065 mendacio
3562 4010 3840 4063 retineret

2139 4101 2386 4169 auditus,
2419 4099 2638 4154 occasio
2671 4098 2814 4153 mihi
2869 4098 3194 4170 scriptionis
3248 4101 3441 4154 oblata
3469 4104 3571 4152 est.
3607 4099 3841 4167 Fateor,

2140 4190 2239 4243 diu
2267 4187 2423 4242 nolui
2452 4188 2793 4243 medicinam
2819 4188 3258 4255 desiderii,dum
3277 4191 3452 4242 altera
3469 4192 3839 4257 procuratur,

2140 4278 2479 4347 irrumpere.
2511 4277 2837 4331 Delectabat
2867 4275 3041 4330 series
3071 4277 3264 4330 animo
3296 4293 3423 4331 meo
3452 4276 3546 4346 pia
3575 4275 3841 4329 ludiﬁca-

2142 4366 2300 4420 tione
2330 4366 2605 4432 blandita,
2638 4367 2922 4435 nolebam,
2949 4368 3205 4420 conscius
3252 4366 3677 4437 deprehendere
3704 4380 3841 4435 quae

2142 4453 2410 4523 pascebat
2438 4453 2498 4506 in
2529 4470 2721 4507 amore
2748 4454 3052 4508 fallaciam.
3082 4455 3231 4507 Bene
3257 4454 3410 4506 enim
3449 4455 3595 4522 sapit
3632 4452 3845 4505 studiis

2143 4542 2353 4597 nostris
2392 4542 2661 4597 obsecuta
2706 4542 2980 4609 seductio,
3030 4546 3087 4596 et
3114 4558 3219 4612 pro
3265 4558 3397 4596 vero
3442 4542 3685 4595 libenter
3733 4540 3841 4595 ad-

2141 4632 2423 4685 mittimus
2446 4631 2998 4702 dulciumpimagines
3017 4631 3383 4687 nuntiorum:
3433 4630 3846 4702 gratasomnia

2141 4721 2368 4791 quoties
2404 4721 2680 4791 fugantur
2753 4721 2985 4792 vigiliis,
3049 4722 3501 4794 ingemiscimus,
3586 4725 3643 4774 et
3694 4720 3842 4774 illud

2144 4808 2345 4862 mortis
2401 4810 2772 4863 simulacrum
2811 4810 2882 4863 de
2935 4810 3172 4880 placidis
3231 4809 3663 4879 deceptionibus
3707 4808 3846 4878 plus
3880 4814 3885 4817 ‘
3924 4822 3937 4834 ·

2146 4903 2390 4952 amatur.
2419 4899 2569 4967 Ergo
2607 4914 2761 4952 nunc
2799 4897 2965 4965 .nihi,
2998 4899 3133 4970 quia
3161 4899 3304 4952 illud
3358 4899 3514 4969 quod
3563 4896 3845 4969 praefatus

2146 5003 2269 5040 sum
2288 4992 2436 5041 stare
2460 5002 2573 5041 non
2592 4986 3226 5059 licuit,'exsequendum
3252 4991 3335 5041 est
3354 4986 3508 5057 quod
3536 4986 3840 5040 remansit.

2145 5075 2365 5146 Aliquis
2391 5076 2691 5131 hominum
2724 5093 2829 5147 pro
2857 5077 3072 5147 peccati
3104 5078 3193 5130 sui
3219 5092 3392 5131 onere
3450 5076 3530 5130 sic
3563 5074 3845 5129 laborat?

2145 5165 2436 5235 affligerer
2466 5164 2576 5218 nisi
2623 5180 2722 5219 vos
2775 5164 3074 5218 viderem:
3134 5164 3206 5217 ad
3274 5163 3468 5234 cupita
3532 5161 3846 5233 perductus

2147 5269 2425 5320 maceror,
2448 5254 2584 5325 quia
2613 5269 2744 5325 quae
2774 5252 3175 5323 poscebamus,
3202 5252 3318 5306 Deo
3351 5252 3662 5316 tribuente,
3708 5268 3848 5307 con-

2147 5412 2478 5495 schismatis.
2496 5411 2790 5495 reliquias,
2830 5410 3104 5495 membris
3126 5410 3414 5495 omnibus,
3451 5410 3847 5495 ut_i§nnpdi_us_

2147 5485 2267 5555 ipse
2305 5484 2575 5554 loquitur,
2626 5483 2686 5535 in
2745 5483 2943 5553 capitis
2986 5483 3075 5555 sui
3131 5484 3459 5537 societatem
3504 5483 3847 5555 Theoderici

2146 5554 2296 5627 regis
2326 5570 2495 5626 quem
2522 5558 2829 5626 propterea
2882 5554 3100 5625 laudat,
3132 5554 3616 5627 operarcvocatis.
