4060 6174
180 310 271 362 165
1510 312 1997 371 EPISTOLARUM
2034 314 2164 369 LIB.
2208 315 2292 370 IX.

3578 325 3679 378 I66

176 456 326 493 cessa
352 444 512 495 sunt.
546 440 817 511 Nunquid
844 441 1015 495 alicui
1046 441 1281 497 accessit
1328 442 1398 497 de
1457 444 1671 499 latitia:
1706 461 1864 499 occa-
1904 450 1951 502 A
1982 461 2111 516 quae
2128 450 2409 501 tenemus.
2435 447 2542 501 Vos
2559 446 2917 503 salutationis
2930 466 3072 504 meas
3089 450 3363 523 obsequia
3378 469 3482 524 pro
3496 456 3676 510 sancti

176 529 329 583 sione
363 530 523 600 quod
549 534 833 601 torqueat,
867 531 1050 607 autde
1080 547 1261 585 messe
1279 530 1621 600 gaudiorum
1644 549 1871 604 egressa

176 624 251 671 est
296 619 501 689 planta
554 619 845 675 tristitiae?
897 620 1114 675 Gratias
1164 620 1535 691 inseparabili
1583 622 1867 690 Trinitati,

176 710 279 762 Deo
329 724 485 776 vero,
539 708 635 780 qui
695 714 760 763 ut
830 715 961 764 vota
1034 711 1292 781 impleat,
1347 711 1690 783 aliquotiens
1742 717 1871 767 vota

174 796 502 851 contemnit.
561 799 687 867 Ipse
773 814 910 869 ergo
955 798 1371 869 conjunctionis
1440 806 1554 854 tuas
1604 801 1869 872 copulam

175 886 474 954 respiciat:
509 886 631 956 ipse
654 903 839 941 unum
883 887 1055 941 faciat
1101 904 1171 943 ex
1208 889 1453 957 duobus,
1486 890 1546 943 in
1565 891 1736 960 primi
1767 892 1868 945 ho-

178 974 337 1027 minis
384 990 649 1046 corpore,
710 976 849 1030 dum
926 977 1112 1031 adhuc
1168 977 1361 1032 nativa
1411 983 1467 1032 et
1523 979 1869 1035 intemerata

178 1063 605 1118 immortalitate
628 1064 924 1134 gauderet,
960 1070 1233 1137 utrosque
1257 1067 1542 1122 formavit.
1588 1069 1871 1140 Jungatur

177 1152 268 1205 tibi
299 1168 468 1221 uxor,
522 1158 585 1207 ut
623 1154 865 1208 Abrahae
907 1154 1098 1222 Sarra,
1158 1161 1223 1210 ut
1283 1159 1436 1212 Isaac
1488 1158 1759 1226 Rebecca,
1807 1164 1869 1213 ut

174 1241 330 1295 Iacob
358 1242 575 1296 Rachel
608 1244 821 1297 caelesti
848 1243 1247 1300 benedictione
1270 1246 1482 1301 sociata
1511 1252 1615 1301 est.
1651 1248 1869 1302 Habeas

175 1331 520 1384 continentis
564 1332 838 1401 praevium
871 1332 1119 1404 frugem,
1171 1339 1228 1388 et
1268 1334 1627 1391 dulcedinem
1662 1338 1868 1408 conju—

175 1420 317 1488 gati:
352 1419 470 1489 legi
504 1421 604 1474 Dei
626 1428 823 1492 pareat
855 1422 1061 1477 solutio
1091 1423 1406 1494 virginalis,
1433 1425 1569 1480 dum
1610 1427 1761 1497 quod
1809 1427 1867 1481 in

172 1524 221 1561 se
252 1508 564 1576 subtrahit,
589 1510 773 1563 reddit
798 1510 858 1563 in
890 1510 1103 1566 sobole.
1137 1512 1361 1565 Nesciat
1395 1518 1688 1567 externam
1745 1514 1870 1568 dili-

172 1597 420 1667 gentiam
445 1598 593 1652 bene
626 1598 685 1651 in
716 1599 877 1653 vobis
899 1599 1141 1654 solidata
1171 1602 1499 1656 communio
1537 1618 1550 1656 :
1598 1603 1696 1656 illa
1743 1619 1865 1657 ma-

173 1693 308 1739 trem
362 1691 530 1739 tuam
585 1686 842 1741 moribus
897 1693 954 1742 et
1004 1689 1432 1744 conversatione
1468 1690 1756 1758 restituat,
1804 1697 1862 1745 tu

172 1780 486 1845 parentem.
516 1776 639 1830 Non
657 1782 856 1846 pareat
890 1778 1103 1832 mundo
1136 1780 1419 1847 majorum
1443 1784 1694 1847 tuorum,
1723 1780 1861 1835 dum

172 1865 220 1917 in
247 1870 301 1918 te
333 1864 684 1929 renascitur,
714 1866 1111 1934 amplectenda
1148 1867 1437 1921 formatio.
1491 1869 1862 1940 Nequaquam

171 1953 473 2024 peregrina
500 1954 630 2007 vita:
662 1955 945 2024 exempla,
997 1972 1101 2009 nec
1127 1973 1240 2009 non
1302 1957 1611 2011 adventitia
1653 1964 1861 2028 postu-

173 2044 397 2097 lantur:
467 2042 529 2095 in
584 2042 765 2096 oculis
794 2044 977 2096 locata
1034 2044 1349 2098 sectamini.
1412 2047 1547 2099 Ecce
1603 2063 1729 2117 ego,
1764 2050 1864 2119 qui

170 2129 482 2199 hymenaeis
533 2130 650 2184 tuis
692 2131 969 2186 interesse
1009 2149 1125 2186 non
1158 2133 1338 2204 potui,
1394 2134 1501 2187 hac
1527 2133 1599 2203 Ite
1628 2152 1863 2205 precum

173 2234 421 2272 mearum
454 2221 858 2289 prosecutione
908 2221 1183 2275 convenio
1234 2239 1247 2275 :
1283 2239 1377 2276 vos
1417 2224 1485 2277 ad
1520 2224 1862 2280 vicissitudi-

174 2323 293 2361 nem
324 2308 599 2363 exhibete
632 2310 832 2364 crebra
852 2311 1157 2381 colloquia.
1188 2311 1558 2366 Salutationis
1607 2330 1862 2368 amorem

176 2402 223 2449 et
267 2399 655 2452 reverentiam
714 2400 1064 2470 persolvens,
1120 2415 1260 2470 rogo
1307 2406 1375 2455 ut
1411 2400 1455 2455 si
1520 2403 1861 2458 memoriam

174 2485 276 2538 mei
307 2486 378 2539 de
410 2485 514 2539 illa
541 2486 839 2556 [locupleti
882 2488 1281 2543 recordatione
1338 2505 1455 2544 non
1505 2491 1752 2562 truditis,
1806 2499 1863 2548 et

174 2574 526 2629 orationtbus
548 2591 641 2629 me
664 2581 721 2630 et
746 2576 1047 2647 colloquiis
1070 2577 1396 2633 sublevetis.

729 2664 1063 2719 EPISTULA
1099 2666 1298 2720 XXXII.

419 2768 756 2808 ENNODIUS
803 2768 1135 2808 ADBODATO
1182 2768 1621 2812 PRESBYTERO.

236 2841 527 2905 Quantum
556 2859 591 2895 a
619 2858 709 2895 me
742 2842 968 2909 merito,
993 2846 1274 2913 quantum
1291 2845 1516 2898 actione
1538 2845 1613 2898 sis
1635 2846 1859 2915 clarior,

173 2933 496 2985 orationum
559 2938 792 2985 tuarum
849 2931 1125 2985 reserabit
1163 2931 1415 2988 effectus.
1476 2936 1611 2989 Ecce
1668 2937 1865 2991 domui

174 3020 348 3073 Fausti
398 3020 509 3074 ﬁlii
555 3020 637 3074 tui
684 3021 1025 3075 abstractam
1073 3020 1143 3074 de
1191 3022 1391 3077 solatio
1472 3039 1600 3078 meo
1636 3032 1859 3096 partem

172 3109 474 3161 maximam
508 3113 566 3161 tu
602 3108 843 3163 tenebis.
880 3111 992 3180 Ego
1037 3109 1271 3181 quidem
1333 3112 1539 3165 sanctis
1569 3115 1625 3165 et
1670 3111 1864 3182 legali-

168 3194 265 3249 bus
296 3198 603 3251 desideriis
636 3214 874 3268 precum
905 3198 1321 3270 impedimenta
1351 3216 1467 3253 non
1506 3199 1671 3253 attuli
1699 3217 1712 3253 :
1767 3199 1866 3254 sed

170 3292 319 3340 tanta
362 3303 456 3341 me
507 3287 707 3341 domui
767 3287 968 3342 Avieni
1013 3289 1259 3359 perculit
1306 3305 1410 3360 pro
1459 3289 1583 3360 ejus
1629 3288 1866 3343 caritate

167 3376 452 3441 discessio,
495 3377 844 3447 utlacrymis
872 3379 1261 3449 prosequerer
1301 3382 1356 3431 et
1393 3378 1461 3432 ad
1516 3382 1711 3449 optata
1747 3383 1868 3432 ten-

168 3465 411 3519 dentem.
434 3467 633 3521 Patuit
652 3466 1038 3521 humanarum
1092 3483 1287 3521 rerum
1334 3466 1393 3521 in
1446 3467 1551 3521 hac
1589 3483 1758 3521 causa
1797 3468 1865 3521 de

167 3555 497 3609 diversitate
538 3556 829 3611 formatio.
900 3557 1067 3610 lllum
1134 3563 1390 3625 evocant,
1443 3556 1670 3611 Christo
1703 3557 1864 3623 duce,

170 3646 378 3711 votiva;
410 3660 507 3699 me
562 3645 791 3699 feriunt.
856 3646 944 3700 Illi
990 3645 1286 3700 blanditur
1338 3646 1407 3700 de
1456 3646 1866 3717 conjunctione

166 3734 445 3801 vicinitas,
471 3736 564 3789 me
606 3734 673 3788 de
695 3736 1156 3805 sequestratione
1201 3734 1556 3806 compungit.
1610 3736 1747 3789 Ecce
1797 3735 1866 3789 de

166 3839 397 3893 precum
426 3840 692 3878 mearum
721 3823 884 3895 fruge
915 3823 1188 3877 sollicitor
1219 3840 1231 3878 :
1266 3829 1322 3878 et
1351 3825 1585 3894 adeptos
1641 3840 1766 3891 nos,
1817 3824 1866 3878 si

165 3914 293 3983 quid
326 3914 389 3966 in
417 3913 528 3967 hac
557 3916 719 3983 parte
745 3913 1098 3982 postulatum
1140 3919 1242 3979 est,
1289 3912 1444 3983 quod
1475 3928 1605 3967 cum
1658 3910 1867 3965 Christi

164 4017 293 4071 pace
325 4002 441 4055 dici
482 4002 669 4069 liceat,
726 4002 1060 4071 ingemisco.
1100 4001 1207 4056 Sed
1245 4001 1396 4055 inter
1430 4004 1552 4055 haec
1580 4000 1683 4055 tali
1730 4000 1866 4055 dili-
1901 4066 1909 4074 .

162 4092 368 4158 gentia
402 4090 699 4144 curatione
719 4095 1030 4159 sustentor,
1066 4092 1204 4163 quia
1246 4091 1527 4145 domuum
1584 4091 1866 4146 Avienum

162 4185 531 4248 superantem
561 4186 692 4234 vota
722 4180 1098 4235 reddidimus.
1154 4179 1334 4236 Habet
1363 4180 1434 4235 de
1475 4179 1699 4251 origine
1744 4180 1867 4250 ejus

162 4268 340 4322 Roma
364 4269 729 4339 jactantiam,
762 4270 994 4340 Liguria
1054 4270 1123 4325 de
1166 4270 1463 4341 profectu:
1521 4269 1604 4324 ibi
1652 4269 1865 4323 domno

163 4358 363 4412 Fausto
400 4358 555 4412 ﬁlius
586 4364 807 4413 naturze
822 4360 949 4430 lege
979 4375 1283 4413 concessus
1304 4366 1410 4427 est,
1432 4359 1524 4413 hic
1542 4358 1865 4413 eruditione

159 4448 496 4515 patefactus.
533 4448 717 4503 Minus
774 4449 884 4503 fuit
937 4465 1068 4503 cum
1134 4449 1508 4518 generalitate
1570 4447 1863 4502 hominem

159 4538 332 4600 nasci,
370 4553 549 4607 quam
572 4537 728 4608 quod
760 4537 1101 4592 inimitabile
1123 4539 1446 4605 videbatur,
1482 4537 1671 4591 Fausti
1696 4537 1863 4591 sobo-

159 4625 262 4679 lem
296 4626 693 4697 comprobari.
728 4627 1063 4681 Referamus
1096 4627 1167 4682 ad
1198 4629 1379 4682 Deum
1422 4626 1699 4681 beneficia
1742 4642 1861 4693 sua,

157 4718 207 4765 et
232 4714 343 4784 ipsi
365 4730 475 4784 pro
501 4715 601 4768 illo
635 4714 1040 4770 redhibeamus
1070 4716 1301 4788 gratias,
1318 4732 1347 4769 a
1366 4731 1480 4787 quo
1498 4716 1865 4787 poposcimus

222 4856 236 4887 ¹
274 4854 541 4928 (Ismario
581 4856 866 4928 episcopo]
926 4856 1264 4928 Arelatensi.
1326 4857 1736 4928 Episcoporum
1775 4857 1864 4912 sui

159 4928 377 4992 saeculi,
411 4932 473 4980 ut
495 4927 629 4997 jure
650 4934 812 4981 vocat
834 4927 1145 4995 Ennodius,
1166 4927 1548 4997 nobilissimo,
1577 4929 1859 4997 doctrina,

158 4998 519 5071 eloquentia,
552 4998 678 5052 vita:
704 5000 1002 5054 sanctitate
1029 5000 1367 5053 clarissimo.
1393 5002 1445 5053 Is
1462 5000 1866 5071 ergoOconticta

157 5070 566 5142 criminatione
600 5071 670 5123 ad
691 5071 1105 5125 Theodericum
1136 5071 1381 5137 delatus,
1417 5070 1864 5142 Raven’namque

156 5141 255 5213 sub
284 5141 583 5194 Icustodia
623 5147 958 5211 pertractus,
995 5143 1244 5213 angelici
1281 5144 1471 5196 vultus
1530 5141 1785 5212 aspectu,
1808 5147 1866 5196 et

154 5209 506 5284 innocentia:
522 5209 822 5284 securitate
834 5229 1031 5283 regem
1050 5209 1128 5267 ita
1140 5214 1447 5284 permovit,
1462 5219 1524 5267 ut
1548 5209 1662 5267 non
1676 5214 1862 5267 solum

156 5289 357 5350 pacate
370 5283 829 5354 humaniterque
842 5284 1006 5338 illum
1030 5284 1334 5354 exceperit,
1353 5285 1448 5339 sed
1471 5285 1677 5338 oblatis
1690 5284 1865 5339 etiam

153 5354 499 5408 muneribus
528 5355 862 5409 honestarit.
899 5357 1009 5411 Nec
1039 5355 1254 5425 dispari
1286 5360 1417 5408 ante
1436 5356 1655 5425 aliquot
1683 5372 1865 5409 annos

154 5432 390 5491 eventu,
422 5441 557 5479 cum
589 5426 900 5497 Visigothis
974 5427 1162 5481 adhuc
1196 5430 1423 5497 pareret
1453 5428 1703 5493 Arelate,
1753 5426 1864 5479 fal-

155 5510 354 5569 saeque
395 5496 742 5566 proditionis
783 5504 1080 5553 accusatus
1118 5496 1272 5569 apud
1305 5498 1597 5552 Alaricum
1642 5498 1861 5564 fuisset,

153 5580 283 5641 cum
318 5566 556 5641 honore
576 5573 775 5639 postea
806 5570 1074 5624 dimissus
1105 5566 1548 5641 est.rUtramque
1564 5569 1863 5641 historiam

151 5637 245 5703 (de
274 5637 472 5708 priore
502 5637 595 5693 hic
624 5655 812 5694 sermo
842 5647 927 5694 est
956 5640 1240 5711 Ennodio)
1300 5642 1399 5695 lib.
1426 5637 1613 5694 {Viue
1632 5639 1863 5695 Caesarii

153 5711 495 5779 complexus
517 5715 606 5765 est
634 5711 968 5782 Cyprianus.
1002 5712 1177 5782 Cujus
1216 5712 1391 5766 etiam
1430 5711 1644 5766 librum
1676 5728 1715 5765 ιι
1763 5711 1863 5783 qui

1979 535 2230 605 pectoris
2256 537 2426 591 vestri
2457 538 2706 607 puritate
2757 540 3057 610 suscipite;
3125 546 3181 595 et
3232 543 3481 597 codicem
3524 545 3675 599 reci-

1980 624 2199 695 pientes
2231 642 2445 693 meum,
2481 643 2611 681 cum
2640 628 2740 682 illo
2764 630 2917 700 quia
2978 630 3138 685 vobis
3195 633 3512 702 promissus
3562 639 3671 702 est,

1978 713 2277 769 destinate.

2527 806 2858 861 EPISTOLA
2895 808 3122 862 XXXIII.

2280 910 2601 949 ENNODIUS
2647 897 2662 929 ¹
2709 911 2997 951 casamo
3045 913 3371 955 EPISCOPO.

2049 986 2207 1049 Quod
2266 1003 2364 1055 spe
2408 1002 2818 1056 prazceperam,
2880 988 3085 1042 litteris
3164 989 3454 1044 indicastis
3530 994 3673 1047 Nam

1978 1073 2288 1126 venerandi
2318 1073 2778 1143 promulgatione
2802 1074 3093 1145 colloquii,
3121 1076 3257 1146 quid
3299 1079 3542 1133 caelestis
3562 1080 3671 1135 im-

1976 1157 2208 1221 perator
2237 1153 2512 1207 domuum
2543 1169 2738 1223 regem
2770 1154 2918 1207 circa
2949 1172 3042 1209 vos
3073 1156 3257 1211 facere
3280 1159 3670 1228 compulisset,

1977 1240 2184 1310 agnovi
2218 1258 2229 1294 :
2268 1258 2374 1311 ego
2402 1258 2553 1311 sum,
2590 1242 2681 1295 cui
2744 1248 3051 1314 postquam
3100 1246 3373 1300 meritum
3419 1253 3673 1302 vestrum

1975 1330 2183 1400 patuit,
2244 1347 2609 1403 nequaquam
2665 1348 2721 1386 se
2781 1333 3021 1387 felicitas
3076 1334 3312 1389 actionis
3353 1337 3669 1392 abscondit.

1977 1419 2081 1482 Qui
2113 1420 2416 1474 hominum
2445 1421 2802 1476 nobilissimo
2824 1422 2884 1476 in
2898 1422 3109 1477 Christi
3127 1424 3396 1479 servitute
3414 1425 3671 1495 pontifici

1977 1512 2234 1562 terrenas
2262 1510 2688 1565 dominationes
2720 1512 2936 1566 nesciat
2964 1529 3085 1566 esse
3126 1514 3427 1583 subjectas,
3461 1521 3513 1569 et
3558 1516 3671 1569 mi-

1977 1614 2178 1652 nacem
2211 1599 2321 1652 reis
2350 1600 2671 1670 potentiam
2692 1600 3035 1655 innocentia:
3057 1601 3378 1671 objectione
3392 1603 3671 1673 superari,

1977 1688 2205 1757 quando
2240 1687 2579 1758 principacis
2606 1706 2861 1760 purpura
2884 1694 2981 1743 aut
3010 1690 3194 1744 cilicia
3250 1690 3531 1762 dexpexit,
3574 1697 3673 1747 aut
3738 1726 3739 1729 η

1973 1775 2213 1845 pallium
2240 1793 2252 1843 ;
2280 1778 2510 1847 quando
2544 1778 2776 1831 libertas
2810 1778 2909 1832 illa
2940 1778 3243 1849 potissima
3271 1780 3527 1848 credidit,
3562 1780 3671 1834 sibi

1973 1869 2103 1917 ante
2147 1866 2527 1920 Christianam
2588 1867 2972 1922 humilitatem
3025 1869 3195 1922 licere
3241 1870 3397 1939 quod
3450 1871 3665 1940 voluit;

1974 1958 2074 2006 aut
2100 1955 2329 2025 quando
2364 1955 2416 2007 ei
2475 1955 2634 2009 licuit
2670 1956 2813 2010 velle
2873 1958 3024 2028 quod
3077 1958 3356 2013 laederet?
3404 1958 3567 2023 Quod
3624 1960 3672 2013 si

1971 2040 2124 2095 inter
2154 2042 2276 2097 haec
2306 2060 2462 2097 canae
2485 2045 2670 2098 inlatis
2693 2048 2951 2116 exempla
2994 2047 3341 2114 recolantur,
3388 2052 3444 2102 et
3502 2048 3671 2101 saevi-

1971 2126 2109 2181 tiam
2146 2128 2294 2182 circa
2325 2130 2570 2183 cultores
2605 2132 2704 2184 Dei
2768 2132 3121 2202 tyrannicam
3157 2134 3394 2187 reducas
3448 2134 3508 2188 in
3552 2151 3669 2189 me-

1972 2216 2151 2284 dium,
2188 2218 2398 2272 scimus
2420 2220 2556 2290 quia
2585 2220 2659 2274 ab
2692 2220 2803 2274 illis
2825 2222 3004 2274 nostri
3028 2222 3310 2292 dogmatis
3341 2228 3663 2293 sectatores,

1972 2323 2043 2359 ne
2069 2323 2320 2377 unquam
2349 2313 2732 2377 morerentur,
2779 2311 2946 2363 occisi
2998 2316 3148 2365 sunt.
3181 2313 3335 2367 Tunc
3390 2313 3669 2368 militibus

1970 2395 2099 2473 suis
2120 2397 2313 2465 vitam,
2347 2398 3110 2469 mternititemmbsequente
3141 2400 3332 2471 gladio
3352 2406 3666 2472 perpetuus

1970 2484 2068 2538 ille
2099 2476 2210 2539 dux
2240 2486 2496 2541 contulit.
2530 2488 2619 2541 llli
2645 2487 3016 2541 inimicorum
3065 2506 3300 2544 suorum
3343 2491 3665 2546 ministerio

1971 2573 2347 2643 perdiderunt
2381 2575 2757 2644 originariam
2787 2575 3083 2631 vilitatem.
3128 2580 3222 2647 Te,
3281 2580 3359 2632 mi
3411 2580 3661 2649 domine,

1970 2662 2032 2716 in
2062 2663 2198 2717 orbe
2221 2663 2345 2733 jam
2378 2664 2699 2719 Christiano
2725 2665 2855 2720 diva
2876 2667 2961 2720 lex
2991 2667 3233 2738 peperit,
3262 2667 3339 2739 {et
3369 2670 3664 2740 apostolici

1972 2752 2165 2806 uberis
2195 2752 2340 2807 lacte
2372 2754 2614 2808 nutrivit
2644 2759 2753 2824 :ltu
2783 2759 3018 2809 caeteros
3048 2757 3203 2811 velut
3260 2756 3395 2811 solis
3439 2758 3664 2830 magni-

1972 2841 2112 2894 tudo
2161 2842 2325 2895 astris
2374 2841 2694 2895 minoribus
2741 2849 3068 2913 comparata
3116 2847 3529 2916 transgrederis
3563 2865 3575 2902 :
3608 2853 3663 2903 te

1974 2929 2073 2999 qui
2094 2930 2385 2984 interioris
2416 2931 2668 2984 hominis
2690 2932 2867 2985 oculis
2899 2934 3165 3003 inspexit,
3226 2936 3537 2990 instructus
3568 2942 3669 2991 est.

1905 3054 1945 3109 C
1975 3020 2116 3072 Nam
2143 3022 2198 3071 et
2228 3034 2359 3072 cum
2384 3018 2526 3072 facie
2559 3019 2681 3089 ipsa
2720 3020 2909 3074 foveas
2941 3021 3270 3091 puritatem,
3331 3024 3671 3095 delinquen-

1978 3111 2061 3161 tes
2091 3107 2291 3161 feriato
2317 3124 2414 3162 ore
2453 3108 2713 3178 castigas.
2768 3110 2909 3163 Boni
2951 3110 3021 3164 de
3078 3112 3507 3168 conversatione
3550 3119 3668 3181 tua,

1978 3213 2321 3268 quocunque
2354 3197 2721 3268 processeris,
2762 3198 3041 3254 imitanda
3100 3200 3443 3255 inveniunt:
3507 3204 3672 3257 malis

1975 3286 2251 3357 fugienda
2295 3286 2785 3342 demonstrantur.
2844 3290 3049 3344 Beatus
3092 3294 3176 3358 tu,
3228 3292 3369 3345 cuia
3409 3294 3526 3347 Deo
3576 3294 3672 3348 tri-

1973 3375 2179 3431 butum
2213 3381 2297 3431 est
2341 3382 2405 3431 ut
2448 3377 2679 3431 monitis
2739 3378 2942 3432 doceas
2995 3383 3052 3433 et
3097 3381 3421 3451 exemplis:
3471 3382 3571 3453 qui
3600 3384 3670 3437 ad

1975 3464 2058 3534 pii
2096 3464 2318 3519 itineris
2348 3466 2629 3520 directum
2662 3482 2889 3537 semper
2936 3466 3180 3522 existens
3235 3469 3485 3539 pravius
3524 3471 3668 3525 invi-

1977 3552 2295 3624 tastizquis
2330 3569 2443 3606 non
2495 3556 2673 3624 optet,
2725 3558 2780 3607 te
2829 3555 3119 3625 loquente,
3176 3560 3237 3609 ut
3286 3558 3424 3611 sciat
3478 3558 3667 3627 plura,

1976 3657 2093 3695 non
2124 3642 2315 3711 legere
2334 3641 2362 3694 ?
2391 3643 2473 3696 Tu
2490 3641 2628 3695 dum
2649 3642 2809 3697 libris
2822 3644 3057 3714 genium
3086 3645 3363 3701 relatione
3380 3647 3669 3714 concilias,

1976 3734 2034 3784 et
2078 3731 2385 3800 magistros
2440 3731 2756 3786 informas:
2806 3732 2911 3787 tibi
2968 3733 3137 3788 debet
3194 3735 3521 3808 quicunque
3573 3738 3671 3792 ille

1975 3818 2316 3888 scriptorum
2365 3819 2668 3887 maximus,
2715 3820 2873 3890 quod
2946 3838 3080 3877 eum
3147 3823 3277 3878 dote
3331 3826 3671 3881 elocutionis

1976 3908 2310 3977 ampliﬁcas.
2354 3909 2414 3961 In
2466 3914 2519 3963 te
2579 3908 2676 3963 lux
2706 3911 2974 3965 convenit
3030 3912 3314 3967 sermonis
3370 3919 3425 3969 et
3461 3916 3667 3985 operis.

1977 3996 2135 4051 Unde
2176 3997 2297 4050 haec
2325 3998 2709 4067 prterogativa
2740 4000 3179 4071 Transalpinis?
3200 4003 3353 4057 unde
3408 4004 3673 4074 parenti-

1974 4085 2080 4140 bus
2100 4084 2241 4138 meis
2270 4085 2625 4156 inauspicata
2672 4087 3012 4155 sublimitas,
3040 4094 3101 4144 ut
3127 4091 3299 4145 talem
3328 4092 3517 4148 virum
3559 4094 3669 4146 mi-

1976 4174 2193 4229 serint?
2224 4174 2333 4228 Sed
2363 4190 2465 4227 cur
2496 4174 2646 4229 inter
2678 4182 2905 4232 terrena
2934 4179 3213 4249 quaeritur
3236 4196 3324 4234 res
3377 4182 3621 4236 caelestis
3641 4182 3670 4236 ‘I

1976 4263 2166 4317 Potuit
2191 4279 2325 4334 ergo
2356 4267 2485 4317 ante
2516 4269 2571 4318 te
2603 4250 2875 4335 quodibet
2899 4267 3097 4337 palatii
3127 4270 3495 4339 supercilium
3554 4286 3670 4323 non

1971 4352 2159 4422 jacere
2179 4352 2206 4406 ‘?
2240 4352 2431 4423 potuit
2459 4353 2565 4407 tibi
2595 4354 2787 4424 cupita
2816 4356 3361 4428 subtrahere,quem
3381 4358 3667 4412 mitiorem

1903 4425 1947 4478 Ῑ)
1978 4440 2175 4495 ovibus
2206 4441 2328 4494 sola
2352 4440 2569 4495 faciunt
2611 4447 2798 4496 errata
2849 4425 3224 4513 pugnacem‘f
3255 4445 3445 4499 Latius
3494 4461 3584 4502 me
3615 4450 3671 4501 et

1975 4529 2251 4583 meritum
2288 4534 2540 4584 vestrum
2572 4536 2737 4585 vocat
2766 4535 2823 4585 et
2842 4531 3139 4601 diligentia
3171 4549 3184 4587 :
3226 4534 3323 4588 sed
3359 4534 3669 4605 loquacita-

1973 4624 2090 4673 tem
2123 4636 2313 4675 meam
2344 4622 2429 4675 lex
2462 4620 2781 4692 epistolaris
2831 4621 3093 4677 includit.
3165 4623 3327 4687 Quod
3388 4630 3667 4695 superest,

1972 4708 2211 4781 benigni
2258 4710 2539 4765 ssrvitutis
2581 4727 2722 4765 mea:
2769 4726 2982 4767 munus
3039 4712 3297 4783 accipite,
3330 4717 3386 4769 et
3411 4729 3502 4768 me
3556 4716 3671 4769 Deo

1975 4855 2035 4909 in
2056 4854 2207 4909 Surii
2241 4853 2488 4908 editione
2520 4852 2897 4921 desideratur,
2932 4854 2994 4908 in
3041 4854 3094 4909 S.
3130 4856 3355 4910 Martini
3410 4859 3670 4913 caanobio

1974 4926 2279 4980 Parisiensi
2306 4925 2574 5001 vidimus,
2610 4925 2677 5001 de
2710 4926 3003 4979 miraculis
3043 4926 3095 4981 S.
3125 4927 3370 5001 _Caas_arii
3417 4930 3668 5001 ejusque

1974 4998 2135 5071 obitu
2168 4996 2585 5071 compositum:
2619 4997 2678 5071 in
2708 5013 2825 5071 quo
2849 5002 3060 5071 printer
3087 4997 3200 5051 alia
3244 4996 3532 5054 Liberium
3572 4996 3672 5071 pa-

1972 5068 2199 5122 tricium
2231 5072 2443 5133 narrat,
2472 5066 2672 5121 lethali
2705 5067 2917 5121 lancea:
2940 5068 3173 5122 vulnere
3202 5071 3527 5124 confossum
3572 5066 3671 5125 ac-

2014 5156 2120 5193 ene
2143 5138 2484 5205 exanimem,
2519 5139 2749 5191 admota
2771 5139 2999 5192 Caesarii
3020 5144 3172 5192 veste
3187 5146 3447 5193 curatum
3464 5142 3664 5197 fuisse.

2020 5212 2153 5264 ariae
2180 5214 2711 5282 praetereaexstant
2741 5209 3079 5282 pontiﬁcum
3110 5211 3503 5265 Romanorum
3554 5213 3670 5282 epi-

1973 5283 2129 5336 stolae
2161 5282 2232 5353 ad
2274 5281 2599 5353 Caesarium.
2652 5282 2712 5334 In
2771 5280 3218 5353 quibusietiilla
3258 5282 3479 5348 Felicis,
3537 5280 3667 5353 quae

1972 5353 2125 5406 viros
2175 5352 2369 5406 doctos
2418 5352 2627 5407 frustra
2674 5351 2929 5406 exercuit
2967 5352 3038 5405 ob
3090 5352 3377 5421 deprvatae
3420 5351 3666 5409 subscri-

1971 5424 2184 5494 ptionis
2213 5423 2617 5493 suspicionem,
2650 5423 2811 5493 quasi
2835 5424 2895 5477 P.
2939 5423 2999 5477 C.
3051 5423 3231 5494 Boetii
3274 5423 3483 5494 scripta
3525 5426 3674 5481 dica-

1973 5493 2067 5549 tur
2100 5511 2113 5548 :
2145 5511 2277 5549 cum
2313 5494 2660 5566 Arelatensis
2694 5494 2869 5566 codex
2913 5508 2981 5546 ex
3035 5509 3149 5564 quo
3189 5493 3529 5566 deprompta
3562 5504 3667 5559 est,

1975 5566 2181 5620 diserte
2238 5565 2471 5640 habeat.
2511 5568 2571 5640 Ρ.
2628 5565 3013 5640 -Μ-ᾼΒβιιῃρ
3073 5580 3175 5618 seu
3230 5565 3508 5640 Mavortii,
3570 5570 3671 5640 qui

1975 5653 2161 5693 annus
2190 5642 2313 5693 erat
2344 5636 2555 5692 Christi
2586 5638 2686 5691 528
2714 5635 2913 5691 Felicis
2936 5636 3007 5690 1V
3036 5651 3205 5708 papae
3238 5639 3541 5695 secundus.
