4054 6176
404 256 509 307 167

1610 248 1899 303 ENNODII
1940 247 2253 304 EPISCOPI
2290 248 2685 305 TICINENSIS
3763 258 3843 309 168

403 391 595 441 nostro
622 385 947 441 orationum
986 383 1268 454 suffragiis
1320 383 1598 450 intimate,
1639 382 1971 453 frequenter
2022 383 2091 437 de
2130 385 2175 437 Α
2206 382 2451 449 efﬁcere,
2484 388 2541 437 et
2579 381 2803 437 homini
2848 380 3026 452 ipsius
3069 380 3285 435 classici
3332 380 3492 435 illum
3521 381 3587 436 de
3632 398 3734 454 quo
3775 402 3844 439 se-

402 476 488 530 his
519 493 645 547 quin
668 475 963 529 vobiscum
990 480 1239 545 aguntur
1263 473 1345 526 vel
1370 477 1490 525 acta
1514 477 1664 539 sunt,
1690 472 2084 525 informantes.

407 567 688 635 Deprecor
718 565 889 619 etiam
946 569 1012 617 ut
1058 562 1195 634 quid
1244 562 1391 632 apud
1440 578 1536 614 vos
1566 563 1915 631 promoverit
1949 563 2089 615 Rus-

402 655 497 708 tici
532 654 897 726 supplicatio,
956 654 1075 721 qui,
1120 656 1397 722 quantum
1454 652 1641 717 audio,
1686 651 2091 705 fornicationes

402 760 532 797 suas
557 744 790 797 nomine
822 741 986 795 vestit
1018 757 1286 808 uxorum,
1313 745 1369 794 et
1406 741 1678 795 vocabulo
1730 740 1869 810 legis
1928 744 2090 811 putat

401 833 657 886 excusari
687 848 851 902 posse
880 846 1000 884 rem
1039 830 1319 897 criminis,
1350 831 1493 884 mihi
1534 830 1860 884 manifestes
1918 830 2089 884 mini-

399 922 571 976 sterio
602 921 945 975 litterarum.

944 1006 1283 1062 EPISTULA
1321 1006 1537 1060 XXXIV.

921 1111 1247 1151 ENNODIUS
1292 1110 1555 1150 AVlENO.

466 1185 571 1240 Ubi
601 1190 752 1252 sunt,
803 1185 902 1256 qui
949 1186 1147 1239 dicunt
1192 1185 1344 1237 inter
1400 1182 1754 1238 habitatidne
1815 1183 2088 1238 discretos

392 1274 749 1345 diligentiam
773 1292 888 1328 non
919 1275 1147 1340 durare,
1182 1279 1238 1327 et
1263 1274 1580 1327 affectionis
1610 1273 1856 1327 calorem
1905 1279 2085 1328 terra-

393 1380 518 1418 rum
578 1364 857 1422 divisione
918 1368 1229 1433 tepescere,
1309 1379 1415 1417 nec
1482 1363 1710 1433 longius
1778 1364 2087 1432 procedere

392 1459 614 1507 mentes
645 1470 833 1523 posse,
870 1469 1041 1523 quam
1075 1453 1271 1506 oculos
1293 1453 1320 1507 ?
1347 1454 1485 1506 Ecce
1521 1452 1731 1506 amoris
1765 1453 1878 1506 mei
1911 1453 2089 1523 pleni-

392 1542 530 1596 tudo
566 1542 838 1595 violentia
868 1541 1341 1607 sequestrationis
1376 1546 1665 1603 exaestuat,
1719 1547 1777 1595 et
1820 1542 2089 1612 colloquii

393 1631 676 1684 medicina
706 1630 1031 1701 languidior
1089 1630 1339 1701 corporis
1388 1630 1617 1684 sedibus
1672 1648 1785 1685 non
1835 1636 2083 1685 tenetur.

2202 489 2371 527 curus
2398 489 2543 540 sum,
2583 474 2595 506 ¹
2632 477 2791 544 grate
2819 472 3077 525 animum
3112 471 3459 524 condonare.

2764 560 3093 614 EPISTOLA
3133 559 3340 614 XXXV.

2698 647 3021 686 ENNODIFS
3070 646 3400 685 MESSALE.

2273 721 2842 791 Solentinauspicata
2868 720 3131 774 felicitate
3177 720 3549 792 superbarum
3608 722 3850 775 mentium

2199 810 2344 863 colla
2373 811 2725 877 mollescere,
2761 814 2816 863 et
2856 809 3146 878 rigidioris
3185 810 3463 879 propositi
3495 826 3634 862 novo
3674 811 3852 879 gaudio

2199 898 2849 970 supercilia'temperari.
2869 900 3007 953 Nam
3024 898 3058 951 b
3072 898 3444 967 anignitatem
3469 899 3853 969 seminatquid-

2199 988 2334 1059 quid
2366 988 2515 1042 votis
2540 987 2892 1059 obsequitur,
2934 1004 3038 1041 nec
3066 988 3192 1057 plus
3224 987 3440 1058 aliquid
3474 987 3730 1041 humiliat
3767 1005 3855 1058 po-

2198 1077 2447 1132 tissimos
2480 1094 2652 1148 quam
2683 1082 2874 1148 optata
2910 1077 3248 1131 sublimitas.
3306 1077 3589 1130 indicium
3640 1094 3858 1132 commu-

2200 1166 2390 1220 nionis
2435 1172 2487 1221 et
2544 1167 2806 1237 obsequii
2863 1172 2968 1233 est,
2998 1166 3068 1219 ad
3131 1166 3350 1236 apicem
3423 1166 3751 1236 pervenisse.
3793 1168 3857 1220 Tu

2198 1260 2501 1327 postquam
2536 1257 2605 1309 ad
2633 1256 2823 1325 cupita
2852 1260 3155 1325 provectus
3187 1271 3264 1320 es,
3316 1255 3580 1326 ignorato
3621 1256 3862 1309 hactenus

2200 1349 2423 1400 tumore
2450 1362 2539 1399 me
2570 1345 2810 1416 despicis
2844 1362 2856 1399 :
2900 1350 2955 1399 et
2987 1344 3125 1415 quid
3161 1343 3424 1398 in.melle
3482 1349 3582 1398 tuo
3629 1345 3863 1415 respicias

2201 1436 2433 1499 oblitus,
2467 1437 2535 1488 de
2570 1436 2688 1488 sola
2710 1434 2919 1488 amicos
2962 1439 3182 1487 veteres
3234 1434 3443 1487 futurm
3498 1433 3685 1487 uxoris
3741 1451 3861 1504 opu-

2202 1525 2375 1578 lentia
2415 1523 2751 1588 contemnis,
2819 1524 3076 1577 nesciens
3150 1523 3431 1575 sarcinam
3492 1524 3681 1576 venire
3736 1524 3862 1576 unde

2200 1615 2446 1667 aestimas
2478 1629 2799 1667 commeare
2822 1630 2941 1666 rem
2975 1612 3200 1683 praemii
3232 1632 3247 1665 :
3276 1613 3528 1682 primum
3563 1612 3710 1682 quod
3762 1628 3864 1665 mo-

396 1720 575 1772 Deum
615 1724 808 1773 tamen
840 1719 1129 1790 qui,circa
1167 1736 1263 1773 vos
1294 1719 1543 1790 respexit
1575 1723 1702 1773 vota
1739 1724 1950 1787 nostra,
1988 1719 2086 1772 be-
2127 1695 2169 1750 Β
2199 1704 2371 1757 bilem
2397 1720 2517 1756 esse
2557 1719 2673 1755 non
2724 1704 2904 1767 decet,
2957 1702 3055 1772 qui
3086 1702 3325 1771 originis
3358 1718 3475 1755 sua:
3537 1701 3717 1755 radios
3773 1718 3865 1753 non

392 1810 611 1876 nedico,
640 1810 739 1879 qui
772 1826 869 1862 vos
900 1825 1014 1863 non
1033 1811 1215 1862 solum
1250 1810 1445 1874 nobili,
1467 1809 1584 1876 sed,
1622 1814 1899 1879 quantum
1933 1808 2088 1862 fama

396 1899 644 1963 nuntiat,
699 1902 893 1952 sancta
963 1898 1220 1952 moribus
1295 1914 1469 1951 uxore
1531 1898 1782 1955 donavit.
1833 1900 2089 1953 Cultores

390 1986 597 2041 Christi
640 1987 891 2057 perfecta
942 1987 1137 2041 omnia
1174 1992 1603 2057 promerentur,
1647 1987 1783 2057 ipsis
1839 1988 1973 2041 solis
2031 1988 2090 2042 in

390 2076 813 2145 conjunctione,
849 2092 1045 2147 opum,
1078 2077 1358 2130 mentium
1400 2083 1455 2130 et
1512 2077 1807 2147 sanguinis
1864 2078 2090 2131 claritas

394 2182 505 2219 non
540 2170 799 2237 negatur.
842 2166 967 2236 Ipse
1042 2166 1443 2237 praecipiebam
1506 2166 1655 2237 quod
1710 2166 1892 2236 possit
1957 2166 2089 2219 talis

391 2253 560 2318 eftici,
599 2256 827 2326 qualem
860 2255 927 2308 ad
960 2259 1015 2309 te
1039 2255 1210 2309 audio
1235 2255 1357 2325 jam
1388 2256 1629 2310 venisse.
1678 2254 1902 2309 Transit
1935 2255 2087 2309 aesti-

393 2343 700 2397 mationem
728 2360 915 2397 meam
948 2344 1085 2414 quid
1112 2346 1181 2398 de
1208 2345 1331 2414 ejus
1354 2345 1607 2399 hominis
1642 2346 1895 2416 profectu
1949 2361 2087 2398 sen—

389 2432 548 2499 tiam,
579 2450 749 2504 quem
778 2434 949 2487 audio
984 2433 1052 2487 ab
1081 2434 1311 2504 optimis
1332 2435 1651 2488 inchoasse.
1695 2435 1935 2489 Domine
1980 2434 2081 2502 mi,

390 2522 632 2593 gratiam
668 2523 1025 2579 salutationis
1059 2522 1417 2593 impertiens,
1459 2540 1624 2595 spero
1654 2529 1717 2577 ut
1743 2524 2084 2594 petitionem

391 2612 565 2665 sancti
589 2612 839 2683 episcopi
893 2612 1072 2683 patris
1106 2612 1283 2664 vestri
1317 2612 1635 2681 dignemini
1689 2612 2086 2666 incunctanter

1276 2895 1716 2997 MAGNI
1796 2895 2342 2998 FELICIS
2410 2894 3014 2999 ENNODII

2197 1793 2501 1847 obumbrat
2530 1810 2541 1846 :
2568 1792 2794 1853 deinde,
2830 1792 2965 1861 quia
2987 1792 3137 1845 unde
3185 1790 3489 1860 despicior,
3545 1790 3863 1845 vindicabor.

2200 1884 2344 1952 Ergo
2377 1883 2443 1935 ad
2488 1898 2653 1935 usum
2706 1881 3102 1950 promissionis
3152 1881 3397 1951 benigne
3446 1884 3749 1945 revertere,
3809 1896 3869 1932 ne

2196 1972 2395 2024 videar
2426 1971 2727 2025 manifesta
2759 1970 3101 2040 suspicatus.
3139 1971 3275 2040 Ego,
3324 1969 3457 2039 quia
3503 1969 3770 2021 hactenus
3813 1967 3871 2020 ab

2201 2060 2523 2130 scriptionis
2556 2075 2795 2113 munere
2826 2059 3207 2129 temperastis,
3251 2060 3308 2111 in
3367 2058 3488 2111 haec
3542 2056 3714 2111 verba
3757 2073 3871 2127 pro-

2197 2150 2328 2220 rupi
2365 2177 2374 2203 :
2411 2166 2510 2202 vos
2542 2153 2640 2202 aut
2671 2150 2882 2202 factum
2913 2150 3153 2215 diluere,
3188 2153 3283 2201 aut
3310 2148 3602 2200 afﬁrmare
3634 2148 3872 2200 innocen-

2196 2239 2333 2291 tiam
2362 2240 2626 2291 convenit
2650 2238 2945 2292 nobilitate
2978 2237 3276 2291 sermonis.
3315 2237 3555 2290 Domine
3608 2236 3704 2302 mi,
3747 2236 3872 2289 salu-

2195 2327 2430 2381 tationis
2461 2328 2812 2396 plenissimae
2846 2326 3034 2379 ofticia
3064 2327 3412 2396 persolvens,
3456 2341 3629 2394 spero
3679 2330 3741 2378 ut
3770 2324 3871 2394 'qui

2195 2415 2532 2485 diligentem
2567 2414 2888 2486 neglexisti,
2922 2415 3121 2468 saltem
3164 2413 3432 2484 alloquiis
3457 2413 3635 2467 facias
3658 2412 3871 2483 dignum

2196 2509 2555 2575 arguentem.

2266 2612 2285 2644 ¹
2318 2611 2506 2665 Scliot.
2520 2652 2533 2679 ,
2564 2609 2783 2682 gratiae.

2904 2786 3187 2793 ____———.

931 3086 1956 3233 OPUSGULA
2068 3087 3043 3232 MISCELLA

1514 3450 2215 3539 OPUSCULUM
2274 3451 2762 3539 PRIMUM.

849 3638 864 3670 ¹
912 3643 1505 3708 PANEGYRIGUS
1546 3646 1846 3707 DICTUS
1892 3646 2563 3711 CLEMENTISSIMO
2603 3649 2803 3712 REGI
2830 3639 2854 3675 ²
2897 3649 3441 3711 THEODERICO.

458 3823 945 3896 lllum,princeps
976 3822 1338 3890 venerabilis,
1370 3822 1430 3876 in
1462 3822 1726 3877 laudibus
1783 3822 1898 3877 tuis
1949 3799 2083 3893 pro-
2122 3829 2161 3882 C
2193 3839 2357 3893 posse
2433 3824 2874 3879 transcendere:
2952 3824 3061 3879 erit
3117 3823 3559 3894 dispensationis
3600 3840 3781 3878 sacra:
3827 3825 3891 3878 de

391 3915 603 3970 scribat
626 3913 923 3985 professio,
949 3913 1169 3967 illuma
1220 3912 1519 3983 praeconiis
1567 3912 1847 3983 propositi
1905 3913 2086 3984 repel-

388 4005 469 4059 lat
491 4002 887 4070 consideratio,
915 4018 1088 4073 quem
1120 4019 1151 4054 a
1174 4002 1509 4057 defensione
1535 4007 1634 4055 tua
1663 4001 1900 4073 aliquod
1951 4003 2082 4056 sub-

390 4094 563 4149 traxit
590 4093 860 4147 ofﬁcium.
882 4092 1171 4147 Refundat
1195 4091 1309 4144 'tibi
1336 4092 1678 4162 generalitas
1700 4092 1871 4145 rebus
1934 4092 2085 4144 obli—

390 4189 520 4256 gata
534 4198 883 4250 sermonem,
908 4182 1047 4236 dum
1078 4181 1379 4252 inaequalis
1409 4181 1738 4235 vicissitudo
1754 4181 2087 4249 compensat

346 4286 355 4289 ‘
390 4274 658 4329 laudibus
682 4272 835 4344 quod
857 4272 1061 4343 adepta
1074 4271 1238 4324 estde
1257 4269 1484 4324 sudore.
1501 4269 1689 4323 Armis
1713 4270 1826 4323 tuis
1855 4269 2084 4322 libertas

388 4364 651 4431 obnoxia,
678 4364 829 4435 quod
863 4362 1047 4417 solum
1080 4364 1283 4432 potest,
1319 4359 1673 4414 hilaritatem
1705 4357 1930 4426 {didicit
1984 4373 2087 4410 an-

390 4455 662 4508 nuntiare
714 4452 1037 4524 praeconiis.
1092 4452 1278 4505 Tuum
1334 4454 1438 4517 est,
1512 4448 1741 4517 inclyte,
1798 4446 2084 4500 devotioni

392 4543 644 4612 pretium
679 4542 834 4609 dare,
870 4558 1042 4613 quam
1073 4540 1348 4610 intelligis
1378 4538 1526 4591 vires
1567 4536 1927 4589 subditorum
1966 4552 2083 4589 non

468 4682 483 4715 ¹
519 4682 941 4752 Panegyricus]
970 4682 1353 4753 Panegyricus
1385 4680 1481 4734 ubi
1503 4682 1601 4733 aut
1632 4678 1857 4753 quando
1898 4677 2083 4733 dictus

394 4752 468 4805 sit
506 4753 578 4805 ab
620 4751 1452 4819 Ennodio,’aaqueiincertum
1516 4756 1619 4805 est.
1677 4751 1795 4804 Hoc
1840 4756 2078 4819 constat,

392 4824 586 4878 Roma!
604 4822 819 4875 dictum
864 4839 980 4875 non
1011 4820 1205 4890 fuisse,
1243 4840 1373 4878 cum
1404 4826 1646 4878 Romam
1678 4827 1740 4875 ut
1787 4820 2079 4875 absentem

396 4896 744 4965 alloquatur.
774 4893 1072 4965 Mediolani
1106 4896 1468 4961 crediderim,
1529 4900 1628 4947 aut
1668 4894 1969 4948 Ravennae.
1994 4964 1997 4965 ν
2025 4893 2081 4947 Si

392 4962 846 5037 ergo-Mediolani
873 4964 1088 5037 dictum
1117 4966 1317 5037 placet,
1366 4972 1667 5036 exceptum
1724 4966 1829 5018 hac
1874 4964 2080 5018 lauda-

390 5034 544 5092 tio‘ne
567 5035 967 5105 adventantem
990 5034 1400 5090 Theodericum
1458 5034 1763 5092 dicendum
1812 5040 1915 5100 est,
1967 5052 2081 5105 quo

2192 3912 2422 3965 famulis
2455 3913 2738 3967 aestimare
2787 3913 2925 3984 quid
2975 3913 3190 3983 exigas,
3241 3914 3301 3967 in
3333 3913 3542 3984 quibus
3596 3914 3892 3984 cognoscis

2192 4005 2375 4055 totum
2411 4002 2514 4056 tibi
2542 4002 2788 4057 militare
2818 4004 2969 4074 quod
2999 4004 3341 4074 :praevalent.
3394 4002 3647 4073 Propriis
3716 4004 3893 4073 maje-

2192 4093 2303 4142 stas
2350 4094 2449 4143 tua
2499 4091 2846 4145 oblationem
2884 4092 3222 4146 litterariam
3263 4092 3533 4162 dignetur
3562 4092 3842 4146 altaribus
3877 4108 3889 4146 :

2192 4178 2330 4249 quia
2368 4195 2439 4233 ne
2460 4184 2716 4234 senescat
2736 4181 3014 4235 claritudo
3059 4198 3322 4252 operum,
3371 4182 3703 4236 advocanda
3765 4187 3895 4236 sunt

2192 4267 2526 4337 linguarum
2557 4270 2869 4325 exercitia:
2922 4270 3061 4341 quid
3111 4273 3314 4342 egeris,
3372 4287 3442 4324 ne
3486 4275 3737 4324 vetustas
3790 4272 3895 4325 sibi

2192 4357 2466 4428 vindicet,
2494 4359 2707 4431 obliget
2749 4364 2949 4414 catena
3003 4360 3394 4415 referentum:
3452 4360 3895 4430 disciplinarum

2192 4446 2346 4502 enim
2380 4448 2633 4519 quietem
2664 4466 2762 4504 vos
2792 4450 3072 4517 tribuetis,
3104 4466 3205 4521 per
3243 4467 3384 4521 quas
3416 4448 3574 4503 vobis
3594 4451 3897 4521 continget

2192 4539 2500 4592 aeternitas.
2534 4539 2685 4593 Nihil
2715 4539 2960 4611 amplius
2991 4540 3237 4593 caelestis
3284 4540 3643 4610 dispensator
3697 4540 3898 4594 arcani

2190 4680 2437 4755 Ennodii
2467 4681 2667 4753 quain
2690 4682 2943 4754 antiquis
2998 4683 3416 4754 exemplaribus
3463 4683 3686 4755 digesta
3733 4688 3895 4750 sunt,

2188 4752 2369 4805 facilis
2397 4752 2499 4805 est
2525 4752 2853 4823 conjectura
2908 4752 3317 4825 panegyricum
3356 4756 3508 4809 hunc
3536 4752 3607 4808 in
3666 4771 3897 4810 annum

2192 4826 2292 4876 507
2318 4825 2403 4876 vel
2434 4827 2535 4878 508
2566 4826 2771 4894 conjici
2802 4832 3087 4895 oportere.

2258 4895 2670 4968 fTheoderico]
2737 4897 2877 4967 Regi
2932 4898 3133 4951 Italiae.
3189 4897 3688 4966 Ostrogothorum,
3736 4899 3898 4953 “dum

2188 4965 2374 5019 adhuc
2430 4967 2488 5019 in
2534 4965 2845 5021 Pannoniis
2898 4974 3282 5033 versarentur,
3336 4965 3497 5035 reges
3577 4984 3643 5021 ex
3686 4972 3900 5024 Amata

2190 5038 2364 5107 stirpe
2397 5039 2657 5106 germani
2696 5044 2811 5092 tres
2842 5039 3093 5107 fuerunt,
3130 5042 3409 5107 Valamer,
3439 5040 3809 5095 Theodemer
3840 5049 3901 5095 et

389 5106 837 5190 moreliugduni
865 5122 898 5158 a
928 5104 1161 5190 §idonio
1186 5113 1459 5187 exceptus
1479 5109 1814 5190 est_poe_tico
1828 5104 2077 5190 panegy-
2114 5137 2158 5190 Ι)
2185 5104 2494 5190 ὶΥἱᾶθᾳιέξν.
2527 5110 3029 5190 Theodemerisex
3051 5104 3368 5190 concubina
3400 5104 3581 5190 titius
3636 5112 3754 5190 fuit
3805 5113 3900 5167 hic

394 5181 511 5235 rico
542 5178 901 5248 Majorianus.
934 5176 1032 5251 Sin
1076 5177 1383 5251 Ravenna},
1445 5180 1505 5231 in
1562 5176 1845 5251 legatione
1884 5179 2078 5251 aliqua

388 5252 847 5322 pronuntiatum,
898 5249 1127 5322 qualem
1168 5248 1259 5322 his
1297 5249 1565 5322 ‘fortass‘e
1621 5248 1808 5305 verbis
1864 5250 2081 5303 indicat

392 5316 703 5387 Ennodius,
736 5316 1173 5376 Nunc'ecclesia
1191 5316 1391 5389 dirigit
1409 5319 1776 5375 laudatorem.
1805 5322 1880 5375 De
1928 5325 2079 5374 tem-

388 5409 527 5464 pore
553 5394 659 5447 hoc
690 5394 862 5447 modo
887 5392 1173 5464 afﬁrmare
1211 5389 1360 5464 licet,
1404 5393 1892 5464 ante__(1_ethegum
1939 5408 2079 5445 con-

391 5460 594 5530 sulem,
622 5466 727 5518 hoc
757 5470 843 5518 est
880 5479 1095 5517 annum
1118 5460 1325 5518 Christi
1359 5462 1481 5525 504,
1515 5461 1626 5515 dici
1657 5460 1779 5515 non
1800 5464 2079 5532 potuisse,

391 5551 520 5590 cum
545 5536 614 5590 de
646 5540 872 5605 recepto
905 5534 1111 5590 Sirmio
1144 5533 1401 5598 disserat,
1453 5532 1605 5602 quod
1662 5532 1894 5603 Cethegi
1920 5551 2081 5588 rece—

390 5611 553 5679 ptum
577 5612 670 5679 est
701 5606 1019 5679 consulatu.
1052 5605 1164 5679 Sed
1192 5615 1248 5659 et
1266 5605 1380 5679 alia
1409 5607 1544 5658 sunt
1559 5618 1688 5674 quae
1708 5605 2083 5679 posteriorem

392 5673 714 5733 ostendant.
757 5677 921 5742 Quod
968 5678 1018 5731 si
1069 5676 1199 5749 quis
1251 5676 1393 5731 ordo
1442 5680 1527 5731 est
1566 5673 1629 5729 in
1658 5673 1805 5729 serie
1845 5691 2084 5745 operum

2185 5179 2588 5253 Theodericus,
2614 5184 2821 5253 consul
2849 5184 3196 5249 ordinarius,
3216 5190 3273 5237 et
3302 5182 3573 5253 magister
3636 5184 3901 5237 militum

2191 5250 2251 5303 in
2281 5251 2518 5304 Thracia
2542 5252 2646 5305 sub
2691 5255 2935 5319 Zenone,
2980 5272 3042 5308 ac
3088 5256 3317 5308 tandem
3357 5250 3457 5308 rex
3516 5254 3691 5307 Italiae
3727 5272 3741 5308 :
3804 5256 3903 5309 cui

2190 5321 2499 5375 Valameris
2560 5331 3004 5392 cognomentum
3062 5325 3262 5379 tribuit
3284 5324 3639 5379 Marcellinus
3696 5342 3905 5380 comes

2188 5392 2250 5467 in
2280 5393 2581 5467 Qhronico.
2618 5396 2862 5449 Malchus
2892 5414 3025 5450 vero
3046 5396 3310 5466 Sophista
3356 5396 3905 5467 [Philadelphiensis

2190 5464 2247 5516 in
2278 5464 2524 5538 Historia
2555 5467 2882 5535 Byzantina,
2934 5464 3241 5522 Valameris
3285 5464 3491 5534 ﬁlium,
3526 5464 3647 5522 sed'
3675 5484 3905 5538 perpe-

2191 5550 2334 5609 ram,
2371 5537 2646 5603 nominat,
2681 5554 2810 5592 cum
2834 5538 3286 5593 Theodemerem
3318 5540 3403 5594 illi
3434 5544 3656 5609 patrem
3678 5537 3905 5594 multis

2190 5606 2328 5659 locis
2376 5615 2591 5679 asserat
2639 5610 2959 5664 Jornaudes
2994 5610 3055 5665 in
3113 5612 3286 5667 rebus
3351 5606 3577 5679 Geticis,
3628 5611 3907 5666 Valame-

2192 5692 2429 5749 remque
2448 5677 2601 5733 illius
2611 5685 2885 5750 patruum
2918 5686 3099 5738 vocet.
