4060 6174
176 303 262 355 169

1168 296 1653 354 PANEGYRICUS
1690 296 2135 353 THEODERICO
2177 295 2340 350 REGI
2381 293 2657 352 DICTUS.

3568 297 3667 353 170

170 432 231 485 ab
260 430 533 485 humanis
575 430 757 501 poscit
804 428 1072 499 ingeniis,
1114 427 1225 481 nisi
1266 433 1329 481 ut
1368 428 1709 498 intelligant,
1746 442 1858 497 quo
1897 434 1943 484 A
1974 442 2141 479 nemo
2168 424 2551 496 indignationi
2581 430 2692 478 tua:
2723 424 2832 478 nisi
2865 424 3189 481 humilitate
3211 426 3530 482 subtractus
3553 434 3666 497 est;

166 522 349 574 veniat
396 524 627 574 auctore
683 519 840 590 quod
901 518 1150 586 sapiunt.
1204 520 1356 571 Inter
1412 505 1527 571 De'o
1576 517 1864 587 proximos

165 609 454 680 agnovisse
494 610 595 679 qui
642 608 929 679 praestitit,
980 606 1298 661 reddidisse
1352 610 1436 659 est
1466 605 1812 660 beneficium
1848 621 1860 659 :

166 699 305 768 quod
342 698 640 752 descendit
670 715 703 751 a
732 698 970 768 superis,
1006 697 1126 750 sola
1165 697 1514 767 hymnorum
1556 696 1687 748 licet
1718 709 1865 747 mer-

164 787 285 841 cede
329 788 517 841 taxari
569 804 581 841 ε
625 786 933 840 fabricator
980 786 1183 839 mundi
1234 785 1299 839 ad
1349 784 1573 855 potiora
1622 799 1865 837 munera

164 876 464 930 modulatis
514 876 790 929 invitatur
830 875 1091 945 eloquiis.
1146 874 1341 941 Dicite,
1380 874 1427 927 si
1467 890 1585 927 non
1638 871 1865 943 praemii

170 966 283 1019 loco
318 964 520 1035 Opifici
560 979 665 1017 suo
716 963 911 1033 lingua
941 962 1254 1016 blanditur.
1285 963 1574 1032 Iungitur,
1610 962 1766 1032 quod
1796 962 1865 1016 de

170 1053 413 1106 sacrario
462 1051 670 1105 mundi
719 1050 967 1120 pectoris
1016 1049 1269 1104 laudatio
1315 1050 1485 1105 debet
1531 1050 1867 1120 principalis

171 1142 399 1195 effluere
436 1157 586 1194 :nec
630 1142 815 1193 solum
861 1140 1078 1209 linguae
1129 1140 1373 1193 nitorem
1418 1141 1669 1210 postulat
1709 1156 1865 1193 com-

171 1230 514 1285 memoratio
548 1229 802 1283 numinis
832 1229 936 1295 tui,
968 1229 1118 1283 bono
1148 1229 1452 1282 asserenda
1482 1228 1863 1283 conscientiae.

173 1323 232 1374 In
260 1320 473 1373 divinis
514 1318 803 1388 obsequiis
848 1319 1049 1372 feriato
1081 1334 1179 1372 ore
1214 1317 1439 1389 peragit
1477 1334 1638 1373 mens
1669 1334 1870 1373 serena

176 1409 515 1463 sacrificium
561 1425 575 1461 :
622 1414 852 1462 actuum
902 1408 1158 1461 munitus
1207 1408 1483 1475 claritate,
1532 1407 1593 1461 in
1633 1406 1869 1462 aetherio

181 1499 328 1553 cultu
371 1498 552 1552 etiam
596 1502 790 1551 mutus
841 1498 1195 1568 obsequitur.
1249 1499 1393 1568 Ergo
1443 1500 1499 1551 et
1538 1514 1628 1550 me
1668 1497 1869 1550 titulus

180 1588 271 1658 qui
296 1587 528 1639 obstare
560 1585 892 1656 putabatur,
924 1585 1157 1653 invitat;
1190 1586 1412 1640 utinam
1443 1585 1710 1640 mundior
1740 1601 1871 1656 pro-

173 1676 330 1730 fessio
362 1675 581 1729 habeat
610 1674 977 1728 concordiam
1017 1692 1149 1729 cum
1189 1676 1439 1743 secretis,
1476 1691 1549 1729 ne
1577 1673 1873 1729 dissentiat

179 1765 450 1837 splendor
478 1764 669 1818 cordis
700 1781 730 1817 a
763 1779 1018 1834 corpore.

236 1855 396 1908 Salve
464 1870 639 1920 nunc,
696 1869 902 1923 regum
970 1853 1235 1920 maxime,
1286 1853 1349 1907 in
1404 1853 1565 1923 cujus
1614 1852 1873 1908 dominio

176 1959 431 2015 saporem
463 1960 635 1997 suum
665 1942 1038 2014 ingenuitatis
1066 1944 1224 2013 vigor
1253 1945 1501 2013 agnovit.
1543 1944 1724 2011 Salve,
1761 1947 1874 1997 sta-

177 2040 258 2088 tus
287 2033 631 2104 reipublicae
664 2049 677 2086 :
723 2048 856 2087 nam
890 2032 1049 2087 nefas
1074 2033 1184 2103 fest,
1221 2033 1527 2104 separatim
1558 2050 1591 2087 a
1622 2038 1675 2088 te
1705 2033 1876 2086 simul

177 2124 372 2177 collata
428 2138 689 2190 narrare,
738 2126 795 2176 et
823 2122 996 2176 unius
1039 2123 1191 2176 bona
1237 2122 1516 2192 temporis
1565 2123 1877 2176 verborum

182 2212 451 2266 divisione
499 2212 845 2266 discernere.
894 2211 951 2265 Si
993 2212 1145 2266 bella
1190 2212 1341 2282 regis
1391 2212 1507 2266 mei
1551 2228 1875 2278 numerem,

181 2306 255 2358 tot
280 2301 538 2365 invenio,
575 2304 716 2371 quot
764 2300 1091 2370 triumphos
1124 2316 1137 2355 :
1180 2300 1513 2370 congressui
1544 2305 1642 2355 tuo
1684 2301 1878 2354 nullus

180 2390 448 2455 hostium,
481 2390 596 2443 nisi
629 2388 730 2460 qui
756 2389 1020 2443 laudibus
1047 2389 1372 2457 adderetur,
1402 2389 1647 2444 occurrit
1680 2405 1693 2443 :
1728 2387 1879 2441 mili-

184 2481 309 2533 tavit
333 2480 597 2551 tropaeis,
634 2479 734 2549 qui
766 2478 977 2533 restitit
1007 2479 1291 2534 voluntati
1327 2496 1340 2534 :
1366 2496 1499 2533 nam
1530 2495 1759 2549 semper
1784 2481 1883 2532 aut

184 2570 371 2640 pietati
401 2576 520 2623 ture
572 2569 799 2640 peperit
840 2568 1129 2639 subjectus
1163 2570 1429 2639 gloriam,
1463 2575 1563 2623 aut
1596 2569 1696 2639 qui
1726 2584 1881 2638 prae-

184 2658 422 2729 sumpsit
446 2659 585 2724 tela,
616 2656 832 2712 virtuti.
860 2657 969 2720 Qui
993 2662 1048 2711 te
1070 2657 1130 2711 in
1161 2658 1277 2712 acie
1312 2658 1622 2728 conspexit,
1653 2672 1884 2726 supera-

185 2754 266 2802 tus
296 2754 417 2815 est;
455 2749 556 2820 qui
590 2748 650 2802 in
680 2764 839 2819 pace,
874 2748 953 2802 nil
988 2748 1219 2802 timuit:
1253 2764 1359 2803 nec
1379 2747 1686 2818 promissio
1719 2762 1883 2800 vene-

186 2838 375 2892 rabilis
424 2837 768 2892 claudicavit
818 2838 972 2891 inter
1024 2853 1341 2908 prospera;
1391 2853 1495 2892 nec
1547 2852 1748 2906 passus
1801 2838 1886 2889 est

188 2945 395 2982 moram
446 2928 616 2998 vigor
656 2927 715 2980 in
748 2927 981 2998 prmliis.
1017 2928 1184 2981 Callis
1223 2932 1354 2981 tuus
1408 2927 1589 2980 multo
1641 2926 1883 2980 vallatus

1971 531 2101 569 cum
2144 515 2205 569 in
2254 516 2539 569 sociorum
2589 514 2922 585 profecisset
2967 532 3230 584 numero,
3284 516 3381 587 qui
3425 518 3666 587 rogavit.

1975 606 2100 659 Non
2146 603 2249 659 tibi
2299 604 2527 675 ignotus
2577 607 2660 657 est
2708 605 2869 673 algor
2924 604 3209 675 Scythiae:
3262 622 3377 660 non
3418 607 3667 675 Meroen,

1974 699 2072 747 aut
2097 694 2366 747 anhelum
2402 694 2632 748 restibus
2665 694 2965 761 Cancrum,
3011 698 3073 748 ut
3113 695 3349 749 alterius
3378 712 3673 766 possessor

1974 782 2146 847 orbis,
2199 782 2475 853 ignoras:
2528 783 2773 837 didicisti
2826 783 3093 837 universa
3153 784 3493 855 subigendo,
3542 802 3672 858 quae

1972 873 2140 927 nobis
2160 872 2250 927 vix
2278 873 2478 927 auditu
2508 876 2840 942 patuerunt.
2871 874 2999 926 Haec
3030 872 3262 943 quidem
3287 874 3505 943 majora
3539 880 3674 931 sunt

1973 962 2258 1017 homine:
2310 962 2410 1016 sed
2458 961 2558 1033 qui
2610 962 2682 1015 ad
2733 960 2936 1015 mundi
2978 967 3216 1031 paratur
3257 963 3671 1033 gubernacula,

1974 1066 2203 1105 necesse
2237 1054 2321 1104 est
2350 1055 2414 1104 ut
2446 1050 2725 1103 universis
2770 1049 2963 1103 veniat
2993 1050 3322 1105 cardinibus
3352 1052 3671 1109 institutus.

1977 1140 2159 1195 Nimis
2188 1139 2459 1194 velociter
2509 1144 2737 1208 tempus
2789 1142 3031 1193 maturae
3075 1139 3262 1194 laudis
3308 1142 3573 1211 arripui:
3621 1149 3677 1198 et

1977 1230 2141 1301 quasi
2180 1245 2299 1283 non
2332 1228 2392 1282 in
2422 1227 2756 1299 primordiis
2785 1226 2993 1280 ﬂuvius
3021 1226 3195 1280 etiam
3219 1229 3490 1282 torrentis
3516 1229 3675 1283 fatis-

1978 1323 2066 1372 cat
2093 1318 2334 1388 ingenii,
2365 1318 2443 1371 sic
2462 1333 2567 1388 per
2589 1316 2932 1370 narrationis
2954 1315 3165 1370 famem
3188 1316 3382 1387 fruges
3412 1318 3674 1388 perfecta

1979 1407 2163 1461 atatis
2204 1407 2406 1461 invasi.
2459 1408 2805 1461 Laurearum
2837 1406 3066 1459 ordines
3096 1406 3321 1476 quaerit,
3361 1407 3461 1477 qui
3501 1412 3558 1461 et
3587 1424 3677 1461 ce-

1958 1497 2203 1557 leritate
2258 1512 2457 1551 earum
2507 1501 2812 1566 superatur
2855 1499 2911 1550 et
2973 1510 3236 1549 numero.
3289 1494 3469 1550 Citius
3526 1514 3557 1550 a
3600 1502 3674 1565 te,

1978 1585 2370 1653 invictissime,
2424 1586 2673 1654 insignia
2717 1602 2844 1657 quae
2892 1586 3201 1640 reteximus
3244 1585 3479 1657 impleta
3523 1591 3677 1654 sunt,

1984 1692 2155 1749 quam
2188 1675 2473 1729 dicantur.
2507 1675 2643 1739 Quis
2674 1675 2820 1729 ferat
2866 1675 2925 1729 in
2956 1679 3252 1745 gestorum
3284 1691 3521 1729 suorum
3557 1676 3682 1730 elo-

1982 1765 2213 1820 cutione
2243 1768 2557 1835 torporem,
2584 1752 2755 1835 quem
2785 1765 2844 1818 in
2877 1765 3097 1819 actione
3117 1776 3235 1820 n'on
3261 1764 3538 1837 pertulit?

2053 1856 2075 1889 ³
2116 1855 2387 1909 Educavit
2410 1858 2464 1909 te
2493 1854 2554 1907 in
2594 1853 2816 1924 gremio
2848 1853 3131 1907 civilitatis
3157 1854 3390 1921 Graecia,
3423 1869 3683 1925 praesaga

1982 1944 2210 1999 venturi
2252 1960 2266 1999 ε
2296 1959 2468 2015 quem
2494 1942 2575 1996 ita
2597 1944 2920 2012 ingressum
2952 1942 3081 1997 vitae
3112 1943 3289 1997 limen
3320 1944 3586 2011 erudivit,
3622 1947 3685 1996 ut

1984 2035 2121 2089 dum
2154 2034 2341 2088 adhuc
2380 2034 2448 2088 de
2477 2049 2655 2104 puero
2702 2032 2940 2086 haberet
2987 2032 3358 2099 hilaritatem,
3392 2049 3524 2086 mox
3555 2048 3684 2086 eam

1986 2128 2322 2195 sequeretur
2369 2123 2641 2177 securitas
2681 2122 2749 2176 de
2793 2126 3001 2176 tutore.
3047 2122 3247 2175 Adhuc
3277 2121 3338 2175 in
3368 2138 3509 2175 cano
3541 2121 3684 2175 ﬂore

1985 2216 2233 2285 degebas
2264 2214 2681 2281 adolescentire,
2731 2228 2835 2266 nec
2866 2212 3143 2266 virtutum
3181 2227 3426 2266 messem
3469 2212 3685 2266 lacteus

1988 2310 2118 2359 ante
2165 2304 2621 2375 experimentum
2652 2302 2873 2356 culmus
2904 2302 3174 2356 attulerat
3205 2317 3219 2355 :
3256 2301 3442 2355 adhuc
3472 2299 3686 2355 blanda

1988 2400 2108 2449 erat
2134 2395 2325 2465 imago
2376 2392 2758 2464 pubescentis,
2806 2408 2911 2446 nec
2941 2391 3177 2463 cingens
3224 2391 3431 2445 faciem
3469 2390 3685 2461 lanugo

1986 2484 2227 2538 vestibat
2258 2499 2271 2536 :
2307 2483 2537 2553 quando
2570 2481 2675 2535 asvi
2724 2497 2983 2551 purpura
3013 2485 3069 2534 et
3106 2480 3375 2535 ﬂosculus
3409 2496 3685 2551 superve-

1988 2573 2199 2628 nientis
2240 2571 2469 2642 imperii
2499 2570 2876 2641 promittebat
2920 2569 3174 2624 sollicitis
3205 2570 3273 2625 de
3301 2570 3498 2641 gratias
3530 2587 3687 2625 com-

1989 2662 2309 2716 mutatione
2340 2666 2638 2727 terrorem,
2681 2675 2813 2713 cum
2850 2659 2909 2713 in
2940 2659 3340 2730 probationem
3383 2659 3606 2714 roboris
3632 2665 3689 2714 et

1990 2750 2309 2806 clementia:
2336 2755 2449 2804 tua:
2480 2749 2661 2820 ruptis
2694 2748 2938 2803 vinculis
2962 2748 3122 2803 furor
3151 2747 3387 2803 emicuit
3417 2765 3430 2802 :
3466 2754 3521 2802 et
3550 2749 3688 2803 evis-

1991 2846 2210 2896 ceratas
2256 2840 2530 2894 diuturna
2582 2839 2777 2910 quiete
2822 2843 3046 2891 mentes
3116 2837 3428 2891 occasionis
3478 2837 3688 2907 pabulo

1993 2927 2338 2999 subjugavit.
2371 2931 2392 2965 ⁴
2422 2928 2590 2982 Pulsa
2621 2931 2707 2980 est
2737 2926 3020 2996 extemplo
3050 2925 3385 2996 principalis
3414 2926 3557 2979 urbe
3597 2941 3686 2978 re-

191 3016 498 3081 obstaculo,
533 3021 593 3069 et
623 3015 990 3086 quotidianas
1018 3016 1279 3070 victorias
1306 3016 1471 3085 vidit,
1503 3019 1558 3069 et
1585 3014 1885 3086 profectio-
1924 3043 1964 3098 ρ
1993 3018 2267 3084 verentia,
2316 3022 2373 3071 et
2415 3016 2475 3070 in
2521 3031 2756 3069 vacuam
2800 3015 3221 3086 possessionem
3269 3015 3429 3069 nullo
3480 3013 3689 3068 ascitus

192 3104 271 3157 nis
300 3105 650 3158 detrimenta
680 3120 798 3157 non
825 3103 1021 3157 attulit
1052 3121 1065 3157 :
1101 3103 1179 3157 sic
1207 3103 1575 3158 inimicorum
1605 3104 1881 3157 interclu—

190 3211 276 3247 sus
306 3194 661 3264 agminibus,
703 3197 768 3246 ut
810 3198 1049 3264 negaret
1086 3210 1372 3248 accessum
1411 3211 1423 3248 :
1460 3194 1538 3247 sic
1580 3199 1679 3248 tuo
1723 3198 1883 3265 pate-

193 3284 367 3336 factus
398 3283 675 3353 impulsu,
722 3282 885 3353 quasi
926 3283 1181 3336 hostium
1214 3284 1572 3353 providentia
1599 3284 1675 3337 nil
1708 3300 1886 3338 noce-

195 3376 295 3425 ret.
332 3372 465 3426 Hzec
515 3370 563 3423 si
610 3369 869 3425 felicitati
900 3376 1014 3425 tua:
1056 3372 1393 3426 ascribenda
1424 3376 1571 3437 sunt,
1604 3378 1691 3427 est
1714 3373 1887 3443 plena

194 3460 291 3513 dos
336 3459 661 3530 principis:
718 3460 875 3514 omni
928 3462 1150 3515 honore
1202 3462 1518 3531 angustior,
1578 3464 1625 3515 si
1682 3461 1886 3515 labori.

193 3551 377 3602 Prima
426 3548 647 3602 dextris
696 3550 961 3605 omnibus
1009 3554 1207 3604 contra
1254 3556 1520 3605 naturam
1578 3551 1891 3606 certamina

194 3639 534 3709 suscipiens,
570 3654 641 3691 ne
673 3639 975 3693 resistendi
1013 3656 1141 3710 spes
1172 3640 1594 3711 relinqueretur
1616 3640 1887 3708 inimicis,

189 3728 369 3781 varias
404 3727 515 3781 tibi
545 3726 675 3780 loco
716 3727 975 3798 principe
1010 3730 1137 3783 coeli
1172 3730 1343 3799 leges,
1390 3734 1675 3783 terrarum
1704 3729 1893 3784 muni-

191 3817 368 3883 mina,
414 3816 732 3870 ﬂuminum
777 3816 796 3849 ί
841 3817 1109 3887 superbia
1166 3818 1489 3872 subdidisti.
1539 3818 1790 3887 Mentior,
1845 3818 1894 3874 si.

192 3922 445 3977 unquam
472 3906 766 3976 dispositis
790 3906 873 3960 tui
905 3906 1386 3978 impedimentum
1412 3908 1671 3962 exhibuit
1700 3908 1889 3977 ardor,

192 4000 291 4049 aut
327 3996 513 4065 frigus
548 4009 561 4047 :
597 3995 645 4048 si
690 3999 912 4051 tumore
947 3997 1264 4067 gurgitum,
1298 3997 1347 4051 si
1376 3997 1611 4052 bibendi
1642 3997 1893 4052 necessi-

191 4091 301 4140 tate
344 4083 694 4138 constrictus
725 4101 783 4138 es
816 4102 829 4139 :
869 4085 915 4138 si
955 4086 1197 4157 Alpium,
1222 4088 1378 4158 juga,
1414 4088 1436 4121 ³
1467 4087 1740 4141 connexis
1778 4086 1894 4157 poli

192 4174 556 4228 sublimitate
587 4174 819 4241 sociata,
844 4176 1102 4229 cursibus
1128 4177 1243 4230 tuis
1271 4176 1513 4231 attulere
1543 4176 1890 4230 tarditatem.

192 4264 531 4319 Nescierunt
561 4262 842 4331 resistere,
879 4279 1019 4334 quos
1048 4264 1279 4319 devictis
1318 4264 1575 4318 locorum
1614 4263 1896 4318 munitio-

1993 3106 2273 3178 sanguine
2312 3110 2589 3176 tyrannus
2616 3104 2850 3159 accessit
2882 3120 2894 3158 :
2927 3104 3026 3175 qui
3057 3105 3188 3158 aula
3217 3104 3450 3175 potitus,
3486 3102 3686 3156 deﬁni—

1994 3198 2093 3263 vit,
2126 3200 2426 3267 postquam
2477 3197 2632 3247 metu
2683 3193 2878 3247 hostes
2923 3209 3057 3247 suos
3106 3193 3510 3258 debellaverat,
3545 3192 3691 3245 nihil

1994 3300 2289 3357 superesse
2338 3283 2489 3355 quod
2522 3286 2748 3354 gereret
2781 3299 2793 3336 :
2836 3298 2967 3337 cum
3010 3281 3234 3336 animos
3264 3286 3389 3336 tuos
3437 3282 3559 3335 sine
3589 3297 3690 3335 an-

1996 3392 2202 3430 norum
2254 3373 2525 3444 suffragio
2568 3373 2798 3443 impulit
2831 3372 2924 3426 lux
2967 3376 3211 3440 naturae,
3252 3388 3326 3426 ne
3375 3376 3475 3425 aut
3524 3388 3694 3426 causa

1995 3466 2202 3520 melior
2247 3469 2302 3519 te
2353 3480 2547 3518 coram
2577 3463 2767 3533 posito
2800 3462 3120 3533 subjaceret
3153 3479 3166 3517 :
3203 3469 3302 3517 aut
3333 3479 3449 3517 non
3471 3463 3692 3517 beneﬁ-

1997 3556 2149 3609 cium
2194 3552 2546 3607 necessitatis
2599 3557 2860 3622 tempore
2906 3553 3193 3618 redderes,
3230 3552 3387 3623 quod
3418 3552 3572 3622 pacis
3603 3569 3691 3606 ac-

2000 3658 2252 3712 ceperas.
2284 3643 2350 3696 In
2386 3641 2523 3713 ipsis
2564 3641 2986 3713 congressionis
3023 3648 3134 3697 tua:
3169 3642 3388 3697 foribus
3414 3642 3577 3696 cessit
3607 3642 3691 3695 in-

1997 3748 2182 3799 vasor,
2216 3747 2346 3785 cum
2386 3731 2629 3801 profugo
2676 3748 2780 3803 per
2821 3736 2877 3785 te
2926 3737 3149 3802 sceptra
3199 3732 3583 3786 redderentur
3626 3730 3696 3785 de

2001 3822 2184 3877 salute
2216 3821 2520 3876 dubitanti.
2560 3822 2915 3876 Ventilemus
2944 3821 3231 3887 historias,
3265 3821 3698 3891 interrogentur

2000 3912 2234 3966 annales
2269 3926 2282 3965 :
2317 3910 2470 3980 apud
2522 3926 2667 3980 quos
2706 3910 2983 3976 constitit,
3021 3911 3279 3965 refusum
3312 3910 3494 3964 exsuli
3525 3924 3698 3980 quem

2001 4016 2202 4055 cruore
2233 4016 2335 4053 suo
2356 4015 2455 4053 rex
2476 4000 2703 4069 genitus
2729 4005 2967 4066 emerat,
2985 4000 3369 4071 principatum
3385 3999 3412 4053 ?
3446 3999 3701 4053 Castren-

2004 4091 2078 4143 sis
2106 4089 2289 4160 gloria
2329 4093 2654 4143 turmarum
2686 4089 3132 4160 participatione
3172 4089 3520 4160 dispergitur
3555 4104 3568 4141 :
3596 4102 3701 4141 nec

2007 4180 2072 4233 ad
2106 4196 2287 4234 unum
2318 4178 2521 4233 referri
2550 4183 2735 4249 potest
2767 4179 2921 4250 quod
2954 4178 3175 4233 venerit
3213 4176 3519 4232 collatione
3555 4176 3703 4229 mul-

2005 4273 2218 4324 torum.
2253 4268 2572 4340 Singularis
2617 4269 2754 4323 boni
2796 4269 3013 4323 fructus
3045 4272 3129 4323 est
3158 4266 3492 4322 ambitionis
3520 4266 3700 4320 refre-

192 4353 361 4408 nibus
414 4352 737 4407 invenisti:
799 4352 936 4424 quia
1000 4369 1224 4407 securos
1284 4353 1505 4408 faciunt
1550 4352 1894 4424 interrupta,
1938 4350 2214 4413 Dnatio:
2264 4359 2365 4412 illo
2416 4358 2663 4412 maxime
2732 4362 3010 4429 tempore,
3070 4373 3185 4428 quo
3234 4356 3356 4410 sine
3414 4355 3703 4426 opinionis

193 4460 340 4514 quos
371 4446 717 4514 protegunt;
753 4445 809 4497 et
838 4442 1038 4496 laxatis
1068 4442 1128 4497 in
1170 4442 1285 4498 otio
1310 4443 1519 4497 animis
1547 4443 1764 4510 vivunt,
1798 4441 1900 4513 qui

195 4533 411 4587 tutiora
442 4531 826 4603 possederint.
868 4531 1153 4587 Adversus
1192 4537 1247 4587 te
1287 4549 1393 4588 nec
1422 4533 1754 4605 campestris
1795 4533 1898 4587 ha-

191 4622 400 4676 bitatio
444 4637 613 4691 pares
645 4620 923 4692 protulit;
956 4638 1061 4676 nec
1100 4638 1243 4693 quos
1273 4624 1535 4693 amplexa
1564 4626 1697 4676 sunt
1724 4620 1898 4689 invia,

194 4712 305 4765 nisi
341 4711 691 4765 exstiterunt
733 4710 1041 4781 supplices,
1076 4728 1108 4765 a
1151 4711 1579 4782 depraedatione
1612 4710 1898 4765 subduxit.

194 4800 252 4852 In
296 4798 675 4870 possessione
728 4802 828 4852 tua
881 4798 1102 4868 positus
1148 4800 1269 4854 sine
1318 4800 1628 4855 formidine
1676 4799 1903 4854 divitias

196 4889 515 4943 indicavit:
569 4904 677 4943 nec
720 4887 996 4944 rebellem
1038 4889 1207 4960 juvit,
1257 4890 1305 4945 si
1348 4906 1572 4963 pauper
1610 4889 1900 4945 innotuit:

262 5035 285 5070 ί
332 5032 628 5088 Editiones
659 5031 889 5103 aliquae,
921 5033 1187 5104 superba.

264 5108 289 5142 ³
328 5105 633 5158 Editiones
666 5105 892 5174 aliquae,
920 5105 1171 5160 convexi.

265 5180 289 5211 ³
333 5174 696 5248 Εάιιςαυὶίᾼίθ
722 5176 964 5246 Graecia]
986 5176 1527 5248 Constantinopolis.
1554 5175 1727 5231 Obses
1751 5176 1906 5231 0111111

196 5264 227 5301 a
264 5252 443 5317 patre
466 5246 644 5319 Leoni
672 5248 1142 5319 Augustodatus,
1177 5265 1306 5302 eum
1338 5246 1553 5302 annum
1583 5249 1764 5301 aetatis
1784 5265 1909 5319 sep-

197 5319 421 5371 timum
447 5317 540 5370 vix
577 5317 893 5389 excederet,
926 5318 987 5372 in
1017 5320 1141 5388 ejus
1173 5321 1302 5372 aula
1323 5320 1597 5374 educatus
1620 5323 1721 5385 est,
1747 5317 1906 5389 prin-

194 5389 489 5469 cipisque,
524 5392 591 5440 ut
626 5388 943 5469 Jornandes
987 5391 1190 5469 eodem
1222 5391 1365 5469 libro
1406 5388 1910 5469 scribit,_gra_tiam

195 5462 426 5533 meruit
461 5475 476 5513 :
510 5475 545 5511 a
576 5475 692 5529 quo
723 5464 850 5529 post
879 5462 1075 5516 decem
1113 5462 1346 5516 tandem
1377 5478 1559 5516 annos
1589 5462 1661 5516 ad
1685 5467 1911 5533 patrem

195 5532 490 5589 remissus
518 5535 624 5584 est.

265 5610 290 5639 ι
310 5601 516 5676 Pulsa
535 5603 621 5676 est
639 5600 987 5676 principalis
1015 5603 1171 5673 urbe]
1204 5605 1353 5659 Zeno
1377 5606 1668 5676 Augustus
1685 5604 1913 5661 Verinze

194 5691 415 5733 socrus
442 5672 653 5731 fraude
688 5672 1104 5731 circumventus
1120 5716 1135 5746 ,
1155 5672 1663 5749 Constantinopoli
1714 5677 1917 5733 relicta

574 5774 858 5842 PATROL.
903 5775 1121 5843 LXIII.

2010 4448 2221 4503 damno
2255 4447 2438 4518 possis
2467 4447 2748 4519 acquisita
2776 4447 3046 4502 retinere.
3082 4448 3191 4501 Par
3221 4451 3297 4513 te,
3343 4445 3553 4516 inclyte
3595 4444 3703 4499 do-

2008 4537 2186 4604 mine,
2229 4538 2353 4591 laus
2382 4537 2615 4608 respicit
2659 4537 2854 4592 donati
2902 4536 3242 4591 diadematis
3274 4538 3330 4590 et
3371 4533 3609 4589 defensi.
3646 4534 3705 4589 Si

2009 4631 2065 4682 te
2095 4627 2327 4681 illarum
2356 4630 2541 4681 rector
2565 4627 2814 4698 partium
2839 4641 2959 4681 non
2985 4626 3214 4693 amavit,
3246 4624 3543 4697 perculsus
3568 4640 3709 4696 prae-

2010 4715 2119 4770 fuit
2170 4715 2548 4787 reipublicze:
2606 4716 2652 4770 si
2700 4715 2923 4785 dilexit,
2972 4715 3302 4770 obnoxius:
3348 4729 3487 4768 usus
3541 4730 3601 4767 es
3647 4713 3708 4768 in

2012 4810 2247 4861 tuorum
2275 4806 2390 4861 fide
2420 4805 2755 4860 meritorum
2785 4809 2928 4860 teste
2952 4809 3288 4877 purpurato.

2082 4897 2206 4952 Jam
2237 4900 2373 4951 tunc
2414 4896 2477 4949 in
2510 4895 2604 4965 jus
2629 4900 2796 4950 tuum
2829 4912 2887 4950 se
2917 4896 3131 4968 palatia
3168 4894 3295 4965 ipsa
3323 4894 3707 4949 contulerant.

2014 5035 2074 5091 in
2105 5035 2383 5091 Isauriam
2412 5035 2688 5107 profugit.
2719 5038 2905 5091 Vacua
2926 5037 3057 5092 aula
3081 5036 3299 5092 biennii
3320 5036 3501 5090 ferme
3527 5035 3713 5105 spatio

2014 5108 2232 5178 potitus
2261 5112 2348 5161 est
2388 5108 2708 5174 Basiliscus,
2757 5110 2979 5163 Zenone
3008 5109 3133 5179 ipso
3186 5125 3223 5161 11
3275 5108 3526 5167 consule,
3562 5121 3713 5159 anno

2017 5179 2226 5233 Christi
2272 5179 2395 5232 475.
2455 5179 2555 5233 Hic
2594 5179 2771 5249 igitur
2811 5185 2896 5234 est
2944 5196 3117 5250 quem
3168 5185 3479 5249 tyrannum
3524 5184 3708 5250 vocat.

2017 5252 2150 5305 Post
2187 5251 2308 5303 haec
2353 5252 2499 5303 Zeno
2536 5252 2773 5305 collecto
2822 5248 3089 5312 exercitu,
3145 5248 3377 5304 cedente
3424 5248 3711 5317 Basilisco,

2019 5323 2330 5394 imperium
2362 5321 2592 5392 recepit.
2630 5324 2693 5376 In
2725 5340 2905 5394 eaque
2939 5322 3300 5394 expeditione
3330 5320 3718 5394 Zenonianxi-

2020 5393 2222 5447 liatum
2256 5398 2481 5463 oportet
2502 5392 2936 5458 Theodericum,
2964 5392 3497 5464 quandoiintegram
3519 5393 3571 5446 ei
3596 5392 3718 5464 lau-

2021 5464 2152 5517 dem
2198 5465 2448 5518 restituti
2493 5467 2736 5520 Zenonis
2782 5462 3310 5520 tribuit—Ennodius
3355 5479 3367 5515 :
3419 5464 3526 5517 etsi
3559 5463 3718 5517 nulla

2022 5535 2279 5608 ejusibac
2310 5536 2370 5589 in
2402 5542 2562 5606 parte
2588 5538 2827 5603 mentio,
2863 5552 3050 5608 neque
3076 5535 3139 5589 in
3169 5534 3451 5608 excerptis
3478 5533 3719 5608 Candidi

2022 5607 2177 5681 apud
2210 5605 2497 5681 Photiu’m,
2528 5625 2716 5681 neque
2746 5609 2899 5679 apud
2943 5605 3087 5663 alios
3126 5606 3228 5679 qui
3255 5607 3325 5662 de
3350 5605 3597 5662 Zenonis
3622 5620 3721 5660 re-

2021 5678 2130 5734 bus
2155 5678 2527 5749 scripserunt.

3279 5784 3316 5839 6
