4054 6176
423 311 516 364 171
1642 305 1930 361 ENNODII
1969 304 2279 362 EPISCOPI
2321 304 2702 362 TICINENSIS
3798 315 3883 369 l72

417 456 588 497 nemo
618 437 871 504 credidit,
905 452 1021 491 non
1050 440 1106 491 te
1135 451 1302 507 posse
1333 435 1402 491 ad
1431 452 1605 507 quem
1625 435 1896 490 voluisses
1926 439 2107 491 trans—
2143 440 2190 492 A
2220 436 2520 507 agnovisse
2549 435 2908 491 resistentem
2942 452 2954 490 :
2982 452 3111 508 quae
3137 437 3376 509 prolixis
3405 441 3754 512 temporibus
3780 445 3885 500 solo

420 531 589 595 ferre,
623 527 779 597 quod
807 526 1159 580 reddideras.
1191 525 1298 580 Sed
1327 541 1532 595 parcus
1562 526 1622 578 in
1645 526 1936 595 exigendis
1965 543 2108 596 prae-

422 619 567 683 miis,
632 616 794 687 quasi
856 615 1185 669 sufﬁcerent
1241 615 1313 668 ad
1369 614 1816 669 vicissitudinem
1867 632 2108 686 operum

421 713 672 767 tuorum,
710 707 724 737 ί
777 706 951 758 fasces
999 703 1308 772 accepisti:
1361 720 1479 757 non
1522 721 1636 775 quo
1676 705 1779 758 tibi
1820 707 2109 760 accederet

421 796 623 867 genius
653 795 721 847 de
753 792 956 860 curuli,
992 794 1092 846 sed
1126 797 1186 845 ut
1217 794 1285 846 de
1317 798 1372 847 te
1402 794 1651 863 pretium
1684 795 1936 864 palmata
1983 811 2108 848 me-

420 890 661 938 reretur.
695 882 831 946 Quis
857 883 1003 936 hanc
1024 881 1358 936 civilitatem
1390 883 1583 937 credat
1611 885 1761 938 inter
1799 884 2108 938 familiares

421 973 522 1027 tibi
553 973 739 1026 vivere
770 972 941 1041 plena
981 971 1339 1024 exsecutione
1370 972 1632 1025 virtutis?
1662 973 1759 1026 Ille
1792 990 1975 1027 annus
2006 973 2105 1027 ha-

418 1062 541 1117 buit
559 1061 870 1127 consulem,
894 1062 991 1131 qui
1008 1060 1423 1129 rempublicam
1437 1077 1552 1115 non
1567 1066 1680 1114 tam
1699 1063 2106 1126 sollicitudine,

420 1167 593 1222 quam
625 1150 891 1219 opinione
935 1153 1192 1202 tueretur
1226 1166 1239 1202 :
1276 1148 1298 1181 ²
1321 1166 1433 1220 quo
1463 1150 1521 1203 in
1554 1151 1865 1220 segmentis
1897 1151 2106 1220 posito,

417 1257 546 1311 quae
577 1239 647 1292 ab
680 1239 936 1292 hostibus
978 1243 1206 1306 sumpta
1248 1238 1481 1292 fuerunt
1511 1255 1689 1305 arma,
1722 1243 2103 1295 tremuerunt.

413 1329 651 1393 Quando
682 1327 810 1380 talis
849 1325 1091 1395 contigit
1123 1330 1274 1380 sorte
1313 1327 1550 1395 lictoris,
1589 1329 1818 1397 qualem
1853 1328 2005 1382 dedit
2036 1328 2106 1382 ab

417 1419 540 1488 ipsa
569 1415 770 1468 mundi
790 1413 1031 1467 infantia
1056 1429 1256 1484 regum
1282 1415 1606 1468 examinata
1626 1414 1946 1469 claritudo?
1966 1415 2108 1470 Nolo

417 1523 517 1576 per
547 1521 707 1577 casus
738 1519 929 1556 errare
961 1503 1364 1556 dominatuum
1389 1523 1400 1557 ι
1429 1503 1491 1556 in
1522 1510 1620 1557 tuo
1651 1508 1948 1558 stemmate
1978 1521 2108 1574 pro-

414 1592 526 1646 bati
547 1597 700 1658 sunt,
720 1592 1066 1661 quireperti.
1102 1591 1410 1645 Serranum
1429 1591 1777 1661 scipionibus
1808 1598 1993 1645 aratra
2007 1609 2105 1662 pe-

341 1745 350 1756 .
415 1687 689 1751 pererunt
725 1697 736 1732 :
777 1680 876 1749 qui
908 1680 1044 1732 dum
1092 1681 1334 1749 grandia
1363 1680 1534 1733 sulcis
1565 1681 1783 1734 semina
1809 1697 2106 1734 commen-

414 1772 592 1835 daret,
653 1769 941 1822 honorum
986 1769 1037 1821 ei
1089 1768 1289 1821 messis
1338 1768 1540 1822 oborta
1594 1776 1697 1822 est.
1764 1769 1875 1823 Sed
1921 1771 2109 1824 minus

415 1858 593 1926 diligo
621 1872 920 1926 prospera,
954 1873 1080 1926 qua:
1129 1860 1364 1910 sumunt
1395 1875 1424 1909 a
1472 1857 1871 1926 desperatione
1901 1859 2108 1928 princi-

411 1945 572 2014 pium
599 1961 610 1997 :
644 1944 734 1996 vix
757 1960 967 2012 paucos
998 1945 1239 2015 contigit
1269 1946 1617 2016 degenerare
1653 1947 1943 2014 nobiliter,
1977 1964 2107 2002 cum

409 2034 645 2088 familia:
671 2038 784 2086 tuae
817 2034 1023 2087 debeas
1058 2041 1212 2089 actus
1243 2037 1470 2106 generis
1498 2037 1768 2090 nobiliter
1797 2037 2102 2093 custodire.

410 2123 557 2187 Quid
581 2122 742 2188 mihi,
775 2127 1022 2176 vetustas
1054 2125 1288 2192 objicias
1310 2127 1553 2196 agrestia
1583 2127 1843 2182 membra
1864 2127 2106 2196 paluda-

413 2212 619 2265 mentis
661 2212 966 2264 decorata?
997 2213 1112 2282 Ego
1143 2213 1269 2280 tibi,
1306 2214 1461 2283 quod
1499 2214 1942 2268 admirationem
1977 2216 2106 2268 vin-

408 2304 516 2368 cat,
551 2316 779 2368 oppono
814 2299 1134 2368 principem
1185 2318 1400 2368 meum,
1436 2304 1516 2356 ita
1557 2308 1847 2369 ornatum,
1878 2308 1942 2357 ut
1972 2319 2104 2357 eum

411 2404 524 2441 non
554 2388 720 2440 liceat
746 2388 1060 2457 improbari
1093 2404 1106 2441 :
1147 2388 1227 2441 ita
1260 2406 1449 2458 agere,
1484 2391 1646 2460 quasi
1675 2390 1824 2444 inter
1855 2392 2104 2461 impera-

408 2481 561 2530 tores
593 2477 777 2530 adhuc
807 2482 1072 2544 precetur
1100 2477 1354 2546 adjungi.

477 2565 585 2618 Sed
614 2564 753 2634 quid
778 2564 1004 2629 faciam,
1030 2563 1122 2617 cui
1152 2565 1396 2617 fecunda
1419 2568 1649 2618 actuum
1683 2570 1915 2620 tuorum
1944 2583 2104 2636 seges

408 2653 670 2718 occurrit,
720 2653 821 2707 ubi
873 2653 1138 2705 universa
1183 2653 1489 2722 eligentem
1551 2654 1862 2722 superant?
1910 2655 2101 2708 nescio

406 2755 548 2809 quas
579 2740 780 2793 aristas
830 2739 1053 2792 horreis
1100 2739 1368 2805 inferam,
1404 2757 1546 2810 quas
1590 2741 1934 2810 relinquam.
1983 2742 2103 2796 Stat

405 2833 535 2881 ante
568 2830 764 2881 oculos
796 2843 954 2881 meos
978 2827 998 2859 ³
1033 2828 1342 2898 Bulgarum
1375 2828 1578 2882 ductor
1599 2834 1619 2864 ‘
1653 2829 1937 2882 Libertem
1970 2830 2102 2883 dex-

404 2921 524 2970 tera
555 2921 651 2971 tua
682 2923 967 2970 asserente
1000 2921 1314 2987 prostratus
1345 2934 1358 2984 ;
1393 2933 1497 2971 nec
1525 2917 1848 2984 exstinctus,
1884 2934 1954 2972 ne
1993 2936 2101 2989 pc-

405 3007 542 3060 riret
576 3006 999 3071 monumentis;
1033 3022 1138 3059 nec
1176 3005 1444 3072 intactus,
1477 3021 1549 3060 ne
1589 3007 1804 3060 viveret
1831 3022 2100 3076 arrogan-

407 3101 495 3153 tiae
533 3117 544 3153 :
570 3101 631 3152 in
654 3105 822 3169 gente
850 3100 1128 3153 indomita
1161 3099 1504 3153 domesticus
1532 3100 1872 3169 astipulator
1897 3117 2097 3170 super-

405 3188 629 3240 futurus
675 3189 898 3242 roboris
945 3187 1075 3240 tui:
1123 3187 1222 3255 qui
1269 3187 1314 3238 si
1363 3186 1650 3239 sufficiens
1692 3187 1844 3240 letho
1893 3189 2098 3242 vulnus

405 3275 736 3342 excepisset,
770 3289 1080 3342 personam
1114 3273 1328 3326 viceras
1359 3275 1548 3343 :quod
1581 3275 1641 3327 in
1666 3274 1792 3327 luce
1822 3275 2094 3345 substitit,

403 3361 668 3414 submisit
707 3361 1007 3428 originem.
1044 3361 1172 3413 Hinc
1214 3365 1297 3412 est
1331 3362 1508 3429 natio,
1543 3364 1704 3432 cujus
1735 3369 1865 3418 ante
1896 3369 1951 3418 te
1990 3365 2098 3419 fuit

407 3466 571 3503 omne
600 3449 752 3518 quod
785 3448 1001 3502 voluit:
1037 3448 1095 3500 in
1130 3464 1243 3517 qua
1284 3449 1478 3501 titulos
1517 3449 1784 3518 obtinuit,
1828 3453 1927 3522 qui
1959 3454 2097 3508 emit

403 3537 860 3590 adversariorum
883 3536 1162 3604 sanguine
1185 3536 1524 3606 dignitatem
1547 3557 1562 3591 :
1585 3541 1736 3608 apud
1761 3557 1931 3610 quam
1955 3558 2098 3596 cam-

401 3641 505 3694 pus
532 3630 614 3678 est
635 3625 898 3694 vulgator
928 3623 1224 3678 natalium.
1263 3625 1402 3677 Nam
1424 3626 1585 3694 cujus
1617 3628 1744 3696 plus
1774 3629 2096 3682 rubuerunt

401 3716 510 3768 tela
540 3714 867 3780 luctamine,
915 3712 1010 3764 ille
1055 3716 1284 3781 putatus
1336 3716 1420 3765 est
1462 3713 1585 3766 sine
1638 3715 1876 3786 ambage
1917 3716 2094 3770 subli-

401 3804 549 3858 mior
581 3819 593 3857 :
631 3819 805 3874 quam
846 3806 977 3856 ante
1022 3801 1455 3856 dimicationem
1500 3807 1658 3857 tuam
1698 3821 1814 3859 non
1856 3806 2095 3876 contigit

471 3947 490 3982 ί
519 3941 1074 4017 Ραεοεεᾲᾳςεερίιςίιί]
1110 3944 1314 3997 Consul
1346 3960 1377 3996 a
1403 3945 1628 3998 Zenone
1673 3945 2002 4017 designatus
2033 3947 2094 4003 in

400 4033 615 4071 annum
660 4015 763 4068 484
795 4016 1151 4069 Marcellinus
1182 4031 1389 4068 comes.
1430 4015 1821 4072 Theodericus
1840 4035 1939 4073 rea:
1980 4020 2091 4074 Go-

401 4089 628 4142 thorum
651 4088 844 4139 Zenon
854 4085 904 4138 is
928 4087 1073 4158 Aug.
1091 4087 1513 4158 muniﬁcentiis
1529 4105 1675 4156 pene
1689 4094 1956 4158 pacatus,
1970 4107 2091 4144 ma-

397 4160 609 4228 gisterq
617 4174 688 4212 ue
699 4156 1004 4230 pra's‘cntisf
1017 4157 1097 4210 mi
1103 4158 1123 4209 Ζ
1130 4161 1174 4230 it
1179 4158 1242 4210 ia:
1246 4157 1474 4230 factus,
1493 4156 1708 4214 consul
1718 4177 1934 4230 quoque
1948 4160 2093 4216 desi-

394 4234 623 4302 gnatus,
637 4228 916 4302 creditam
934 4229 1044 4282 sibi
1069 4228 1341 4302 Bipensis
1365 4230 1555 4302 Dacia:
1573 4228 1818 4299 partem,
1835 4228 2092 4286 vMaesize-

396 4299 504 4372 oue
523 4299 825 4358 inferioris
843 4316 970 4354 cum
990 4299 1112 4352 suis
1127 4299 1477 4354 satellitibus
1494 4317 1597 4370 pro
1618 4304 1866 4370 tempore
1885 4301 2081 4357 tenuit.

396 4371 602 4427 Consul
633 4373 742 4425 fuit
772 4371 1092 4436 Orientalis,
1135 4372 1350 4440 collega
1382 4373 1578 4425 Romae
1619 4373 1916 4425 Venautio.
1952 4374 2085 4427 Cas-

398 4445 609 4497 siodori
644 4444 791 4496 Fasti
820 4460 887 4496 eo
930 4460 1099 4510 anno,
1132 4443 1206 4495 D.
1255 4443 1338 4496 Ν.
1376 4442 1745 4497 Theodericus
1776 4446 1828 4498 et
1871 4446 2086 4500 Venan-

396 4514 527 4566 tius.

468 4585 488 4615 ε
523 4584 640 4654 Quo
673 4582 735 4634 in
763 4583 1070 4653 segmentis
1093 4583 1294 4654 posito]
1326 4583 1593 4646 Quandiu
1639 4585 1838 4637 consul
1876 4585 1984 4639 fuit
2027 4586 2089 4641 in

397 4659 531 4720 toga
558 4653 706 4720 picta
726 4669 825 4706 seu
848 4653 1106 4723 palmata
1121 4661 1271 4708 veste
1295 4654 1600 4718 consulari,
1623 4671 1751 4722 quae
1773 4658 2088 4724 segmentis

399 4724 587 4774 aureis
618 4725 810 4775 ornari
852 4726 1087 4792 solebat,
1121 4726 1384 4779 Sidonius
1434 4727 1501 4778 de
1536 4725 1746 4780 Asterii
1790 4729 2087 4782 consulatu

397 4794 496 4847 lib.
522 4808 615 4846 vin
637 4793 800 4860 epist.
832 4796 861 4845 6
891 4811 902 4846 :
928 4796 1178 4849 Etillam
1200 4796 1477 4851 Sarranis
1499 4796 1713 4849 ebriam
1731 4800 1921 4851 succis
1935 4798 2089 4852 inter

395 4862 744 4938 crepitantia
761 4870 1052 4932 segmenta
1065 4868 1395 4938 palmatam
1425 4869 1556 4938 plus
1571 4870 1728 4938 picta
1757 4869 1886 4935 plus
1913 4885 2088 4924 aurea

395 4933 653 4989 oratione
677 4935 1118 5007 convenustavit.
1142 4939 1269 4989 HtCC
1291 4933 1466 5007 igitur
1485 4933 1638 4993 certa
1663 4933 1881 4992 videtur
1899 4957 2088 4995 emen-

393 5007 566 5077 datio,
591 5020 691 5077 pro
706 5005 1015 5077 ﬁgmentis,
1041 5008 1266 5074 quodin
1289 5005 1552 5063 omnibus
1575 5011 1734 5063 libris
1765 5011 2081 5077 legebatur.

465 5074 487 5151 ἶ)
510 5075 1363 5151 Bulgarum_ductor_l.ibcrteml
1389 5082 1466 5133 De
1485 5083 1590 5135 hoc
1615 5083 1785 5148 bello,
1813 5074 1869 5134 ni
1896 5083 2082 5151 fallor,

393 5146 747 5202 Atlialaricus
775 5146 884 5224 _li_b.
919 5164 1014 5199 vnn
1043 5148 1360 5224 Variarum,
1393 5155 1451 5203 ‘21
1491 5154 1560 5224 ad
1593 5146 1937 5222 Cyprianum
1980 5146 2086 5224 pa;

393 5220 641 5285 tricium,
689 5217 876 5286 quiin
919 5235 983 5270 ea
1023 5219 1384 5284 expeditione
1424 5223 1527 5274 sub
1576 5217 1918 5278 Theoderico
1958 5217 2086 5278 rne-

394 5295 588 5344 ruera't
613 5306 624 5342 :
656 5288 935 5341 Habuisti
951 5289 1053 5341 sub
1073 5289 1210 5342 divae
1234 5293 1516 5344 memoria:
1535 5293 1740 5348 domno
1755 5313 1858 5350 avo
1886 5300 2084 5352 nostro

392 5361 455 5414 in
483 5364 737 5428 utraque
774 5364 940 5428 parte
969 5361 1239 5413 laudatus
1275 5378 1501 5431 semper
1531 5367 1814 5420 excubias.
1856 5367 2009 5422 Vidit
2032 5371 2084 5422 te

391 5432 572 5485 adhuc
619 5433 856 5501 gentilis
904 5431 1201 5485 Danubius
1230 5431 1560 5487 bellatorem
1596 5452 1606 5488 :
1639 5454 1751 5490 non
1783 5441 1834 5491 te
1881 5439 2086 5494 terruit

391 5503 709 5580 Bulgarum
729 5503 943 5580 globus,
964 5502 1064 5572 qui
1078 5503 1253 5580 etiam
1268 5506 1484 5580 nostris
1493 5509 1620 5580 erat
1637 5511 2084 5580 praesumptione

390 5574 727 5627 certaminis
747 5575 1092 5628 obstaturus.
1114 5574 1418 5630 Peculiare
1439 5574 1541 5629 tibi
1570 5574 1682 5642 fuit
1700 5583 1756 5631 et
1777 5574 2084 5636 renitentes

392 5645 664 5702 barbaros
688 5645 924 5718 aggredi
953 5649 1008 5700 et
1043 5663 1338 5702 conversos
1368 5653 1584 5704 terrore
1619 5650 1850 5707 sectari.
1881 5651 1979 5708 Sic
2005 5653 2082 5708 vi-

2215 527 2365 580 bella
2384 526 2805 580 consummavit
2823 543 3082 582 excursu.
3111 529 3220 582 Hos
3248 545 3368 584 non
3389 538 3677 586 montanae
3705 539 3885 599 strues,

2217 633 2332 670 non
2365 616 2673 670 ﬂuminum
2705 617 2970 686 objectio,
3005 633 3121 670 non
3165 619 3358 687 negati
3396 625 3615 690 egestas
3657 623 3889 677 alimenti

2217 703 2278 756 in
2325 708 2516 756 artum
2555 703 2908 757 necessitatis
2958 705 3085 774 lege
3129 707 3446 773 continuit;
3488 709 3626 762 dum
3676 711 3891 765 credunt

2217 793 2354 846 satis
2385 809 2505 846 esse
2560 794 2630 847 ad
2663 793 2895 847 delicias
2935 794 3132 865 equini
3165 797 3384 864 pecoris
3415 798 3497 851 lac
3525 804 3738 868 potare.
3772 801 3892 864 Quis

2216 881 2361 935 ferat
2419 882 2829 948 adversarium,
2881 883 2982 953 qui
3043 884 3292 954 pernicis
3335 886 3590 954 jumenti
3640 888 3893 942 beneﬁcio

2217 971 2393 1024 currit
2425 976 2482 1024 et
2527 971 2823 1040 pascitur?
2854 972 3000 1036 Quid
3028 974 3180 1043 quod
3205 974 3276 1043 {et
3303 975 3416 1028 illis
3449 977 3790 1031 animalibus
3812 979 3894 1030 in-

2218 1062 2416 1115 dicunt
2456 1062 2722 1115 studiosa:
2754 1063 2921 1116 famis
2970 1063 3328 1133 patientiam,
3361 1081 3466 1135 per
3495 1083 3623 1137 quae
3673 1067 3892 1121 esuriem

2216 1147 2395 1201 vitare
2425 1148 2787 1204 didicerunt?
2819 1152 3307 1221 quemadmodum
3339 1154 3422 1220 tit,
3457 1160 3521 1207 ut
3545 1155 3761 1224 jejunte
3788 1171 3893 1209 cor-

2217 1236 2441 1306 nipedis
2474 1254 2657 1291 sessor
2681 1237 2992 1292 visceribus
3022 1239 3176 1293 cibos
3207 1242 3486 1307 extrahat,
3529 1259 3679 1313 quos
3718 1243 3810 1296 illa
3835 1258 3896 1296 ne

2217 1324 2507 1394 conderet,
2553 1325 2856 1395 diligentia
2901 1325 3224 1381 instruente
3262 1329 3598 1400 prospexit?
3652 1331 3755 1383 His
3783 1335 3899 1383 ante

2215 1415 2466 1468 mundus
2512 1415 2743 1484 pervius
2796 1432 2916 1469 esse
2956 1416 3296 1470 credebatur
3338 1433 3350 1470 :
3401 1434 3553 1471 nunc
3601 1417 3761 1472 illam
3805 1419 3900 1472 sibi

2215 1507 2438 1557 tantum
2484 1502 2642 1558 orbis
2689 1509 2913 1574 partem
2958 1505 3328 1559 interclusam
3375 1506 3687 1574 aestimant,
3739 1523 3898 1577 quam

2215 1592 2412 1642 tueris.
2445 1591 2667 1644 Cursim
2695 1591 2877 1644 multa
2897 1592 3233 1646 transcendo
3258 1611 3271 1660 ;
3296 1609 3368 1647 ne
3385 1593 3660 1664 pigrioris
3684 1593 3708 1628 ⁵
3739 1595 3900 1650 διειὶῐε

2213 1678 2350 1732 vitio
2396 1695 2553 1732 serus
2597 1680 2860 1733 advenias
2895 1696 2907 1733 :
2941 1696 3012 1734 ne
3052 1681 3325 1736 Romanae
3367 1682 3456 1736 fax
3503 1684 3679 1738 curiae
3731 1685 3823 1738 diu
3850 1685 3902 1737 in

2223 1767 2484 1821 umbram
2525 1774 2719 1821 coacta
2750 1769 2970 1822 tardius
3001 1769 3298 1823 elucescat.
3349 1770 3504 1823 Inter
3552 1770 3683 1824 vitae
3726 1771 3901 1824 tiroci-

2218 1856 2317 1910 nia
2347 1861 2403 1910 et
2429 1857 2855 1926 triumphorum
2897 1858 3308 1925 maturitatem,
3336 1859 3554 1928 pectori
3585 1876 3752 1913 sacro
3779 1860 3904 1913 alle-

2218 1950 2372 1999 ctum
2421 1946 2603 1999 nostri
2655 1947 2900 2000 coelestis
2957 1948 3117 2000 favor
3168 1947 3400 2002 infudit.
3447 1949 3572 2002 lam
3623 1949 3902 2002 diuturna

2217 2034 2426 2104 quietis
2448 2035 2770 2104 dispendio,
2804 2051 2910 2105 per
2948 2036 3371 2105 gubernantum
3398 2035 3680 2089 vilitatem
3714 2040 3904 2106 potens

2216 2125 2369 2176 terra
2426 2127 2848 2177 consenuerat:
2892 2123 3013 2194 jam
3051 2125 3322 2178 attulerat
3387 2124 3635 2195 publicis
3713 2125 3905 2194 opibus

2213 2226 2326 2280 pax
2355 2211 2696 2266 intemerata
2725 2212 3009 2266 defectum
3040 2229 3052 2266 :
3081 2228 3213 2266 cum
3243 2212 3397 2283 apud
3423 2230 3525 2266 nos
3557 2213 3905 2283 quotidiana:

2216 2299 2658 2368 deprzedationis
2685 2306 2883 2355 auctus
2917 2303 3266 2356 successibus
3295 2301 3318 2335 δ
3357 2303 3667 2357 intestinus
3723 2310 3906 2374 egeret

2213 2389 2525 2459 populator
2558 2406 2570 2443 :
2606 2390 2705 2461 qui
2735 2407 2970 2444 suorum
3003 2391 3298 2460 prodigus,
3331 2390 3691 2445 incrementa
3730 2392 3906 2446 mrarii

2213 2481 2469 2529 nontam
2491 2478 2760 2546 poscebat
2785 2494 3021 2548 surgere
3043 2478 3432 2548 vectigalibus,
3457 2495 3631 2549 quam
3652 2481 3902 2550 rapinis:

2213 2562 2236 2598 ⁷
2265 2565 2596 2620 saevientem
2627 2567 2849 2620 ambitu
2876 2583 3097 2638 pauper
3141 2567 3441 2621 dominum
3471 2569 3602 2622 odia
3626 2569 3903 2623 effusione

2213 2658 2606 2708 contraxerat:
2659 2655 2756 2709 sed
2805 2672 2906 2708 nec
2959 2656 3272 2711 deirudatis
3317 2657 3554 2724 viribus,
3589 2659 3754 2728 quod
3805 2659 3903 2712 mi-

2210 2741 2428 2796 nuebat
2476 2743 2808 2811 opulentiae,
2856 2744 3211 2814 jungebatur
3261 2744 3487 2798 aii‘ectu.
3538 2747 3700 2800 Tunc
3761 2747 3905 2800 enim

2211 2834 2358 2887 aulae
2405 2834 2669 2903 angustia
2717 2834 2777 2887 in
2823 2841 3012 2890 artum
3047 2852 3136 2889 res
3183 2837 3434 2906 privatas
3474 2837 3778 2908 agitabat:
3811 2855 3910 2894 nec

2211 2923 2420 2976 micare
2464 2939 2707 2994 usquam
2739 2924 3014 2978 scintillas
3060 2926 3445 2980 famulantum
3477 2928 3794 2982 exstinctus
3827 2935 3908 2999 ty-

2139 3046 2177 3100 C
2211 3011 2377 3064 ranni
2407 3012 2588 3065 fomes
2617 3012 2948 3066 indulserat.
2986 3015 3269 3068 Metuebat
3298 3019 3565 3084 parentes
3604 3018 3911 3084 exercitus,

2211 3117 2379 3170 quem
2409 3100 2738 3154 meminisse
2771 3101 3010 3172 originis
3042 3119 3160 3156 sua:
3192 3104 3541 3160 admonebat
3569 3105 3765 3160 honor
3786 3108 3912 3162 alie-

2208 3204 2317 3241 nus
2352 3205 2364 3241 :
2400 3205 2534 3242 nam
2584 3189 2666 3243 ire
2699 3189 2767 3242 ad
2799 3194 3003 3244 nutum
3035 3207 3203 3244 suum
3252 3193 3526 3264 legiones,
3560 3199 3616 3249 et
3649 3211 3911 3252 remeare

2205 3291 2418 3344 pavore
2441 3277 2663 3346 algidus
2686 3277 3024 3348 imperabat.
3053 3278 3328 3350 Suspecta
3349 3285 3503 3338 enim
3531 3289 3616 3339 est
3637 3285 3912 3342 obedien-

2205 3363 2305 3431 tia,
2337 3381 2465 3434 quae
2513 3366 2823 3420 famulatur
2869 3367 3168 3438 indignis:
3225 3375 3281 3424 et
3324 3373 3590 3442 quotiens
3636 3378 3910 3444 praelatos

2203 3452 2467 3505 convenit
2509 3455 2860 3509 conscientia
2883 3456 3077 3526 stirpis
3098 3457 3335 3525 ultimm,
3355 3465 3412 3514 et
3448 3461 3590 3516 illud
3613 3469 3907 3531 metuunt,

2203 3541 2355 3611 quod
2385 3541 2681 3597 timentur.
2719 3542 2741 3575 ⁸
2774 3545 2915 3597 Nata
2949 3549 3033 3598 est
3064 3545 3242 3599 felicis
3273 3548 3424 3602 inter
3453 3566 3549 3603 vos
3583 3567 3767 3606 causa
3797 3553 3910 3607 dis-

2203 3630 2432 3696 cordiae,
2485 3631 2622 3684 dum
2674 3633 2995 3702 perduelles
3039 3633 3263 3688 animos
3319 3637 3379 3690 in
3436 3640 3912 3710 propinquorum

2203 3722 2437 3772 tuorum
2471 3735 2668 3773 necem
2701 3721 2956 3776 Romana
2995 3725 3346 3795 prosperitas
3389 3727 3668 3784 invitavit.
3715 3731 3911 3786 Gene-

2202 3811 2324 3861 rata
2353 3811 2441 3862 est
2485 3809 2556 3863 ab
2586 3808 2848 3864 invalidis
2899 3827 3069 3868 causa
3115 3814 3392 3883 certandi,
3436 3820 3494 3870 et
3518 3833 3590 3871 ne
3621 3819 3713 3872 vel
3748 3836 3782 3873 a
3814 3835 3914 3875 ne-

2202 3953 2440 4030 ctoriam
2453 3954 2756 4030 Gothorum
2771 3971 2880 4030 non
2895 3960 3012 4010 tam
3023 3974 3460 4030 numero,quam
3473 3959 3667 4015 labore
3673 3961 3891 4029 iuvisti
3898 4007 3909 4018 .

2201 4025 2358 4149 Iidem
2397 4025 2560 4094 epist.
2614 4029 2676 4078 10
2722 4028 2991 4097 Bulgares
3038 4033 3155 4084 toto
3204 4025 3342 4086 orbe
3390 4025 3683 4087 terribiles
3722 4035 3910 4090 fuisse

2243 4111 2311 4148 ιρι
2350 4137 2361 4149 .

2243 4101 2361 4149 icit.

2271 4165 2297 4197 ⁴
2337 4167 2502 4220 Forte
2531 4165 2876 4224 libertatem.

2269 4233 2292 4269 ⁵
2331 4237 2540 4310 Schot.,
2575 4239 2735 4310 styli.

2269 4310 2298 4388 ξ
2309 4309 2666 4388 _Intes_timus
2684 4310 3015 4388 populator]
3039 4313 3313 4388 Odoacar,
3334 4315 3431 4386 qui
3447 4332 3577 4371 mox
3592 4319 3907 4388 tyrannus.

2197 4379 2248 4458 Is
2280 4379 2542 4460 Moniyllo
2581 4379 2839 4460 Augusto
2883 4379 3087 4438 ultimo
3133 4379 3523 4460 Romanorum
3558 4379 3914 4460 imperatori

2199 4452 2260 4503 in
2291 4452 2552 4506 exsilium
2582 4455 2745 4534 pulso
2775 4470 3017 4524 regnum
3069 4452 3911 4534 eripuit-annuam,.jamque

2200 4536 2380 4575 annos
2410 4540 2557 4591 pene
2609 4526 2669 4576 14
2699 4531 2987 4595 regnarat,
3021 4543 3148 4580 cum
3180 4530 3401 4583 Italiam
3445 4530 3552 4584 sibi
3599 4526 3633 4584 a
3656 4526 3912 4590 'Zenéne

2197 4595 2722 4672 Aug;_conces_sam,
2752 4603 2830 4672 _1_1_t
2875 4597 3193 4672 Odoacrum
3239 4601 3568 4668 debellaret,
3601 4602 3911 4672 ingressus

2199 4668 2283 4742 est
2313 4665 2715 4746 Theodericus.
2752 4667 2890 4745 Ilinc
2921 4669 3116 4722 omnia
3157 4670 3226 4746 in_
3267 4672 3515 4746 Ennodii
3547 4665 3737 4746 verbis
3767 4692 3910 4746 per-

2197 4734 2409 4802 spicua.
2453 4738 2660 4790 Potens
2711 4738 2865 4809 enim
2912 4743 3082 4806 terra,
3133 4741 3599 4809 gubernantium,
3653 4734 3788 4798 hoc‘
3816 4753 3913 4802 est

2195 4811 2620 4881 postremorum
2669 4808 3014 4881 principum,
3067 4811 3282 4866 vilitate
3332 4815 3527 4868 attrita
3563 4821 3646 4868 est
3677 4817 3854 4870 Italia.
3891 4835 3906 4873 :

2198 4876 2358 4952 cujus
2387 4878 2652 4954 allectum
2675 4876 3138 4954 desideriumque
3181 4885 3332 4952 apud
3370 4887 3655 4938 Zenonem
3679 4889 3913 4954 profes-

2196 4947 2288 5028 sus
2337 4954 2433 5028 est.
2463 4950 2861 5028 Theodericus.
2909 4947 3096 5028 Quod
3125 4947 3337 5022 praeter
3387 4962 3618 5011 caeteros
3658 4947 3912 5028 copiose

2197 5017 2463 5072 describit
2492 5021 2806 5074 .Iornandes
2833 5021 2892 5074 in
2925 5017 3149 5078 Geticis:

2265 5089 2288 5166 ’ζ
2324 5089 2723 5170 Εᾱὶῐ.”δὶὶςῖιιω,
2753 5092 3070 5170 saevientem
3087 5094 3365 5170 ambitum
3379 5114 3601 5170 pauper
3623 5097 3912 5156 dominus

2193 5157 2389 5228 odiosa
2418 5157 2692 5228 eﬂusione
2714 5168 3108 5220 contraxerat.

2224 5227 2287 5312 “8
2325 5227 2488 5312 Nata
2518 5236 2599 5312 est
2629 5249 2807 5312 causa
2833 5236 3153 5312 discordiae]
3179 5239 3258 5291 Ne
3289 5238 3501 5308 injuria
3525 5241 3673 5294 bello
3710 5258 3909 5312 appe-

2192 5301 2330 5374 titus
2360 5301 2618 5356 videatur
2653 5305 2920 5374 Udoacer,
2964 5301 3285 5362 lacessitum
3318 5301 3388 5363 ab
3429 5327 3494 5364 eo
3539 5312 3676 5365 dicit
3704 5301 3911 5368 Theo-

2193 5370 2470 5452 doricum,
2505 5370 2978 5452 stimulatumque
3027 5381 3181 5434 caede
3219 5383 3693 5452 propinquorum
3724 5399 3738 5437 :
3782 5385 3910 5441 hoc

2193 5447 2297 5521 est,
2333 5449 2392 5496 ut
2422 5446 2681 5521 conjicio,
2714 5446 3030 5516 Rugorum,
3063 5467 3176 5521 quo
3216 5446 3364 5505 bello
3397 5446 3572 5507 caisos
3603 5454 3911 5512 aliIixerat

2193 5513 2465 5595 Odoacer,
2515 5513 2727 5595 Ιξὴῳὶῃ
2771 5513 2906 5595 rege
2936 5513 3111 5595 capto
3144 5523 3429 5595 Friderico
3473 5527 3596 5595 ejus
3642 5525 3764 5579 tilio
3794 5529 3908 5582 cui

2191 5590 2386 5659 aperte
2416 5586 2638 5641 favebat
2671 5586 3074 5659 Theodericus,
3107 5594 3282 5648 semel
3313 5599 3483 5659 atque
3502 5586 3728 5651 'iterum
3759 5599 3904 5654 acie

2190 5655 2410 5728 fugato,
2442 5662 2505 5712 ut
2534 5659 2593 5713 in
2620 5659 2676 5716 S.
2709 5661 2961 5717 Severini
2987 5655 3112 5720 Vita
3141 5671 3336 5721 narrat
3366 5655 3708 5739 Eugippius.
