4060 6174
220 307 314 359 173

1226 298 1711 355 PANEGYRICUS
1750 297 2199 354 TIIEODERICO
2242 297 2413 355 REGI
2452 297 2724 354 DlCTUS.

3619 300 3718 355 174

213 437 364 507 gotio
398 433 665 506 perituris
695 432 915 487 veniret
944 431 1170 498 ﬁducia,
1219 448 1348 502 pars
1381 432 1668 501 fugacium
1712 430 1909 501 praelia
1946 430 2239 501 Ajejunas
2296 435 2593 500 pectorum
2648 433 2830 483 crates
2890 434 3010 483 acta
3060 431 3430 486 validioribus
3487 433 3719 489 lacertis

213 524 527 578 concitavit.
569 524 724 576 Tunc
773 540 807 576 a
854 526 907 575 te
950 519 1311 575 communitis
1346 520 1515 590 longe
1560 520 1787 589 lateque
1834 520 1915 571 vi-

212 614 389 674 ribus,
426 613 763 665 innumeros
802 610 1007 664 diffusa
1046 625 1150 679 per
1183 609 1427 678 populos
1459 624 1597 678 gens
1630 624 1742 660 una
1772 624 1915 660 con-

215 701 459 755 trahitur
482 700 767 770 migrante
795 704 979 753 tecum
1012 698 1079 751 ad
1110 697 1419 751 Ausoniam
1454 697 1690 761 mundo,
1726 697 1914 750 nullus

216 795 425 860 praeter
454 793 753 859 parentem
787 788 898 841 iter
929 786 1186 856 arripuit.
1222 786 1458 855 Sumpta
1492 790 1625 838 sunt
1658 786 1916 855 plaustra

217 880 328 932 vice
380 884 684 941 tectorum,
729 882 785 930 et
831 876 891 929 in
936 876 1136 929 domos
1181 874 1472 927 instabiles
1522 874 1918 929 confluxerunt

220 968 410 1022 omnia
464 968 744 1020 servitura
788 964 1130 1018 necessitati.
1182 964 1339 1016 Tunc
1396 978 1553 1015 arma
1595 962 1817 1016 Cereris
1861 965 1917 1017 et

220 1058 495 1111 solventia
519 1057 875 1111 frumentum
908 1054 1090 1107 bobus
1120 1068 1252 1106 saxa
1281 1052 1688 1105 trahebantur:
1723 1066 1918 1104 onera-

218 1153 282 1200 tze
332 1146 547 1200 fetibus
579 1149 791 1198 matres
818 1144 969 1197 inter
1006 1141 1251 1195 familias
1286 1144 1411 1193 tuas
1443 1139 1633 1192 oblitae
1667 1154 1831 1192 sexus
1863 1142 1916 1190 et

219 1235 509 1307 ponderis,
560 1233 805 1303 parandi
846 1231 1026 1285 victus
1073 1246 1209 1283 cura
1254 1230 1269 1263 ί
1320 1228 1596 1281 laborant.
1654 1228 1811 1281 Tunc
1856 1226 1917 1279 in

221 1341 418 1395 campo
464 1323 652 1377 hiems
685 1326 741 1375 et
779 1320 905 1391 jugi
934 1320 1274 1390 pruinarum
1307 1317 1552 1370 candore
1592 1316 1775 1369 velata
1804 1331 1916 1368 cm-

221 1413 413 1477 saries,
448 1411 689 1465 barbam
726 1408 896 1463 stiriis
936 1407 1221 1477 implicuit
1250 1406 1407 1459 crine
1449 1422 1726 1475 possesso.
1778 1404 1917 1458 Nam

221 1501 367 1573 quod
400 1500 738 1569 diligentius
778 1498 1180 1552 indumentum
1213 1500 1475 1549 matrona
1510 1500 1762 1557 neverat,
1806 1494 1917 1545 du-

217 1595 372 1644 rante
397 1591 553 1659 gelu,
580 1594 644 1643 ut
664 1588 979 1642 adhmreret
997 1586 1246 1657 corpori,
1271 1585 1659 1655 frangebatur.
1687 1586 1918 1637 Pastum

220 1680 546 1751 agminibus
593 1679 708 1732 tuis
752 1683 850 1732 aut
884 1677 1164 1731 indevotas
1212 1675 1497 1741 nationes,
1547 1678 1645 1727 aut
1682 1672 1921 1727 educata

221 1769 409 1823 lustris
442 1769 565 1822 fera
596 1768 899 1838 suggessit.

284 1860 443 1910 Inter
477 1858 618 1923 haec,
672 1872 799 1925 quae
850 1854 954 1909 tibi
1002 1870 1131 1907 cum
1175 1852 1354 1924 glacie
1387 1856 1484 1907 aut
1516 1852 1718 1906 ardore
1745 1867 1921 1905 cesse-

223 1951 361 2008 runt,
407 1962 584 1999 unam
617 1943 946 1999 certaminis
986 1943 1071 1997 tui
1106 1943 1317 1996 lineam
1357 1946 1753 1995 summotenus
1785 1940 1924 1993 libet

223 2036 521 2105 attingere.
556 2036 577 2067 ²
611 2034 743 2088 Ulca
798 2031 1005 2085 fluvius
1052 2035 1138 2084 est
1185 2032 1362 2083 tutela
1394 2029 1763 2099 Gepidarum,
1798 2041 1925 2097 quae

222 2124 330 2177 vice
365 2138 652 2193 aggerum
683 2121 872 2175 munit
901 2120 1165 2184 audaces,
1198 2124 1256 2172 et
1297 2118 1356 2171 in
1382 2118 1657 2187 jugorum
1691 2130 1911 2169 morem

222 2214 358 2265 latus
389 2211 706 2282 provincia:
753 2209 1098 2281 quibusdam
1132 2208 1312 2261 muris
1340 2206 1727 2276 amplectitur,
1762 2204 1923 2257 nullo

225 2302 395 2355 ariete
441 2300 811 2354 frustrandis.
845 2298 929 2351 Ad
978 2298 1130 2351 hunc
1175 2300 1231 2350 te
1262 2295 1419 2349 callis
1449 2295 1533 2348 tui
1562 2294 1723 2363 rigor
1753 2293 1928 2346 addu-

227 2391 333 2443 xit:
367 2389 476 2443 ubi
508 2405 614 2458 pro
637 2388 837 2458 legatis
867 2391 923 2440 et
948 2385 1144 2455 gratim
1174 2384 1584 2455 postulatione,
1615 2381 1928 2435 obsistendi

228 2480 411 2531 animo
440 2492 585 2547 gens
615 2476 714 2530 diu
741 2475 953 2528 invicta
984 2473 1344 2544 properavit:
1380 2488 1510 2525 cum
1541 2487 1689 2541 pene
1720 2471 1920 2524 cohor-

225 2572 299 2621 tes
329 2573 464 2621 tuas
498 2571 630 2619 ante
657 2565 923 2618 inimicos
953 2563 1119 2616 famis
1150 2562 1452 2616 necessitas
1486 2561 1788 2614 obsideret.
1827 2559 1927 2613 Dic

228 2673 437 2727 quaso,
487 2654 933 2708 clementissime
979 2651 1229 2718 domine,
1285 2650 1423 2721 quid
1470 2654 1680 2719 praeter
1710 2654 1763 2701 te
1806 2648 1928 2718 spei

228 2750 341 2798 erat
367 2743 677 2798 residuum
701 2743 759 2795 in
791 2740 1008 2811 populo
1041 2754 1231 2793 arenas
1261 2742 1358 2792 aut
1388 2738 1668 2791 sideribus
1698 2752 1928 2805 compa-

226 2832 447 2887 rando?
491 2830 840 2886 Instantibus
880 2829 1127 2899 Gepidis,
1182 2842 1372 2894 amne,
1422 2825 1771 2895 pestilentia,
1819 2825 1929 2879 iter

226 2923 369 2993 quod
404 2921 753 2975 declinasset
784 2918 1029 2988 fugiens,
1064 2922 1260 2971 contra
1289 2915 1533 2969 nudatos
1572 2914 1778 2983 vagina
1808 2914 1929 2983 gla-

228 3012 338 3065 dios
375 3008 789 3065 transvolasti:
824 3008 1041 3061 nullius
1086 3006 1249 3059 inscii
1289 3021 1478 3058 mersa
1519 3019 1682 3057 coeno
1716 3004 1930 3056 hmsere

228 3101 463 3171 vestigia
490 3117 501 3153 :
539 3099 733 3152 nullus
768 3097 899 3151 vita:
928 3096 1202 3167 prodigus
1222 3095 1542 3165 periculum
1572 3092 1807 3161 ignarus
1836 3092 1924 3145 in-

227 3190 414 3243 currit.
470 3188 741 3245 Vincitur
794 3185 1063 3239 humanae
1117 3183 1329 3237 mentis
1380 3180 1685 3235 auctoritas
1727 3178 1929 3249 praevi-

228 3280 378 3332 sione
410 3275 801 3332 discriminis:
838 3274 1073 3328 labascit
1111 3272 1351 3327 fortium
1383 3269 1749 3335 conscientia,
1785 3284 1929 3339 quo-

230 3368 364 3421 tiens
396 3366 771 3421 formidanda
803 3364 983 3417 oculis
1016 3364 1377 3433 ingeruntur.
1410 3360 1576 3415 Stetit
1605 3366 1737 3413 ante
1762 3358 1929 3411 indo-

230 3454 422 3507 mitam
451 3454 822 3523 juventutem
841 3456 995 3504 certa
1017 3450 1085 3503 de
1113 3450 1394 3503 mortibus
1416 3448 1595 3518 optio,
1627 3461 1755 3500 cum
1776 3444 1933 3497 nulla

229 3543 519 3596 videretur
570 3541 845 3595 securitas
874 3540 943 3593 de
992 3539 1196 3593 salute.
1250 3537 1397 3601 Quid
1428 3537 1700 3591 Catonem
1732 3532 1933 3587 extuli-

227 3632 317 3683 stis
335 3630 536 3701 prisca
566 3633 963 3695 monumenta,
990 3626 1142 3697 quod
1164 3642 1266 3696 per
1294 3625 1527 3695 Libycas
1557 3624 1744 3694 Syrtes
1774 3620 1935 3679 duxit

227 3720 565 3785 exercitum,
602 3718 739 3771 dum
766 3718 1051 3771 humanas
1094 3730 1260 3768 neces
1286 3713 1539 3767 ludibria
1568 3711 1781 3764 faceret
1810 3722 1932 3763 esse

226 3814 605 3878 serpentum:
641 3806 731 3859 vel
774 3820 905 3859 cum
954 3804 1075 3857 sine
1118 3801 1346 3855 virtutis
1390 3800 1575 3871 pretio
1627 3799 1933 3852 educatum

225 3899 344 3951 cceli
372 3895 699 3967 vaporibus
727 3893 935 3947 veneni
966 3893 1147 3962 frigus
1178 3894 1443 3961 expertus
1475 3889 1601 3943 est?
1629 3887 1930 3941 Neminem

224 3987 472 4057 contigit
509 3984 810 4054 chelydros
840 3987 972 4037 ante
1002 3981 1219 4046 videre,
1254 3995 1427 4050 quam
1470 3977 1712 4031 exitium
1745 3992 1757 4031 :
1794 3975 1933 4029 dum

225 4092 317 4144 per
355 4075 584 4130 flamen
618 4072 1018 4143 prodigiosum
1048 4074 1105 4124 et
1130 4068 1389 4138 corporis
1420 4066 1655 4134 fabrica,
1697 4066 1757 4117 ut
1778 4079 1935 4117 asso-

224 4167 337 4217 lent
366 4165 612 4229 animae,
659 4162 719 4215 in
753 4177 918 4215 auras
948 4159 1216 4214 evolaret.
1270 4158 1395 4211 Non
1441 4172 1572 4209 cum
1619 4154 1727 4208 viri
1773 4152 1937 4207 fortis

224 4254 386 4308 laude
430 4250 769 4324 perimitur,
803 4249 903 4321 qui
934 4249 1090 4303 unde
1128 4246 1287 4302 venit
1316 4245 1497 4301 nescit
1540 4258 1791 4298 occasus.
1826 4242 1938 4296 Nec

2022 520 2218 573 lancea
2248 520 2671 573 transmeabat:
2709 536 2838 573 cum
2877 520 3027 573 inter
3058 522 3359 591 naufragia
3386 527 3629 591 terrena,
3664 530 3721 579 et

2024 608 2239 662 cruoris
2301 608 2499 675 undas,
2559 609 2960 662 invictissimus
3019 610 3222 664 ductor
3283 612 3564 681 apparuit,
3620 614 3722 667 tali

2024 698 2291 751 muniens
2324 702 2571 751 astantes
2604 698 2892 768 alloquio:
2922 698 3075 762 «Qui
3106 700 3165 751 in
3194 700 3386 753 hostili
3419 701 3534 753 acie
3566 702 3716 755 viam

2026 786 2330 853 desiderat,
2364 804 2455 841 me
2489 793 2794 856 sequatur:
2829 803 2945 841 non
2994 789 3261 858 respiciat
3303 790 3569 855 alterum,
3622 791 3721 861 qui

2028 876 2334 930 dimicandi
2358 876 2537 945 poscit
2559 877 2907 945 exemplum.
2935 876 3121 930 Virtus
3148 879 3580 934 multitudinem
3606 896 3721 933 non

2025 965 2301 1035 requirit:
2345 965 2416 1017 ad
2468 981 2679 1035 paucos
2708 966 2925 1019 vadunt
2959 966 3150 1033 bella;
3193 966 3476 1021 bellorum
3510 969 3723 1022 fructus

2027 1055 2094 1108 ad
2129 1054 2431 1124 plurimos.
2465 1055 2545 1107 De
2578 1070 2670 1108 me
2703 1054 3081 1108 aastimabitur
3110 1057 3426 1109 exercitus:
3462 1062 3517 1110 et
3546 1056 3605 1110 in
3635 1058 3725 1111 his

2028 1161 2155 1215 quae
2189 1159 2441 1214 gessero,
2465 1159 2603 1213 gens
2625 1143 2962 1214 triumphat.
2997 1144 3253 1198 Attollite
3276 1146 3439 1216 signa
3464 1162 3565 1215 per
3596 1163 3724 1216 qum

2026 1249 2098 1287 ne
2146 1233 2373 1299 lateam,
2424 1232 2795 1302 providetur:
2848 1233 3115 1286 noverint
3161 1250 3333 1303 quem
3381 1239 3581 1305 petant
3627 1238 3727 1289 aut

2027 1322 2187 1391 cujus
2219 1322 2438 1392 jugulis
2470 1321 2849 1391 acquiescant.
2888 1321 2993 1384 Qui
3025 1338 3331 1391 congressu
3366 1339 3492 1376 meo
3526 1339 3725 1376 occur-

2027 1411 2228 1475 rerint,
2306 1409 2685 1463 nobilitentur
2749 1410 3007 1463 exitio.»
3070 1410 3167 1463 His
3230 1411 3414 1478 dictis,
3459 1413 3727 1482 poculum

2027 1516 2192 1553 causa
2217 1500 2475 1569 poposcit
2497 1499 2758 1568 auspicii,
2790 1504 2846 1553 et
2870 1498 3070 1552 laxatis
3090 1500 3149 1552 in
3174 1500 3440 1569 praelium
3465 1500 3723 1568 habenis,

2029 1589 2239 1642 ell‘usus
2267 1593 2371 1642 est.
2412 1589 2479 1642 Ut
2508 1593 2734 1641 torrens
2775 1592 2915 1656 sata,
2940 1591 3002 1641 ut
3029 1589 3116 1642 leo
3143 1593 3425 1655 armenta,
3457 1590 3721 1643 vastasti:

2031 1695 2134 1731 nec
2162 1694 2506 1731 concurrens
2524 1678 2827 1747 quisquam
2853 1678 3126 1739 substitit,
3155 1694 3261 1732 nec
3282 1678 3520 1733 evadere
3550 1678 3732 1749 potuit

2034 1767 2453 1838 insequentem.
2492 1767 2814 1820 Portabaris
2843 1784 2946 1837 per
2989 1767 3273 1834 universa,
3309 1769 3429 1838 jam
3462 1768 3733 1822 deficien-
3766 1784 3769 1791 '

2032 1856 2187 1911 tibus
2234 1857 2383 1923 telis,
2435 1856 2620 1909 adhuc
2668 1856 2752 1909 ira
2802 1862 3108 1911 crescente.
3153 1858 3451 1928 Extemplo
3497 1858 3733 1927 Gepida-

2032 1962 2163 2000 rum
2212 1962 2369 1999 versa
2401 1945 2655 1998 conditio
2697 1951 2816 1999 est:
2868 1946 3127 2015 palantes
3179 1946 3285 1999 visi
3337 1950 3469 1999 sunt
3513 1952 3734 1999 mutata

2033 2038 2183 2085 sorte
2218 2032 2481 2085 victores.
2530 2032 2670 2085 Nam
2705 2036 2786 2093 tu,
2824 2034 3190 2100 venerabilis,
3224 2033 3323 2105 qui
3365 2033 3733 2087 incomitatus

2034 2126 2266 2191 gustum
2297 2120 2625 2174 luctaminis
2656 2122 3003 2192 arripueras,
3036 2123 3276 2176 vallatus
3306 2124 3562 2177 millibus
3583 2124 3731 2177 ince-

2034 2211 2228 2264 debas.
2264 2211 2419 2264 Cassa
2463 2216 2546 2263 est
2578 2211 2887 2265 multitudo
2932 2212 3275 2279 adversaria,
3311 2212 3490 2265 donec
3520 2229 3730 2282 paucos

2035 2300 2278 2369 eriperet
2309 2316 2419 2352 nox
2447 2300 2668 2353 vicina:
2713 2301 2849 2353 dum
2895 2300 2965 2353 ad
3006 2316 3149 2371 vaga
3180 2301 3383 2354 horrea
3415 2300 3594 2370 copiis
3634 2316 3736 2353 ur-

2033 2387 2194 2442 bium
2234 2388 2443 2441 referta
2468 2388 2763 2442 veniretur
2792 2406 2803 2441 :
2841 2404 2967 2458 quae
2998 2405 3112 2441 non
3135 2390 3321 2443 solum
3346 2389 3739 2443 satisfacerent

2036 2476 2382 2541 necessitati,
2425 2477 2522 2530 sed
2552 2477 2912 2531 sublevarent
2943 2478 3092 2531 inter
3122 2478 3457 2532 deliciarum
3489 2479 3737 2533 secunda

2034 2563 2351 2617 fastidium.
2388 2565 2471 2617 Ita
2514 2564 2804 2634 prosperis
2836 2565 2949 2618 tuis
2991 2564 3260 2619 militavit
3308 2564 3647 2619 adversitas:
3682 2569 3739 2619 et

2036 2657 2235 2706 contra
2265 2652 2477 2705 famem
2506 2656 2740 2705 tuorum
2763 2652 2980 2705 esuries
3002 2651 3282 2722 pugnavit
3310 2652 3534 2706 hostilis
3558 2669 3571 2705 :
3602 2653 3737 2707 vicit

2035 2741 2288 2795 inediam
2333 2726 2566 2795 inimica
2596 2740 2959 2811 congressio:
2991 2757 3096 2794 nec
3126 2741 3369 2795 redisses
3394 2742 3466 2795 ad
3506 2742 3725 2795 valetu-

2036 2829 2251 2895 dinem,
2294 2830 2341 2882 si
2390 2828 2708 2882 certamina
2754 2828 3087 2881 defuissent.
3127 2830 3256 2882 Haec
3305 2830 3372 2883 de
3418 2830 3738 2883 innumeris

2037 2919 2253 2972 actibus
2285 2918 2343 2971 in
2366 2916 2627 2971 ordinem
2660 2918 2878 2987 digesta
2905 2916 3210 2969 sufficiant.
3240 2919 3488 2971 Transeo
3519 2919 3740 2972 Sarma-

2037 3010 2123 3060 tas
2172 3023 2302 3061 cum
2344 3007 2585 3060 statione
2628 3006 2965 3075 migrantes,
2999 3008 3055 3058 et
3097 3004 3328 3075 plebem
3358 3006 3735 3061 conflictuum

2039 3100 2402 3150 numeratam
2433 3094 2573 3148 sileo
2606 3094 2675 3148 de
2700 3092 2950 3163 tropaeis.

2110 3272 2132 3308 ⁵
2168 3273 2290 3328 Tibi
2341 3289 2471 3326 enm
2520 3276 2740 3326 rectore
2792 3286 2942 3337 meo,
2996 3268 3309 3336 Odovacar,
3354 3286 3587 3325 occurro
3638 3271 3738 3341 qui

2040 3361 2331 3415 universas
2358 3364 2553 3413 contra
2601 3374 2733 3412 eum
2765 3358 3045 3421 nationes,
3111 3358 3277 3427 quasi
3325 3359 3479 3412 orbis
3509 3375 3739 3412 concus-

2040 3466 2151 3514 sor,
2182 3450 2486 3504 exciveras.
2512 3450 2615 3503 Tot
2644 3463 2805 3517 reges
2838 3453 3025 3501 tecum
3054 3445 3122 3500 ad
3147 3446 3295 3500 bella
3325 3452 3735 3515 convenerant,

2040 3544 2179 3609 quot
2218 3538 2500 3592 sustinere
2530 3538 2876 3607 generalitas
2898 3536 3109 3590 milites
3136 3537 3228 3590 vix
3256 3538 3472 3591 valeret
3498 3553 3512 3591 :
3543 3537 3742 3607 depre-

2038 3630 2284 3683 hensum
2330 3632 2415 3680 est
2452 3627 2637 3679 varias
2668 3642 2790 3680 esse
2840 3631 3059 3681 mentes
3111 3634 3451 3683 coacervatae
3486 3629 3741 3682 multitu-

2041 3717 2212 3783 dinis,
2267 3731 2371 3770 nec
2404 3731 2565 3785 spem
2602 3715 2853 3769 victoria:
2891 3714 3085 3769 venire
3122 3716 3192 3769 de
3235 3733 3499 3771 numero.
3545 3717 3741 3771 Adhuc

2040 3810 2277 3860 tuorum
2309 3805 2521 3858 dextras
2542 3804 2610 3858 de
2638 3805 2983 3875 praacedenti
3010 3806 3140 3860 tabe
3168 3806 3455 3860 titubant:
3489 3822 3591 3859 nec
3616 3821 3742 3877 per-

2043 3893 2249 3962 agebat
2300 3892 2516 3945 votivos
2572 3892 2823 3963 impetus
2888 3894 3284 3948 membrorum
3344 3893 3737 3947 imbecillitas:

2044 3978 2254 4033 sufﬁcit
2280 3983 2474 4031 tamen
2507 3995 2688 4032 unum
2722 3980 2864 4033 velle
2888 3996 2993 4049 pro
3024 3980 3262 4047 viribus,
3294 3986 3349 4035 et
3370 3982 3740 4035 indiscretum

2044 4067 2347 4122 consilium
2383 4067 2452 4119 de
2496 4066 2745 4120 inimicis
2788 4068 2908 4121 loco
2951 4068 3177 4122 roboris
3217 4069 3409 4124 attulit
3437 4070 3738 4123 ultionem.

2045 4158 2171 4211 Non
2200 4161 2254 4209 te
2288 4158 2473 4209 castra
2514 4154 2689 4223 longo
2738 4155 2961 4208 munita
2990 4160 3286 4225 tempore:
3322 4174 3437 4211 non
3468 4157 3741 4210 ’fluminis

2046 4242 2333 4315 profunda
2362 4245 2708 4296 tenuerunt:
2745 4242 2946 4295 datum
2976 4247 3061 4296 est
3091 4244 3350 4299 hostibus
3382 4245 3496 4297 tuis
3530 4245 3742 4298 vallum

224 4344 373 4397 illius
417 4341 631 4396 militis
660 4340 857 4395 cuneis
901 4338 1014 4392 tuis
1060 4335 1337 4391 fortitudo
1376 4332 1771 4404 comparanda
1814 4334 1938 4398 est;
1974 4338 2017 4391 D
2052 4332 2401 4395 construere,
2433 4342 2552 4380 non
2584 4327 2752 4382 tueri.
2788 4329 3043 4399 Repente
3069 4346 3302 4399 aaquora
3323 4330 3615 4399 fugacium
3637 4331 3744 4385 dis-

226 4448 321 4487 nec
346 4448 460 4503 par
495 4434 584 4484 est
616 4430 677 4483 in
706 4430 847 4485 duce
875 4426 1175 4499 sapientia.
1207 4426 1377 4479 Illum
1395 4423 1576 4477 civilis
1625 4420 1763 4475 belli
1783 4420 1945 4474 furor

224 4522 482 4591 agitabat
508 4536 525 4585 ;
558 4522 613 4573 te
644 4516 796 4573 orbis
827 4517 1064 4572 domina
1095 4515 1166 4569 ad
1191 4518 1370 4568 status
1393 4511 1483 4565 sui
1512 4509 1941 4579 reparationem

226 4612 404 4665 floma
438 4608 738 4681 poscebat.
771 4606 879 4661 Sed
911 4606 1049 4676 quid
1096 4604 1319 4669 differo,
1366 4601 1522 4673 quod
1558 4600 1662 4654 tibi
1709 4604 1942 4652 eventus

224 4700 420 4753 dexter
468 4694 783 4751 exhibuit?
827 4688 1134 4748 Cesserunt
1183 4688 1618 4746 confertissimis
1671 4687 1944 4742 hostium‘

221 4792 458 4843 tuorum
495 4784 749 4851 'turmis,
783 4799 927 4855 quos
958 4782 1198 4837 ulterior
1222 4782 1349 4851 ripa
1384 4782 1727 4849 susceperat.
1768 4778 1939 4845 Urge-

221 4876 432 4931 bantur
463 4874 623 4943 telis,
658 4889 803 4943 quos
832 4888 1039 4943 vorago
1069 4876 1170 4926 aut
1199 4871 1446 4940 irruptio
1496 4885 1612 4924 non
1665 4866 1934 4922 tenebat:

289 5002 304 5035 ²
347 5001 558 5055 Schot.
572 5044 584 5061 ,
618 4998 978 5053 laborabant.

286 5070 311 5105 ²
355 5074 522 5127 Ulca
552 5070 761 5127 ﬂuvius
790 5073 873 5122 est
907 5064 1268 5138 Gepidarum]
1290 5062 1624 5138 Theoderici
1653 5061 1942 5138 regiahoc

224 5148 517 5213 tempore,
556 5148 619 5194 ut
652 5134 1163 5213 Eugippius—idem
1192 5134 1731 5213 tit—Marcellinusiin
1762 5134 1939 5213 Chro-

221 5205 357 5268 nico.
377 5205 631 5279 docent,
664 5205 938 5265 No'vénsis
966 5205 1091 5263 erat
1120 5209 1320 5261 civitas
1344 5208 1404 5259 in
1429 5206 1622 5260 Maesia
1641 5205 1933 5279 inferiore.

222 5288 413 5352 ῗὲούας,
473 5274 669 5338 Novas
714 5280 967 5352 appellat
997 5281 1362 5352 Ptolemaeus.
1413 5279 1550 5330 Inde
1590 5292 1753 5352 orsus
1772 5274 1941 5352 “Itali-

222 5372 342 5409 eam
376 5345 843 5425 expeditionem,
890 5351 1167 5425 Sirmium
1208 5355 1374 5425 recta
1404 5347 1750 5425 contendit;
1772 5345 1941 5425 Eo_in

226 5433 408 5480 tractu
456 5416 564 5495 qui
592 5416 950 5495 rinterjeCtus
992 5428 1097 5489 est,
1145 5422 1214 5495 in
1246 5420 1418 5495 Dacia
1448 5418 1678 5495 Cepidaa
1714 5416 1941 5495 Gunda-

226 5499 376 5551 ritho
411 5488 562 5565 rege
586 5488 950 5548 habitabant:
975 5488 1119 5563 quos
1140 5490 1553 5565 iterimpedire
1580 5504 1745 5543 ausos
1768 5488 1942 5543 Theo-

224 5569 455 5623 dericus
484 5562 565 5621 ad
597 5565 792 5619 Ulcam
830 5562 1071 5620 fluvium
1098 5562 1447 5635 profligavit:

287 5638 313 5675 ⁸
357 5638 505 5697 Tibi
550 5636 849 5696 Odovacar
886 5629 1147 5707 occurro]
1200 5629 1395 5691 Prima
1430 5629 1767 5727 Thgoderici
1808 5644 1944 5686 cum

2050 4432 2245 4470 cursus
2290 4416 2549 4482 obnubit,
2618 4431 2721 4486 per
2772 4433 2899 4487 qua:
2943 4418 3327 4487 superandam
3375 4419 3746 4473 domesticam

2050 4510 2452 4576 tempestatem
2490 4504 2833 4560 abeuntibus
2864 4506 3159 4560 indixisti:
3204 4508 3424 4561 interea
3454 4508 3601 4562 acies
3630 4514 3746 4563 tua:

2051 4600 2284 4664 aspectu
2326 4599 2726 4649 consummant
2764 4595 2983 4665 praelia,
3051 4610 3168 4649 non
3218 4596 3432 4651 labore.
3474 4597 3596 4651 Illic
3640 4598 3747 4652 tibi

2049 4685 2201 4739 fores
2252 4686 2524 4739 reseravit
2573 4684 2832 4749 felicitas,
2886 4681 3193 4736 manifesto
3247 4684 3537 4755 detegens,
3592 4688 3748 4757 quod

2052 4772 2151 4843 qui
2180 4774 2429 4843 primore
2480 4773 2605 4825 loco
2636 4774 2942 4837 cesserant,
2999 4772 3248 4825 secunda
3291 4790 3386 4827 eos
3435 4775 3747 4828 luctamina

2051 4879 2167 4917 non
2210 4868 2529 4917 manerent.
2584 4859 2693 4914 Sed
2746 4859 3015 4913 instruxit
3054 4875 3250 4913 rursus
3306 4860 3368 4913 in
3415 4861 3747 4932 deceptione

2050 4988 2298 5044 Odoacre
2343 4984 2667 5054 congressio
2725 4984 2798 5038 ad
2858 4984 3123 5038 Sontium
3163 4984 3388 5037 Venetae
3437 4982 3747 5053 provinciae

2049 5060 2289 5114 ﬂuvium
2321 5059 2488 5119 facta,
2520 5054 2769 5108 Probino
2801 5060 2856 5109 et
2888 5056 3129 5109 Eusebio
3162 5070 3307 5107 coss.
3361 5071 3509 5107 anno
3541 5054 3749 5107 Christi

2048 5133 2171 5196 489,
2207 5130 2264 5181 in
2298 5146 2413 5199 qua
2442 5127 2716 5199 Odoacer,
2750 5132 2814 5199 ut
2839 5127 3211 5199 Cassiodorus
3243 5126 3302 5178 in
3334 5124 3615 5187 Chronico
3651 5141 3749 5199 no-

2050 5207 2152 5264 tat,
2181 5196 2449 5253 cum_suis
2472 5198 2741 5251 omnibus
2764 5197 2993 5267 fugatus
3024 5202 3127 5249 est.
3155 5197 3394 5249 Flumen
3418 5196 3748 5267 ergocujus

2049 5272 2315 5326 meminit
2347 5270 2655 5336 Ennodius,
2701 5274 2782 5322 est
2809 5265 3056 5333 Sentius,
3090 5268 3205 5320 sive
3237 5272 3301 5320 ut
3338 5267 3396 5319 in
3425 5265 3749 5320 Cassiodori

2050 5342 2333 5398 Chronico
2387 5341 2666 5410 scriptum
2714 5345 2815 5404 est,
2865 5339 3131 5410 lsontius.
3189 5338 3295 5392 Sed
3344 5337 3576 5391 Sentius
3608 5338 3749 5391 item

2050 5419 2134 5469 est
2169 5412 2469 5480 Jornandi,
2502 5409 2569 5466 iet
2614 5412 2946 5466 Cassiodoro
2988 5409 3098 5479 ipsi
3148 5410 3245 5463 lib.
3291 5424 3309 5463 1
3363 5410 3601 5469 Variar.,
3666 5413 3746 5480 18,

2047 5485 2236 5539 verbis
2273 5483 2628 5551 Theoderici,
2677 5485 2760 5537 Ea:
2813 5498 2943 5553 quo,
2974 5481 3084 5553 ait,
3116 5484 3229 5534 Deo
3264 5482 3516 5553 propitio
3563 5479 3752 5553 Sontifi

2025 5557 2267 5637 ﬂuente
2296 5554 2740 5624 transmisimus,
2770 5550 2867 5609 alii
2888 5550 3143 5625 primum
3168 5550 3479 5609 Italiae'nos
3495 5550 3752 5622 suscepit

2046 5642 2374 5701 zmpenum.
