4060 6174
318 335 421 389 175

1520 318 1815 376 ENNODII
1851 317 2167 376 EPISCOPI
2203 317 2598 377 TICINENSIS

3707 322 3808 375 t76

314 467 403 521 sui
426 481 585 521 mens
606 478 748 534 vaga
777 459 1143 515 conflictum:
1172 457 1186 491 ¹
1212 456 1348 511 dum
1367 454 1515 525 apud
1543 455 1823 509 Veronam
1843 459 2002 509 tuam
2040 456 2085 509 Λ
2118 455 2253 509 dum
2302 453 2677 509 tumefaccres
2736 452 2993 523 gurgites
3031 451 3099 506 de
3131 466 3353 520 cruore,
3402 452 3460 505 in
3501 456 3661 523 parte
3696 452 3810 507 alia

315 558 655 626 apparatum
683 549 880 605 nubeli
918 546 1063 602 laxis
1094 544 1358 599 manibus
1388 558 1586 613 pugna
1615 542 2004 595 instruebatur

311 640 638 711 impendiis.
688 638 838 692 Nihil
868 636 1072 690 fortius
1104 631 1441 687 adversariis
1472 632 1585 685 tuis
1612 636 1744 685 ante
1781 631 1960 685 aciem
1986 647 1997 684 :

314 730 410 782 sed
443 745 572 782 cum
620 725 757 780 belli
806 724 1135 778 cecinerunt
1179 720 1431 788 classica,
1477 719 1625 773 nihil
1678 717 1997 772 infirmius:

313 817 564 871 maxima
597 814 654 868 in
682 811 1008 868 luctaminis
1038 808 1417 881 promissione
1454 808 1655 877 virtus,
1690 811 1744 860 et
1772 806 1819 859 si
1850 805 2004 859 sufﬁ-

314 912 469 962 ceret
515 906 711 974 lingua
741 919 844 973 pro
889 900 1159 969 dexteris,
1204 899 1367 970 copia
1397 914 1621 953 summa
1669 896 1998 951 verborum.

310 998 535 1051 Electus
565 998 649 1048 est
674 994 933 1046 locorum
975 991 1137 1057 situs,
1166 1007 1282 1044 non
1306 994 1421 1044 tam
1455 986 1786 1059 congressui
1818 986 1998 1053 utilis,

311 1100 483 1155 quam
508 1080 739 1153 pavori:
771 1080 1133 1152 providentes
1176 1094 1249 1133 ne
1296 1078 1675 1132 ascriberetur
1705 1075 1859 1130 casui
1889 1074 2003 1146 pri-

308 1190 404 1227 ma
432 1171 605 1225 etiam
631 1170 899 1225 discessio
937 1170 1331 1241 perfugarum,
1360 1173 1416 1222 et
1446 1173 1638 1223 tamen
1668 1166 1999 1238 reipublicae

308 1259 553 1315 candida
616 1258 847 1313 fortuna
906 1258 1269 1329 perurgebat,
1315 1274 1386 1311 ne
1442 1260 1627 1326 coepto
1676 1256 1995 1310 desisteres.

307 1348 533 1405 Itineris
576 1348 661 1402 tui
701 1363 1036 1418 permensus
1078 1346 1397 1413 intervalla,
1445 1343 1787 1416 conspexisti
1836 1342 1998 1414 ignes

306 1439 560 1493 hostium
608 1441 895 1490 astrorum
928 1452 1084 1489 more
1122 1436 1459 1491 rutilantes:
1497 1440 1559 1488 ut
1608 1435 1653 1487 si
1684 1432 1995 1505 aliquando

305 1528 413 1582 tibi
456 1528 692 1582 fuissent
731 1530 864 1580 nota
903 1525 1174 1591 formido,
1220 1526 1278 1579 in
1310 1526 1618 1597 abruptum
1660 1535 1713 1577 te
1748 1522 1997 1593 pendere

305 1616 619 1672 didicisses.
646 1617 952 1686 Nunquam
974 1615 1153 1668 animi
1174 1615 1259 1668 tui
1276 1619 1473 1681 status,
1500 1617 1595 1667 aut
1614 1612 1996 1667 secundarum

304 1723 498 1761 rerum
530 1711 755 1760 tumore
784 1705 965 1758 elatus
1006 1708 1109 1771 est,
1143 1708 1243 1757 aut
1272 1704 1457 1758 dubiis
1490 1701 1787 1773 acquievit.
1824 1702 1998 1754 Insta-

301 1797 399 1851 bat
441 1794 695 1849 certandi
740 1793 859 1847 dies
902 1793 1097 1847 multis
1128 1794 1393 1847 tenebras
1426 1793 1686 1846 allatura.
1724 1792 1863 1845 Cum
1887 1788 2001 1861 pri-

250 1940 253 1943 .
303 1901 465 1940 mum
493 1900 699 1938 aurora
729 1881 878 1953 bigis
908 1883 970 1935 in
998 1882 1209 1937 croceis
1242 1888 1427 1938 ortum
1445 1882 1667 1952 jnbaris
1686 1880 1996 1949 indicavit;

303 1990 434 2029 cum
465 1974 533 2027 de
578 1971 775 2027 oceani
814 1971 1062 2041 lymphis
1105 1972 1239 2025 solis
1278 1971 1509 2026 ﬂamma
1558 1970 1804 2025 surrexit
1835 1986 1848 2023 :
1877 1969 2000 2039 jam

302 2079 542 2119 raucum
573 2061 831 2116 buccinae.
848 2061 1246 2128 concinebant,
1267 2061 1390 2131 jam
1417 2067 1472 2116 te
1497 2060 1585 2115 sui
1615 2060 1823 2114 oblitus
1845 2075 2001 2130 quae-

302 2154 464 2210 rebat
493 2152 789 2207 exercitus.
832 2150 939 2215 Qui
968 2151 1105 2205 dum
1138 2150 1512 2205 munimentis
1535 2149 1785 2221 chalybis
1802 2152 1999 2219 pectus

302 2243 637 2308 includeres,
672 2241 810 2294 dum
840 2240 1020 2293 ocreis
1050 2256 1357 2308 armarere,
1388 2241 1526 2295 dum
1558 2239 1722 2294 lateri
1754 2243 1852 2292 tuo
1884 2240 2001 2293 vin-

302 2334 410 2389 dex
439 2331 715 2386 libertatis
746 2330 971 2401 gladius
1004 2335 1317 2401 aptaretur,
1361 2335 1617 2384 sanctam
1674 2332 1915 2383 matrem
1944 2332 2001 2382 et

299 2420 685 2477 venerabilem
738 2435 1015 2486 sororem,
1074 2435 1200 2489 quae
1251 2419 1323 2473 ad
1366 2424 1421 2473 te
1468 2417 1784 2488 diligentiae
1832 2432 2000 2469 causa

300 2513 718 2575 convenerant;
765 2508 901 2562 dum
950 2509 1102 2562 inter
1164 2524 1325 2579 spem
1370 2512 1428 2561 et
1481 2512 1703 2561 metum
1750 2504 1999 2559 feminea

300 2598 623 2654 sollicitudo
665 2597 962 2667 penderet,
998 2596 1134 2650 dum
1169 2597 1237 2650 de
1280 2601 1491 2652 eventu
1520 2595 1775 2650 attonitae
1809 2596 1998 2649 vultus

297 2689 382 2743 tui
404 2688 589 2742 sidere
617 2689 1011 2756 pascerentur,
1044 2685 1252 2739 talibus
1286 2684 1556 2757 alloquiis
1590 2682 1939 2739 conﬁrmasti
1980 2700 1991 2737 :

303 2798 332 2828 «
373 2777 513 2844 Scis,
562 2774 830 2845 genitrix,
890 2778 1089 2843 partus
1136 2774 1221 2828 tui
1271 2774 1490 2828 honore
1534 2773 1817 2827 universis
1860 2776 1997 2825 nota

298 2864 654 2931 nationibus,
692 2862 847 2933 quod
881 2862 1083 2915 natalis
1114 2863 1228 2916 mei
1258 2866 1517 2933 tempore
1537 2863 1724 2916 virum
1753 2861 1997 2915 fecunda

298 2951 548 3025 genuisti
590 2968 603 3006 :
640 2951 759 3005 dies
799 2954 901 3017 est,
936 2966 1049 3021 quo
1096 2948 1201 3003 ﬁlii
1250 2950 1335 3005 tui
1383 2966 1578 3005 sexum
1627 2966 1862 3019 campus
1893 2965 1994 3002 an-

2114 543 2419 597 sistebatur
2447 544 2696 612 impetus
2725 542 3096 596 fluentorum.
3122 543 3319 612 Itaque
3340 557 3411 595 ne
3433 542 3665 595 ensibus
3688 558 3809 595 non

2114 633 2423 699 sufﬁceres,
2465 648 2567 703 pro
2607 636 2661 686 te
2692 636 2749 685 et
2779 633 3013 703 lympha
3059 631 3343 686 militavit.
3396 631 3556 685 Salve
3601 630 3807 684 ﬂuvio-

2114 738 2243 776 rum
2271 721 2752 793 splendidissime,
2778 721 2877 792 qui
2906 737 2971 774 ex
2995 722 3213 792 majore
3234 724 3393 792 parte
3420 722 3611 775 sordes
3629 721 3807 775 Italim

2114 810 2359 874 deluisti,
2387 809 2587 863 mundi
2605 808 2803 863 faecem
2834 808 3151 879 suscipiens
3172 809 3296 863 sine
3326 810 3627 880 dispendio
3650 808 3807 879 puri-

2112 901 2263 955 tatis.
2312 903 2449 955 Ecce
2476 900 2573 954 ille
2610 904 2790 953 tectus
2824 900 3058 954 armatis
3087 916 3320 971 campus
3350 900 3558 955 enituit
3597 900 3805 953 huma-

2110 1003 2318 1042 norum
2351 987 2567 1041 ossium
2600 987 2841 1041 candore
2874 987 3304 1054 nobilissimus;
3338 987 3634 1055 habemus,
3666 1004 3811 1058 quo-

2108 1077 2256 1131 tiens
2285 1076 2491 1131 vetusti
2523 1076 2732 1131 doloris
2762 1094 3040 1149 urgemur
3085 1078 3386 1144 memoria,
3435 1079 3589 1148 quod
3625 1078 3804 1132 tueri.

2109 1167 2348 1222 Scenam
2378 1167 2824 1237 pulcherrimam
2856 1172 3041 1222 servet
3064 1168 3249 1235 iterra.
3287 1167 3574 1222 Sublimes
3605 1168 3810 1221 tandiu

2111 1262 2340 1311 maneat
2361 1256 2515 1327 quod
2546 1257 2695 1327 passi
2728 1260 2879 1324 sunt,
2916 1255 3172 1326 quandiu
3201 1256 3387 1309 deleat
3416 1254 3625 1308 oblivio
3649 1254 3808 1325 quod

2107 1344 2384 1399 fecerunt.
2422 1345 2463 1399 Ο
2494 1345 2717 1399 utinam
2748 1345 3044 1399 voracibus
3067 1344 3331 1415 abripere
3359 1345 3577 1415 aliquid
3609 1344 3809 1399 bestiis

2108 1450 2224 1488 non
2265 1434 2492 1488 liceret!
2538 1435 2687 1488 Perit
2719 1434 3082 1489 desiderabili
3126 1435 3472 1505 spectaculo,
3520 1435 3673 1506 quod
3719 1451 3810 1489 ac-

2110 1524 2451 1594 quisiverint
2478 1525 2630 1578 furta
2661 1524 3005 1578 belluarum.

2179 1613 2301 1667 Illic
2329 1614 2533 1667 vellem
2562 1618 2627 1667 ut
2644 1614 2825 1667 aetatis
2846 1614 3171 1682 immemor,
3208 1615 3409 1682 Roma,
3431 1628 3805 1669 commeares.

2111 1700 2170 1755 Si
2212 1702 2433 1755 venires
2482 1701 2836 1772 lapsantibus
2875 1702 3252 1758 tremebunda
3298 1703 3567 1773 vestigiis,
3620 1720 3811 1758 aevum

2111 1790 2324 1860 gaudia
2356 1793 2799 1844 commutarent.
2828 1790 2975 1854 Quid
3007 1807 3234 1861 semper
3264 1790 3517 1845 delubris
3538 1791 3813 1845 immersa

2108 1879 2496 1934 concluderis?
2536 1880 2637 1933 llic
2677 1883 2866 1933 actum
2910 1884 3014 1946 est,
3060 1884 3125 1934 ut
3162 1880 3355 1949 plures
3409 1880 3619 1934 habeas
3662 1896 3812 1934 con-

2109 1968 2281 2038 sules,
2330 1986 2505 2040 quam
2554 1972 2687 2022 ante
2735 1968 2944 2023 videris
2983 1969 3336 2023 candidatos.
3378 1970 3637 2040 Agnosce
3693 1971 3810 2025 cle-

2106 2057 2386 2112 mentiam
2407 2058 2628 2111 domini
2652 2056 2733 2111 tui
2756 2074 2769 2111 :
2795 2074 3059 2129 saporem
3080 2062 3134 2112 te
3155 2059 3335 2113 voluit
3349 2059 3579 2113 haurire
3597 2059 3808 2115 trium-

2106 2147 2376 2218 phorum,
2412 2163 2586 2218 quam
2613 2146 2787 2201 dubia
2818 2146 2993 2217 elegit
3022 2147 3239 2202 nescire
3273 2149 3673 2203 certaminum.

2178 2238 2313 2290 Ecce
2336 2236 2548 2291 iterum
2588 2236 2658 2290 ad
2690 2236 3043 2291 deditionem
3074 2237 3181 2292 sibi
3212 2237 3503 2308 cognitam
3549 2238 3809 2293 hostium

2104 2325 2262 2379 letho
2294 2326 2483 2380 debita
2522 2342 2654 2396 pars
2697 2326 2985 2381 cucurrit:
3022 2330 3076 2380 et
3119 2343 3249 2381 cum
3297 2327 3667 2382 excessissent
3712 2345 3809 2383 oc-

2105 2414 2437 2469 cumbentes
2478 2431 2808 2483 numerum,
2844 2415 2913 2469 ad
2946 2414 3237 2470 servitium
3286 2420 3479 2471 tamen
3510 2418 3683 2471 armis
3714 2417 3809 2470 in-

2105 2508 2322 2558 structa
2370 2504 2731 2558 radiantibus
2762 2504 2995 2575 agmina
3024 2511 3434 2561 convenerunt.
3489 2507 3691 2560 Flexus
3723 2511 3811 2561 est

2105 2593 2332 2647 animus
2363 2598 2494 2647 tuus
2544 2610 2758 2665 pronus
2806 2610 3033 2665 semper
3077 2596 3147 2649 ad
3202 2595 3444 2650 veniam.
3502 2595 3809 2649 Credidisti

2105 2681 2259 2751 quod
2325 2681 2501 2735 ﬁdem
2564 2688 2959 2737 assuescerent
3018 2684 3349 2755 magisteria
3418 2684 3801 2751 necessitatis,

2106 2787 2281 2842 quam
2308 2786 2605 2840 nunquam
2640 2772 3019 2826 exhibuerant
3050 2774 3237 2828 studio
3278 2773 3613 2828 conciliante
3643 2774 3807 2845 prin-

2102 2859 2343 2930 cipibus.
2370 2860 2625 2914 Servavit
2656 2866 2729 2928 te,
2768 2876 2971 2931 regum
3002 2863 3310 2933 praecipue,
3344 2864 3501 2934 quod
3548 2863 3811 2933 abjecisti

2105 2952 2446 3007 sacramenti
2479 2953 2825 3008 conﬁdentia
2846 2955 3192 3011 cautionem.
3227 2955 3609 3026 Pependimus
3650 2955 3811 3009 anxii

297 3045 524 3101 nuntiet
556 3060 568 3098 :
601 3043 728 3097 telis
759 3042 1047 3113 agendum
1070 3046 1173 3110 est,
1196 3045 1257 3096 ut
1276 3058 1509 3096 avorum
1535 3056 1638 3112 per
1668 3055 1759 3094 me
1790 3039 1995 3093 decora
2033 3035 2072 3091 C
2103 3058 2175 3096 ne
2204 3048 2582 3111 mererentur,
2619 3059 2760 3113 quos
2784 3044 2852 3098 de
2883 3045 3142 3099 hostibus
3174 3046 3285 3099 tuis
3327 3061 3640 3116 receperas,
3683 3060 3808 3099 non

297 3152 413 3190 non
458 3138 736 3205 pereant:
794 3132 914 3186 sine
966 3149 1134 3187 causa
1162 3138 1467 3202 parentum
1513 3130 1696 3185 titulis
1734 3129 1992 3198 nitimur,

297 3224 409 3278 nisi
434 3222 682 3294 propriis
727 3222 1085 3291 adjuvemur.
1120 3221 1240 3275 Stat
1259 3225 1390 3275 ante
1427 3220 1622 3274 oculos
1652 3234 1811 3273 meos
1840 3218 1997 3289 geni-

298 3319 407 3381 tor,
442 3314 511 3367 de
544 3329 658 3383 quo
690 3328 992 3383 nunquam
1022 3310 1157 3365 fecit
1180 3310 1239 3364 in
1262 3310 1573 3365 certanime
1592 3310 1823 3363 fortuna
1844 3309 1991 3363 ludi-

296 3404 525 3458 brium:
578 3403 679 3474 qui
710 3403 938 3456 dextros
978 3401 1087 3455 sibi
1117 3400 1239 3470 ipse
1270 3400 1497 3471 peperit
1522 3398 1845 3453 valetudine
1876 3396 1995 3451 exi-

298 3494 467 3560 gente
500 3504 789 3543 successus
820 3504 833 3542 :
866 3488 972 3541 hoc
1001 3491 1228 3558 oportet
1256 3488 1397 3541 duce
1424 3486 1715 3553 contendi,
1752 3486 1851 3556 qui
1882 3502 1997 3540 om-

296 3580 394 3633 nia
424 3579 639 3633 incerta
656 3593 769 3631 non
796 3577 1011 3645 timuit,
1036 3577 1135 3631 sed
1155 3578 1276 3647 ipse
1299 3577 1407 3630 sibi
1429 3576 1677 3630 secunda
1700 3576 1992 3631 conscivit.

295 3668 404 3722 Vos
450 3672 644 3721 tamen
682 3666 1001 3719 elaboratas
1050 3670 1251 3734 vestes,
1299 3671 1355 3720 et
1400 3666 1664 3720 liciorum
1708 3670 1996 3720 tormenta

296 3755 589 3811 devehite:
641 3753 942 3807 cultiorem
985 3769 1075 3807 me
1116 3754 1261 3808 acies
1308 3754 1599 3824 suscipiat,
1651 3771 1823 3825 quam
1854 3755 1996 3809 festa

295 3845 643 3897 consuerunt
669 3857 681 3895 :
713 3841 813 3910 qui
842 3857 931 3894 me
963 3842 1030 3895 de
1060 3842 1281 3913 impetu
1313 3859 1431 3898 non
1462 3844 1814 3913 cognoverit,
1848 3843 1994 3897 aesti-

295 3934 414 3985 met
441 3930 508 3983 de
539 3929 744 3984 nitore.
779 3929 983 3982 lnvitet
1007 3931 1353 4000 cupidorum
1384 3932 1581 3986 oculos
1609 3932 1795 3986 honor
1825 3932 1993 3986 indu-

295 4017 514 4073 menti:
545 4016 851 4089 pretiosior
880 4017 1099 4088 species
1127 4019 1415 4075 feriendos
1446 4020 1712 4075 exhibeat
1744 4037 1756 4075 :
1787 4020 1994 4074 habeat

293 4106 511 4161 laboris
542 4105 833 4174 solatium,
867 4106 960 4159 cui
985 4106 1255 4177 jugulum
1286 4124 1481 4163 meum
1513 4108 1739 4163 fortuna
1777 4109 1993 4179 praesti-

294 4196 464 4250 terit:
496 4194 719 4248 inhient
742 4193 958 4264 jacenti
991 4195 1307 4265 splendori,
1347 4213 1490 4267 quos
1537 4213 1652 4251 non
1689 4195 1993 4265 contigerit

293 4285 485 4340 videre
516 4288 893 4354 pugnantem.
924 4304 951 4334 ››
982 4284 1078 4339 His
1101 4285 1284 4353 dictis,
1315 4286 1537 4356 excepit
1567 4290 1621 4339 te
1646 4290 1808 4355 tergo
1837 4284 1990 4338 soni-

294 4390 412 4445 pes,
447 4372 724 4426 lituorum
774 4372 1071 4428 desideriis
1112 4374 1426 4446 inquietus.
1481 4374 1589 4429 Sed
1632 4374 1768 4428 dum
1801 4372 1993 4429 indul-

292 4461 417 4516 sisti
448 4459 737 4528 aﬁ‘atibus,
770 4462 1002 4515 inimica
1026 4462 1284 4533 legiones
1308 4467 1422 4518 tuae
1452 4461 1866 4533 premebantur
1896 4462 1994 4516 in-

292 4550 519 4607 stantia.
566 4550 780 4605 Dedisti
816 4552 1096 4607 inertibus
1136 4551 1426 4619 fiduciam,
1460 4552 1599 4606 dum
1629 4550 1909 4606 moraris:
1938 4556 1995 4607 et

291 4642 400 4697 hoc
431 4638 601 4692 credo
630 4638 956 4708 provisione
996 4640 1336 4710 caelicolum,
1371 4658 1443 4695 ne
1476 4641 1778 4696 deberetur
1804 4642 1996 4696 multi-

290 4728 500 4793 tudini,
536 4728 689 4798 quod
726 4727 929 4783 vicisti.
966 4729 1232 4784 Protinus
1260 4731 1574 4785 adventum
1597 4736 1760 4787 tuum
1782 4733 1994 4788 indica-

290 4818 373 4873 vit
412 4816 675 4871 hostibus
721 4819 972 4887 populus
1001 4818 1363 4875 occisorum:
1412 4827 1804 4877 exsecutorem
1854 4839 1991 4894 pro-

290 4904 437 4959 didit
478 4906 648 4960 caedis
678 4906 1012 4961 enormitas.
1048 4908 1157 4963 Sed
1202 4925 1306 4965 nec
1334 4910 1449 4966 illis
1475 4913 1729 4967 remedia
1761 4912 1991 4966 defuere

290 5000 581 5050 consueta.
615 4996 901 5051 Continuo
933 4997 1052 5053 alas
1100 5016 1241 5071 quas
1268 5002 1472 5057 tribuit
1512 5004 1781 5069 formido,
1834 5018 1989 5057 sum-

286 5089 559 5154 pserunt:
593 5101 764 5139 cursu
809 5089 1052 5158 praepeti
1100 5089 1401 5147 interitum
1446 5093 1646 5146 mortis
1686 5090 1985 5161 eligentes.

289 5175 398 5240 Qui
444 5192 537 5231 me
574 5177 799 5231 veritati
841 5179 1021 5233 nescit
1049 5178 1404 5249 obsecutum,
1454 5181 1678 5236 Athesis
1709 5181 1892 5235 undas
1913 5181 1994 5236 vi-

287 5266 418 5320 deat
473 5269 573 5321 tua
634 5264 756 5321 vice
804 5268 1109 5338 opulentas
1148 5268 1431 5325 exstitisse
1474 5269 1882 5325 cadaveribus:
1932 5274 1993 5326 et

360 5440 375 5473 ¹
410 5443 555 5495 Dum
574 5439 731 5515 apud
771 5440 1093 5515 Veronam],
1112 5441 1332 5515 Eodem
1354 5459 1526 5515 anno,
1554 5442 1745 5515 inquit
1765 5444 1989 5501 Cassio-

287 5511 481 5580 dorus,
496 5511 736 5582 repetito
754 5514 1016 5573 conﬂictu
1038 5512 1287 5567 vincitur
1309 5514 1614 5571 Odovacer.
1636 5511 1985 5573 Ilornandes:

289 5584 464 5647 Quem
488 5583 591 5636 ille
621 5584 935 5637 Odoacrem
980 5583 1493 5660 Theodericus,_ad
1530 5602 1765 5660 campos
1808 5589 1985 5646 Vero-

283 5670 483 5709 nenses
511 5668 814 5709 occurrens
836 5670 1052 5725 magna
1080 5657 1274 5727 strage
1300 5656 1530 5714 delevit.

2101 3132 2311 3203 perire.
2354 3131 2570 3187 Gratias
2612 3132 2736 3200 tibi,
2790 3134 2991 3188 mundi
3042 3134 3255 3189 arbiter
3296 3137 3466 3202 Deus,
3513 3134 3614 3205 qui
3662 3150 3807 3189 con-

2104 3221 2366 3276 scientias
2397 3226 2627 3276 veterno
2672 3239 2862 3278 errore
2893 3240 3179 3294 possessas
3214 3224 3284 3278 ad
3315 3225 3527 3279 ultores
3578 3224 3808 3294 gladios

2104 3311 2406 3383 impulisti.
2450 3312 2697 3367 Puderet
2746 3328 2837 3367 me
2886 3329 3177 3367 recensere
3210 3314 3497 3368 levitatem
3547 3312 3804 3383 origina-

2103 3400 2272 3465 riam,
2324 3397 2435 3453 nisi
2467 3415 2593 3454 eam
2622 3400 2879 3455 viderem
2912 3400 3024 3455 tuis
3058 3401 3333 3473 laudibus
3362 3401 3801 3471 obsequentem.

2104 3488 2253 3553 Quid
2297 3487 2596 3542 dissimulo
2646 3494 2804 3559 gesta
2846 3490 3166 3560 persequi?
3217 3489 3407 3543 Libuit
3461 3506 3558 3543 eos
3602 3507 3809 3544 rursus

2102 3578 2367 3631 tendenti
2415 3578 2697 3632 inermem
2741 3579 3034 3633 dexteram
3059 3578 3082 3608 ⁸
3110 3578 3386 3632 Odovacri
3417 3595 3594 3650 regna
3633 3580 3810 3650 polli-

2103 3666 2238 3720 ceri.
2273 3667 2532 3721 Innotuit
2560 3666 2712 3721 illico
2760 3668 2931 3721 rebus
2971 3667 3032 3721 in
3073 3667 3197 3721 luce
3226 3668 3595 3738 deprehensis
3622 3669 3810 3722 hosti-

2102 3756 2249 3810 lium
2263 3771 2424 3809 error
2439 3756 2785 3811 animorum.
2807 3757 3105 3811 Advocasti
3124 3757 3549 3828 providentiam
3568 3761 3809 3812 actuum

2102 3849 2338 3899 tuorum
2366 3846 2634 3900 comitem
2659 3863 2672 3900 :
2708 3850 2763 3900 et
2800 3863 2872 3900 ne
2893 3846 3178 3917 impunita
3208 3852 3357 3902 esset
3376 3846 3552 3901 libido
3582 3847 3811 3901 discur-

2101 3936 2377 4001 rentium,
2409 3935 2647 3989 ultionis
2678 3936 2883 3990 vexilla
2929 3937 3280 4004 concutiens,
3313 3937 3497 3991 fecisti
3542 3936 3813 3990 consilio-

2101 4040 2233 4079 rum
2271 4024 2611 4095 participem
2650 4025 2714 4078 in
2748 4024 2978 4079 secretis
3008 4026 3287 4095 populum
3309 4025 3432 4095 jam
3460 4024 3798 4095 probatum.

2102 4113 2401 4168 Neminem
2440 4114 2832 4168 adversarium
2877 4115 3177 4185 agnovisse
3227 4114 3485 4184 contigit,
3528 4113 3681 4184 quod
3712 4115 3810 4165 te-

2102 4220 2232 4257 cum
2276 4219 2409 4273 pars
2440 4204 2640 4259 mundi
2672 4204 2862 4275 potior
2890 4204 3249 4275 disponebat.
3280 4203 3541 4258 Mandata
3579 4207 3664 4256 est
3698 4218 3808 4272 per

2101 4292 2366 4363 regiones
2399 4293 2874 4363 disjunctissimas
2896 4310 3005 4348 nex
3024 4294 3230 4348 votiva.
3267 4292 3405 4357 Quis
3432 4293 3555 4346 haec
3592 4296 3811 4362 praeter

2104 4398 2413 4452 supernam
2444 4383 2799 4437 voluntatem
2821 4383 3109 4454 praestitit,
3141 4386 3197 4437 et
3230 4382 3400 4436 unius
3422 4381 3535 4435 ictu
3567 4385 3803 4450 tempo-

2104 4471 2181 4524 ris
2210 4471 2600 4527 effunderetur
2625 4472 2868 4526 Romani
2891 4472 3144 4526 nominis
3176 4471 3363 4526 clades
3387 4471 3562 4539 longa
3585 4473 3812 4539 tempo-

2102 4576 2235 4614 rum
2266 4560 2629 4632 improbitate
2652 4562 2887 4617 collecta
2909 4561 2936 4616 7
2955 4562 3052 4615 Hic
3080 4577 3193 4631 quo
3217 4576 3309 4615 me
3331 4562 3551 4614 vertam
3582 4556 3801 4612 nescio.

2104 4650 2351 4704 Gradum
2381 4650 2646 4716 referam,
2678 4651 2779 4721 qui
2809 4650 3032 4721 suscepi
3066 4649 3315 4705 ofﬁcium
3349 4645 3660 4702 laudatoris
3686 4662 3700 4712 ;
3730 4662 3809 4701 an

2103 4743 2399 4807 arreptum
2430 4738 2855 4809 praeconiorum
2883 4743 3116 4793 tuorum
3146 4738 3254 4793 iter
3280 4736 3569 4807 ingrediar
3589 4736 3618 4788 ?
3648 4735 3810 4789 Con-

2104 4831 2334 4897 sumpta
2387 4844 2476 4881 res
2509 4831 2593 4882 est
2622 4844 2894 4899 prospero
2933 4826 3213 4898 fatalique
3254 4825 3402 4880 bello
3430 4841 3442 4878 :
3475 4822 3691 4877 succisa
3722 4826 3811 4877 est

2100 4915 2406 4972 Odovacris
2454 4917 2851 4988 praesumptio,
2904 4920 3211 4987 postquam
3267 4930 3400 4968 eum
3452 4912 3690 4982 contigit
3735 4912 3809 4966 de

2100 5004 2322 5057 fallacia
2367 5020 2484 5058 non
2529 5005 2737 5076 juvari.
2794 5004 2945 5069 Quid
3006 5006 3345 5059 Ilerulorum
3395 5001 3627 5071 agmina
3678 4999 3811 5055 fusa

2100 5094 2590 5148 commemorem?
2612 5095 2720 5158 Qui
2752 5095 2880 5149 ideo
2917 5094 3183 5148 adversus
3214 5098 3268 5145 te
3294 5090 3519 5145 deducti
3548 5094 3702 5155 sunt,
3738 5094 3809 5143 ut

2098 5180 2190 5235 hic
2221 5187 2619 5253 agnoscerent,
2649 5184 2838 5252 ,etiam
2871 5183 2932 5237 in
2963 5180 3209 5253 propriis
3254 5180 3487 5234 sedibus
3526 5193 3698 5250 quem
3731 5178 3806 5232 ti-

2098 5277 2325 5327 merent
2351 5291 2367 5326 :
2400 5274 2515 5345 egit
2537 5290 2734 5328 causas
2761 5273 2948 5342 longae
2976 5269 3183 5346 quietis
3216 5272 3331 5323 tuae
3365 5270 3527 5325 furor
3549 5268 3802 5322 alienus.

2169 5446 2193 5481 ²
2231 5447 2509 5502 Odovacri
2554 5462 2738 5517 regna
2786 5442 3067 5517 polliceri]
3116 5446 3264 5500 Tusa
3305 5446 3447 5499 duce
3487 5448 3659 5517 atque
3704 5459 3806 5497 au-

2097 5521 2290 5572 ctore:
2336 5519 2434 5589 qui
2466 5533 2595 5571 cum
2618 5516 2887 5589 dedititio
2927 5517 3180 5572 exercitu
3212 5518 3283 5589 ad
3306 5516 3575 5589 Odoacris
3604 5520 3803 5589 partes

2097 5589 2308 5644 iterum
2352 5586 2599 5643 defecit:
2648 5587 2802 5643 unde
2846 5594 3037 5644 secuta
3075 5595 3161 5643 est
3204 5587 3424 5643 obsidio
3461 5586 3800 5654 Ticinensis,

2098 5676 2212 5731 quo
2231 5677 2291 5717 se
2311 5659 2697 5719 Theodericus
2712 5665 3008 5733 receperat
3026 5676 3040 5718 :
3058 5664 3125 5718 ut.
3142 5664 3228 5717 est
3245 5660 3309 5716 in
3324 5660 3448 5716 Vita
3464 5656 3798 5731 Epiphanii.
