4060 6174
244 266 343 317 I77

1256 261 1745 319 PANEGYRICUS
1782 262 2226 320 THEODERICO
2264 263 2429 319 REGI
2471 263 2735 320 DICTUS.

3646 270 3746 324 178

235 397 417 451 Taceo
450 394 549 451 ubi
580 392 602 429 ‘
646 394 751 450 tibi
775 394 1036 466 injuncta
1079 397 1163 449 est
1188 409 1297 466 pax
1341 395 1635 463 diuturna,
1669 396 1932 466 Burgun-
1969 397 2016 451 A
2048 395 2273 451 desistis
2316 396 2547 451 castella
2596 412 2938 468 propagare,
2989 411 3153 451 curas
3201 400 3329 452 tuas
3383 396 3445 452 in
3500 398 3745 469 longum

238 485 329 540 dio
356 503 369 539 :
396 485 627 557 quando
651 486 729 539 sic
749 485 1062 539 foederibus
1085 485 1389 539 obsecutus
1412 501 1490 553 es,
1519 488 1583 538 ut
1606 484 1934 555 deputetur,

237 575 392 647 quod
445 574 586 628 vivis
639 574 899 640 feriatus,
952 573 1307 639 constantiae,
1354 590 1473 629 non
1521 575 1739 646 pavori.
1789 575 1937 630 Illud

239 679 475 734 quoque
505 663 632 734 quis
666 663 920 733 patiatur
950 662 1168 717 notitia:
1201 663 1411 733 perire,
1446 664 1596 734 quod
1628 664 1777 719 bono
1809 665 1937 719 feli-

239 753 429 808 citatis
474 757 589 806 tuae
621 753 1022 807 concurrentia
1065 752 1217 806 inter
1251 768 1308 806 se
1342 753 1590 807 vidimus
1625 755 1737 808 tela
1775 755 1941 825 perﬁ-

240 843 469 905 dorum,
517 846 574 895 et
611 840 873 895 inimicas
914 841 1061 895 acies
1099 847 1155 896 te
1200 846 1540 913 occupatum
1581 842 1639 896 iu
1680 843 1805 897 aliis
1844 843 1941 913 pia

240 932 649 1003 congressione
682 931 984 986 cecidisse?
1013 931 1287 996 Quotiens
1316 932 1419 985 tibi
1452 931 1583 986 vicit
1612 932 1711 1003 qui
1742 937 1941 986 contra

241 1025 290 1075 te
322 1026 656 1091 sumpserat
683 1025 817 1075 vota
855 1020 1189 1091 pugnandi?
1218 1020 1242 1054 ²
1281 1020 1439 1076 Dicat
1471 1021 1812 1088 Fridericus,
1842 1020 1940 1092 qui

238 1115 549 1182 postquam
592 1110 763 1164 fidem
793 1110 958 1176 laesit,
991 1111 1185 1164 hostes
1215 1115 1342 1165 tuos
1373 1111 1610 1165 interitu
1639 1110 1940 1167 comitatus

239 1206 352 1266 est;
394 1202 600 1253 contra
627 1199 756 1253 illos
803 1215 961 1253 arma
990 1199 1346 1268 concutiens,
1382 1201 1591 1270 quibus
1620 1201 1808 1255 fuerat
1844 1217 1941 1255 er-

237 1304 363 1343 rore
410 1289 690 1355 sociatus;
739 1289 968 1359 quando
1016 1292 1151 1343 nata
1199 1293 1282 1343 est
1322 1288 1475 1343 inter
1524 1291 1831 1344 sceleratos
1870 1290 1939 1345 de

237 1379 340 1432 hoc
370 1378 535 1448 quod
562 1377 965 1448 intelligebant
995 1393 1052 1431 se
1074 1394 1255 1432 unum
1283 1378 1427 1433 velle
1452 1378 1750 1433 discordia.
1777 1379 1940 1434 Adsit

238 1467 542 1535 Divinitas,
585 1471 642 1521 et
670 1467 951 1522 beneficia
994 1483 1097 1521 sua
1127 1467 1186 1520 in
1217 1483 1403 1521 aevum
1446 1468 1724 1539 producat
1758 1485 1770 1523 :
1826 1485 1940 1539 qua

238 1558 585 1628 disponente
636 1557 826 1610 votiva
869 1557 1020 1611 inter
1056 1572 1183 1611 reos
1231 1573 1470 1611 evenere
1534 1556 1739 1627 litigia.
1796 1558 1939 1612 Nam

236 1646 582 1714 Fridericus,
624 1650 931 1718 postquam
962 1646 1063 1700 tibi
1096 1646 1165 1701 de
1196 1646 1532 1701 adversariis
1574 1647 1684 1701 tuis
1714 1647 1939 1719 peregit

235 1737 620 1807 triumphum,
654 1736 723 1790 de
757 1753 816 1791 se
847 1735 1114 1807 praebuit.

299 1826 503 1879 Trahit
540 1842 635 1879 me
664 1825 733 1879 ad
769 1825 937 1879 aliam
959 1830 1181 1895 partem
1209 1823 1623 1879 venerabilium
1655 1841 1788 1895 pars
1814 1841 1935 1879 ma-

234 1931 341 1985 gna
375 1914 753 1969 meritorum.
801 1915 974 1968 Video
1022 1914 1366 1983 inspiratam
1410 1914 1671 1968 decorem
1707 1914 1936 1968 urbium

234 2005 526 2058 cineribus
560 2004 835 2071 evenisse,
860 2009 917 2059 et
955 2004 1057 2058 sub
1079 2003 1365 2057 civilitatis
1396 2004 1757 2074 plenitudine
1784 2003 1806 2038 ⁵
1834 2021 1934 2075 pa-

234 2093 410 2147 latina
439 2094 660 2164 ubique
698 2097 846 2147 tecta
875 2094 1128 2149 rutilare.
1156 2093 1327 2147 Video
1362 2098 1491 2147 ante
1523 2093 1774 2163 perfecta
1799 2092 1936 2147 aedi—

234 2183 376 2249 ﬁcia,
409 2199 592 2253 quam
630 2198 723 2237 me
755 2183 1113 2253 contigisset,
1144 2183 1434 2253 disposita.
1470 2183 1573 2237 Illa
1600 2183 1722 2254 ipsa
1752 2187 1937 2238 mater

234 2274 528 2327 civitatum
564 2273 742 2326 Roma
774 2272 1109 2341 juvenescit,
1144 2272 1396 2326 marcida
1421 2272 1729 2326 senectutis
1751 2289 1932 2327 mem-

235 2362 328 2415 bra
370 2362 711 2416 resecando.
750 2363 885 2415 Date
925 2362 1175 2427 veniam,
1209 2362 1537 2431 Lupercalis
1570 2362 1728 2431 genii
1779 2379 1934 2416 sacra

234 2452 601 2505 rudimenta:
648 2452 779 2521 plus
824 2454 908 2504 est
948 2466 1211 2504 occasum
1256 2451 1557 2520 repellere,
1612 2467 1784 2521 quam
1836 2452 1932 2505 de-

234 2540 370 2594 disse
420 2540 733 2610 principia.
788 2541 907 2593 Huc
952 2539 1187 2605 accedit,
1244 2539 1397 2609 quod
1444 2555 1710 2593 coronam
1760 2540 1932 2593 curias

232 2628 536 2682 innumero
572 2629 714 2683 ﬂore
753 2628 970 2682 velasti.
1009 2628 1243 2681 Nullum
1272 2628 1340 2681 de
1385 2627 1699 2681 honoribus
1747 2628 1935 2699 tetigit

233 2718 583 2788 desperatio,
635 2734 807 2788 quem
850 2717 1124 2787 juverunt
1166 2716 1567 2787 deprecantem
1600 2717 1750 2771 bona
1797 2734 1932 2771 con-

232 2808 521 2861 scientiae:
570 2807 752 2860 nescit
801 2807 870 2860 de
924 2806 1126 2860 effectu
1170 2805 1462 2876 petitionis
1509 2805 1790 2874 dubitare,
1833 2807 1932 2878 qui

231 2896 543 2966 splendidis
576 2896 746 2965 inops
762 2895 982 2949 meritis
1004 2911 1121 2949 non
1152 2895 1391 2965 rogavit.
1422 2897 1534 2949 Aut
1564 2896 1702 2949 boui
1733 2912 1929 2949 sumus

2047 486 2405 556 producens:
2458 502 2561 540 nec
2588 486 2695 539 viri
2725 486 2885 540 fortis
2916 485 2977 541 in
3024 492 3080 541 te
3112 487 3269 541 deest
3296 487 3590 556 securitas,
3637 504 3743 543 nec

2046 576 2267 629 cautela
2297 576 2623 630 metuentis.
2673 576 2714 630 Ο
2748 576 3038 646 geminam
3070 576 3130 630 in
3160 593 3277 630 uno
3320 576 3583 647 principe
3624 578 3746 631 vir-

2047 669 2236 718 tutum
2267 664 2717 735 plenitudineml
2759 682 2888 736 quae
2924 666 3231 720 Dominum
3262 666 3517 737 resignat
3545 672 3745 721 aucto-

2048 770 2167 807 rem
2200 771 2212 808 :
2257 754 2391 825 quia
2424 770 2541 808 non
2579 755 2753 809 habet
2782 755 2931 809 inter
2962 756 3246 824 homines,
3280 772 3312 810 a
3342 773 3455 828 quo
3484 756 3745 811 videatur

2048 843 2355 914 sumpsisse
2384 844 2535 915 quod
2564 843 2808 899 exhibet.

2119 934 2225 988 Sed
2272 950 2399 988 ecce
2452 949 2647 987 rursus
2709 938 2836 1002 post
2884 934 3138 1004 quietem
3191 933 3433 989 solidam
3486 935 3556 989 ad
3595 934 3744 988 acies

2048 1023 2220 1077 verba
2253 1038 2619 1077 revocamus:
2651 1021 2861 1076 iterum
2892 1023 2962 1077 ad
2994 1039 3050 1077 se
3079 1024 3218 1077 tuba
3239 1028 3397 1077 vocat
3426 1023 3740 1095 eloquium.

2050 1110 2071 1147 ’⁸
2104 1112 2507 1168 Sirmiensium
2545 1112 2740 1166 civitas
2772 1112 2912 1166 olim
2943 1113 3108 1166 limes
3140 1113 3316 1166 Italiae
3348 1112 3453 1166 fuit
3484 1130 3496 1166 :
3544 1113 3604 1166 in
3632 1129 3745 1184 qua

2050 1203 2302 1257 seniores
2364 1202 2582 1257 domini
2646 1202 3024 1269 excubabant,
3085 1218 3156 1256 ne
3208 1206 3534 1257 coacervata
3584 1202 3744 1256 illinc

2048 1292 2429 1346 finitimarum
2449 1292 2688 1345 vulnera
2708 1292 2971 1362 gentium
2995 1291 3053 1345 in
3076 1293 3398 1346 Romanum
3423 1308 3629 1362 corpus
3648 1307 3742 1345 ex-

2050 1384 2365 1434 currerent.
2418 1381 2546 1434 Ilaec
2589 1385 2788 1450 postea
2818 1396 2923 1450 per
2952 1381 3278 1450 regentium
3325 1382 3653 1451 neglectum
3684 1381 3743 1435 in

2051 1469 2399 1541 Gepidarum
2426 1469 2558 1539 jura
2606 1469 2913 1523 concessit:
2950 1469 3085 1524 hinc
3124 1469 3461 1541 quotidiana
3501 1470 3744 1525 insulta-

2048 1560 2147 1627 tio,
2198 1563 2255 1614 et
2304 1558 2683 1629 incomposita
2713 1558 3072 1630 legationum
3116 1560 3440 1630 frequentia
3481 1559 3746 1614 mitteba-

2050 1652 2163 1702 tur.
2216 1649 2468 1704 Urebant
2514 1648 2771 1702 animum
2803 1647 3080 1719 principis
3126 1649 3310 1702 dolosi
3352 1648 3744 1703 blandimenta

2051 1738 2387 1804 commenti;
2426 1742 2481 1792 et
2510 1738 2660 1792 circa
2689 1738 2828 1791 alios
2871 1738 3111 1809 Gepidas
3134 1754 3384 1810 quorum
3414 1739 3617 1793 ductor
3662 1743 3746 1792 est

2050 1827 2387 1895 Gunderith,
2440 1827 2845 1897 intempestiva
2874 1826 3153 1881 Traserici
3190 1827 3565 1882 familiaritas.
3610 1827 3742 1882 Cre-

2050 1918 2221 1971 debas
2263 1918 2324 1970 in
2369 1920 2466 1970 tua
2514 1916 2729 1987 injuria
2757 1916 2965 1987 perire,
3010 1916 3147 1986 quia
3175 1917 3274 1971 diu
3317 1917 3522 1971 licebat
3567 1916 3743 1971 Italia;

2046 2007 2467 2077 possessionem
2515 2011 2569 2060 te
2620 2006 2952 2061 dominante
2992 2007 3248 2069 retineri.
3281 2009 3392 2062 Nec
3421 2006 3743 2060 sufﬁciebat

2046 2096 2379 2165 consolatio,
2416 2097 2572 2167 quod
2617 2112 2742 2150 eam
2777 2101 2841 2151 tu
2880 2112 2998 2150 non
3040 2096 3404 2166 perdideras:
3456 2112 3585 2149 cum
3634 2095 3742 2149 im-

2045 2203 2279 2241 mensus
2326 2190 2471 2240 esset
2512 2187 2696 2253 dolor,
2739 2201 2839 2239 cur
2886 2185 3045 2239 illam
3075 2189 3387 2239 retentator
3432 2201 3547 2239 non
3590 2184 3741 2238 inter

2048 2272 2448 2327 dominationis
2478 2276 2587 2326 tutu
2621 2272 2852 2326 exordia
2877 2271 3215 2326 reddidisset
3238 2289 3251 2327 :
3276 2271 3462 2325 minui
3490 2271 3739 2325 aestimas

2046 2363 2201 2433 quod
2232 2378 2347 2415 non
2378 2361 2580 2415 crescit
2609 2360 2937 2431 imperium.
2964 2363 3276 2432 Postquam
3304 2365 3494 2415 tamen
3517 2360 3736 2432 liquido

2042 2450 2318 2506 Traserici
2347 2455 2582 2521 patuere
2614 2456 2955 2518 commenta,
3000 2451 3316 2504 Gothorum
3347 2450 3737 2505 nobilissimos

2044 2539 2239 2605 Pitzia,
2290 2538 2559 2605 Herduic,
2612 2542 2665 2592 et
2708 2538 2920 2608 pubem
2969 2538 3142 2592 nullis
3183 2538 3370 2593 adhuc
3417 2538 3736 2594 dedicatam

2042 2627 2255 2697 praeliis
2295 2626 2628 2683 destinasti:
2676 2632 2737 2680 ut
2769 2626 2815 2680 si
2864 2627 3067 2681 oblatis
3096 2627 3456 2698 pactionibus
3505 2627 3734 2699 acquie-

2043 2720 2243 2784 sceret,
2281 2717 2457 2770 semel
2506 2718 2703 2769 invaso
2734 2717 2987 2770 locorum
3016 2717 3304 2787 potiretur
3334 2717 3592 2772 arbitrio.
3627 2717 3736 2772 Sed

2043 2822 2179 2861 usus
2224 2805 2599 2860 inconstantis
2630 2804 2883 2859 felicitati
2931 2810 3043 2860 ture
3075 2806 3378 2860 obsecutus
3407 2812 3492 2862 est
3527 2823 3539 2861 :
3587 2807 3736 2877 fugit

2044 2900 2246 2966 sponte
2276 2896 2482 2961 aliena,
2516 2900 2570 2948 et
2611 2894 2733 2948 sine
2766 2894 3017 2965 impulsu
3046 2896 3326 2949 exercitus
3354 2895 3439 2950 tui
3485 2895 3735 2950 deseruit

228 2985 525 3053 proposito
561 2989 783 3047 nostro,
816 2988 915 3037 aut
944 2989 1041 3037 tuo
1066 2982 1451 3037 informamur
1477 2984 1756 3054 exemplo.
1787 2985 1925 3039 Cre-
1964 2982 2004 3036 C
2037 2985 2191 3054 quod
2222 2984 2479 3038 debebat.
2517 2981 2801 3039 Continuo
2835 2983 3033 3049 Pitzia,
3066 2984 3164 3054 qui
3203 2988 3258 3037 et
3291 2985 3360 3038 de
3389 2987 3445 3037 te
3494 2990 3732 3038 eventus

229 3078 431 3127 verunt
461 3072 799 3143 reipublicae
832 3088 969 3143 opes
1000 3089 1130 3125 cum
1151 3072 1504 3142 privatorum
1531 3072 1878 3143 profectibus
1912 3090 1924 3127 :

228 3178 514 3234 nusquam
534 3163 599 3215 in
621 3163 753 3216 aula
770 3166 871 3215 tua
899 3161 1148 3215 ambitus
1181 3166 1236 3216 et
1262 3178 1436 3231 opum
1456 3162 1669 3232 ubique
1701 3162 1926 3218 diffusio

228 3256 342 3305 est:
392 3268 569 3305 nemo
601 3251 915 3306 indonatus
958 3249 1230 3317 abscedit,
1256 3255 1311 3304 et
1342 3251 1532 3305 nullus
1564 3250 1928 3307 incommoda

225 3341 668 3412 proscriptionis
700 3340 1043 3412 ingemiscit.
1078 3340 1487 3410 Legationibus
1517 3340 1629 3394 tuis
1659 3341 1808 3395 inest
1837 3342 1927 3395 vi—

226 3444 326 3498 gor
349 3430 731 3499 immortalis;
752 3429 1155 3484 mandatorum
1177 3429 1437 3484 ordinem
1470 3428 1705 3498 digeris,
1736 3430 1925 3499 prius-

226 3536 396 3590 quam
447 3522 676 3591 legatos
709 3519 984 3591 aspicias:
1026 3535 1131 3573 nec
1174 3518 1646 3589 replicationibus
1678 3519 1791 3573 tuis
1842 3536 1928 3573 re-

222 3609 537 3678 periuntur
566 3608 880 3674 contraria;
913 3624 1018 3661 nec
1050 3608 1467 3678 objectionibus
1488 3608 1665 3661 facilis
1682 3608 1928 3663 occurrit

221 3700 523 3752 resolutio.
561 3698 811 3752 Excubat
838 3714 943 3768 pro
974 3697 1149 3751 armis
1179 3697 1375 3768 opinio
1406 3697 1737 3768 principalis
1764 3714 1775 3751 :
1812 3698 1927 3751 otia

220 3794 417 3842 nostra
469 3787 671 3858 magni
702 3786 855 3857 regis
899 3786 1223 3841 sollicitudo
1255 3786 1536 3841 custodit:
1582 3803 1687 3841 nec
1734 3791 1927 3841 tamen

282 3915 301 3949 ¹
358 3912 491 3967 Tibi
528 3929 646 3983 pax
678 3912 953 3967 diuturna
994 3912 1350 3983 Burgundio]
1402 3914 1603 3967 Pacem
1654 3913 1927 3984 intelligit

217 3998 346 4055 cum
392 3984 882 4053 Burgundionum
927 4000 1063 4048 rege
1114 3984 1466 4038 Gundobado
1516 3985 1709 4049 ictam,
1754 3991 1925 4055 atque

217 4054 589 4126 Ostrogothus
625 4055 954 4109 Theoderici
982 4056 1116 4108 tiliae
1149 4071 1277 4109 cum
1309 4056 1675 4125 Sigismundo
1709 4054 1929 4110 Gundo-

216 4125 348 4179 badi
378 4125 509 4180 filio
543 4127 761 4195 nuptiis
789 4128 1132 4197 copulatam,
1167 4127 1235 4180 de
1267 4143 1379 4196 qua
1408 4143 1505 4180 rex
1528 4127 1649 4196 ipse
1674 4128 1929 4197 Burgun-

217 4197 307 4249 dio
340 4199 412 4250 ad
454 4198 844 4267 Epiphanium
877 4198 1210 4267 episcopum
1251 4198 1581 4251 Theoderici
1623 4199 1873 4267 legatum
1910 4216 1924 4253 :

2037 3074 2212 3128 utiles
2252 3077 2595 3143 sumpserat,
2632 3077 2688 3126 et
2734 3072 3105 3126 consiliorum
3136 3077 3431 3127 momenta
3462 3073 3731 3141 librabat,

2036 3178 2152 3216 non
2203 3161 2542 3233 acquisitam
2581 3177 2703 3216 esse
2749 3166 2961 3216 terram
3010 3161 3271 3231 credidit,
3307 3162 3405 3216 sed
3436 3162 3682 3216 refusam
3714 3178 3727 3216 :

2038 3268 2142 3307 nec
2162 3252 2379 3322 rapinis
2412 3256 2477 3305 ut
2506 3250 2781 3304 lucrativa
2810 3251 3118 3321 populatus
3148 3256 3231 3305 est
3256 3268 3269 3317 ;
3303 3251 3403 3305 sed
3436 3251 3733 3322 dispensai

2036 3342 2287 3397 tionibus
2318 3341 2561 3395 servavit
2580 3345 2644 3395 ut
2671 3341 2922 3412 propria.
2955 3340 3171 3405 Quibus
3202 3341 3283 3395 ibi
3312 3340 3732 3395 ordinationem

2036 3431 2489 3499 moderantibus,
2527 3427 2549 3463 ⁵
2599 3446 2701 3501 per
2740 3430 2999 3484 foederati
3034 3430 3337 3485 Mundonis
3387 3430 3728 3485 attrectatio-

2036 3536 2169 3575 nem
2200 3519 2413 3575 Grmcia
2444 3524 2527 3573 est
2565 3518 2817 3590 professa
2848 3519 3211 3588 discordiam,
3246 3535 3438 3575 secum
3461 3521 3731 3590 Bulgares

2036 3625 2171 3664 suos
2213 3610 2272 3663 in
2302 3610 2483 3663 tutela
2513 3609 2878 3675 deducendo;
2914 3608 3122 3680 quibus
3151 3609 3303 3663 inter
3335 3610 3561 3665 Martios
3593 3626 3730 3664 con-

2035 3698 2222 3752 ﬂictus
2251 3697 2466 3751 castelli
2496 3697 2614 3751 vice
2657 3713 2761 3751 usa
2791 3696 3112 3753 minitatur.
3155 3699 3310 3752 Tunc
3356 3698 3562 3753 Mundo
3610 3714 3729 3752 cre-

2035 3789 2174 3843 dens
2215 3787 2286 3841 ad
2333 3786 2669 3858 praesidium
2714 3787 2995 3856 sufﬁcere,
3048 3787 3097 3841 si
3145 3787 3403 3842 cohortes
3434 3795 3547 3842 tuae
3593 3788 3731 3859 quid

2035 3913 2338 3977 occultam,
2376 3917 2436 3966 ut
2478 3912 2735 3967 Enuodio
2768 3914 2972 3983 placet,
3005 3928 3135 3967 cum
3167 3912 3291 3966 aliis
3322 3912 3569 3983 Gepidis,
3604 3912 3731 3983 qui—

2036 3985 2141 4038 bus
2192 3983 2577 4055 Gundarithus
2606 3991 2876 4053 praeerat,
2924 3985 3427 4054 conspirationem,
3461 4000 3566 4055 per
3614 3985 3726 4038 Pit-

2037 4056 2185 4110 ziam
2251 4054 2519 4109 comitem
2582 4056 2808 4121 devicit,
2882 4062 2939 4109 et
2995 4056 3269 4110 Sirmium
3324 4054 3500 4110 Italiae
3552 4072 3730 4125 regno

2036 4126 2303 4193 restituit,
2338 4126 2589 4193 Cethego
2630 4127 2881 4191 consule,
2917 4132 2980 4181 ut
3012 4126 3325 4180 Cassiodori
3360 4131 3522 4179 notat
3552 4128 3730 4181 Chro-

2038 4198 2253 4259 nicum,
2286 4213 2433 4250 anno
2479 4196 2681 4250 Christi
2729 4199 2850 4251 350:2.
2882 4198 3195 4251 Jornandes
3226 4198 3294 4250 de
3342 4197 3527 4249 Rebus
3579 4198 3729 4251 Geti-

213 4269 520 4322 Concedat
537 4266 728 4323 tamen
747 4267 1065 4324 divinitatis
1081 4284 1367 4336 assensus,
1388 4266 1764 4323 utsolidatum
1776 4268 1927 4324 inter
1964 4282 2011 4337 1)
2042 4269 2150 4322 cis:
2173 4270 2349 4322 Suum
2364 4266 2625 4322 comitem
2636 4267 3011 4338 interprimos
3029 4269 3267 4321 electum
3282 4268 3357 4322 ad
3366 4268 3732 4321 obtinendam

212 4355 312 4392 nos
328 4340 539 4406 fcedus
556 4340 727 4411 longa
748 4343 913 4411 aelate
936 4343 1205 4395 servetur.

281 4415 302 4445 ⁵
336 4411 517 4465 υἱεαί
556 4410 902 4483 Fridericus]
948 4410 1174 4465 Faabani
1218 4412 1527 4483 Rugorumr
1556 4412 1707 4481 regis
1749 4412 1920 4467 filius.

214 4482 259 4534 ls
288 4500 397 4553 pro
433 4483 795 4537 Theoderico
824 4482 1077 4553 primum
1102 4483 1208 4535 hoc
1229 4483 1378 4536 bello
1412 4482 1687 4537 militaret
1721 4500 1732 4537 :
1768 4489 1925 4553 post-

213 4569 274 4605 ea
320 4555 510 4608 tidem
558 4554 752 4623 fregit,
794 4561 847 4608 et
877 4553 1134 4608 hostibus
1183 4555 1426 4606 sociatus
1472 4558 1575 4606 est.
1608 4556 1749 4607 Tum
1802 4559 1926 4607 orta

214 4624 363 4678 inter
392 4627 599 4679 hostes
633 4624 785 4695 ipsos
816 4625 1119 4690 discordia,
1141 4625 1363 4677 collatis
1385 4624 1583 4692 signis,
1606 4626 1926 4679 Fridericus

210 4698 391 4750 victus
426 4700 539 4751 est.
575 4697 658 4749 Ita
700 4698 799 4767 qui
826 4696 1177 4751 Theoderico
1209 4696 1570 4767 triumphum
1606 4697 1674 4749 de
1720 4697 1926 4750 adver-

214 4769 376 4821 sariis
409 4769 540 4821 suis
569 4772 703 4820 ante
718 4766 1053 4837 pepererat,
1088 4768 1157 4821 de
1187 4783 1244 4821 se
1275 4768 1400 4837 ipso
1433 4766 1632 4821 iisdem
1660 4767 1924 4837 przebuit,

211 4841 451 4909 quando
486 4839 562 4909 ab
592 4838 675 4891 eis
706 4844 1021 4908 prostratus
1050 4844 1151 4892 est.

277 4911 301 4941 ³
331 4908 629 4964 Palatina
650 4909 853 4980 ubique
875 4910 1043 4980 tecta]
1073 4908 1441 4965 Cassiodorus
1460 4908 1701 4980 Patricio
1733 4912 1790 4963 et
1816 4911 1925 4978 Hy-

210 4984 367 5051 patio
404 4997 561 5036 coss.
592 4981 661 5033 de
698 4979 1088 5035 Theoderico:
1127 4981 1238 5037 Sub
1266 4981 1441 5052 cujus
1479 4979 1641 5046 felici
1685 4979 1927 5052 imperio

206 5050 489 5123 plurimm
522 5056 868 5106 renovantur
895 5052 1081 5119 urbes,
1112 5050 1502 5123 munitissima
1526 5050 1926 5106 castella‘con-

210 5122 451 5191 duntur,
493 5125 845 5194 consurgunt
882 5124 1239 5194 admiranda
1286 5122 1543 5194 palatia,
1587 5123 1930 5194 magnisque

211 5196 334 5262 ejus
363 5193 646 5266 operibus
674 5193 917 5266 antiqua
936 5193 1219 5250 miracula
1250 5193 1615 5264 superantur.
1656 5193 1814 5249 Idem
1847 5195 1930 5247 in-

214 5272 297 5319 ter
320 5265 577 5320 caeteras
610 5266 734 5335 ejus
763 5265 1001 5320 fabricas
1031 5266 1275 5321 formam
1308 5266 1504 5319 laudat
1536 5267 1928 5319 Ravennatem

212 5336 407 5390 instau
419 5342 635 5389 ratam.

284 5414 303 5444 ⁸
334 5406 752 5480 Sirmiensium
798 5406 1038 5480 civitas],
1066 5406 1350 5480 Sirmium
1399 5411 1569 5478 caput
1620 5407 1929 5480 Pannonia:

212 5479 539 5543 inferioris,
587 5495 715 5550 quas
748 5478 1350 5549 proinde'Sirmiensis
1378 5479 1673 5534 Pannonia
1721 5480 1931 5533 dicitur

216 5551 315 5605 lib.
354 5568 416 5605 Ill
455 5551 703 5616 Variar.,
731 5554 818 5606 23.
869 5552 933 5604 In
966 5565 1030 5603 ea
1058 5550 1338 5620 regnabat
1369 5552 1474 5603 hoc
1502 5555 1762 5620 tempore
1793 5552 1928 5605 Tra-

219 5625 446 5677 saticus
494 5636 599 5676 rex
646 5622 1016 5693 Gepidarum.
1051 5622 1234 5686 Quem
1278 5621 1663 5677 Theodericus
1694 5627 1931 5693 propter

2041 4340 2403 4395 Sirmiensem
2432 4338 2641 4393 direxit
2667 4337 2973 4394 civitatem.
3012 4341 3189 4403 Quam
3209 4338 3311 4392 ille
3339 4338 3571 4407 expulso
3600 4355 3732 4407 rege

2033 4412 2159 4480 ejus
2192 4410 2497 4466 Trasarico
2518 4409 2647 4479 ﬁlio
2682 4410 2964 4477 Trastilas,
2984 4412 3207 4463 retenta
3228 4412 3353 4477 ejus
3382 4412 3569 4463 matre
3589 4409 3730 4463 obli-

2032 4483 2178 4537 nuz't.
2210 4485 2286 4537 De
2320 4484 2425 4535 hac
2446 4483 2568 4552 ipsa
2599 4482 2955 4552 expeditione
2979 4484 3034 4534 et
3066 4481 3348 4551 sequenti,
3375 4481 3732 4535 Athalaricus

2034 4555 2133 4608 lib.
2185 4571 2281 4609 VIII
2322 4551 2564 4621 Variar.,
2617 4551 2697 4606 10.
2747 4554 2936 4607 Pitziae
2977 4568 3106 4605 vero
3155 4551 3381 4606 comitis
3435 4552 3735 4606 celebratae

2035 4626 2325 4696 opinionis
2355 4626 2463 4678 viri
2496 4624 2762 4678 meminit
2791 4624 3169 4696 Theodericus
3200 4622 3300 4696 lib.
3337 4640 3388 4682 ν.
3420 4623 3594 4696 "epist.
3640 4626 3730 4677 29.

2105 4695 2127 4730 ⁵
2159 4700 2264 4751 Per
2310 4696 2585 4765 fazderati
2614 4695 2913 4752 Muudom's
2952 4693 3436 4765 altreclalionem]
3464 4693 3593 4749 Hoc
3625 4699 3731 4761 est,

2036 4768 2385 4823 Mundonem
2418 4784 2701 4837 aggressa,
2737 4768 2837 4838 qui
2879 4766 3093 4820 faedere
3120 4766 3350 4836 junctus
3378 4772 3503 4820 erat
3546 4767 3733 4820 Theo-

2034 4840 2241 4893 derico.
2268 4839 2540 4893 Mundoni
2572 4838 2767 4907 igitur,
2799 4838 2899 4909 qui
2931 4838 3168 4892 collecta
3196 4838 3487 4892 latronum
3516 4844 3573 4891 et
3605 4838 3735 4891 aba-

2036 4916 2259 4964 ctorum
2294 4926 2490 4975 manu,
2527 4912 2809 4980 llertaque
2838 4909 3160 4963 munitione
3188 4910 3259 4963 ad
3292 4910 3612 4963 Danubium
3640 4925 3733 4962 oc-

2036 4986 2262 5052 cupata,
2293 4979 2450 5034 illinc
2477 4981 2681 5052 agresti
2705 4979 2819 5034 ritu
2846 4981 3295 5051 circumquaque
3326 4981 3544 5051 praedas
3560 4996 3735 5049 agens

2035 5051 2414 5122 im’petitabat,
2447 5067 2575 5104 cum
2606 5051 2769 5105 illum
2791 5068 3124 5122 oppugnare
3159 5052 3440 5122 adjunctis
3471 5052 3579 5105 sibi
3613 5052 3737 5103 Bul-

2037 5124 2268 5195 garibus
2298 5139 2599 5193 aggressus
2627 5128 2773 5176 esset
2797 5123 3163 5188 Sabinianus,
3196 5124 3445 5195 militum
3474 5138 3576 5192 per
3606 5123 3735 5191 Illy-

2039 5197 2222 5249 ricum
2265 5195 2540 5264 magister
2568 5194 2851 5248 Anastasii
2891 5198 3035 5264 Aug.
3062 5197 3180 5265 jam
3211 5210 3356 5261 pene
3407 5194 3730 5265 desperato,

2042 5283 2105 5320 ac
2133 5263 2488 5319 deditionem
2522 5266 2822 5319 meditanti
2845 5263 3011 5336 Opem
3035 5263 3165 5319 tulit
3193 5266 3388 5329 Pitzia,
3411 5263 3737 5336 Sabiniani-

2039 5353 2150 5408 que
2181 5336 2360 5409 copiis
2394 5336 2614 5409 ingenti
2636 5343 2831 5409 strage
2868 5335 2938 5391 ad
2968 5337 3221 5409 Mergum
3250 5335 3468 5403 deletis,
3502 5335 3737 5409 Mundo-

2035 5424 2166 5462 nem
2219 5407 2451 5478 eripuit,
2499 5424 2563 5461 ac
2591 5407 2937 5462 Theoderico
2981 5409 3103 5477 regi
3133 5407 3419 5460 volentem
3465 5407 3731 5477 subjecit,

2038 5480 2345 5535 Sabiniano
2374 5480 2496 5550 ipso
2529 5496 2590 5533 ac
2619 5480 2920 5534 Theodoro
2947 5495 3092 5533 coss.
3118 5494 3269 5531 anno
3302 5481 3425 5547 505,
3463 5484 3523 5533 ut
3552 5478 3733 5532 fusius

2037 5556 2275 5605 narrant
2316 5551 2671 5607 Marcellinus
2716 5567 2926 5616 comes,
2971 5555 3028 5604 et
3072 5550 3389 5605 Jornandes
3438 5551 3499 5605 in
3545 5550 3734 5605 Rebus

2044 5622 2267 5678 Geticis.
