4060 6174
325 310 425 365 179

1544 305 1828 362 ENNODII
1868 305 2181 361 EPISCOPI
2219 305 2607 361 TICINENSIS

3729 309 3824 361 180

327 444 616 511 pateretur
663 443 1058 510 agnoscerent,
1114 437 1443 509 pernicibus
1504 436 1724 491 nuntiis
1779 435 2020 508 periculi
2059 439 2106 492 Α
2131 440 2502 492 remearunt:
2551 437 2700 492 dicta
2729 453 2888 492 more
2921 441 3180 492 veterum
3213 442 3502 508 prmcepta
3536 437 3828 494 Sirmien-

327 529 502 583 fidem
519 528 803 583 commisit
823 545 834 582 :
854 528 954 599 qui
976 532 1104 582 ante
1126 525 1442 581 defensoris
1470 525 1615 579 inire
1638 541 1741 596 pro
1767 526 2025 596 partibus

328 619 444 672 suis
492 618 783 688 conspexit
826 616 1157 681 certamina,
1205 631 1379 685 quam
1430 615 1623 668 moliri
1667 615 1955 670 didicisset
2007 631 2019 668 :

329 714 523 762 tamen
568 709 794 761 eminus
829 706 1008 760 Pitzia
1039 705 1377 757 indomitam
1413 705 1724 774 Bulgarum
1748 705 2025 775 juventu-

331 801 447 850 tem
479 797 799 866 speculatus
833 798 933 860 est,
970 793 1235 845 ardentes
1279 793 1729 846 adolescentium
1777 794 2028 862 impetus

332 885 655 955 potioribus
702 883 1007 936 verborum
1039 881 1281 934 armavit
1319 881 1640 936 incendiis:
1699 904 1718 930 α
1771 882 2026 935 Memini-

333 974 452 1039 stis,
507 972 663 1038 socii,
708 971 868 1040 cujus
901 971 972 1024 ad
1014 971 1136 1023 haec
1165 971 1287 1023 loca
1320 971 1683 1024 commeastis
1729 971 1974 1041 imperio
2012 991 2024 1025 :

335 1078 500 1115 nemo
535 1062 795 1114 absentes
843 1058 1036 1112 credat
1069 1059 1218 1128 regis
1251 1059 1432 1111 nostri
1477 1060 1689 1125 oculos,
1730 1076 1832 1130 pro
1868 1059 2046 1129 cujus

336 1151 485 1203 fama
532 1148 921 1202 dimicandum
966 1152 1085 1201 est:
1137 1148 1182 1200 si
1214 1149 1419 1201 cminm
1471 1149 1798 1202 lancearum
1849 1149 2032 1202 imber

336 1239 650 1303 obtexeret,
704 1237 804 1308 qui
851 1237 1059 1290 fortius
1119 1237 1298 1290 telum
1350 1237 1579 1305 jaceret,
1631 1254 1747 1290 non
1804 1237 2026 1291 lateret.

340 1329 508 1381 Ferro
544 1332 776 1396 pectora
806 1325 1150 1395 immergite,
1184 1331 1249 1378 ut
1292 1325 1482 1380 veniat
1523 1327 1591 1380 de
1623 1326 1858 1379 horrore
1903 1326 2033 1380 vitae

338 1433 464 1485 spes
510 1417 810 1469 manifesta
843 1414 1107 1468 victoriae.
1145 1414 1325 1469 Credo
1377 1415 1521 1484 regii
1567 1419 1768 1468 testem
1818 1415 2033 1469 roboris

332 1505 453 1574 jam
482 1504 844 1570 defunctum;
878 1519 983 1556 nec
1010 1520 1304 1573 superesse
1335 1505 1435 1574 qui
1466 1504 1577 1557 illis
1609 1521 1781 1574 quem
1819 1504 2033 1560 habea-

342 1609 469 1646 mus
502 1592 823 1656 dominum,
855 1598 1226 1645 consueverat
1259 1593 1510 1646 iudicare
1537 1610 1548 1646 :
1579 1597 1676 1646 aut
1707 1594 1855 1647 forte
1887 1610 2034 1664 gen-

341 1686 456 1734 tem
491 1687 744 1734 nostram
778 1681 1159 1749 dedignantur
1194 1680 1475 1735 a-stimare
1521 1681 1587 1735 de
1618 1683 1900 1752 principe.
1951 1684 2036 1736 In-

342 1769 606 1841 telligant
636 1769 705 1823 ab
725 1785 791 1822 eo
823 1771 1051 1822 fluxisse
1076 1770 1225 1840 quod
1251 1770 1505 1840 gerimus
1530 1787 1543 1824 :
1577 1787 1680 1824 nec
1704 1771 1870 1825 liceat
1900 1772 2034 1837 illis,

345 1859 494 1929 quod
520 1862 705 1912 rector
726 1858 1247 1913 nostertransmisit
1267 1860 1338 1912 ad
1361 1859 1666 1931 originem,
1695 1860 1790 1912 uni
1814 1863 2038 1912 tantum

345 1948 549 2000 debere
583 1964 860 2017 personas.
897 1969 924 1997 »
966 1949 1094 2002 Haec
1138 1948 1365 2018 eloquia
1403 1947 1558 2001 lituis
1600 1949 1971 2002 commutavit
2022 1965 2034 2002 :

342 2037 611 2090 continuo
654 2041 719 2090 ut
756 2038 958 2091 assolet
987 2041 1109 2090 ater
1152 2036 1381 2091 nimbus
1412 2037 1572 2090 tectis
1624 2037 2039 2108 crepitantibus

346 2126 724 2196 procellarum
767 2127 991 2196 mugire
1033 2126 1354 2180 discursum
1390 2142 1401 2179 :
1463 2127 1540 2180 sic
1574 2143 1631 2180 se
1679 2127 2040 2197 praecipitem

346 2216 506 2285 plebs
553 2216 740 2272 Martis
772 2216 1100 2270 immiscuit.
1156 2218 1374 2270 Incerta
1406 2216 1504 2270 diu
1537 2217 1833 2270 conﬂictus
1877 2217 2040 2271 lance

345 2305 646 2358 titubavit:
689 2305 824 2358 dum
861 2321 966 2375 par
995 2319 1068 2359 ex
1100 2308 1345 2375 utroque
1380 2305 1552 2358 latere
1582 2305 1886 2375 pugnandi
1917 2321 2042 2358 sur-

348 2393 583 2447 rexisset
626 2394 916 2464 asperitas.
951 2393 1379 2447 Concurrehant
1425 2394 1553 2447 dua:
1592 2394 1875 2461 nationes,
1909 2393 2043 2464 qui-

346 2483 453 2536 bus
484 2499 780 2553 nunquam
813 2483 961 2535 inter
987 2483 1206 2552 gladios
1236 2484 1371 2552 fuga
1407 2484 1746 2536 subvenerat
1773 2500 1785 2536 :
1819 2485 2040 2536 miratae.

350 2578 480 2625 sunt
512 2578 710 2625 mutuo
739 2572 824 2624 sui
858 2572 1072 2624 similes
1105 2572 1369 2638 inveniri,
1391 2573 1520 2626 etin
1552 2575 1806 2626 humano
1831 2590 2041 2643 genere

349 2662 436 2715 vel
481 2661 693 2715 Gothus
726 2662 1077 2714 resistentem
1110 2661 1339 2729 audere,
1374 2662 1461 2714 vel
1495 2663 1779 2732 Bulgares.
1821 2665 2042 2716 Interea

353 2751 486 2802 dum
534 2766 741 2820 anceps
791 2756 937 2804 esset
983 2751 1212 2803 fortuna
1269 2751 1619 2818 certaminis,
1674 2757 1725 2804 et
1779 2757 2042 2822 pennatze

352 2845 565 2892 mortes
596 2840 705 2892 sibi
743 2841 958 2893 aethera
982 2839 1362 2903 vindicarent,
1399 2840 1687 2910 superavit
1715 2842 1895 2893 nostri
1930 2858 2043 2894 me-

352 2929 532 2982 moria
580 2928 878 2999 principis,
912 2930 1048 2981 dum
1083 2935 1342 2998 agerent,
1389 2933 1452 2981 ut
1483 2928 1842 2998 singulorum
1891 2931 2043 2998 apud

353 3034 483 3070 eum
534 3017 735 3071 merita
769 3034 1003 3088 campus
1042 3021 1338 3070 assereret.
1388 3017 1560 3070 Versa
1611 3021 1696 3071 est
1743 3017 1802 3070 in
1849 3020 2042 3088 fugam

354 3107 508 3159 natio
540 3107 744 3176 punita
770 3109 1020 3176 gravius,
1065 3106 1216 3176 quod
1249 3105 1459 3159 evasit:
1505 3106 1670 3158 tellus
1703 3107 1881 3159 excita
1929 3113 2039 3160 tre-

352 3197 498 3249 muit
528 3197 896 3249 concussione
943 3196 1356 3264 cornipedum:
1391 3210 1520 3247 cum
1563 3196 1782 3265 ingenti
1824 3197 2038 3249 lamen-

353 3283 565 3336 tatione
596 3283 1003 3353 properabant,
1044 3287 1343 3353 postquam
1375 3283 1638 3336 viderunt
1677 3299 1789 3336 non
1826 3299 1944 3336 esse
1983 3299 2042 3336 se

355 3371 557 3424 dubios
587 3371 655 3424 de
693 3372 894 3424 salute.
929 3369 1064 3424 Caeli
1110 3370 1325 3423 arbiter
1357 3371 1524 3435 Deus,
1558 3386 1798 3424 munera
1841 3371 2041 3424 collata

355 3459 691 3529 multiplica.
723 3459 804 3513 Illi
833 3474 1125 3530 nunquam
1148 3457 1303 3512 dubii
1325 3459 1717 3528 detriumphis
1743 3476 1754 3512 :
1782 3459 1861 3512 illi
1899 3476 2042 3530 quos

354 3550 606 3619 suspexit
637 3549 995 3616 universitas,
1025 3549 1258 3620 perditis
1285 3548 1567 3602 bellorum
1591 3548 1788 3619 signis,
1825 3554 1879 3601 et
1910 3565 2039 3618 per-

354 3638 494 3690 culsi
523 3638 910 3691 incolumitate
939 3637 1241 3691 discedunt
1267 3655 1279 3700 ;
1313 3642 1515 3707 terque
1549 3637 1744 3690 beatos
1773 3653 1894 3691 esse
1927 3639 2041 3690 cla-

357 3729 640 3794 mitantes,
689 3744 831 3798 quos
893 3718 1165 3798 Oppetere
1213 3727 1558 3796 contigisset.
1623 3727 1768 3791 Quid
1825 3731 2040 3797 strages

354 3816 602 3869 militum
634 3818 942 3884 revolvam,
978 3822 1034 3870 et
1069 3816 1364 3872 Sabiniani
1398 3815 1555 3869 ducis
1581 3815 1894 3868 abitionem
1928 3821 2042 3868 tur-

354 3906 686 3976 pissimam?
730 3922 857 3959 cum
891 3923 923 3958 a
966 3905 1192 3960 ratione
1227 3905 1534 3971 dividatur,
1571 3909 1821 3958 retexere
1855 3911 2041 3958 exter-

355 3994 584 4046 minatis
615 3995 946 4062 patrociniis
969 3995 1104 4065 quid
1140 3993 1393 4046 evenerit
1427 3994 1744 4047 indefenso.
1777 3995 1934 4047 Tunc
1971 4011 2040 4047 ne

354 4083 642 4135 videretur
683 4083 1056 4136 celebrandas
1087 4082 1306 4135 saeculis
1357 4082 1532 4136 Pitzia
1584 4087 1849 4135 nontam
1901 4082 2043 4134 mili-

352 4178 497 4227 tasse
537 4172 732 4242 gloria:
767 4189 942 4242 quam
986 4170 1302 4241 cupiditati,
1339 4171 1507 4242 liquit
1538 4171 1672 4225 feris
1703 4176 1799 4224 aut
1842 4172 2040 4225 avibus

351 4261 538 4333 campi
577 4262 854 4330 laborem,
886 4277 1015 4315 cum
1042 4261 1307 4332 jejunum
1343 4261 1586 4314 militem
1617 4259 1901 4331 opulentis
1943 4261 2040 4314 de-

2135 527 2327 581 sibus:
2375 527 2442 580 de
2491 526 2606 580 suis
2653 543 2758 597 per
2804 525 3153 581 vicinitatem
3195 532 3352 581 tuam
3392 527 3675 596 dubitant,
3728 527 3830 599 qui

2134 617 2409 672 hactenus
2443 621 2636 671 nostra
2669 622 2998 671 tenuerunt.

2208 706 2352 770 Quid
2401 707 2418 742 ί
2468 705 2766 775 castigatus
2823 706 3206 760 Vandalorum
3249 705 3431 759 ventis
3489 706 3828 776 parentibus

2138 794 2377 865 eloquar
2415 794 2890 864 deprmdationes,
2931 794 3138 865 quibus
3177 811 3280 866 pro
3324 810 3516 849 annua
3556 795 3831 866 pensione

2138 884 2274 937 satis
2324 889 2409 937 est
2452 883 2702 937 amicitia
2733 883 2869 936 tua?
2911 883 3143 954 Evagari
3199 885 3348 938 ultra
3395 885 3832 954 possibilitatem

2139 971 2425 1037 nesciunt,
2468 972 2609 1025 duce
2643 972 2923 1041 sapientia
2956 989 2970 1026 :
3003 974 3022 1006 ²
3071 973 3272 1027 affines
3304 989 3426 1029 esse
3475 979 3830 1039 meruerunt,
3910 1011 3914 1014 -

2139 1062 2275 1133 quia
2303 1061 2535 1114 obedire
2559 1077 2674 1114 non
2708 1061 2984 1114 abnuunt.

2212 1150 2343 1203 llaec
2365 1150 2432 1203 de
2456 1155 2745 1220 gestorum
2769 1156 3000 1204 tuorum
3026 1149 3292 1217 cumulis,
3312 1150 3495 1220 major
3512 1154 3638 1204 voto
3659 1167 3832 1221 qiiam

2141 1239 2490 1309 eloquentia,
2530 1239 2770 1291 strictim
2803 1239 3025 1307 digesta
3056 1238 3344 1309 replicavi,
3380 1239 3713 1293 melioribus
3744 1240 3840 1292 in-

2143 1331 2292 1382 tacta
2324 1327 2748 1398 derelinquens.
2785 1327 2989 1381 Videro
3021 1327 3150 1399 quis
3188 1344 3281 1381 me
3319 1328 3508 1382 vincat
3551 1327 3842 1396 facundia,

2143 1433 2311 1470 nemo
2357 1417 2507 1470 circa
2553 1421 2605 1470 te
2657 1417 3059 1470 transcendere
3108 1417 3318 1471 valebit
3376 1417 3599 1470 affectu.
3656 1416 3844 1470 Habes

2142 1507 2310 1574 hanc,
2336 1507 2449 1560 Deo
2471 1506 2809 1576 inspirante,
2840 1507 3364 1572 mansuetudinem,
3396 1511 3459 1559 ut
3484 1511 3540 1560 te
3566 1506 3694 1576 plus
3729 1521 3840 1559 cre-

2145 1597 2244 1649 das
2294 1611 2461 1665 posse
2496 1595 2799 1665 diligentia
2829 1612 3000 1666 quam
3039 1595 3266 1649 timore.
3302 1596 3644 1648 Excellentia
3691 1595 3844 1648 bona

2148 1690 2282 1739 sunt
2313 1684 2512 1754 gloriae
2551 1689 2658 1738 tua:
2693 1685 2902 1738 inserta
2927 1685 3340 1746 monumentis,
3367 1688 3428 1738 ut
3449 1700 3577 1738 cum
3609 1689 3663 1738 te
3681 1699 3846 1754 reges

2150 1778 2429 1839 metuant,
2458 1773 2659 1826 famuli
2687 1779 2915 1828 ament:
2951 1790 3084 1827 nam
3105 1790 3462 1844 quaecunque
3485 1773 3610 1839 tibi,
3631 1774 3848 1826 metitis

2149 1864 2535 1933 subjectorum
2576 1863 2813 1929 viribus,
2847 1863 2969 1916 dari
3002 1863 3271 1933 imperas,
3309 1863 3491 1917 credis
3531 1879 3697 1933 posse
3739 1862 3848 1915 (1(-

2148 1954 2366 2023 negari.
2403 1953 2444 2007 Ο
2468 1969 2661 2023 regem
2693 1953 2847 2006 omni
2885 1953 3298 2024 tranquillitate
3322 1951 3848 2022 compositum,qui

2149 2042 2437 2097 devotioni
2488 2047 2697 2096 nostra:
2729 2042 2998 2113 imputat,
3031 2042 3180 2113 quod
3215 2041 3608 2112 impendimus
3659 2040 3848 2094 servi-

2150 2131 2284 2186 tuti!

2222 2221 2367 2284 Quid
2406 2220 2558 2290 quod
2591 2236 2622 2273 a
2652 2224 2706 2272 te
2737 2223 2757 2254 ³
2785 2217 3140 2274 Alamanniae
3173 2219 3516 2289 generalitas
3548 2219 3699 2272 intra
3728 2220 3846 2274 Ita-

2150 2308 2242 2362 lia:
2289 2309 2566 2362 terminos
2598 2308 2718 2361 sine
2769 2309 3115 2362 detrimento
3161 2309 3432 2362 Romana:
3468 2307 3844 2377 possessionis

2150 2397 2368 2452 inclusa
2399 2401 2514 2451 est?
2551 2398 2642 2450 cui
2675 2397 2865 2451 evenit
2891 2397 3098 2450 habere
3133 2413 3349 2467 regem,
3380 2402 3684 2468 postquam
3719 2412 3846 2450 me-

2152 2487 2265 2539 ruit
2294 2486 2625 2556 perdidisse.
2661 2487 2822 2538 Facta
2853 2490 2937 2538 est
2969 2484 3205 2538 Latiaris
3237 2491 3424 2540 custos
3453 2486 3678 2556 imperii
3710 2501 3850 2538 sem-

2152 2592 2254 2648 per
2301 2580 2627 2628 nostrorum
2691 2573 3060 2644 populatione
3113 2578 3386 2644 grassata.
3449 2575 3550 2628 Cui
3606 2573 3850 2627 feliciter

2152 2664 2320 2718 cessit
2348 2663 2560 2733 fugisse
2593 2664 2839 2732 patriam
2873 2678 3032 2714 suam
3065 2677 3076 2716 :
3105 2679 3238 2715 nam
3279 2663 3356 2714 sic
3388 2663 3592 2732 adepta
3623 2668 3709 2715 est
3739 2662 3848 2715 soli

2154 2754 2336 2807 nostri
2369 2752 2745 2822 opulentiam.
2778 2751 3114 2820 Acquisistis
3145 2767 3272 2821 quin
3307 2751 3527 2804 noverit
3557 2750 3849 2820 ligonibus

2159 2844 2329 2896 tellus
2360 2841 2738 2912 acquiescere,
2765 2839 3026 2909 quamvis
3049 2856 3162 2893 non
3183 2840 3487 2911 contigerit
3503 2840 3713 2892 damna
3746 2855 3847 2893 ne-

2155 2931 2316 2985 scire.
2352 2931 2465 2985 Sub
2501 2937 2551 2984 te
2577 2929 2823 2982 vidimus
2855 2933 3092 2982 eventus
3124 2929 3372 2998 optimos
3404 2929 3474 2982 de
3501 2928 3851 2982 adversitate

2085 3040 2123 3094 C
2155 3020 2448 3091 generari;
2494 3024 2550 3071 et
2591 3019 2718 3070 ﬁeri
2751 3017 3134 3071 secundorum
3180 3024 3442 3083 matrem,
3493 3018 3850 3070 occasionem

2153 3108 2416 3178 periculi.
2473 3107 2623 3160 Ulvis
2673 3107 2916 3159 liberata
2964 3106 3303 3175 gratulatur,
3350 3111 3561 3158 terram
3595 3104 3850 3158 incolens

2154 3213 2282 3268 quae
2312 3197 2583 3249 hactenus
2605 3194 3028 3248 dehiscentibus
3048 3194 3352 3248 domiciliis
3382 3193 3675 3248 solidiori“
3699 3195 3850 3248 chas-

2153 3287 2340 3338 niccm
2373 3284 2671 3353 mergebat
2701 3283 3003 3336 beneficio.

2226 3376 2329 3426 Par
2350 3372 2669 3436 fuitetiam,
2698 3378 2761 3424 ut
2792 3372 3180 3442 eloquentiam
3205 3371 3387 3424 laudis
3410 3370 3665 3440 praemiis
3697 3370 3843 3424 inci-

2151 3467 2329 3531 tares;
2379 3478 2448 3514 ne
2483 3460 2718 3514 adoreas
2753 3467 2875 3513 tuas
2925 3459 3153 3513 silentio
3200 3460 3588 3528 perderemus.
3646 3460 3850 3513 Nulla-

2157 3567 2286 3605 rum
2325 3551 2534 3603 artium
2561 3555 2743 3602 cessat
2781 3548 3103 3601 industria:
3139 3549 3315 3601 solers
3351 3549 3676 3617 ubicunque
3713 3549 3854 3601 latet

2150 3639 2463 3710 inquiritur
2505 3654 2518 3691 :
2566 3639 2988 3708 magistratum,
3041 3637 3212 3690 etiam
3254 3636 3299 3689 si
3347 3637 3515 3706 longe
3560 3636 3851 3706 deguerit,

2153 3729 2344 3798 exiget
2389 3727 2488 3797 qui
2538 3733 2791 3780 meretur
2830 3743 2842 3780 :
2891 3741 3191 3797 nunquam
3238 3725 3627 3793 absconditur,
3677 3741 3856 3794 quem

2152 3816 2477 3886 prodiderit
2502 3815 2864 3869 innocentia:
2904 3817 3038 3870 dum
3069 3814 3294 3868 subtilis
3327 3814 3541 3867 arbiter
3571 3829 3686 3866 non
3719 3813 3856 3883 pla—

2154 3905 2300 3958 caris
2345 3920 2498 3970 voce,
2547 3905 2643 3957 sed
2692 3903 2926 3958 actibus.
2990 3905 3297 3957 Parentum
3363 3908 3692 3955 nostrorum
3753 3902 3858 3972 qui

2153 3993 2564 4059 occubuerunt,
2611 3993 2763 4062 apud
2805 3998 2861 4046 te
2909 3992 3056 4046 bene
3100 3997 3226 4044 acta
3275 3995 3577 4046 servantur
3631 4007 3644 4044 :
3689 3993 3859 4060 cujus

2153 4081 2582 4135 mansuetudini
2633 4088 2744 4134 tua:
2784 4081 2926 4135 fides
2954 4079 3289 4140 innotuerit,
3325 4078 3674 4132 haereditatis
3719 4079 3857 4148 jure

2150 4171 2306 4241 quod
2338 4171 2558 4223 auctori
2597 4170 2887 4237 debueris,
2941 4169 3125 4223 soboli
3165 4185 3294 4223 mox
3329 4167 3609 4222 refundes.
3665 4166 3857 4220 liabe-

2152 4277 2278 4314 mus
2309 4259 2377 4314 de
2406 4260 2687 4330 majorum
2719 4259 3008 4330 obsequiis
3039 4259 3316 4325 fructum;
3351 4261 3407 4312 et
3436 4262 3628 4310 tamen
3660 4255 3732 4309 de
3757 4271 3857 4309 ex-

350 4353 575 4406 trahere
624 4351 990 4406 cadaveribus
1038 4350 1180 4405 nihil
1220 4351 1467 4422 juberet.
1509 4350 1616 4404 Sed
1669 4349 1787 4403 haec
1833 4348 2039 4419 quibus
2077 4339 2122 4393 D
2153 4351 2405 4405 cessibus
2459 4351 2741 4420 supplicia
2775 4365 2892 4402 non
2935 4346 3223 4402 timemus.
3262 4347 3485 4401 Finitur
3529 4345 3857 4415 indignatio

351 4443 563 4513 linguis
611 4442 962 4496 sufficienter
1011 4440 1345 4511 explicanda
1394 4439 1566 4494 sunt?
1611 4455 1724 4509 qua
1770 4444 2040 4509 poterunt

349 4531 632 4586 facundiae
675 4532 806 4585 dote
848 4531 1123 4584 reserari?
1175 4532 1285 4584 Diu
1331 4535 1393 4582 tu
1444 4528 1622 4581 vicisti
1653 4528 1710 4579 in
1757 4527 2041 4581 universis

349 4621 748 4690 congressibus
777 4622 908 4687 tuis,
945 4636 1096 4674 nunc
1123 4618 1406 4689 incipiens
1435 4617 1495 4670 in
1525 4615 1802 4685 obsequio
1833 4615 2044 4672 habere

349 4710 610 4763 victores.
673 4710 896 4763 Interea
954 4709 1021 4763 ad
1054 4710 1297 4762 limitem
1344 4721 1513 4759 suum
1554 4705 1813 4759 Romana
1865 4721 2045 4776 regna

425 4839 443 4874 ί
473 4834 797 4906 Castigatas
824 4834 1220 4891 Vandalorum
1244 4830 1711 4906 depraedationes]
1747 4831 2044 4886 Cassiodo-

348 4925 446 4962 rus
475 4903 706 4977 Olybrio
728 4910 855 4962 Jun.
881 4924 992 4960 cos.
1021 4923 1033 4958 :
1066 4906 1209 4977 Tum
1227 4903 1402 4977 etiam
1434 4903 1708 4977 Vandali,
1732 4919 1872 4974 pace
1901 4919 2044 4973 sup-

346 4974 579 5051 pliciter
607 4979 920 5050 postulata,
943 4974 1243 5051 _a___Sicilia2
1272 4975 1694 5051 depraedatione
1723 4977 2040 5028 cessarunt.

348 5048 529 5105 Antea
575 5048 727 5104 enim
768 5066 871 5120 per
900 5048 1150 5120 Siciliam
1182 5053 1237 5099 et
1281 5048 1459 5120 Italiae
1501 5062 1701 5100 omnes
1732 5063 1878 5112 oras,
1927 5061 2041 5116 quo

348 5127 550 5176 ventus
579 5117 907 5191 impulerat,
943 5117 1673 5191 continnp‘j‘irmdabantnrg.

421 5194 443 5224 ³
470 5187 694 5261 Afﬁnes
709 5207 832 5246 esse
854 5187 1202 5259 meruerunt]
1221 5189 1326 5242 Per
1345 5189 1767 5261 Amalairedam
1793 5187 2044 5261 Theode-

349 5265 448 5319 rici
475 5259 746 5325 sororem,
774 5277 902 5332 quae
931 5261 1362 5332 Thrasamundo
1393 5262 1516 5328 regi
1546 5259 1764 5332 nupsit.
1799 5259 2041 5332 Jornan-

349 5337 466 5389 des:
484 5338 563 5390 Et
580 5339 640 5389 ut
660 5335 737 5388 ad
750 5328 986 5403 plenum
1002 5330 1334 5401 progeniem
1355 5345 1520 5383 suam
1540 5328 1836 5403 dilataret,
1861 5330 1904 5403 si
1914 5345 2041 5403 ma-_

349 5407 641 5474 lafredum
682 5400 1235 5476 gerinananisuam,
1269 5405 1512 5476 matrem
1548 5400 1898 5476 Theodabati
1943 5401 2043 5470 qui

341 5471 829 5550 postea_rea:_'fu_it_,
859 5474 922 5527 in
943 5471 1213 5550 Africam
1243 5472 1364 5544 regi
1411 5471 1809 5526 Vandalorum
1846 5487 2040 5538 conju-

342 5545 471 5621 pem
500 5547 699 5621 dirigit
742 5545 1186 5621 Ihrasemundo.

417 5621 440 5654 ³
467 5613 832 5688 Alamannus
842 5616 1200 5688 generalitas
1219 5613 1377 5688 intra
1395 5614 1583 5688 Italia:
1599 5614 1891 5688 terminos]
1915 5615 2038 5668 Ala-

351 5689 547 5745 manui
576 5687 770 5744 Suevis
798 5686 860 5743 in
886 5687 1190 5743 Germania
1219 5686 1470 5755 ﬁnitimi,
1516 5701 1647 5742 cum
1681 5702 1714 5741 a
1739 5687 2037 5741 Clodovaeo

2150 4440 2443 4493 moderata
2476 4454 2605 4491 cum
2656 4438 2918 4504 homine;
2955 4452 3081 4489 cum
3131 4440 3369 4505 propter
3413 4433 3856 4487 retributionem

2154 4533 2373 4598 quaerat
2403 4532 2499 4580 tua
2528 4527 2712 4596 pietas
2742 4540 3144 4578 successorem.
3178 4525 3415 4579 Restant
3448 4522 3633 4576 adhuc
3664 4522 3856 4576 multa

2153 4634 2283 4688 quas
2315 4617 2594 4682 dicerem;
2628 4615 2724 4668 sed
2754 4614 2906 4668 inter
2937 4614 3129 4684 plures
3174 4619 3404 4667 actuum
3435 4616 3664 4666 tuorum
3694 4627 3850 4680 pra-

2151 4722 2324 4760 cones
2373 4705 2637 4759 convenit
2675 4703 2961 4757 illibatum
3005 4703 3224 4775 aliquid
3271 4701 3565 4756 reservari.
3626 4701 3855 4754 Debent

2152 4850 2285 4905 rege
2326 4837 2520 4887 nostro
2554 4830 2771 4905 subacti
2820 4831 3076 4905 fuissent,
3111 4845 3243 4905 rege
3273 4827 3500 4905 amisse,
3546 4826 3616 4905 ad
3657 4825 3856 4905 :I‘heo-

2151 4898 2407 4960 dericum
2454 4903 2856 4972 confugerunt.
2905 4903 2996 4956 Sic
3042 4898 3198 4955 enim
3249 4898 3397 4972 apud
3445 4898 3854 4972 Cassiodorum

2151 4976 2348 5032 scribit
2390 4969 2770 5028 Theodericus
2801 4973 2922 5042 ipse
2973 4969 3405 5042 Clodovaeolib.
3441 4986 3497 5032 ιι,
3525 4969 3696 5042 epist.
3734 4969 3798 5021 41
3833 4985 3847 5022 :

2149 5045 2568 5100 Alamannicos
2597 5039 2860 5115 populos,
2881 5043 3095 5115 causis
3127 5040 3477 5110 fortioribus
3507 5039 3852 5115 inclinalqs,

2147 5116 2367 5172 victrici
2395 5109 2748 5170 subdidist'is.
2781 5109 2895 5168 Sed
2924 5120 3111 5169 motus
3130 5109 3366 5166 ires-tres
3397 5116 3455 5164 in
3486 5113 3674 5170 fessas
3704 5109 3851 5164 reli-

2149 5189 2311 5258 quias
2337 5191 2681 5258 temperate:
2715 5185 2853 5256 quia
2867 5185 3015 5258 jure
3037 5183 3238 5258 gratia;
3265 5186 3556 5258 merentur
3583 5181 3850 5258 evadere,

2148 5251 2287 5330 Quos
2327 5259 2404 5312 ad
2432 5251 3110 5330 parentunipestroruin
3129 5253 3523 5330 defensionem
3534 5251 3854 5330 _respici(is

2147 5323 2487 5401 confugisse.
2520 5331 2712 5401 Estople
2885 5325 3129 5390 remissi,
3155 5323 3261 5401 “qui
3282 5323 3493 5401 nostris
3508 5324 3724 5391 ﬁnibus
3752 5339 3851 5375 ce—

2149 5395 2345 5454 lantur
2400 5398 2678 5455 exterriti.
2732 5397 2828 5452 His
2860 5413 2996 5465 ergo
3037 5395 3326 5466 proﬂigati
3384 5397 3848 5466 Alamannorum

2149 5471 2426 5525 exercitus
2461 5469 2716 5539 reliquiis
2741 5469 2904 5522 sedes
2932 5483 2992 5520 in
3019 5465 3178 5522 Italia
3208 5465 3366 5521 datas
3399 5484 3432 5520 a
3460 5465 3846 5530 Theoderico,

2147 5543 2310 5597 docet
2344 5540 2649 5595 Ennodius.

2217 5611 2239 5646 ’⁸
2274 5609 2610 5684 Chznicem]
2643 5611 2817 5684 Unus,
2847 5609 3181 5666 Scheniem:
3212 5625 3281 5665 ex
3303 5608 3548 5664 aliorum
3578 5605 3850 5677 vestigiis

2147 5684 2472 5741 Chaenicem
2503 5682 2860 5754 collegimus.
