4060 6174
214 262 298 315 181
1228 265 1706 324 PANEti-YRICUS
1746 269 2191 329 THEODERICO
2230 273 2392 331 REGI
2436 275 2701 331 DICTUS.
3613 285 3713 339 ¹182

207 391 306 446 tibi
350 392 929 486 veneranda-studia,
973 394 1126 465 quod
1155 396 1493 467 loquuntur.
1543 401 1894 457 Amaverunt
1930 404 1976 456 A
2005 413 2061 459 et
2102 407 2344 477 implent
2372 407 2654 464 actionem
2702 409 2959 479 fortium,
2994 412 3133 467 dum
3157 413 3428 483 jocantur
3461 432 3473 472 :
3518 416 3710 486 agitur

204 497 576 552 praecessores
621 481 703 535 tui
744 482 1051 550 inscitiam,
1097 486 1233 555 quia
1267 502 1568 557 nunquam
1615 489 1902 544 laudanda

203 574 520 636 gesserunt.
567 571 842 626 Sordebat
890 572 1042 626 inter
1098 580 1286 628 aratra
1329 576 1793 644 facundissimus,
1847 584 1903 633 et

201 659 347 728 quod
383 659 593 729 peritia
621 661 873 727 dederat,
908 661 992 714 vis
1023 664 1272 732 negabat
1305 681 1318 717 ε
1371 671 1530 718 muto
1583 667 1902 720 mcerebant

199 755 430 802 auctore
464 749 803 816 tribunalia;
839 767 940 804 nec
975 752 1088 805 ulla
1134 753 1548 808 concedebatur
1577 757 1770 825 palma
1813 756 1897 810 di-

198 839 361 892 centi.
396 839 463 892 In
496 855 694 892 casum
725 840 1090 909 negotiorum
1117 842 1356 896 nutabat
1382 849 1640 912 eventus,
1671 845 1900 914 quando

203 926 405 981 litteris
453 928 659 998 genius
711 945 826 982 non
873 929 1147 984 dabatur:
1203 947 1350 985 unus
1409 932 1620 1004 ubique
1668 934 1900 1002 ingenia

199 1032 405 1069 mceror
430 1024 827 1088 oppresserat;
849 1019 984 1088 quia
1013 1020 1335 1074 atterebant
1362 1022 1477 1075 otia
1506 1023 1898 1092 eloquentium

198 1106 491 1158 facultates
519 1122 531 1159 :
565 1122 838 1177 pompam
871 1107 1162 1162 seniorum
1196 1110 1338 1163 edax
1376 1111 1733 1181 negligentia
1763 1129 1896 1182 pos-

197 1194 444 1261 sidebat;
478 1211 588 1249 nec
623 1197 1040 1251 accendebatur
1070 1197 1178 1252 tiro
1205 1199 1572 1254 aemulatione
1607 1201 1890 1255 sectanda.

204 1283 331 1337 Vide
366 1284 604 1338 divitias
642 1285 834 1339 saeculi
878 1287 998 1340 tui:
1025 1291 1158 1341 tunc
1199 1287 1288 1342 vix
1318 1288 1441 1343 fora
1471 1289 1721 1343 habuere
1772 1305 1898 1360 per-

193 1371 359 1427 fectos
384 1389 398 1427 :
438 1390 598 1428 nunc
625 1375 869 1430 Ecclesia
898 1375 1095 1445 dirigit
1124 1377 1503 1432 laudatorem.

255 1463 356 1516 Eat
392 1479 573 1530 nunc,
623 1470 679 1518 et
709 1465 1060 1519 cothurnatis
1106 1467 1477 1521 relationibus
1507 1469 1895 1524 Alexandrum

187 1552 356 1620 jactet
405 1553 746 1623 antiquitas,
780 1555 869 1607 cui
916 1555 1085 1609 famae
1134 1556 1495 1626 opulentiam
1528 1558 1753 1628 peperit
1792 1559 1895 1612 dos

189 1641 581 1712 loquentium;
632 1647 695 1696 ut
739 1657 845 1712 per
874 1643 1212 1713 adjutricem
1256 1645 1583 1700 facundiam
1633 1647 1894 1701 videatur

189 1746 437 1784 crescere
469 1731 645 1784 rebus
676 1732 939 1786 mendica
967 1733 1242 1788 laudatio.
1273 1735 1444 1805 Regis
1476 1736 1655 1790 nostri
1686 1737 1890 1791 merita

191 1817 459 1871 solatium
499 1834 615 1872 non
647 1820 942 1888 postulant
971 1823 1314 1875 asserentis:
1350 1822 1575 1876 minora
1607 1832 1743 1878 sunt
1769 1825 1894 1894 ejus

190 1909 327 1963 veris
359 1909 608 1974 actibus,
632 1911 894 1980 quamvis
926 1917 1089 1965 aucta
1115 1911 1229 1966 sint
1257 1917 1514 1967 veterum
1545 1919 1706 1984 gesta
1741 1931 1894 1968 men-

189 1998 374 2052 daciis.
427 1999 777 2063 Simulastis,
837 2006 1044 2070 poetae,
1099 2002 1369 2070 grandia;
1429 2003 1527 2056 sed
1581 2002 1745 2056 fateri
1797 2020 1890 2056 vos

188 2088 453 2142 convenit
485 2094 834 2159 praesentem
876 2089 1174 2143 dominum
1207 2091 1447 2159 gessisse
1483 2091 1728 2161 potiora.
1764 2093 1888 2145 Pel-

189 2178 317 2230 laeus
355 2177 571 2231 ductor
617 2178 1043 2247 praiconiorum
1076 2196 1311 2234 suorum
1341 2196 1626 2234 summam
1659 2181 1891 2235 (Σιλωτὶιὶ

188 2267 354 2320 voluit
385 2273 657 2322 constare
687 2267 964 2322 beneficio
991 2284 1003 2322 :
1040 2285 1110 2324 ne
1143 2269 1380 2323 fallendi
1403 2275 1600 2323 votum
1632 2271 1889 2324 multitu-

191 2356 250 2408 do
286 2355 794 2426 deprehenderet;
845 2363 901 2410 et
943 2360 1104 2412 fieret
1137 2358 1291 2411 testis
1336 2358 1734 2429 impudentize,
1787 2360 1888 2428 qui

188 2445 609 2498 adsciscebatur
639 2446 701 2498 in
731 2447 1132 2516 astipulatione
1161 2447 1430 2501 victorias.
1467 2447 1620 2501 Nihil
1650 2448 1887 2503 detraho

190 2534 533 2597 senioribus,
571 2551 713 2605 quos
744 2537 1062 2605 praecipuos
1092 2535 1385 2590 habuisset
1414 2537 1747 2607 antiquitas,
1776 2537 1886 2591 nisi

191 2624 426 2678 Romani
456 2625 713 2678 nominis
745 2627 956 2679 erectio
987 2631 1039 2680 te
1074 2626 1340 2681 dedisset.
1377 2628 1543 2680 Illum
1574 2643 1718 2680 vera":
1750 2625 1884 2680 reli-

187 2713 362 2782 gionis
406 2714 682 2784 ignarum
731 2715 982 2769 obtinuit
1023 2716 1232 2769 erroris
1280 2721 1466 2769 mater
1507 2716 1732 2770 inscitia
1767 2732 1780 2768 :
1833 2722 1884 2769 te

187 2804 386 2856 summi
421 2804 522 2857 Dei
573 2806 851 2858 cultorem
887 2804 955 2858 ab
990 2805 1111 2875 ipso
1142 2805 1284 2858 lucis
1314 2804 1532 2858 lumine
1581 2805 1881 2858 instructio

187 2892 362 2946 vitalis
413 2893 694 2946 instituit.
748 2895 1055 2964 Nunquam
1101 2895 1355 2964 applicas
1410 2893 1702 2947 laboribus
1745 2893 1878 2960 tuis,

185 2982 330 3050 quod
363 2988 607 3036 eventus
632 2983 827 3036 dexter
850 2983 1140 3038 obtulerit.
1166 2983 1284 3037 Scis
1317 2984 1376 3036 in
1402 2988 1455 3037 te
1487 2999 1680 3036 curam
1703 2998 1876 3053 penes
1916 2991 1956 3044 Ο

185 3071 356 3124 Deum
401 3072 780 3141 perfectionis
830 3088 951 3125 esse
999 3072 1424 3125 substantiam:
1473 3072 1594 3141 agis
1645 3075 1706 3124 ut
1750 3087 1879 3140 pro-

183 3177 339 3228 spera
369 3163 652 3214 merearis
682 3161 949 3232 adipisci:
1001 3162 1097 3214 sed
1128 3162 1320 3232 potius
1353 3161 1614 3214 universa
1648 3159 1884 3214 ascribis

181 3251 391 3302 auctori
441 3266 455 3303 :
540 3251 777 3304 exhibes
828 3249 1051 3315 robore,
1112 3251 1430 3320 vigilantia,
1503 3249 1881 3319 prosperitate

180 3338 516 3409 principem,
566 3339 1012 3393 mansuetudine
1060 3341 1433 3394 sacerdotem.
1479 3339 1627 3402 Quid
1672 3339 1884 3391 frustra

179 3429 421 3497 majores
473 3429 660 3481 nostri
706 3429 863 3481 divos
894 3433 948 3482 et
995 3429 1295 3499 pontifices
1328 3432 1624 3495 vocarunt,
1673 3427 1882 3497 quibus

178 3524 393 3586 sceptra
437 3518 646 3570 collata
692 3518 861 3571 sunt?
893 3517 1193 3587 Singulare
1226 3523 1328 3584 est,
1373 3517 1593 3571 actibus
1641 3517 1882 3586 implere

179 3606 628 3670 sanctissimum,
653 3610 711 3660 et
737 3607 1061 3659 veneranda
1090 3606 1328 3659 nomina
1359 3623 1475 3658 non
1503 3606 1734 3659 habere.
1766 3605 1882 3658 Rex

175 3710 330 3748 meus
364 3697 441 3748 sit
464 3696 599 3765 jure
630 3695 1067 3761 Alamannicus;
1099 3695 1318 3748 dicatur
1344 3695 1584 3748 alienus.
1623 3695 1691 3748 Ut
1720 3694 1882 3748 divus

177 3784 348 3838 vitam
383 3789 527 3853 agat
557 3799 624 3836 ex
653 3785 842 3837 fructu
868 3783 1229 3837 conscientiae
1255 3799 1268 3838 :
1301 3799 1404 3837 nec
1436 3783 1694 3853 requirat
1723 3799 1882 3854 pom-

171 3890 316 3943 posze
347 3873 635 3927 vocabula
668 3873 824 3927 nuda
849 3873 1158 3942 jactantiae,
1201 3873 1262 3926 in
1293 3874 1456 3943 cujus
1495 3872 1756 3927 moribus
1788 3888 1880 3926 ve-

172 3963 322 4016 ritati
351 3962 616 4016 militant
643 3962 1032 4016 blandimenta
1055 3965 1362 4033 majorum.

235 4052 490 4117 Vellem,
554 4051 759 4118 fateor,
839 4051 909 4105 ad
968 4052 1243 4105 orationis
1299 4051 1633 4120 terminum,
1703 4052 1882 4106 victus

171 4147 474 4208 gestorum
507 4144 741 4193 tuorum
769 4141 1130 4205 enormitate,
1159 4141 1525 4206 descendere,
1553 4145 1608 4194 et
1632 4141 1882 4194 novellas

168 4230 407 4284 adoreas
463 4230 767 4284 hebetatus
815 4229 1133 4300 priscorum
1182 4230 1306 4283 luce
1359 4229 1620 4282 transire.
1668 4230 1877 4293 Quem-

2013 494 2130 549 vice
2175 498 2505 566 spectaculi,
2542 499 2694 569 quod
2726 501 2987 570 sequenti
3018 506 3275 573 tempore
3319 504 3532 574 poterit
3574 505 3708 558 satis

2011 599 2135 636 esse
2170 585 2385 638 virtuti.
2441 588 2584 640 Dum
2629 589 2871 641 amentis
2916 591 3232 660 puerilibus
3280 593 3506 646 hastilia
3556 594 3708 648 lenta

2009 676 2388 742 torquentur:
2418 675 2553 728 dum
2587 692 2745 729 arcus
2779 679 3130 748 quotidianae
3164 681 3416 750 capitum
3443 699 3608 735 ncces
3631 681 3707 736 di-

2009 762 2226 832 rigunt.
2261 763 2420 817 Urbis
2456 782 2622 818 omne
2654 767 2978 834 pomerium
3011 769 3315 824 simulacro
3345 773 3697 841 congressio-

2010 852 2097 904 nis
2133 853 2432 907 atteritur:
2470 856 2587 923 agit
2620 855 2804 923 figura
2843 858 3244 924 certaminum,
3285 877 3355 914 ne
3388 879 3516 915 cum
3549 862 3702 931 peri-

2007 943 2134 994 culo
2166 958 2298 996 vero
2341 950 2667 996 nascantur.
2703 945 2784 998 Ad
2817 946 2940 1000 haec
2986 948 3112 1017 quis
3158 951 3350 1003 credat
3383 968 3563 1004 unum
3611 969 3705 1020 pc-

2011 1034 2134 1082 ctus
2195 1047 2366 1100 posse
2434 1032 2716 1096 sufficere,
2772 1037 2832 1086 ut
2884 1051 2986 1103 per
3034 1036 3360 1104 procinctus
3400 1037 3710 1090 indomitos

2005 1118 2193 1173 vincat
2223 1121 2283 1172 in
2313 1121 2548 1190 prmliis,
2584 1127 2638 1174 et
2661 1127 2790 1192 agat
2824 1123 3080 1190 consilio,
3114 1141 3185 1178 ne
3214 1126 3710 1181 dimicandicausa

2005 1209 2344 1279 contingat?
2375 1211 2658 1265 Rutilium
2686 1217 2741 1265 et
2769 1213 3037 1266 Manlium
3065 1215 3450 1284 comperimus
3491 1215 3703 1283 gladia-

2004 1296 2218 1351 torium
2272 1299 2602 1353 conflictum
2649 1301 3024 1371 magistrante
3069 1303 3299 1372 populis
3348 1305 3708 1374 providentia

2005 1386 2336 1453 contulisse,
2385 1393 2448 1441 ut
2481 1388 2630 1442 inter
2663 1389 2970 1443 theatrales
3000 1406 3197 1444 caveas
3229 1393 3388 1461 plebs
3432 1393 3705 1446 diuturna

2003 1492 2142 1546 pace
2175 1493 2450 1545 possessa,
2485 1479 2623 1548 quid
2646 1478 2703 1532 in
2729 1479 2846 1533 acie
2878 1485 3196 1549 gereretur,
3224 1487 3573 1550 agnosceret.
3599 1483 3707 1536 Sed

2002 1567 2139 1617 tunc
2166 1565 2381 1618 feriatis
2413 1567 2680 1621 manibus
2705 1568 2917 1622 frustra
2938 1568 3102 1622 socia.-
3133 1574 3342 1622 mortes
3372 1570 3707 1638 ingereban-

2003 1658 2097 1706 tur
2130 1654 2400 1724 aspectui.
2435 1656 2741 1726 Nunquam
2781 1657 2933 1710 bona
2965 1663 3117 1721 sunt,
3153 1675 3280 1728 qum
3310 1675 3340 1711 ει
3367 1660 3704 1712 crudelitate

2008 1743 2247 1796 veniunt
2288 1743 2553 1797 instituta
2604 1761 2614 1798 :
2670 1751 2733 1798 ut
2781 1751 3144 1799 armarentur
3191 1753 3389 1801 contra
3436 1748 3703 1801 inimicos

2005 1829 2203 1897 animi,
2235 1831 2394 1900 prius
2443 1833 2632 1887 videre
2663 1834 2836 1886 exitia
2863 1851 3114 1888 suorum.
3151 1837 3372 1889 Interea
3421 1836 3519 1889 illa
3563 1851 3700 1890 con-

2002 1921 2218 1989 gressio
2255 1921 2434 1990 (quod
2466 1921 2661 1976 docuit
2707 1924 2908 1993 exitus)
2941 1941 3057 1977 non
3109 1931 3226 1978 tam
3261 1926 3482 1995 peperit
3511 1926 3700 1978 incre-

2004 2015 2198 2063 menta
2215 2011 2408 2064 robori
2441 2027 2614 2080 quam
2646 2013 2877 2081 pavori:
2914 2013 3062 2066 inter
3085 2015 3361 2067 secundas
3386 2030 3474 2067 res
3507 2013 3703 2068 didicit

1999 2099 2323 2153 imbellium
2347 2098 2592 2162 animus,
2627 2099 2764 2170 quid
2789 2100 3034 2154 timeret.
3061 2101 3197 2153 Vide
3228 2101 3699 2155 adinventionum

2000 2187 2354 2242 diversitates
2387 2190 2557 2258 pleno
2608 2189 2746 2243 calle
2779 2189 3054 2243 distantes
3091 2206 3103 2242 :
3153 2190 3265 2242 illis
3296 2207 3430 2243 vera
3480 2190 3700 2243 cruoris

1998 2277 2199 2330 etl'usio
2231 2278 2450 2330 animos
2497 2294 2530 2330 a
2564 2278 2930 2331 dimicatione
2975 2279 3306 2332 submovit:
3361 2277 3453 2332 hic
3504 2280 3698 2333 adole-

1999 2367 2278 2420 scentium
2309 2366 2470 2435 vigor
2499 2366 2567 2420 de
2594 2367 2849 2436 imagine
2873 2368 3128 2420 mentitae
3151 2367 3592 2422 concertationis
3613 2367 3699 2420 in-

1996 2454 2231 2508 canduit
2255 2470 2266 2507 :
2295 2471 2439 2524 quos
2468 2471 2694 2524 przecox
2717 2461 2853 2509 tetas
2884 2462 2968 2510 tot
2999 2461 3212 2509 mortes
3236 2457 3696 2511 adversariorum

1994 2542 2275 2611 repositas
2326 2543 2521 2597 docuit
2568 2544 2798 2610 habere,
2863 2549 3004 2614 quot
3055 2545 3311 2614 spicula:
3359 2548 3375 2582 ί
3432 2562 3548 2599 non
3593 2561 3697 2614 per

1995 2631 2248 2685 exoticos
2304 2632 2592 2686 discursus
2660 2633 2871 2686 assueti
2926 2635 3327 2703 pliaretrarum
3397 2635 3697 2704 dispendia

1994 2721 2359 2790 negligenter
2406 2721 2739 2787 etfundere;
2793 2738 2896 2775 nec
2937 2722 2993 2775 in
3025 2739 3194 2776 auras
3228 2724 3400 2776 exitia
3447 2723 3695 2776 manife-

1992 2816 2079 2863 sta
2122 2814 2414 2880 torquere,
2459 2815 2542 2864 tot
2580 2811 2830 2863 exacturi
2861 2812 3105 2877 animas,
3155 2819 3297 2882 quot
3343 2812 3456 2866 tela
3506 2812 3691 2864 vibra-

1991 2898 2196 2950 verint.

2063 2978 2189 3040 Sed.
2226 2985 2374 3038 inter
2421 2985 2713 3055 praeliares
2763 2987 2906 3039 forte
2957 3003 3267 3052 successus,
3316 2987 3524 3057 quibus
3569 3003 3690 3042 om-

1993 3089 2091 3127 nes
2138 3073 2389 3137 instruis,
2444 3078 2499 3127 et
2541 3074 2808 3127 concilias
2853 3074 3048 3127 omina
3102 3075 3346 3128 fecunda
3405 3073 3688 3139 vincendi,

1992 3163 2277 3217 civilitatis
2327 3163 2615 3217 dulcedini
2646 3164 2726 3216 nil
2767 3179 3040 3218 reservas.
3079 3164 3214 3228 Quis
3243 3164 3438 3217 credat
3484 3165 3689 3217 heroas

1991 3257 2121 3306 tuos
2151 3253 2518 3322 peregrinam
2550 3268 2666 3306 non
2698 3269 2990 3322 respuere,
3035 3253 3173 3306 dum
3205 3253 3318 3306 sint
3356 3254 3687 3322 tranquilla,

1991 3341 2359 3395 formidinem
2378 3340 2404 3394 ‘?
2453 3342 2596 3395 Nam
2646 3342 2926 3396 indomita
2959 3342 3108 3395 inter
3145 3342 3294 3395 acies
3329 3341 3563 3412 ingenia
3603 3344 3688 3396 lex

1991 3435 2246 3484 coercet:
2296 3430 2643 3483 submittunt
2675 3429 2973 3499 praeceptis
3003 3429 3148 3482 colla
3178 3435 3309 3500 post
3348 3430 3601 3496 laureas;
3633 3435 3688 3483 et

1991 3519 2218 3572 calcatis
2247 3518 2501 3572 hostium
2543 3518 2760 3583 cuneis,
2805 3518 3013 3588 quibus
3060 3534 3217 3572 arma
3248 3520 3539 3584 cesserint,
3589 3519 3686 3571 do-

1991 3612 2144 3660 creta
2176 3606 2569 3660 dominantur.
2606 3607 2767 3660 Solus
2798 3623 2857 3659 es
2887 3606 3109 3660 meritis
3138 3612 3193 3660 et
3221 3612 3427 3660 natura
3456 3623 3685 3677 compo-

1991 3696 2152 3762 situs,
2184 3697 2346 3765 cujus
2377 3695 2908 3764 magnanimijussa
2939 3699 3243 3749 sectentur.
3277 3696 3448 3764 Origo
3471 3700 3526 3748 te
3557 3697 3681 3765 qui-

1990 3785 2120 3839 dem
2156 3784 2313 3838 dedit
2343 3783 2664 3851 dominum,
2701 3785 2799 3837 sed
2830 3784 3008 3837 virtus
3039 3784 3300 3838 asseruit.
3324 3785 3556 3854 Sceptra
3585 3782 3688 3837 tibi

1990 3872 2310 3927 conciliavit
2357 3873 2628 3943 splendor
2657 3873 2920 3943 generis:
2956 3874 3118 3944 cujus
3167 3873 3214 3926 si
3243 3873 3506 3928 deessent
3548 3871 3683 3926 insi-

1991 3963 2146 4033 gnia,
2182 3962 2317 4032 eligi
2351 3967 2404 4016 te
2432 3963 2490 4015 in
2519 3963 2842 4032 principem
2877 3979 3040 4016 mens
3070 3963 3314 4017 fecisset.

2061 4052 2164 4107 Sed
2197 4067 2300 4105 nec
2337 4051 2536 4104 formae
2586 4057 2698 4105 tuae
2741 4052 2913 4106 decus
2960 4052 3113 4106 inter
3143 4056 3430 4122 postrema
3476 4065 3685 4105 nume-

1990 4142 2234 4194 randum
2262 4146 2368 4206 est,
2401 4141 2630 4210 quando
2661 4141 2805 4210 regii
2835 4141 3025 4195 vultus
3053 4157 3311 4212 purpura
3342 4146 3560 4194 ostrum
3593 4141 3684 4194 di-

1993 4231 2226 4300 gnitatis
2269 4229 2526 4284 irradiat.
2575 4229 2868 4290 Exliibete,
2919 4232 3102 4296 Seres,
3151 4230 3510 4294 indumenta,
3557 4246 3682 4298 pre-

167 4320 495 4375 admodum
527 4320 574 4373 si
597 4319 825 4373 aetherii
856 4319 975 4372 axis
1006 4319 1068 4372 in
1088 4335 1396 4373 numerum
1427 4319 1686 4388 redigere
1719 4334 1883 4371 orna-
1919 4293 1962 4346 Β
1996 4319 2142 4372 tioso
2187 4319 2399 4372 murice
2432 4336 2560 4390 qua:
2594 4318 2819 4384 fucatis,
2850 4323 2904 4371 et
2929 4335 3046 4372 non
3078 4334 3191 4370 uno
3221 4319 3404 4372 aheno
3435 4317 3686 4370 bibentia

165 4416 364 4462 menta
395 4409 735 4474 voluissem,
770 4413 827 4461 et
863 4409 1137 4462 Trionum
1185 4409 1412 4477 fulgure
1443 4407 1880 4477 comprehenso,

166 4500 286 4552 caeli
325 4499 609 4552 decorem
663 4496 968 4566 impotenti
997 4497 1195 4568 lingua
1225 4497 1628 4562 describerem,
1659 4496 1884 4549 cederet

168 4585 361 4640 divino
389 4585 697 4656 splendori
729 4585 987 4638 mortalis
1015 4584 1598 4655 obscuritas;jubaris
1627 4582 1882 4654 lampadi

164 4689 275 4727 non
309 4675 622 4729 sufficeret
649 4673 961 4728 humilium
983 4675 1231 4728 scintilla
1261 4691 1590 4728 sermonum
1613 4689 1626 4728 :
1648 4674 1769 4727 hzec
1790 4689 1882 4728 me

164 4765 421 4818 conditio
477 4764 735 4833 resignat
788 4764 1092 4834 imparem,
1140 4779 1269 4835 qum
1316 4768 1518 4818 testata
1577 4767 1662 4818 est
1713 4763 1880 4820 obse-

165 4859 471 4921 quentem.

234 4943 381 4996 .\'am
439 4941 588 4996 illud
621 4957 734 5012 quo
783 4957 880 4995 ore
925 4940 1329 4996 celebrandum
1371 4945 1473 5010 est,
1503 4941 1658 5013 quod
1704 4941 1880 4997 Getici

164 5031 568 5086 instrumenta
598 5030 845 5099 roboris,
875 5031 1011 5084 dum
1037 5031 1304 5100 provides
1335 5048 1406 5086 ne
1440 5031 1883 5102 interpellentur

164 5121 278 5174 otia
308 5126 545 5186 nostra,
579 5120 860 5190 custodis;
896 5121 1181 5190 etpubem
1202 5120 1548 5174 indomitam
1574 5121 1678 5174 sub
1701 5120 1880 5174 oculis

165 5211 276 5263 tuis
333 5212 503 5264 inter
532 5209 684 5263 bona
709 5210 1147 5279 tranquillitatis
1186 5209 1323 5263 facis
1349 5209 1497 5262 bella
1539 5208 1880 5278 proludere?

162 5299 367 5353 Adhuc
401 5303 646 5353 manent
681 5299 738 5352 in
783 5298 1071 5353 soliditate
1099 5297 1309 5353 virium
1351 5297 1602 5352 victricia
1629 5298 1881 5368 agmina,

166 5395 218 5442 et
267 5391 391 5444 alia
433 5390 558 5459 jam
589 5394 930 5444 creverunt:
975 5389 1260 5443 durantur
1302 5389 1499 5443 lacerti
1549 5388 1881 5457 missilibus,

1995 4408 2355 4463 nobilitatem
2388 4409 2646 4478 tegmina
2675 4412 3016 4478 prorogate:
3049 4406 3427 4460 discoloribus
3444 4406 3687 4474 gemmis

1993 4503 2210 4551 sertum
2242 4502 2495 4566 taxatur;
2527 4504 2581 4552 et
2628 4513 2798 4568 quem
2830 4496 3228 4550 vehementior
3252 4496 3449 4564 vipera
3491 4498 3687 4548 custo-

1993 4587 2098 4656 dit,
2148 4587 2294 4658 lapis
2341 4587 2624 4641 adveniat.
2673 4586 3036 4656 Quaecunque
3086 4589 3423 4638 ornamenta
3472 4585 3688 4638 mundo

1993 4676 2344 4747 obsequente
2387 4677 2718 4730 transmissa
2757 4675 2994 4743 fuerint,
3056 4675 3322 4728 decorata
3377 4674 3689 4728 venerandi

1993 4764 2163 4835 genio
2190 4765 2444 4834 corporis
2475 4767 2601 4835 plus
2641 4765 2934 4819 lucebunt.
2983 4764 3207 4818 Statuta
3237 4767 3340 4827 est,
3375 4780 3504 4835 quae
3540 4764 3686 4818 resi—

1992 4858 2129 4923 gnet
2159 4853 2479 4921 prolixitate
2507 4858 2844 4922 regnantem
2875 4869 2886 4905 :
2921 4851 3018 4906 nix
3049 4867 3329 4922 genarum
3358 4853 3530 4907 habet
3555 4870 3688 4908 con-

1991 4942 2246 4996 cordiam
2300 4958 2431 4996 cum
2490 4941 2752 4996 rubore:
2809 4945 3051 4996 vernant
3104 4941 3326 4996 lumina
3385 4943 3692 5000 serenitate

1993 5031 2310 5086 continua:
2362 5029 2550 5098 dignze
2601 5047 2808 5084 manus
2839 5049 2968 5102 quae
3019 5031 3187 5085 exitia
3234 5029 3542 5086 rebellibus
3589 5028 3690 5081 tri-

1991 5120 2191 5188 buant,
2245 5121 2534 5174 honorum
2567 5124 2701 5172 vota
2729 5120 3014 5188 subjectis.
3062 5120 3261 5174 Nullus
3292 5117 3689 5187 intempestive

1991 5209 2239 5280 positum
2261 5209 2435 5279 jactet
2461 5225 2473 5262 :
2502 5207 2639 5279 quia
2669 5209 2821 5280 quod
2841 5213 3020 5279 agunt
3048 5209 3106 5262 in
3143 5208 3270 5261 aliis
3296 5207 3547 5260 dominis
3571 5205 3688 5260 dia-

1995 5299 2240 5366 demata,
2277 5299 2385 5353 hoc
2417 5298 2478 5352 in
2509 5315 2642 5370 rege
2671 5314 2796 5353 meo
2823 5303 3053 5370 operata
3085 5302 3188 5365 est,
3217 5297 3332 5350 Deo
3357 5295 3688 5363 fabricante,

1995 5393 2220 5443 natura.
2269 5390 2398 5444 Illos
2430 5388 2645 5444 faciunt
2687 5393 2772 5443 tot
2807 5388 3132 5444 divitiarum
3177 5386 3509 5456 adjumenta
3550 5402 3692 5440 con-

239 5554 254 5588 ¹
290 5553 431 5607 Non
463 5566 568 5621 per
596 5550 862 5622 exotica]
887 5551 1037 5607 Libri
1069 5567 1289 5617 omnes,
1321 5566 1434 5606 non
1479 5553 1532 5604 te
1559 5549 1859 5616 rexotz'cua,
1897 5566 1964 5605 ex
1995 5566 2108 5620 quo
2139 5566 2497 5622 germanam,
2535 5558 2592 5607 ut
2622 5566 2771 5617 reor,
2805 5547 3109 5603 lectionem
3131 5545 3408 5602 eruimus.
