4060 6174
347 227 442 284 l83

1533 227 1840 285 ENNODII
1883 231 2200 286 EPISCOPI
2241 229 2632 287 TlClNENSlS

3738 237 3837 290 184

343 359 610 430 spicuos:
659 359 758 414 sed
787 360 941 414 hunc
983 359 1164 415 edidit
1195 360 1459 431 simplex,
1499 363 1555 414 et
1596 359 2032 416 indemutabilis
2069 365 2116 418 A
2145 362 2283 417 buta
2308 361 2606 434 perfectos.
2639 362 2749 417 Sed
2779 361 3000 418 utinam
3029 364 3186 418 aurei
3218 365 3371 419 bona
3401 365 3593 421 saeculi
3623 383 3839 440 purpu-

339 448 525 519 ﬁgura
575 451 891 504 meliorem.
927 450 1074 514 Quid
1118 451 1274 504 cultu
1315 449 1596 518 laborent,
1643 451 1743 521 qui
1794 451 2038 522 cupiunt

343 539 704 610 peregrinam
749 540 1007 594 obtinere
1047 539 1576 610 pulchritudinem"?
1628 539 1804 594 Italiae
1855 548 2038 595 rector

343 629 400 681 in
452 628 761 682 amicitiam
794 629 1014 699 colligit
1062 629 1174 682 duo
1203 628 1622 695 diversissima;
1673 635 1735 683 ut
1766 629 1839 683 sit
1868 630 1924 683 in
1954 631 2038 684 ira

343 717 463 770 sine
513 719 939 788 comparatione
989 717 1326 785 fulmineus,
1377 718 1439 771 in
1475 718 1672 772 laetitia
1716 718 1836 772 sine
1885 720 2038 775 nube

342 807 651 861 formosus.
705 807 926 861 Feriato
976 823 1074 860 ore
1119 808 1318 876 legatis
1366 809 1647 878 gentium,
1693 815 1791 862 aut
1838 825 2036 879 pacem

342 895 550 950 blanda
594 896 881 966 promittit
911 895 1152 966 efﬁgies,
1186 902 1286 951 aut
1323 897 1472 951 bella
1504 897 1795 952 terribilis.
1846 897 2038 952 Tantis

342 990 608 1039 constans
652 983 997 1054 insignibus,
1049 991 1262 1058 quanta
1305 987 1556 1040 facerent
1586 987 1803 1041 viritim
1843 986 2036 1041 distri-

2146 458 2333 506 ratum
2365 468 2430 521 ex
2463 457 2516 507 te
2557 468 2793 522 germen
2826 453 3162 523 amplificet!
3200 453 3419 508 utinam
3453 455 3632 510 haeres
3673 457 3839 528 regni

2146 542 2206 596 in
2236 542 2348 595 tuis
2381 542 2601 596 sinibus
2635 542 2816 597 ludat!
2857 548 2920 596 ut
2956 543 3076 596 hanc
3106 559 3235 614 qua:
3257 544 3360 598 tibi
3388 545 3682 599 offerimus
3716 564 3838 600 ver-

2145 631 2349 686 borum
2385 631 2678 698 libamina,
2709 647 2866 685 sacer
2894 633 3163 702 parvulus
3194 649 3227 686 a
3257 633 3421 687 nobis
3453 635 3643 705 exigat
3673 637 3843 689 simi-

2146 720 2288 774 lium
2317 721 2676 775 attestatione
2699 719 3063 792 gaudiorum.
3088 723 3222 775 Ecce
3254 723 3605 777 satisfaciens
3639 724 3837 778 debito

2147 815 2202 864 et
2237 810 2537 864 obsecutus
2581 811 2786 880 ofﬁcio,
2825 809 3143 865 orationem
3177 827 3365 866 meim
3398 813 3656 867 oratione
3703 830 3844 869 con-

2147 900 2306 953 clusi.

1386 1196 2086 1290 OPUSCULUM
2171 1194 2824 1282 SECUNDUM.

575 1357 926 1409 Libellus
964 1359 1350 1409 adversus
1391 1369 1523 1409 eos
1559 1359 1700 1419 qui
1727 1352 1746 1386 ί
1786 1363 2058 1408 contra
2095 1359 2483 1419 synodum
2524 1357 2876 1408 scribere
2917 1363 3613 1420 praesumpserant.

1000 1556 1384 1610 PRAiFATlO.

419 1642 570 1697 Solet
617 1641 846 1697 dicendi
898 1644 1162 1698 affectum
1209 1661 1397 1698 rerum
1449 1645 1620 1698 ardor
1668 1644 1890 1715 exigere
1933 1661 1946 1698 :
1994 1644 2041 1698 si

2151 1553 2545 1608 adversarium
2592 1553 2840 1608 debilem
2885 1554 3259 1624 expavescat?
3307 1555 3528 1609 Invidet
3577 1556 3682 1610 sibi
3727 1557 3850 1626 ipse

2150 1643 2467 1708 victoriam,
2503 1641 2601 1713 qui
2627 1642 2974 1696 conscientia
3005 1644 3368 1698 vulneratum
3403 1645 3640 1716 aggredi
3669 1650 3854 1700 cessat

345 1747 550 1785 avarus
581 1731 767 1785 laudis
798 1737 881 1786 est
910 1734 1136 1787 animus
1167 1737 1222 1787 et
1248 1734 1501 1788 favorem
1524 1733 1808 1788 desiderat
1835 1733 2042 1787 sudore
2081 1717 2122 1770 Β
2151 1732 2472 1786 inimicum.
2500 1732 2582 1786 Ad
2621 1733 2843 1785 lucrum
2875 1731 3052 1785 hostis
3077 1731 3164 1786 sui
3193 1733 3466 1801 procedit,
3503 1735 3596 1805 qui
3631 1735 3692 1788 in
3721 1751 3853 1788 con-

349 1820 618 1886 mercari;
663 1827 719 1875 et
752 1838 855 1892 per
886 1822 1279 1878 blandimenta
1309 1823 1506 1894 gloria:
1549 1839 1775 1877 crucem
1803 1839 2042 1876 narran-

348 1908 422 1962 tis
473 1909 734 1979 iguorat':
789 1915 888 1965 aut
952 1912 1092 1965 lucri
1138 1912 1531 1982 compedibus,
1584 1912 1797 1982 lingua:
1855 1911 2046 1966 vendit

349 1998 710 2070 obsequium,
743 2005 808 2053 ut
833 2001 969 2055 dum
999 2001 1226 2055 animus
1256 2001 1507 2056 habendi
1537 2001 1805 2072 cupidine
1840 2001 2046 2070 subju-

348 2093 513 2159 gatus
541 2096 960 2160 praesumptum
985 2091 1226 2144 aestimat
1248 2091 1368 2159 jam
1400 2095 1596 2146 tenere
1618 2089 2042 2160 compendium,

350 2176 429 2230 sic
476 2177 808 2248 ingruentia
837 2195 940 2249 per
969 2179 1100 2250 styli
1129 2179 1460 2232 exercitium
1492 2178 1670 2232 nescit
1700 2178 1902 2232 timere
1933 2177 2046 2231 dis-

349 2268 626 2322 crimina:
697 2274 798 2323 aut
859 2271 1192 2324 necessitate
1259 2271 1579 2335 conclusus,
1648 2269 1867 2339 profert
1931 2269 2049 2323 clo-

351 2359 550 2429 quium
593 2359 714 2412 sine
764 2375 1106 2429 quacunque
1155 2359 1292 2412 lima
1335 2359 1641 2429 captivum,
1697 2363 1751 2411 et
1798 2357 2049 2411 nesciam

352 2448 588 2518 pudoris
621 2448 866 2501 frontem
899 2453 1182 2501 monstrat
1208 2448 1266 2500 in
1303 2448 1574 2514 medium,
1606 2453 1668 2500 ut
1697 2448 1833 2500 dum
1867 2448 2051 2500 inten-

355 2536 500 2589 tioni
536 2537 869 2602 famulatur,
921 2537 1272 2607 diligentiam
1323 2537 1544 2590 decoris
1593 2536 1863 2606 abjuret:
1918 2536 2050 2606 quia

357 2624 580 2677 dicendi
632 2631 972 2678 ornamenta
1021 2642 1134 2678 non
1181 2631 1314 2679 sunt
1367 2624 1603 2692 negotii,
1650 2625 1744 2678 sed
1799 2625 2047 2694 quietis;

364 2730 464 2764 nec
516 2713 733 2766 militia:
778 2719 909 2767 sunt
940 2713 1089 2784 picta
1117 2713 1312 2782 verba,
1346 2715 1441 2767 sed
1475 2713 1578 2767 otii
1615 2730 1626 2768 :
1667 2729 1900 2783 campus
1930 2714 2050 2767 for-

358 2807 470 2855 tem
520 2803 785 2872 postulat,
837 2819 945 2873 pax
995 2803 1278 2872 profunda
1325 2803 1689 2857 redimitum:
1731 2803 1829 2872 qui
1862 2803 2054 2872 profu-

359 2897 487 2943 tura
530 2891 750 2957 asserit,
786 2892 1073 2962 loquelam
1107 2907 1236 2961 quae
1266 2891 1576 2961 penniculo
1617 2891 1752 2943 artis
1782 2898 1865 2943 est
1899 2891 2052 2943 colo-

358 2985 500 3045 rata,
535 2980 864 3034 contemnit.
904 2979 996 3034 His
1027 2997 1162 3051 ergo
1204 2981 1283 3034 ita
1313 2997 1371 3033 se
1404 2981 1767 3048 habentibus,
1825 2997 2053 3034 causam

358 3068 705 3122 narrationis
764 3069 1016 3137 insinuo,
1074 3075 1130 3123 et
1185 3074 1435 3123 coactam
1506 3086 1699 3122 vocem
1751 3085 2057 3139 pravorum

360 3157 566 3210 latratu
601 3157 888 3227 religiosis
910 3158 1198 3211 mentibus
1221 3157 1562 3211 commendo
1587 3174 1599 3211 :
1636 3159 1909 3228 scriptum
1939 3175 2058 3212 esse

360 3246 753 3313 reminiscens,
779 3249 1023 3316 Tempus
1045 3247 1290 3314 tacendi,
1320 3251 1542 3317 tempus
1563 3246 1829 3317 loquendi
1849 3246 2054 3316 (Eccti.

363 3349 442 3399 Ill,
489 3334 541 3404 8)
569 3351 580 3388 :
615 3336 701 3388 vel
734 3340 861 3405 post
898 3336 1072 3388 ﬁdem
1105 3336 1427 3406 prophetici
1455 3336 1670 3389 oraculi
1710 3338 1730 3369 ²
1761 3337 2058 3405 cujusdam

364 3423 605 3478 oratoris
651 3425 999 3494 exemplum,
1059 3425 1160 3493 qui
1217 3426 1408 3490 refert,
1460 3425 1569 3477 nisi
1619 3441 1745 3477 cun:
1806 3441 2060 3479 necessa-

363 3511 527 3576 riam,
566 3512 790 3566 dicendi
831 3513 1005 3566 nimis
1038 3513 1292 3583 ineptam
1326 3529 1445 3566 esse
1494 3513 1897 3568 conditionem.
1935 3515 2059 3568 Oris

362 3616 499 3670 ergo
534 3601 913 3655 ministerium
949 3618 1050 3673 pro
1084 3602 1302 3672 ingenii
1339 3603 1650 3655 valitudine
1672 3603 2059 3656 sacerdotibus

363 3689 527 3756 dedo,
558 3690 828 3744 adversus
870 3707 1014 3761 quos
1046 3690 1398 3744 sibilantium
1441 3691 1619 3744 etfusa
1664 3697 1796 3744 sunt
1843 3708 2060 3744 venena

368 3778 726 3847 linguarum:
782 3779 913 3834 licet
944 3785 1104 3834 scuto
1148 3781 1372 3834 munita
1404 3781 1539 3834 ﬁdei
1569 3781 1919 3852 spiculorum
1958 3781 2061 3834 im-

364 3867 528 3922 brem
561 3867 836 3938 patientia
872 3869 1141 3938 religiosa
1173 3887 1287 3922 non
1321 3872 1538 3934 timeat,
1581 3877 1636 3924 et
1667 3870 1735 3923 ad
1769 3876 2058 3924 auctorem

367 3958 605 4011 redeant
645 3959 758 4012 tela
792 3976 919 4030 qua:
951 3960 1072 4012 sine
1104 3959 1352 4014 bellandi
1387 3967 1506 4012 arte
1535 3959 1880 4030 diriguntur.
1918 3959 2060 4024 Qui-

369 4046 475 4100 bus
504 4047 656 4100 enim
691 4063 793 4118 pro
822 4048 999 4102 lorica
1028 4048 1280 4102 Christus
1328 4054 1434 4115 est,
1465 4049 1578 4101 vim
1616 4065 1727 4101 non
1775 4053 2056 4115 metuunt,

369 4140 424 4190 et
465 4137 726 4192 inimicos
784 4139 954 4209 longa
1001 4139 1418 4209 exspectatione
1473 4144 1863 4208 prosternunt.
1906 4140 2062 4203 Quis-

369 4243 618 4297 quamne
650 4229 937 4282 tamenin
975 4229 1080 4282 hac
1129 4229 1247 4282 acie
1286 4229 1550 4298 praelium
1583 4233 1743 4300 putet
1790 4244 1908 4281 esse
1957 4228 2065 4281 for-

368 4315 595 4384 midini,
642 4316 700 4371 in
747 4334 859 4387 qua
903 4319 1016 4372 Deo
1059 4323 1113 4371 et
1144 4318 1512 4388 pontiﬁcibus
1539 4318 1782 4370 infertur
1814 4317 1936 4370 sine
1987 4317 2065 4369 vi-

369 4404 520 4458 rium
565 4407 946 4461 aestimatione
976 4408 1308 4461 certamen?
1343 4406 1726 4477 quisquamne
1757 4405 1972 4459 fluxum
2009 4410 2059 4459 et

367 4493 737 4548 lacessentem
806 4497 1032 4551 hostem
1099 4497 1306 4562 videat,
1375 4499 1432 4549 et
1488 4494 1823 4565 praeliorum
1885 4494 2067 4548 causis

440 4617 458 4652 ¹
484 4618 699 4674 Contra
715 4620 996 4691 synodum
1015 4621 1260 4674 scribere
1278 4635 1731 4690 prasumpserun
1741 4619 1781 4688 1]
1805 4619 2067 4691 Synodus

371 4706 547 4760 quam
583 4692 688 4744 hoc
719 4693 910 4745 libello
943 4694 1199 4745 defendit
1231 4691 1517 4745 Ennodius
1553 4708 1616 4744 ea
1649 4697 1733 4744 est
1752 4707 1885 4761 quae.
1923 4693 2068 4744 inter

372 4762 659 4833 Romanas
708 4763 1032 4833 Symmachi
1081 4779 1243 4832 papas
1297 4768 1499 4831 quarta
1534 4763 1825 4816 numerari
1876 4763 2064 4826 debet,

372 4848 406 4884 χ
449 4831 554 4884 cal.
591 4831 924 4888 Novembris
971 4831 1370 4904 Rutio’Magno
1412 4835 1614 4888 Fausto
1655 4834 1872 4886 Avieno
1920 4849 1968 4884 v.
2014 4849 2062 4886 c.

372 4904 602 4956 consule
634 4911 879 4974 peracta,
931 4922 1056 4974 qua:
1101 4911 1155 4959 et
1185 4907 1457 4975 palmaris
1507 4906 1912 4975 cognominata
1948 4911 2064 4975 est.

375 4975 436 5027 In
460 4991 571 5046 qua
593 4973 721 5029 eum
746 4973 1041 5030 absolutus
1065 4973 1266 5030 fuisset
1289 4973 1660 5046 Symmachus
1681 4991 1713 5026 a
1734 4973 2067 5027 criminibus

375 4991 436 5027 in
460 4991 571 5099 Ἕω
593 4991 721 5029 eum
746 4991 1041 5030 absolutus
1065 4991 1266 5030 luisset
1289 4991 1660 5046 bymmacnus
1681 4991 1713 5026 a
1734 4991 2067 5027 criminibus

375 5046 471 5118 qui
520 5063 582 5098 us
613 5047 996 5118 impetebatur
1024 5049 1094 5100 ab
1126 5045 1721 5118 adversariis,_reperti
1754 5050 1886 5118 sunt
1921 5047 2068 5118 inter

315 5185 320 5190 _
374 5115 788 5190 sehismaticbs,
839 5120 938 5190 qui
968 5125 1165 5172 contra
1199 5119 1350 5171 illam
1379 5116 1622 5169 scribere
1662 5115 1958 5180 auderent,
1995 5117 2066 5169 ti-

372 5189 674 5259 tulumque
715 5189 877 5260 operi
907 5206 1007 5244 suo
1038 5190 1258 5252 indere,
1291 5199 1573 5260 navalisve
1613 5202 1865 5242 srnonuu
1912 5201 2069 5260 ωδοτ

374 5258 624 5315 LL‘TlONlS
681 5258 1020 5316 indomitus.
1083 5260 1298 5324 Quibus
1352 5259 1667 5324 Ennodius,
1741 5274 1808 5312 ex
1868 5258 2068 5328 synodi

373 5333 661 5409 mandato
695 5339 864 5409 atque
899 5333 1256 5397 auctoritate,
1289 5331 1392 5383 hoc
1420 5329 1804 5409 Apollogetico
1834 5345 2066 5409 respon-

375 5402 478 5469 dit,
519 5408 575 5456 et
621 5401 848 5474 singula
889 5419 1090 5458 eorum
1134 5405 1473 5470 argumenta
1508 5401 1792 5474 refellens,
1847 5401 2069 5455 univer-

374 5490 493 5528 sam
525 5471 849 5546 Symmachi
881 5474 1195 5546 synodique
1224 5487 1455 5546 causam
1487 5471 1796 5546 diligenter
1833 5488 2064 5546 accura-

375 5549 545 5616 teque
565 5543 785 5600 tutatus
805 5543 1054 5610 esthuo
1078 5544 1312 5598 nomine
1333 5543 1476 5616 adeo
1495 5543 1778 5616 episcopis
1799 5543 2066 5598 omnibus

373 5613 649 5686 probatus
677 5622 762 5672 est
804 5617 969 5680 ﬁber,
1001 5621 1064 5670 ut
1103 5630 1236 5670 eum
1263 5613 1740 5685 synodus’altera
1771 5630 1897 5685 quae
1935 5619 2067 5684 post

2151 1821 2400 1875 tlictibus
2423 1837 2535 1874 non
2559 1821 2716 1892 prius
2749 1837 2966 1887 causas,
3001 1837 3176 1892 quam
3208 1822 3364 1876 aliud
3395 1824 3670 1894 expendit
3707 1839 3717 1877 :
3754 1825 3854 1878 dat

2152 1911 2301 1964 vires
2341 1911 2548 1981 jaculis
2606 1910 2957 1976 innocentia,
3018 1915 3076 1964 et
3131 1927 3468 1966 mucronem
3520 1917 3731 1966 acuunt
3784 1929 3851 1966 ex

2154 2016 2319 2070 aequo
2361 1999 2646 2053 venientia
2679 2005 2806 2053 vota
2839 1999 3129 2054 bellandi:
3177 2001 3530 2070 pcrcutiendi
3569 2002 3855 2072 impetum

2156 2089 2284 2159 plus
2321 2089 2542 2158 justum
2586 2089 2845 2142 dolorem
2882 2088 3090 2141 scimus
3121 2089 3342 2143 dedisse
3386 2106 3558 2160 quam
3597 2091 3854 2145 brachia.

2156 2179 2292 2232 Inde
2326 2194 2644 2248 paucorum
2675 2178 2802 2232 telis
2825 2178 3134 2232 multitudo
3167 2195 3281 2232 non
3315 2179 3586 2234 substitit.
3621 2181 3858 2236 Dicente

2157 2283 2294 2336 ergo
2324 2284 2546 2320 mecum
2582 2268 2864 2337 propheta
2891 2284 2901 2320 :
2938 2267 3143 2321 Plures
3172 2267 3462 2322 uobiscum
3494 2277 3647 2338 sunt,
3681 2287 3859 2341 quam

2156 2372 2286 2410 cum
2333 2354 2457 2409 illis
2489 2356 2614 2426 (IV
2642 2357 2781 2426 Reg.
2819 2372 2892 2424 γι,
2923 2356 3046 2424 16);
3074 2356 3419 2426 placiturum
3451 2357 3637 2427 bonis,
3670 2375 3857 2430 quan-

2159 2450 2281 2498 tum
2313 2445 2556 2510 aestimo,
2591 2461 2734 2514 opus
2767 2444 3059 2515 incipiam.

2234 2577 2531 2631 Sufﬁceret
2554 2577 2787 2648 quidem
2802 2577 3217 2632 sehismaticam
3239 2579 3582 2650 imperitiam
3598 2582 3864 2652 proposi-

2163 2668 2316 2722 tione
2353 2667 2655 2720 cecidisse:
2695 2668 2940 2720 maxime
2973 2682 3102 2720 cum
3135 2683 3327 2720 secum
3363 2670 3610 2723 habeant
3637 2671 3863 2740 objecta

2161 2772 2522 2827 responsum,
2557 2759 2611 2808 et
2644 2763 2933 2809 mereatur
2963 2756 3160 2809 titulus
3196 2757 3319 2811 sine
3343 2759 3604 2812 lectionis
3635 2760 3860 2813 discus-

2163 2844 2325 2898 sione
2369 2861 2495 2897 cum
2543 2849 2770 2897 auctore
2803 2845 3102 2899 damnari:
3151 2862 3280 2899 cum
3335 2846 3393 2900 in
3442 2849 3865 2917 prmuotatione

2163 2935 2286 3003 ipsa
2316 2934 2699 3003 signiﬁcantia
2739 2935 2927 3004 operis
2956 2935 3273 2988 innotescat
3322 2935 3630 3004 immundi,
3663 2939 3865 2994 dicen-

2095 3021 2135 3074 C
2164 3023 2310 3076 tium
2355 3038 2634 3077 ADVERSUS
2667 3038 2916 3078 srxoow
2947 3041 3333 3080 ABSOLthlONlS
3376 3042 3713 3081 Ixcoxt‘inua.
3748 3021 3870 3099 Ego

2169 3117 2360 3164 tamen
2402 3128 2556 3164 nunc
2587 3111 2633 3164 si
2675 3128 2861 3181 agam,
2897 3111 3059 3183 quasi
3093 3129 3235 3183 opus
3266 3112 3337 3166 sit
3387 3114 3572 3166 alieno
3606 3131 3725 3168 esse
3758 3132 3870 3185 pe-

2169 3202 2282 3254 rire
2329 3201 2477 3254 mala
2526 3207 2968 3272 proponentem.
3021 3203 3173 3256 Istud
3223 3203 3604 3273 prarloquium
3656 3211 3870 3275 potest,

2170 3289 2584 3343 dementissimi
2631 3290 2952 3358 hominum,
2989 3295 3210 3344 tantum
3252 3291 3568 3345 inscientia:
3614 3295 3874 3348 ascribi?

2171 3381 2336 3433 Estne
2392 3374 2601 3450 aliquis
2647 3386 2854 3449 prmter
2900 3396 3016 3443 vos,
3061 3380 3139 3432 sic
3194 3379 3343 3433 inter
3396 3397 3526 3434 oves
3581 3382 3874 3437 ulcerosus

2171 3469 2532 3539 deputandus
2563 3473 2618 3521 et
2640 3468 2926 3535 erraticas,
2955 3484 3047 3538 qui
3076 3484 3346 3537 magnum
3373 3486 3564 3540 regem
3585 3473 3876 3540 potuisset

2168 3555 2443 3610 lacessere
2473 3558 2802 3625 pastorum?
2830 3556 3051 3608 dicente
3084 3556 3397 3625 propheta:
3437 3558 3614 3611 Filios
3643 3560 3876 3614 nul-rivi

2167 3648 2222 3698 et
2254 3643 2526 3710 exaltari,
2567 3643 2681 3716 ipsi
2709 3648 2903 3697 autem
2930 3648 3265 3715 spreverunt
3296 3662 3384 3698 me
3416 3647 3580 3714 (Isai.
3619 3665 3656 3712 ι,
3686 3650 3775 3718 '2):
3817 3656 3878 3704 et

2171 3734 2407 3788 Domino
2465 3734 2533 3787 de
2583 3733 2876 3803 apostolis,
2931 3731 3039 3798 Qui
3082 3750 3178 3787 vos
3206 3733 3446 3804 spernit,
3503 3753 3588 3788 me
3634 3737 3878 3806 spernit

2171 3822 2324 3891 (Luc.
2364 3839 2414 3889 x,
2472 3821 2587 3892 t6):
2625 3839 2766 3892 quos
2817 3821 3113 3891 episcopos
3163 3823 3334 3875 fuisse
3365 3825 3643 3894 prOpheta
3691 3831 3876 3879 testa-

2169 3916 2278 3976 tur,
2317 3912 2384 3964 de
2423 3912 2566 3965 Juda
2596 3911 2872 3965 dicendo:
2920 3913 2988 3966 El
3026 3910 3419 3982 episcopatum
3449 3914 3572 3980 ejus
3617 3915 3882 3986 accipiat

2167 4000 2525 4069 alter(l’sal.
2576 4015 2720 4065 cvm,
2755 4001 2827 4069 8).
2879 4001 3152 4069 Apostolo
3203 4017 3365 4070 natiue
3423 4003 3592 4054 Paulo
3643 4005 3881 4072 procla-

2171 4096 2382 4155 mante,
2407 4088 2635 4143 Obedite
2651 4087 2975 4160 praepositis
2995 4087 3218 4154 restris,
3243 4089 3512 4160 quoniam
3540 4092 3656 4163 ipsi
3676 4108 3883 4147 exora-

2171 4179 2307 4233 bunt
2331 4195 2437 4250 pro
2465 4179 2618 4233 vobis
2649 4179 2840 4248 (Hebr.
2875 4196 2994 4246 xm,
3029 4181 3128 4248 l7).

2110 4319 2150 4372 D
2249 4313 2354 4367 Sed
2386 4314 2685 4367 redeamus
2730 4313 2795 4367 ad
2833 4329 3062 4384 gravem
3116 4319 3170 4368 et
3200 4315 3581 4369 venerabilem
3617 4333 3729 4370 non
3783 4335 3886 4372 so-

2173 4401 2294 4454 lum
2325 4405 2346 4436 ³
2377 4418 2444 4454 ex
2467 4403 2552 4455 ala
2576 4402 2933 4472 productam,
2953 4403 3050 4456 sed
3082 4403 3374 4472 mysticam
3398 4404 3882 4474 propositionem.

2182 4512 2203 4540 ι
2241 4492 2362 4544 Non
2405 4507 2624 4556 omnes,
2671 4490 2960 4561 inquiunt,
3007 4491 3331 4546 sacerdotes
3360 4491 3512 4562 regis
3559 4493 3624 4546 ad
3675 4495 3882 4547 conci-

2175 4616 2533 4672 consulatum
2583 4616 2778 4670 Avieni
2808 4615 3000 4668 habita
3030 4620 3134 4681 est,
3186 4616 3455 4685 suffragio
3501 4633 3602 4669 suo
3652 4617 3889 4670 contir-

2175 4688 2369 4753 marit,
2407 4692 2574 4757 atque
2607 4689 2758 4740 inter
2779 4693 3040 4757 quartam
3073 4693 3129 4740 et
3161 4689 3420 4757 quintam
3452 4689 3697 4758 synodos
3715 4689 3891 4758 Sym—

2176 4761 2504 4814 machianas
2537 4758 2821 4824 collocari,
2871 4758 3199 4829 decretique
3231 4760 3344 4811 vim
3383 4759 3642 4812 obtinere
3685 4761 3885 4828 jusse-

2175 4833 2267 4885 rit.
2322 4831 2495 4884 Ilodie
2550 4836 2742 4882 tamen
2791 4845 3093 4898 perperam
3143 4837 3267 4899 post
3322 4831 3604 4898 synodum
3653 4830 3888 4884 Avieno

2170 4903 2402 4972 juniore
2447 4906 2695 4952 coactam
2725 4901 3214 4972 poniturlibellus
3249 4901 3505 4960 Ennodii,
3536 4917 3665 4954 cum
3705 4903 3890 4956 alteri

2176 4970 2304 5043 qua:
2339 4973 2541 5024 Fausto
2576 4973 2810 5038 Avieno,
2843 4978 2906 5024 ut
2935 4970 3068 5036 dixi,
3101 4973 3331 5025 consule
3376 4972 3567 5025 habita
3597 4976 3699 5037 est,
3735 4974 3886 5026 sub-

2171 5045 2269 5113 jici
2301 5043 2520 5098 debeat.
2561 5043 2687 5095 Haec
2717 5045 2892 5107 enim,
2930 5059 3046 5094 non
3079 5043 3193 5109 illa,
3227 5043 3477 5113 synodus
3508 5043 3617 5097 fuit
3646 5043 3891 5096 absolu-

2177 5116 2368 5181 tionis,
2402 5122 2456 5166 et
2485 5121 2710 5184 quarta,
2753 5119 2810 5168 et
2849 5114 3138 5184 palmaris,
3192 5131 3225 5166 a
3270 5113 3595 5183 Symmachi
3645 5115 3889 5170 mmulis

2177 5191 2524 5258 oppugnata,
2557 5185 2625 5238 ab
2657 5185 3191 5258 Ennodiddefensa.

2247 5253 2613 5325 iC'ujusdam
2665 5253 2931 5326 oratoris]
2963 5253 3251 5326 Ciceronis
3297 5253 3526 5326 dialogo
3563 5259 3580 5308 t
3621 5255 3689 5308 de
3729 5255 3893 5310 Ora-

2175 5333 2320 5394 tore,
2356 5324 2450 5380 ubi
2479 5328 2741 5380 Crassum
2775 5327 2850 5378 sic
2874 5324 3207 5396 loquentem
3240 5324 3507 5380 inducit:
3541 5327 3700 5379 Nam
3729 5327 3890 5396 quid

2175 5406 2258 5454 est
2289 5399 2544 5470 ineptius
2562 5414 2736 5470 quam
2755 5396 2824 5449 de
2850 5394 3084 5470 dicendo
3105 5395 3312 5470 dicere,
3339 5413 3467 5450 cum
3493 5397 3552 5450 id
3573 5394 3767 5469 ipsum
3787 5397 3893 5450 (li-

2173 5487 2302 5524 cere
2331 5467 2624 5540 nunquain
2649 5467 2725 5522 sit
2752 5483 2865 5520 non
2892 5468 3170 5537 ineptum,
3198 5467 3316 5524 nisi
3332 5483 3462 5523 cum
3491 5477 3574 5522 est
3595 5467 3890 5524 necessa—

2174 5541 2363 5595 rium?

2245 5616 2266 5647 ³
2294 5612 2387 5666 Ea:
2422 5611 2525 5667 ala
2555 5607 2923 5684 productam]
2953 5608 3042 5665 Sic
3089 5609 3221 5666 libri
3255 5627 3474 5679 omnes,
3509 5627 3628 5684 quo
3673 5627 3889 5681 sensu,
