4060 6174
217 246 298 298 183
1205 236 1542 293 LIBELLUS
1582 235 2107 294 APOLOGETICUS
2149 235 2284 290 PRO
2326 234 2623 292 SYNODO.

3575 239 3674 294 l86

211 377 330 431 lium
358 371 583 428 adscivit
611 370 960 426 auctoritas:
993 371 1009 405 ³
1041 385 1148 425 nec
1177 385 1375 425 omnes
1411 377 1471 424 in
1511 369 1864 441 judicatione
1901 372 1948 426 Α
1977 369 2296 424 verentiam
2351 368 2734 437 contulerunt,
2791 368 2890 440 qui
2962 367 3314 439 putabantur
3387 368 3675 424 bonorum

209 467 502 520 senserunt.
551 483 579 510 ››
642 459 920 530 Mancipia
944 458 1203 530 .Iartari,
1270 463 1325 512 et
1382 459 1598 530 liquido
1651 459 1872 513 Satanas

213 551 448 617 ministri,
489 565 862 620 quoscunque
913 565 1028 602 non
1058 548 1309 603 evocavit
1352 549 1628 619 scriptum
1662 548 1870 620 princi-

212 657 296 711 pis,
330 640 482 694 novis
516 639 774 705 nexibus,
808 643 862 692 et
895 644 1124 692 actuum
1150 644 1466 692 vestrorum
1500 638 1666 708 spiris
1703 655 1872 692 causa

211 729 471 800 pertraxit.
509 729 651 783 Nolo
681 729 865 782 dicere
896 728 955 782 in
978 744 1092 799 quo
1124 728 1340 782 fuerint
1368 734 1522 797 voto,
1550 729 1608 782 in
1632 745 1742 800 qua
1772 728 1868 782 de-

211 819 516 872 liberatione
565 818 953 871 discedentes:
989 817 1199 888 quibus
1242 817 1477 872 taédium
1517 817 1612 871 illa
1647 817 1873 888 peperit

209 907 542 980 exspectatio,
574 923 702 960 cum
735 906 994 960 viderent
1023 906 1406 961 venerabilem
1434 923 1641 978 papam
1671 907 1872 977 longas

208 998 254 1051 in
286 999 388 1050 vita
418 1001 619 1050 contra
650 997 733 1051 fas
765 1012 930 1050 suum
965 995 1222 1050 inducias
1251 997 1554 1067 accepisse.
1599 995 1873 1051 Videbant

208 1086 356 1139 aether
384 1091 611 1139 tantum
662 1085 893 1139 directis
930 1103 963 1140 a
1004 1101 1062 1139 se
1087 1085 1290 1154 jacnlis
1320 1085 1625 1140 verberari.
1662 1085 1756 1138 llis
1801 1101 1870 1138 ne

208 1174 372 1227 liceret
418 1173 747 1228 infelicibus
789 1174 850 1229 in
896 1175 1179 1228 malorum
1219 1179 1449 1230 actuum
1481 1173 1870 1229 consolatione

208 1270 392 1317 secreto
449 1263 804 1333 delitescere,
844 1264 1004 1318 libris
1053 1263 1254 1318 vestris
1291 1263 1586 1318 nudantur
1634 1263 1869 1318 abscon-

206 1353 310 1418 diti,
335 1357 386 1407 et
416 1369 524 1423 per
552 1369 650 1407 vos
671 1353 732 1407 in
761 1353 916 1424 turpi
941 1353 1086 1408 facto
1115 1353 1328 1408 habere
1360 1352 1728 1407 solitudinem
1756 1368 1870 1406 non

205 1444 473 1508 sinuntur;
507 1443 733 1497 dicente
756 1443 998 1497 Domino
1029 1445 1090 1497 in
1122 1442 1471 1514 Evangeliis:
1507 1439 1706 1498 Omnis
1750 1458 1871 1497 ma-

202 1532 274 1586 lus
302 1531 412 1585 odit
442 1531 631 1586 lucem
661 1531 854 1602 (Joan.
888 1549 968 1600 ιιι,
1002 1535 1112 1600 20).

265 1643 282 1668 ι
311 1623 435 1674 Post
473 1621 598 1676 haec
647 1622 910 1689 asseritis,
960 1625 982 1658 ³
1030 1621 1385 1676 adversarios
1416 1638 1579 1693 papae
1626 1621 1870 1676 Romani

201 1709 295 1763 dici
332 1725 446 1763 non
479 1709 766 1778 debuisse,
801 1712 897 1782 qui
930 1711 1270 1782 praedictum
1310 1711 1548 1781 prolatis
1577 1711 1872 1782 petitioni-

199 1799 287 1853 bus
316 1799 676 1854 accusabant.
711 1822 739 1850 n
793 1802 814 1834 3
848 1802 1045 1856 Dolose
1076 1801 1340 1855 videlicet
1371 1801 1479 1856 hoc
1508 1806 1764 1871 agentes,
1805 1818 1870 1856 eo

199 1887 328 1957 quod
363 1887 723 1942 adversarios
752 1895 1174 1960 suspectosque,
1201 1889 1475 1944 canonica
1502 1889 1872 1960 synodalibus

199 1977 452 2030 clamante
485 1978 548 2031 in
570 1979 811 2031 decretis
842 1979 1194 2045 auctoritate,
1230 1979 1288 2032 in
1319 1995 1482 2033 suam
1513 1980 1690 2050 recipi
1716 1996 1875 2034 accu-

198 2066 452 2119 sationem
509 2066 810 2136 episcopos
846 2067 1084 2122 minime
1129 2068 1470 2138 oportuisse,
1515 2084 1614 2122 vos
1644 2084 1758 2122 non
1800 2068 1876 2121 la-

197 2153 401 2207 luisset:
443 2176 467 2204 ι
522 2155 594 2208 ad
629 2155 963 2209 assertionis
1006 2156 1178 2210 fidem
1208 2157 1536 2227 jungentes,
1579 2157 1732 2228 quod
1777 2173 1874 2211 eos

197 2244 286 2296 isto
316 2243 554 2297 nomine
599 2249 887 2315 praecepta
917 2246 1076 2315 regia
1107 2262 1218 2298 non
1256 2250 1568 2300 vocassent.
1608 2268 1628 2293 υ
1679 2248 1721 2301 O
1771 2247 1875 2300 ho-

197 2333 355 2385 mines
378 2332 545 2386 omni
579 2333 716 2386 artis
753 2333 885 2387 lima
915 2334 1282 2404 compositos,
1311 2339 1366 2388 et
1396 2335 1632 2388 caminis
1657 2335 1875 2388 fabrili-

195 2420 282 2473 bus
309 2428 587 2487 excoctos,
621 2423 722 2492 qui
746 2423 814 2476 ad
838 2422 1266 2493 stipulationem
1290 2424 1571 2478 dictorum
1601 2424 1878 2478 desudata

195 2508 440 2562 invenere
489 2509 854 2563 testimonia!
911 2513 1204 2577 Amamns,
1238 2509 1538 2563 reverendi
1583 2510 1710 2577 viri,
1747 2526 1875 2563 sen-

195 2599 408 2651 tentiam
443 2603 720 2663 vestram,
751 2603 804 2651 et
829 2604 889 2652 ut
918 2599 1100 2666 aiunt,
1125 2600 1182 2652 in
1209 2599 1392 2670 ipsam
1424 2599 1664 2668 pedibus
1687 2599 1873 2653 imus:

194 2686 582 2755 cognoscimus
616 2691 824 2752 errata,
859 2703 984 2757 quae
1011 2688 1213 2743 dicitis.
1251 2689 1552 2742 Inimicum
1585 2693 1746 2742 vocet
1775 2688 1877 2742 ali-

197 2777 306 2843 quis
352 2782 748 2844 accusantem,
800 2779 856 2830 et
887 2777 1098 2845 tragico
1129 2779 1362 2831 nomine
1397 2779 1645 2848 appellet
1689 2782 1880 2832 contu-

194 2863 400 2917 meliam
431 2881 558 2918 non
591 2865 950 2919 merentem?
978 2867 1191 2920 Dehinc
1221 2867 1586 2937 subjunctam
1616 2868 1878 2937 quaestio-

1981 460 2321 514 meritorum
2351 459 2624 529 sulfragio
2654 458 2713 512 in
2745 459 2983 530 longum
3009 458 3182 513 fuisse
3214 458 3420 512 servati
3454 478 3470 512 :
3519 459 3674 528 ipsos

1981 563 2117 618 ergo
2165 549 2233 602 de
2266 549 2512 618 gravidae
2560 548 2740 602 aetatis
2787 549 3216 619 fatigationibus
3243 547 3408 619 queri
3461 548 3671 614 decuit,

1983 653 2125 708 quos
2178 643 2313 691 mtas
2357 638 2604 707 jusserat
2650 638 2917 707 allegare.
2972 660 2999 686 ‹‹
3046 638 3162 692 Viri
3212 637 3437 708 optimi,
3487 637 3677 691 subdi-

1983 727 2166 793 distis,
2199 744 2264 781 ex
2296 729 2600 798 praeceptis
2645 727 2818 797 regiis
2847 727 3195 781 evocationis
3234 742 3462 780 causam
3497 727 3672 781 fuisse

1976 816 2098 886 jam
2153 817 2460 886 cognitam,
2522 822 2576 870 et
2619 817 2796 870 Italiae
2827 832 3052 870 summa
3104 817 3501 870 moderantem
3557 833 3671 870 non

1980 905 2173 972 fuisse,
2219 906 2380 976 quasi
2437 907 2506 960 de
2555 922 2703 960 novo
2753 908 2984 976 negotio
3033 906 3496 959 consulendum:
3548 906 3676 976 plus

1981 997 2191 1050 charta:
2221 1001 2277 1050 et
2306 995 2604 1066 scriptioni
2642 994 2939 1063 religionis
2991 994 3268 1057 debitum,
3304 1009 3478 1064 quam
3524 1010 3671 1064 prai-

1981 1086 2176 1139 scnlia:
2204 1085 2529 1156 principali.
2587 1107 2605 1131 η
2643 1085 2846 1141 Nullus
2877 1100 3016 1153 ergo
3047 1085 3105 1137 in
3133 1083 3404 1154 praedicto
3438 1084 3671 1152 negotio

1978 1173 2178 1228 titulus
2208 1178 2578 1240 remanserat,
2609 1175 2678 1228 ad
2709 1175 2867 1243 cujus
2899 1172 3334 1244 inquisitionem
3362 1179 3668 1243 pergentes

1979 1263 2122 1317 illud
2150 1263 2279 1333 jure
2324 1264 2824 1334 praeloquerentur
2869 1261 3187 1316 exordium.
3235 1279 3262 1313 ι(
3307 1263 3382 1314 Ex
3422 1260 3554 1315 hinc
3591 1260 3677 1314 di-

1981 1353 2161 1424 gressi
2204 1353 2488 1407 bonarum
2520 1368 2714 1406 rerum
2763 1351 2820 1406 in
2851 1367 2984 1422 rege
3012 1351 3258 1404 laudatis
3301 1349 3588 1407 aliectum.
3620 1355 3677 1404 et

1981 1442 2165 1496 colitis
2193 1441 2384 1496 verbis
2417 1442 2826 1506 innocentiam,
2860 1455 3033 1511 quam
3069 1439 3287 1492 actibus
3319 1438 3612 1507 ignoratis.
3645 1461 3674 1488 »

1983 1531 2043 1586 Si
2091 1538 2281 1585 tamen
2313 1534 2493 1586 cultus
2521 1536 2605 1585 est
2633 1531 2692 1585 in
2721 1531 2952 1602 loquela
2980 1534 3165 1583 vestra
3196 1545 3208 1582 :
3259 1545 3433 1600 quam
3475 1529 3674 1582 scabro

1982 1637 2234 1683 vomere,
2264 1623 2420 1675 velut
2467 1625 2699 1692 agentes
2742 1636 2842 1691 per
2895 1617 3123 1674 devium
3169 1625 3378 1684 aratra,
3410 1617 3677 1687 proscin-

1983 1710 2137 1778 ditis,
2189 1711 2465 1764 marcenti
2511 1711 2633 1764 solo
2683 1710 2818 1763 lolia
2855 1707 3343 1774 commendantes,
3391 1706 3677 1777 recepturi

1981 1816 2084 1870 pro
2128 1800 2227 1853 tali
2258 1800 2550 1871 impendio
2583 1800 2797 1870 paleas,
2833 1798 3043 1870 quibus
3073 1798 3354 1868 gehennae
3383 1796 3444 1851 in
3473 1795 3674 1868 perni-

1982 1889 2127 1944 ciem
2161 1896 2406 1944 vestram
2439 1889 2585 1960 ignis
2617 1889 2922 1943 animetur.

2053 2067 2161 2121 Sed
2206 2082 2379 2134 nunc,
2446 2071 2506 2120 ut
2554 2065 2790 2136 quidam
2834 2065 3015 2119 fertur
3045 2062 3271 2130 dixisse,
3320 2079 3441 2135 qua:
3478 2061 3683 2134 quibus

1983 2156 2340 2222 anteferam?
2370 2178 2389 2206 ε
2420 2157 2631 2211 Contra
2658 2156 2994 2226 Apostolum
3029 2155 3216 2208 dicitis
3247 2153 3680 2224 impugnatores

1985 2246 2196 2299 summi
2229 2245 2512 2317 pontiﬁcis
2561 2261 2674 2299 non
2721 2245 2965 2312 auditos,
3001 2244 3100 2315 qui
3129 2243 3372 2298 caelestis
3420 2241 3680 2296 mandati

1988 2351 2270 2389 memores
2299 2339 2521 2406 partem
2556 2351 2718 2388 suam
2753 2337 2773 2370 σ
2806 2352 2836 2387 a
2865 2333 3149 2387 consortio
3180 2332 3426 2386 adulteri
3459 2332 3678 2386 subdu-

1983 2429 2206 2478 xerunt.
2255 2446 2281 2473 »
2332 2425 2430 2477 Hic
2486 2439 2600 2476 non
2644 2424 2859 2476 incesso
2910 2423 3339 2492 ignorantiam:
3401 2421 3673 2474 rimosam

1988 2513 2328 2567 memoriam
2380 2529 2492 2566 non
2525 2529 2746 2567 accuso.
2798 2514 2936 2566 Nolo
2967 2512 3153 2566 dicere
3186 2512 3334 2582 quod
3385 2511 3682 2582 prophetae

1986 2602 2160 2656 verba
2188 2603 2460 2671 Apostolo
2491 2600 2843 2668 contulistis;
2888 2601 2986 2672 qui
3017 2601 3149 2654 novi
3182 2607 3238 2654 et
3267 2601 3418 2671 ipsos
3451 2605 3683 2669 aposto-

1988 2693 2071 2746 los
2119 2699 2271 2746 recte
2302 2693 2557 2762 vocitari,
2593 2710 2733 2763 quos
2779 2693 2980 2746 missos
3009 2708 3130 2745 esse
3162 2708 3280 2744 non
3311 2689 3520 2743 nescio.
3573 2690 3682 2742 Da-

1989 2782 2079 2836 vid
2109 2783 2262 2836 enim
2303 2783 2470 2836 dicit:
2505 2785 2705 2836 Furem
2727 2782 2955 2836 videbas
2984 2785 3038 2835 et
3067 2780 3340 2836 currebas
3361 2795 3486 2834 cum
3509 2795 3598 2844 eo,
3629 2780 3685 2832 el

1986 2887 2116 2925 cum
2139 2871 2419 2935 adulteris
2437 2871 2756 2943 portionem
2773 2878 2928 2927 luam
2940 2870 3192 2941 ponebas
3206 2869 3380 2940 (Psal.
3405 2884 3551 2935 xux,
3575 2870 3679 2934 18).

194 2968 308 3006 nem
352 2954 650 3008 rhetorica
679 2954 857 3008 ﬁbula
888 2955 1297 3024 momordistis,
1325 2957 1625 3026 allegando
1659 2973 1672 3010 :
1711 2978 1732 3006 ι
1775 2957 1877 3011 Te-
1919 2983 1958 3038 ρ
1994 2982 2016 3009 ι
2072 2960 2285 3015 Deinde
2329 2960 2457 3032 quis
2487 2978 2545 3015 se
2576 2961 2644 3014 de
2676 2961 2771 3013 illa
2806 2965 2990 3014 vestra
3021 2959 3262 3012 enodem
3305 2957 3472 3010 faciat
3525 2973 3682 3026 quie-

193 3041 279 3095 stis
307 3048 385 3097 est
415 3045 687 3098 Romana
731 3043 946 3112 civitas,
995 3045 1043 3098 si
1073 3061 1270 3099 omnes
1315 3046 1569 3116 episcopi
1617 3063 1779 3100 senes
1821 3050 1878 3100 et

193 3131 386 3186 debiles
433 3139 857 3188 convenerunt.
914 3158 939 3183 υ
989 3136 1126 3188 Ecce
1173 3134 1491 3189 orationem
1531 3134 1638 3188 viri
1689 3136 1878 3189 nervis

193 3222 470 3290 nitentem,
518 3228 582 3275 et
611 3224 631 3256 α
663 3223 772 3293 ipsi
805 3224 1042 3293 Cepasio
1073 3225 1490 3293 praeferendam
1520 3225 1704 3279 nitore
1753 3241 1878 3278 ser-

190 3327 426 3366 monum.
475 3313 629 3382 Ergo
670 3312 804 3383 quia
835 3329 894 3366 se
919 3319 1082 3367 aetate
1114 3315 1364 3368 valentes
1392 3319 1446 3367 et
1490 3331 1732 3384 corpore
1768 3315 1878 3368 im-

190 3397 394 3454 becilles
442 3417 577 3456 esse
625 3402 912 3468 dixerunt,
967 3402 1073 3472 ipsi
1123 3420 1180 3456 se
1221 3403 1442 3474 ineptos
1488 3403 1708 3473 judicio
1757 3421 1878 3457 esse

189 3495 469 3558 testantur,
539 3491 819 3562 quoniam
879 3491 1273 3545 membrorum
1326 3509 1384 3546 se
1445 3493 1710 3547 dixerunt
1759 3493 1879 3565 jam

190 3581 448 3636 sustinere
483 3582 797 3652 dispendia
822 3598 834 3635 :
860 3582 1104 3636 maxime
1131 3582 1178 3635 si
1207 3583 1314 3636 hoc
1345 3583 1604 3653 ingerere
1631 3585 1878 3638 clemen-

189 3671 372 3724 tissimi
405 3672 643 3726 domini
687 3672 918 3726 anribus
949 3678 1456 3743 praesumpserunt.
1495 3674 1601 3726 Vos
1642 3674 1876 3743 putatis,

190 3760 245 3811 ab
292 3761 586 3816 universis
619 3761 718 3815 Dei
769 3762 1165 3831 conspectibus
1196 3761 1366 3832 pulsi,
1421 3761 1515 3815 illo
1562 3767 1878 3816 vestrorum

187 3863 326 3902 more
394 3866 787 3922 congressum
857 3851 1069 3922 ubique
1125 3851 1409 3905 narranda
1463 3852 1754 3919 confundi,
1827 3858 1881 3906 et

185 3940 318 4006 apud
363 3940 706 4010 principem
736 3941 804 3994 de
839 3941 1174 3995 collectione
1207 3942 1543 4011 pontificum
1579 3941 1719 3995 alios
1747 3958 1878 4012 pro-

183 4025 360 4083 tulisse
394 4046 760 4096 sermonem,
795 4031 902 4084 nisi
931 4047 1074 4101 quos
1107 4031 1291 4086 aetatis
1322 4031 1620 4085 maturitas
1651 4031 1880 4085 ordien-

185 4115 258 4170 dae
303 4119 560 4190 loquela:
595 4119 726 4174 fecit
767 4125 1057 4186 auctores;
1108 4120 1318 4191 quibus
1356 4121 1494 4174 anni
1543 4126 1760 4176 veteres
1805 4138 1883 4176 re-

183 4261 285 4298 non
314 4251 592 4316 apparet.
625 4246 732 4299 Sed
767 4247 962 4299 allusit
998 4245 1283 4300 Ennodius
1316 4247 1384 4300 ad
1419 4248 1606 4300 locum
1639 4247 1880 4301 alterum

182 4316 458 4371 Ciceronis
495 4320 560 4372 in
599 4318 862 4370 Pisonem
888 4333 900 4370 :
940 4319 1156 4385 Confer
1183 4335 1354 4380 nunc,
1381 4317 1632 4387 Epicure
1663 4321 1872 4386 noster,

179 4404 238 4440 ex
262 4389 405 4444 tiara
444 4389 753 4462 producte,
801 4405 914 4462 non.
956 4405 1023 4442 ex
1049 4376 1276 4444 schola.
1329 4376 1531 4462 Qiiare
1568 4376 1874 4462 legendum
1919 4376 1958 4428 ί)

181 4475 369 4514 censeo
402 4459 476 4515 ei:
525 4462 683 4515 hara
713 4459 1069 4530 productam.
1120 4463 1242 4514 Non
1271 4463 1479 4527 solum,
1521 4461 1729 4531 inquit,
1761 4477 1879 4514 non

182 4545 240 4603 ex
268 4533 404 4585 hara
427 4533 808 4603 productam,
830 4533 923 4584 sed
958 4531 1254 4600 mysticam
1285 4537 1339 4585 et
1361 4533 1632 4585 divinam.
1660 4533 1882 4585 Dictum

180 4602 402 4667 ironice,
435 4602 495 4658 et
528 4619 650 4656 non
679 4603 867 4657 solum
897 4604 1144 4674 positum
1175 4618 1279 4672 pro
1308 4620 1421 4658 non
1445 4603 1609 4658 modo
1640 4619 1787 4657 non:
1825 4607 1885 4658 ut

182 4674 306 4725 alias
336 4693 412 4729 sa-
421 4692 498 4744 pe
510 4717 522 4727 .

245 4747 256 4818 ἲ
289 4747 418 4802 Nec
438 4761 654 4802 omnes
674 4745 734 4798 in
749 4744 1103 4814 judicatione
1117 4747 1438 4818 senserunt]
1459 4746 1601 4810 Quia
1619 4745 1883 4818 nonnulli

180 4817 419 4888 episcopi
479 4834 674 4872 morte
721 4817 916 4882 taedio,
968 4825 1093 4887 post
1121 4819 1374 4887 primum
1423 4816 1522 4872 aut
1568 4816 1882 4872 secundum

182 4892 364 4956 synodi
397 4895 762 4943 conventum
799 4889 868 4942 ab
905 4890 1048 4943 Urbe
1079 4889 1474 4942 discesserant.

242 4962 262 4994 ³
287 4959 692 5016 adversarios
721 4959 833 5014 dici
860 4977 971 5014 non
999 4958 1274 5032 debuisse]
1302 4959 1706 5032 Malehabebat
1736 4958 1882 5013 schi-

181 5035 456 5100 smaticos,
504 5034 668 5102 quod
713 5032 1094 5086 Theodericus
1134 5031 1459 5101 Symmachi
1506 5035 1880 5098 accusatores,

181 5109 444 5174 tanquam
500 5105 965 5174 adversarios,re
1001 5102 1262 5173 jndicum
1296 5118 1537 5156 numero
1563 5102 1875 5174 repulerat.

181 5171 318 5230 intra
343 5194 356 5230 :
399 5179 479 5231 In
505 5174 793 5229 electione
819 5173 970 5228 enim
1001 5171 1452 5229 uenerandorum
1477 5173 1734 5242 judicum
1760 5171 1884 5243 ipse

179 5252 520 5301 accusantes
561 5250 727 5302 extra
755 5245 1017 5301 ordinem
1043 5246 1275 5318 repulit,
1307 5249 1360 5298 et
1396 5244 1473 5298 ad
1499 5261 1660 5316 spem
1692 5244 1884 5298 retulit

179 5323 501 5373 accusatum
513 5358 527 5373 .

240 5392 259 5422 ³
288 5391 509 5445 Dolose
550 5387 844 5460 videlicet]
888 5390 1041 5442 Hanc
1073 5387 1391 5459 periodum,
1426 5387 1652 5460 tametsi
1678 5403 1881 5460 neces-

181 5462 401 5526 sariam,
458 5477 576 5514 nec
628 5458 882 5530 ignotam
914 5458 1168 5514 Suriana:
1215 5459 1457 5514 editioni
1488 5458 1880 5527 conciliorum,

183 5548 461 5604 nusquam
495 5533 563 5587 in
605 5532 1005 5604 manuscriptis
1025 5530 1259 5599 offendi,
1289 5536 1675 5602 praeterquam
1708 5531 1768 5586 in
1794 5547 1885 5586 co-

181 5603 706 5658 dice’bibliotheca:
737 5603 994 5657 Tilianm.

242 5680 261 5710 ‘
285 5676 414 5748 Ιρεὶ
445 5673 711 5745 Cepasio
740 5672 1177 5747 preferendam]
1227 5675 1293 5730 Et
1335 5674 1443 5731 hoc
1472 5673 1647 5731 etiam
1677 5676 1762 5730 est
1789 5673 1884 5727 Ci-

1989 3051 2192 3117 stione,
2227 3067 2337 3121 qua
2369 3049 2589 3104 dicitis:
2625 3051 2688 3103 ln
2725 3049 3065 3103 criminibus
3094 3048 3347 3118 objectis,
3377 3047 3529 3117 quod
3568 3061 3681 3100 non

1991 3141 2331 3206 excluditur,
2368 3139 2761 3210 approbatur?
2808 3159 2834 3189 »
2869 3140 2947 3192 En
2979 3153 3174 3191 vocem
3203 3139 3474 3192 Romanae.
3507 3136 3686 3190 Eccle-

1988 3229 2086 3283 sia:
2126 3229 2406 3282 militibus
2456 3232 2890 3298 congruentem,
2944 3228 3002 3280 in
3058 3243 3170 3297 qua
3219 3226 3438 3279 nescias
3487 3229 3684 3278 utrum

1987 3318 2148 3388 prius
2195 3319 2441 3372 nitorem
2473 3318 2771 3387 pricdices,
2809 3333 2880 3370 an
2929 3331 3212 3386 saporem.
3265 3316 3533 3381 Putasne,
3585 3329 3681 3366 au-

1989 3407 2150 3460 distis
2176 3407 2327 3477 legi:
2377 3408 2530 3473 Quod
2552 3408 2775 3476 justum
2805 3407 2909 3473 est,
2934 3405 3090 3474 juste
3118 3401 3438 3475 exsequeris
3488 3403 3680 3471 (Deut.

1987 3511 2097 3563 xvr,
2150 3496 2280 3565 20)?
2311 3497 2560 3551 Audistis
2589 3497 2657 3550 de
2690 3495 3004 3549 malefactis
3034 3494 3357 3558 hominum,
3408 3491 3455 3546 si
3489 3496 3685 3544 tamen

1989 3585 2299 3655 aliquando
2333 3586 2683 3638 Conversatio
2729 3587 2980 3638 humana
3023 3599 3120 3637 vos
3155 3582 3358 3646 tenuit,
3404 3579 3686 3650 quidquid

1989 3691 2102 3728 non
2134 3675 2250 3728 suis
2281 3674 2578 3728 ordinibus
2609 3675 2979 3744 approbatur,
3005 3672 3264 3726 excludi?
3293 3671 3397 3724 Ubi
3428 3675 3513 3724 est
3545 3667 3685 3722 illud

1989 3765 2287 3834 propheta:
2313 3781 2324 3818 :
2373 3764 2647 3818 Dominus
2671 3763 2747 3817 ad
2779 3761 3061 3831 judicium
3093 3759 3274 3814 veniet
3294 3776 3422 3814 cum
3451 3757 3681 3812 senibus

1984 3853 2188 3924 populi
2205 3853 2294 3907 sui
2314 3852 2487 3923 (Isai.
2507 3870 2589 3919 ιιι,
2618 3857 2632 3907 1
2656 3855 2724 3919 i).
2747 3854 2816 3906 Et
2836 3853 2903 3905 de
2927 3851 3086 3905 vobis
3105 3851 3318 3904 dictum
3342 3866 3354 3904 :
3382 3849 3685 3902 Peccatum

1987 3959 2152 3996 suum
2163 3941 2331 4013 quasi
2347 3942 2588 3998 Sodoma
2601 3941 3070 4014 praedicaverunt:
3085 3956 3165 3994 va:
3179 3937 3482 3994 animabus
3494 3953 3685 3991 eorum

1990 4031 2187 4102 (Ibid.,
2234 4033 2323 4104 9)?
2365 4033 2472 4088 Sed
2518 4033 2655 4104 quid
2703 4033 2852 4086 facto
2893 4048 3037 4102 opus
3068 4034 3170 4094 est,
3219 4030 3486 4101 quotiens
3531 4027 3686 4081 nulla

1991 4121 2300 4194 desperatis
2360 4122 2580 4176 medela
2627 4122 2928 4191 succurrit,
2982 4120 3093 4174 nisi
3147 4119 3543 4190 implorandus
3603 4134 3662 4170 es

1991 4249 2384 4313 ceronianum,
2434 4254 2607 4318 atque
2638 4247 2940 4301 ironicum.
2977 4245 3197 4318 Gepasii
3227 4244 3383 4318 enim
3414 4243 3538 4318 duo
3571 4243 3682 4318 fra-

1992 4328 2103 4376 tres
2153 4322 2404 4385 fuerunt,
2437 4314 2692 4372 oratores
2732 4317 3028 4372 deterrimi
3056 4314 3230 4386 atque
3278 4314 3627 4386 ineptissimi
3668 4331 3680 4368 :

1990 4408 2235 4464 quorum
2266 4391 2517 4464 alterius,
2547 4389 2651 4464 hoc
2681 4395 2764 4464 est
2795 4389 3027 4464 majoris
3053 4385 3295 4464 Cepasii,
3332 4385 3501 4464 verba
3527 4401 3681 4455 qua:-

1992 4455 2123 4517 dam
2189 4462 2404 4532 profert
2469 4477 2530 4515 ac
2591 4460 2811 4515 deridet
2876 4455 3069 4514 Cicero
3130 4455 3192 4511 in
3259 4455 3518 4510 oratione
3575 4472 3680 4527 pro

1992 4536 2276 4590 Cluentio.

2065 4607 2087 4638 ⁵
2121 4608 2269 4675 Virg.
2296 4622 2347 4660 iv
2380 4603 2622 4671 Eueni”
2656 4619 2802 4657 vers.
2837 4605 2959 4656 371.

2063 4680 2083 4713 ⁸
2111 4679 2159 4731 Α
2193 4670 2472 4732 consortio
2501 4670 2775 4743 adulteri]
2809 4673 3152 4744 Symmachi.
3183 4671 3554 4744 Satisaperte
3595 4670 3686 4724 de-

1993 4750 2168 4802 clarat
2212 4749 2500 4818 quodnam
2543 4742 2772 4818 crimen
2808 4742 3002 4808 fuerit,
3040 4747 3203 4818 cujus
3249 4742 3689 4818 insimulabatur

1993 4821 2063 4873 ab
2091 4813 2444 4872 adversariis.
2493 4819 2602 4872 Sed
2629 4824 2686 4871 et
2712 4816 2771 4869 in
2823 4813 3206 4885 I’rtecepto'de
3250 4813 3558 4869 Cellulanis
3589 4830 3683 4867 eo-

1993 4891 2123 4944 dem
2157 4895 2392 4960 spectat.
2428 4889 2579 4960 quod
2631 4887 2845 4942 recenti
2875 4888 3164 4960 perstricti
3216 4886 3458 4960 Romani
3503 4885 3688 4960 ponti-

1992 4963 2114 5016 iicis
2161 4957 2750 5030 e'xemplo'vitandam
2795 4959 3014 5013 clericis
3043 4963 3206 5014 docet
3251 4957 3517 5028 llagitiosi
3552 4973 3684 5010 con-

1992 5032 2242 5086 tubernii
2288 5032 2666 5102 suspicionem
2695 5047 2708 5084 :
2755 5038 2810 5102 et
2837 5032 2945 5085 hoc
2975 5031 3100 5102 ipso
3151 5030 3294 5102 libro
3324 5033 3686 5102 inprosopo-

1992 5107 2139 5174 prnia
2169 5104 2316 5157 beati
2351 5101 2544 5174 Pauli:
2569 5101 2814 5164 Docetis,
2852 5101 3042 5173 inquit
3073 5101 3488 5174 fornicantibus
3508 5101 3686 5152 nemi-

1991 5192 2116 5229 nem
2141 5191 2262 5228 esse
2279 5173 2643 5240 miscendum,
2671 5175 2923 5229 adulteri
2955 5173 3248 5230 Laurentii
3278 5175 3378 5226 aut
3395 5187 3683 5240 sequaces,

1991 5251 2092 5300 aut
2122 5246 2336 5317 praemi.
2371 5249 2563 5317 Itaque
2596 5247 2748 5316 quod
2780 5248 2948 5315 Xysto
2990 5248 3062 5300 lll
3098 5252 3229 5317 ante
3260 5260 3441 5298 annos
3472 5244 3586 5294 fere
3619 5245 3687 5296 70

1992 5316 2328 5388 contigerat,
2389 5316 2637 5372 ut’faadi
2687 5317 2943 5370 criminis
2999 5316 3235 5370 infamia
3280 5317 3607 5388 pulsaretur
3656 5331 3688 5367 a

1993 5384 2176 5444 Basso'
2201 5391 2530 5455 exconsule;
2575 5389 2627 5442 id
2659 5389 2746 5459 ips
2771 5405 2846 5442 im
2876 5389 3238 5459 Symmacho,
3291 5384 3687 5459 Festiexqon-

1993 5460 2128 5514 sulis
2162 5461 2297 5515 item
2350 5477 2413 5515 ac
2445 5455 2720 5531 principis
2768 5455 2996 5513 senatus
3031 5458 3391 5528 potissimum
3449 5455 3682 5531 instiga-

1993 5532 2147 5586 tione
2195 5533 2418 5600 accidit,
2445 5527 2558 5586 hec
2586 5527 2810 5602 dispare
2852 5527 3105 5602 eventu;
3151 5543 3285 5583 nam
3332 5533 3572 5599 uterque
3617 5527 3687 5602 ab

1992 5601 2192 5676 infami
2222 5603 2350 5658 labe
2379 5599 2606 5676 synodi,
2639 5599 2802 5676 cujus
2848 5619 2906 5656 se
2929 5599 3149 5671 judicio
3187 5617 3290 5656 sua
3313 5605 3516 5674 sponte
3547 5599 3689 5652 sub-

1997 5674 2282 5743 diderant,
2314 5675 2601 5731 sententia
2627 5674 2904 5746 purgatus
2933 5677 3032 5728 est.
