4060 6174
349 279 449 332 187

1554 269 1843 324 ENNODII
1882 268 2193 325 EPISCOPI
2230 269 2635 327 TICINENSIS.
3748 281 3845 333 l88

345 407 643 474 Dominus,
686 403 783 477 qui
818 402 1081 475 promisit
1108 418 1212 474 per
1239 401 1581 474 prophetam
1624 399 1787 473 (Isai.
1839 418 1899 470 ιι,
1937 402 2043 473 l2),
2084 404 2131 458 A
2162 403 2289 474 quis
2318 403 2502 473 alteri,
2538 405 2692 477 quod
2719 404 2841 477 ipse
2869 405 2989 477 jam
3020 406 3290 477 perdidit.
3324 407 3484 463 Nunc
3512 414 3662 465 recte
3690 411 3849 467 vobis

346 500 605 554 futurum
654 512 709 549 se
750 511 922 565 super
952 509 1180 549 omnem
1212 493 1524 563 superbum
1559 497 1615 546 et
1644 492 1949 559 excelsum,
1987 498 2041 547 et

346 604 518 659 super
552 602 783 641 omnem
830 589 1217 654 arrogantem,
1248 587 1313 636 ut
1360 581 1734 635 humilietur?
1764 582 1871 637 Sed
1906 582 2042 637 feti-

346 679 486 732 dum
515 694 660 747 opus
689 675 942 745 vestigiis
974 674 1245 742 insequar
1276 676 1331 725 et
1362 672 1593 741 ferrata,
1626 671 1673 725 si
1699 673 2041 741 valeo,calce

345 768 715 821 contundam.
762 766 829 819 Ut
858 778 984 816 vere
1018 761 1224 829 dicam,
1259 776 1350 815 res
1394 777 1521 814 cum
1574 777 1655 829 re,
1707 778 1872 815 causa
1911 780 2043 817 cum

345 872 533 923 causa,
567 854 713 909 ratio
740 869 869 906 cum
902 867 968 905 ea
1001 866 1175 920 quam
1221 854 1446 919 putant,
1482 853 1701 905 ratione
1737 852 2037 922 pugnabit.

347 946 655 999 Oblocutos
687 941 1009 995 sacerdotes
1038 940 1525 1011 praeceptionibus
1556 940 1726 1010 regiis
1760 941 2038 1013 allegatis,

346 1036 401 1086 et
431 1032 721 1102 quoddam
770 1030 1135 1100 sacrilegium
1169 1029 1417 1096 creditis,
1460 1029 1597 1083 mali
1629 1030 1865 1100 aliquid,
1912 1046 2041 1084 cum

344 1122 631 1174 caelestem
678 1120 963 1188 nesciatis,
995 1120 1062 1174 de
1114 1118 1326 1173 terreni
1369 1119 1585 1173 domini
1613 1120 1868 1190 jussione
1914 1136 2042 1173 sen-

345 1209 439 1262 tiri
477 1226 489 1263 :
528 1210 894 1280 opponendo,
937 1210 1064 1280 quis
1108 1209 1234 1278 regi
1276 1209 1471 1262 debuit
1512 1208 1730 1276 dicere;
1764 1207 1782 1241 ¹
1831 1225 2043 1281 papam

343 1299 663 1369 oportuisse
714 1301 995 1371 synodum
1041 1300 1391 1353 convocare?
1429 1305 1578 1352 certe
1624 1299 1776 1370 quod
1827 1299 1887 1353 in
1938 1300 2043 1353 hac

342 1394 505 1460 parte
535 1392 757 1443 constat
785 1388 1153 1458 exemplum?
1186 1389 1354 1442 Illum
1384 1389 1695 1460 prazcipue,
1730 1389 1828 1460 qui
1860 1390 2043 1444 crimi'

345 1479 499 1531 nosis
549 1480 865 1532 multorum
898 1478 1392 1548 propositionibus
1433 1478 1551 1547 jam
1591 1478 1834 1549 jacebat,
1869 1495 2043 1549 quem

343 1569 452 1621 hoc
492 1568 677 1622 fuerat
730 1568 1024 1633 damnare,
1062 1568 1211 1637 quod
1242 1566 1437 1638 argui;
1481 1567 1571 1621 cui
1604 1570 2040 1638 praerogativam

343 1656 565 1710 caelitus
593 1656 899 1726 ascriptam
933 1656 1186 1710 hostium
1218 1669 1453 1709 suorum
1480 1656 1765 1709 oblocutio
1791 1657 1911 1727 jam
1947 1661 2041 1712 tu-

341 1746 539 1800 lisset?
573 1747 657 1800 Ad
689 1746 836 1800 hanc
864 1762 961 1799 vos
993 1745 1343 1800 dementiam
1375 1745 1655 1798 malorum
1686 1750 1913 1799 actuum
1936 1763 2040 1816 per

342 1836 557 1904 gradus
589 1851 723 1888 suos
762 1835 1116 1888 incrementa
1161 1839 1481 1899 traxerunt,
1534 1837 1596 1887 ut
1643 1836 1751 1887 hoc
1798 1835 2038 1888 credatis

343 1940 465 1978 esse
511 1925 809 1991 lacessere,
845 1925 994 1995 quod
1047 1923 1425 1977 convincere?
1468 1939 1571 1977 nec
1601 1924 1753 1993 apud
1796 1940 1893 1977 vos
1934 1924 2037 1978 ha-

340 2014 514 2067 beant
561 2031 591 2067 a
623 2014 860 2067 veritate
913 2013 1292 2067 diﬁ‘ereutiam
1337 2012 1489 2082 odia,
1537 2029 1665 2083 quae
1696 2014 2036 2085 plerumque

343 2107 541 2155 contra
583 2102 855 2157 meritum
898 2101 1170 2173 impetiti,
1203 2101 1425 2169 studiis,
1463 2118 1580 2155 non
1612 2102 1821 2155 rationi
1870 2102 2034 2158 obse-

342 2192 578 2262 quentia
618 2196 749 2245 vota
792 2192 1176 2246 concinnant?
1211 2192 1313 2247 Ubi
1362 2196 1447 2245 est
1478 2192 1641 2257 illud,
1688 2193 2036 2263 Priusquam

350 2297 658 2352 agnoscas,
720 2298 791 2334 ne
843 2281 1137 2351 adjudices
1182 2298 1525 2353 quemquam
1574 2280 1781 2353 (Eccli.
1831 2299 1907 2347 x1,
1957 2285 2031 2350 7),

340 2385 452 2423 sec.
501 2370 690 2441 LXX)?
721 2370 869 2425 Olim
910 2388 1006 2424 vos
1037 2372 1252 2441 accepit
1281 2388 1417 2440 grex
1453 2372 1669 2441 positus
1715 2371 1776 2424 in
1806 2370 2036 2425 sinistra

343 2458 624 2527 collegas:
662 2460 813 2529 apud
846 2476 989 2529 quos
1022 2476 1087 2513 ex
1124 2458 1454 2530 praijudicio
1494 2459 1773 2530 excepisse
1814 2465 2035 2514 senten-

342 2546 481 2599 tiam
509 2548 779 2614 creditur,
828 2548 925 2618 qui
954 2548 1166 2601 meruit
1207 2549 1278 2601 ad
1318 2564 1555 2601 examen
1589 2548 1810 2615 adduci,
1842 2554 1897 2602 et
1930 2549 2035 2603 hoc

343 2641 429 2689 est
455 2652 618 2690 reum
651 2636 910 2705 existere,
936 2637 1085 2708 quod
1107 2637 1311 2691 libram
1340 2636 1766 2707 disceptationis
1796 2638 2029 2691 intrare.

420 2724 824 2779 Praelocutioni
880 2730 1072 2779 tamen
1132 2726 1349 2796 optime
1398 2725 1656 2780 divinum
1703 2726 2034 2781 subdidistis

343 2816 706 2885 exemplum:
756 2815 909 2886 quod
953 2815 1033 2869 ita
1078 2816 1369 2885 quadratis
1400 2820 1620 2869 constat
1651 2816 1937 2887 alloquiis,
1975 2827 2037 2872 ut

340 2903 531 2973 ipsum
558 2904 617 2957 in
650 2919 717 2957 eo
741 2902 765 2935 ²
791 2904 1191 2974 Archisippum
1215 2910 1407 2958 tenere
1435 2905 1643 2958 lineam
1675 2911 1858 2976 putes.
1894 2908 2035 2959 Pec-

343 2993 520 3046 catori
564 2992 698 3047 dicit
743 2995 923 3047 Deus:
977 2995 1167 3059 Quare
1198 2995 1258 3046 tu
1298 3009 1537 3049 enarras
1572 2993 1836 3064 justitias
1876 3012 2035 3050 meas

345 3082 521 3149 (Psal.
568 3098 713 3148 XLIX,
766 3081 888 3152 16)?
945 3082 1085 3136 Huic
1126 3082 1277 3136 dicto
1321 3089 1708 3152 conserentes,
1755 3085 1917 3155 quasi
1965 3085 2036 3139 ad

344 3170 664 3224 sacerdotes
696 3171 1103 3241 apostrophen,
1150 3172 1283 3241 quia
1317 3172 1467 3225 beati
1498 3173 1650 3226 Petri
1681 3175 1922 3245 apostoli
1953 3174 2035 3229 vi-

345 3260 527 3311 carius
598 3258 933 3312 asstimatur.
974 3280 995 3308 ι
1042 3264 1062 3294 ³
1111 3259 1429 3313 Prohibetis
1496 3261 1847 3315 archiatrum
1914 3264 2037 3333 ejus

345 3347 569 3416 corpori
600 3347 800 3400 afferre
828 3348 1207 3402 medicinam:
1239 3349 1525 3419 quomodo
1548 3365 1644 3403 vos
1676 3350 1883 3404 anima:
1915 3353 2037 3423 ejus

346 3435 700 3489 curationem
748 3436 1014 3491 exhibere
1059 3436 1349 3491 renuetis?
1399 3439 1665 3507 Magnum
1698 3456 1801 3507 per
1846 3441 2037 3496 divina

347 3524 675 3591 ridiculum,
727 3541 799 3579 an
849 3525 1099 3579 maxima
1146 3527 1397 3579 lamenta
1440 3527 1553 3580 sint
1592 3528 1805 3581 nescio.
1857 3552 1876 3577 η
1931 3531 2037 3584 Vos

346 3612 549 3667 alienas
592 3614 737 3668 febri
794 3631 989 3669 curam
1038 3616 1317 3687 quazritis,
1359 3633 1458 3670 vos
1502 3616 1782 3671 fatiscenti
1829 3619 2036 3673 animae

346 3703 627 3757 medelam
656 3704 917 3758 adhiberi
938 3705 1165 3776 cupitis,
1192 3710 1249 3760 et
1278 3706 1338 3759 in
1366 3705 1505 3759 lethi
1537 3707 1903 3777 proximitate
1931 3725 2037 3778 po-

348 3792 462 3860 siti,
510 3794 683 3846 vestri
726 3793 1089 3848 immemores
1134 3795 1203 3849 de
1247 3794 1483 3848 alterius
1534 3796 1711 3849 salute
1760 3798 2031 3853 tractatis.

345 3880 491 3945 Quid
520 3881 567 3934 si
597 3882 735 3937 illud
768 3900 896 3937 vere
921 3884 1081 3937 vobis
1104 3901 1136 3937 a
1167 3884 1445 3954 propheta
1475 3884 1726 3939 dictum:
1759 3886 2039 3957 Nunquid

340 3987 547 4041 parum
571 3975 656 4027 est
670 3973 819 4043 quod
834 3972 1060 4029 molesti
1077 3972 1215 4027 estis
1234 3973 1571 4042 hominibus,
1594 3975 1820 4032 molesti
1833 3975 1971 4031 estis
1985 3982 2038 4030 et

342 4060 461 4117 Deo
500 4078 622 4117 meo
657 4062 824 4133 (Isai.
861 4080 956 4132 vn,
990 4064 1090 4135 l3).
1127 4066 1188 4117 Et
1234 4065 1445 4119 iterum
1483 4082 1495 4119 :
1529 4066 1775 4134 Medice,
1809 4084 1951 4122 cura
1984 4071 2037 4121 te

341 4150 532 4221 ipsum
564 4154 714 4221 (Luc.
748 4170 821 4219 1v,
867 4154 997 4223 23)?
1036 4155 1145 4209 Sed
1186 4154 1319 4208 hinc
1351 4155 1507 4208 alias.
1548 4157 1862 4225 Novimus,.
1898 4156 2037 4227 quia

346 4243 535 4296 sanari
585 4259 697 4297 non
748 4248 931 4315 potest
982 4246 1388 4312 conclamatus,
1425 4249 1481 4299 et
1531 4245 1725 4317 (Prov.
1777 4260 1927 4314 xvm,
1986 4246 2035 4315 3)

344 4330 640 4402 improbus
686 4333 745 4387 in
788 4333 1138 4404 profundum
1187 4335 1493 4389 deveniens
1537 4335 1684 4389 mira
1715 4336 2035 4389 temeritate

344 4422 676 4477 contemnit.
720 4422 825 4477 Sed
857 4424 1022 4478 credo
1052 4423 1187 4477 vivit
1221 4424 1283 4478 in
1322 4424 1462 4493 istis,
1496 4428 1552 4478 et
1588 4424 1650 4477 in
1690 4424 1855 4478 mala:
1893 4441 2033 4479 con-

344 4512 683 4565 versationis
723 4529 840 4567 suee
889 4519 1095 4581 morte,
1147 4515 1478 4581 consilium;
1526 4521 1582 4569 et
1610 4519 1798 4585 potest
1835 4520 2033 4585 optare

410 4642 427 4676 ι
456 4639 687 4714 Papam
709 4640 1028 4709 oportuisse
1053 4642 1333 4713 synodum
1361 4639 1688 4714 convocare]
1722 4642 1833 4696 Hoc
1859 4642 2035 4696 Theo-

344 4710 536 4764 derico
596 4711 895 4784 Ravennae,
952 4718 1014 4766 ut
1065 4710 1237 4768 estin
1285 4713 1421 4767 actis
1470 4710 1687 4784 synodi
1739 4714 2031 4783 palmaris,

344 4788 735 4856 opposuerant
785 4783 1055 4854 episc0pi,
1089 4802 1218 4839 cum
1268 4786 1448 4856 ipsius
1499 4783 1772 4838 mandato
1823 4784 2035 4856 evocati

342 4852 585 4907 Romam
616 4854 683 4906 ad
718 4852 1001 4922 synodum
1043 4852 1559 4925 proﬁciscerentur.
1596 4856 1703 4910 Sed
1735 4856 1882 4908 hanc
1908 4855 2036 4923 epi-

342 4939 643 5009 scOporum
676 4925 1023 5009 libertatem,
1058 4934 1331 5009 tanquam
1361 4929 1482 4998 regi
1516 4928 1727 5007 scilicet
1744 4929 2034 5009 contume:

342 4994 567 5067 liosam,
614 5001 875 5050 taxarant
905 4994 1269 5052 schismatici.
1315 5002 1388 5052 At
1416 4994 1530 5051 non
1570 4998 1770 5067 iniqua
1801 4996 1915 5050 visa
1949 5000 2037 5051 est

341 5066 713 5133 Theoderico,
748 5068 843 5135 qui
879 5085 991 5122 non
1021 5071 1121 5123 abs
1155 5087 1213 5123 re
1245 5070 1299 5123 id
1330 5068 1547 5122 causari
1578 5066 1873 5138 episcopos
1906 5083 2035 5121 sen-

341 5138 509 5211 tiens,
542 5138 732 5208 ipsum
765 5156 996 5210 quoque
1031 5157 1237 5211 papam
1269 5142 1329 5193 in
1359 5140 1676 5208 colligenda
1707 5138 1921 5211 synodo
1941 5154 2038 5194 vo-

342 5208 619 5263 luntatem
647 5208 808 5263 suam
842 5208 1047 5264 litteris
1078 5208 1496 5265 demonstrasse
1523 5208 1761 5264 testatus
1795 5214 1898 5265 est.

412 5278 435 5354 ξ
462 5282 896 5354 ᾼγεήἰείρρωη]
928 5282 1244 5336 Colniensis
1266 5280 1461 5348 editio,
1495 5280 1891 5354 Chrysippum.

412 5348 435 5383 ⁵
461 5353 625 5406 Forte
652 5348 923 5423 probetis.

414 5426 435 5457 ⁸
460 5423 573 5476 Ille
596 5422 905 5495 perennem
934 5423 1269 5478 meritorum
1301 5422 1509 5495 dotem]
1539 5423 1795 5495 Synodus
1823 5424 2039 5493 palma-

343 5493 438 5567 ris.
464 5493 719 5567 Maxime
732 5510 863 5567 cum
878 5494 988 5550 illa
1009 5512 1130 5567 qua
1141 5494 1525 5567 praemisimus
1540 5493 1693 5548 inter
1715 5494 1836 5549 alia
1849 5494 1918 5549 de
1935 5511 2039 5548 au-

346 5564 612 5646 ctoritate
622 5566 775 5646 sedis
795 5564 1107 5646 obstarent,
1122 5564 1259 5646 quia
1270 5565 1419 5646 quod
1425 5580 1722 5646 possessor
1732 5567 1857 5635 ejus
1866 5579 2040 5646 quon-

349 5634 485 5697 dam
506 5634 707 5691 beatus
724 5638 941 5693 Petrus
960 5634 1189 5703 meruit,
1212 5634 1647 5693 innabilitatem
1662 5634 2040 5708 possessionis

2151 509 2279 547 cum
2304 494 2582 564 pr0pheta
2602 495 2805 549 dicam:
2831 495 3035 550 Omnia
3055 511 3181 566 qua:
3201 495 3453 567 loquitur
3470 499 3719 570 populus
3736 499 3841 556 istc

2150 584 2472 645 coniuratio
2497 586 2600 652 est,
2633 588 2687 638 et
2717 584 2978 639 timorem
3000 587 3125 654 ejus
3152 603 3222 638 ne
3244 586 3494 641 timeatis
3508 605 3609 642 nec
3612 590 3831 659 formi-

2148 672 2296 727 detis
2323 672 2485 745 (Isai.
2514 691 2629 741 vn],
2657 677 2759 745 12).
2794 676 3050 729 Facessat
3077 692 3110 728 a
3139 675 3323 743 nobis,
3351 677 3529 747 quiin
3553 679 3712 733 vobis
3731 684 3832 745 est,

2148 764 2403 834 pruritus
2455 764 2558 817 iste
2590 765 2918 834 linguarum
2956 781 2969 819 :
3024 781 3167 835 quos
3200 781 3327 819 vere
3358 765 3511 820 idem
3558 769 3839 838 propheta

2150 853 2340 923 arguit
2369 871 2380 907 :
2415 853 2730 909 Scribentes
2753 853 3100 923 injustitiam
3126 854 3443 926 scripsistis
3473 857 3641 927 (Isai.
3675 875 3730 925 x,
3774 859 3838 928 l).

2152 962 2180 991 «
2222 944 2344 996 Non
2389 960 2494 997 nos
2534 944 2766 998 beatum
2800 946 3053 1011 Petrum,
3090 944 3233 998 sicut
3264 945 3474 1015 dicitis,
3522 964 3553 1000 a
3600 948 3844 1000 Domino

2150 1047 2281 1086 cum
2313 1033 2463 1087 sedis
2490 1033 2827 1104 privilegiis,
2873 1035 2961 1088 vel
2993 1050 3345 1089 successores
3381 1036 3520 1105 ejus,
3571 1036 3839 1107 peccandi

2146 1122 2471 1193 judicamus
2519 1122 2809 1176 licentiam
2853 1122 3183 1193 suscepisse.
3235 1145 3255 1172 ι
3308 1128 3329 1159 ι
3380 1125 3479 1178 llle
3530 1141 3841 1194 perennem

2151 1212 2489 1265 meritorum
2538 1212 2733 1266 dotem
2763 1227 2893 1265 cum
2924 1212 3262 1267 haereditate
3294 1212 3639 1267 innocentia:
3690 1213 3843 1267 misi‘:

2152 1301 2219 1355 ad
2251 1305 2508 1371 posteros
2534 1317 2546 1356 :
2574 1300 2726 1371 quod
2758 1300 2840 1355 illi
2858 1316 3191 1356 concessum
3214 1305 3296 1355 est
3324 1318 3425 1374 pro
3450 1307 3676 1357 actuum
3698 1304 3844 1368 luce,

2152 1390 2222 1444 ad
2268 1389 2397 1443 illos
2445 1390 2693 1461 pertinet
2736 1406 2876 1461 quos
2925 1406 3029 1461 par
3086 1392 3529 1445 conversationis
3571 1392 3846 1461 splendor

2152 1477 2461 1532 illuminat.
2488 1478 2624 1542 Quis
2647 1478 2800 1532 enim
2824 1484 3080 1533 sanctum
3100 1494 3220 1533 esse
3242 1480 3482 1547 dubitet,
3504 1497 3676 1551 quem
3699 1497 3843 1550 apex

2150 1571 2323 1621 tanta:
2352 1567 2649 1637 dignitatis
2679 1568 2918 1635 attollit;
2952 1569 3012 1622 in
3037 1584 3151 1640 quo
3181 1568 3227 1622 si
3252 1569 3437 1623 desint
3466 1570 3614 1623 bona
3643 1569 3842 1640 acqui-

2150 1656 2257 1709 sita
2301 1672 2404 1727 per
2444 1657 2734 1725 meritum,
2774 1657 3067 1712 sufﬁciunt
3114 1674 3244 1729 quae
3293 1675 3326 1711 a
3381 1658 3488 1712 loci
3545 1659 3843 1713 decessore

2148 1747 2539 1815 praestantur?
2572 1750 2671 1800 aut
2716 1746 2872 1799 enim
2917 1746 3099 1801 claros
3131 1747 3201 1800 ad
3232 1746 3354 1800 haec
3382 1746 3607 1817 fastigia
3652 1748 3841 1815 erigit,

2147 1839 2246 1888 aut
2277 1835 2375 1904 qui
2408 1834 2710 1905 eriguntur
2738 1834 3006 1889 illustrat.
3048 1835 3357 1888 Prmnoscit
3386 1834 3541 1889 enim
3568 1836 3705 1906 quid
3738 1838 3840 1890 Ec-

2146 1924 2448 1977 clesiarum
2498 1923 2872 1977 fundamento
2922 1923 2994 1977 sit
3025 1923 3236 1990 habile,
3284 1940 3454 1994 super
3495 1940 3665 1996 quem
3719 1926 3845 1994 ipsa

2146 2015 2326 2066 moles
2378 2013 2663 2066 innititur.
2700 2033 2727 2062 «
2767 2013 2873 2067 Sed
2904 2012 3038 2066 hinc
3068 2013 3287 2066 actibus
3317 2013 3517 2067 vestris
3552 2015 3842 2067 coelestem

2145 2102 2463 2171 potentiam
2505 2101 2719 2172 putatis
2751 2118 2873 2156 esse
2906 2102 3200 2170 suffragio,
3223 2102 3375 2172 quod
3407 2103 3477 2155 ad
3511 2102 3844 2173 praesidium

2144 2189 2296 2243 beati
2343 2189 2586 2260 apostoli
2622 2188 2983 2258 adjutricem,
3017 2194 3079 2242 ut
3110 2189 3316 2255 dicitis,
3351 2190 3645 2243 dexteram
3677 2206 3843 2243 com-

2144 2279 2408 2334 modatis.
2448 2300 2473 2325 ‹‹
2501 2278 2757 2345 Nescitis,
2792 2278 3004 2346 stolidi,
3028 2279 3207 2333 solem
3240 2278 3456 2333 facibus
3490 2294 3605 2332 non
3628 2279 3847 2350 juvari,

2144 2385 2248 2422 nec
2278 2369 2346 2423 ad
2375 2368 2699 2439 praesidium
2738 2368 2959 2421 diurnae
2989 2368 3126 2422 lucis
3150 2367 3384 2439 lychnos
3415 2368 3850 2423 accendi?Scri-

2142 2462 2307 2529 ptum
2336 2458 2490 2513 enim
2524 2463 2605 2512 est
2628 2475 2640 2513 :
2674 2457 2981 2511 Scrutatur
3002 2457 3177 2511 corda
3205 2460 3259 2512 et
3284 2474 3447 2513 renes
3468 2462 3616 2513 Deus
3642 2457 3844 2527 (Psal.

2143 2566 2241 2616 vn,
2278 2552 2367 2617 lO;
2400 2550 2527 2604 Jer.
2560 2564 2693 2614 XVII,
2730 2548 2832 2618 lO).

2215 2640 2322 2694 Sed
2368 2639 2427 2692 in
2474 2639 2574 2693 illa
2615 2643 2778 2708 parte
2824 2636 2952 2709 quis
2984 2636 3193 2691 audeat
3240 2635 3589 2706 argumentis
3638 2636 3847 2690 vestris

2150 2726 2520 2797 respondere,
2572 2725 2680 2780 nisi
2740 2725 2877 2796 quia
2925 2724 3047 2777 sine
3098 2728 3217 2778 arte
3262 2723 3471 2777 dicitur
3515 2739 3735 2791 verum,
3790 2728 3848 2778 et

2143 2816 2287 2870 ﬁdes
2321 2816 2618 2869 mendacio
2651 2830 2976 2868 sermonum
3000 2813 3219 2867 technis
3244 2812 3527 2867 assuitur?
3548 2834 3569 2861 ι
3597 2812 3729 2878 Cur,
3753 2812 3845 2865 in-

2146 2906 2376 2976 quiunt,
2406 2905 2470 2958 ad
2490 2904 2807 2975 principem
2830 2902 3193 2969 convenistis,
3219 2902 3264 2955 si
3288 2902 3475 2955 audiri
3499 2918 3610 2955 non
3636 2902 3847 2955 licebat

2078 3014 2117 3068 ς
2149 2994 2515 3065 impetitum?
2546 3013 2572 3043 »
2619 2994 2708 3047 Sic
2739 3009 2837 3046 vos
2865 2992 2927 3045 in
2965 2997 3256 3062 stuporem
3291 2993 3587 3062 pecualem
3626 2992 3846 3061 peccati

2148 3083 2358 3137 nebula
2392 3087 2489 3135 aut
2537 3082 2764 3136 divinus
2812 3082 3017 3136 horror
3046 3082 3307 3150 oblimat,
3348 3085 3409 3135 ut
3456 3081 3840 3135 verecundam

2146 3172 2572 3227 excusationem
2619 3176 2715 3225 aut
2762 3171 2959 3226 fraude
3005 3187 3164 3224 mens
3195 3175 3381 3225 vestra
3429 3174 3699 3237 transeat,
3743 3176 3847 3224 aut

2144 3263 2467 3317 belluarum
2499 3277 2695 3332 pressa
2721 3260 3069 3314 hebetudine
3103 3275 3216 3312 non
3251 3260 3556 3329 agnoscat?
3581 3262 3668 3313 An
3695 3258 3846 3314 forte

2144 3352 2298 3406 aliud
2327 3351 2541 3422 putatis
2570 3350 2763 3418 fuisse,
2798 3350 2947 3421 quod
2980 3350 3193 3403 dictum
3218 3354 3321 3416 est,
3357 3350 3546 3420 ipsum
3578 3348 3847 3403 debuisse

2145 3441 2427 3511 synodum
2481 3456 2811 3505 convocare,
2853 3439 3013 3508 cujus
3045 3455 3189 3509 opus
3228 3444 3349 3492 erat
3381 3439 3605 3493 ofﬁcio?
3651 3442 3712 3493 ut
3742 3455 3847 3492 vos

2144 3531 2406 3584 videlicet
2436 3546 2540 3600 per
2570 3529 2893 3599 pontiﬁcale
2916 3544 3151 3582 examen
3174 3530 3458 3582 sententia
3479 3529 3845 3598 percelleret,

2146 3636 2290 3692 quos
2321 3636 2354 3673 a
2382 3618 2582 3689 capitis
2614 3619 2702 3672 sui
2739 3634 3014 3690 compage
3043 3618 3103 3672 in
3142 3618 3338 3672 salutis
3366 3617 3713 3672 detrimento
3747 3618 3847 3672 in-

2146 3725 2318 3763 sanus
2348 3709 2537 3762 fervor
2569 3707 2903 3762 absciderat.

2215 3800 2367 3865 Post,
2416 3799 2559 3851 Esau
2591 3797 2946 3851 mentionem
2979 3796 3139 3868 operi
3170 3800 3379 3865 vestro,
3414 3795 3604 3851 nescio
3636 3794 3843 3863 verbis,

2144 3902 2217 3939 an
2263 3886 2563 3940 latratibus
2607 3886 2913 3951 indidistis,
2946 3888 2967 3921 ⁸
3016 3890 3416 3956 comparantes
3448 3886 3500 3939 ei
3530 3886 3847 3939 antistitem

2146 3981 2425 4043 nostrum,
2461 3975 2560 4046 qui
2608 3976 2846 4029 senioris
2878 3980 3097 4029 naturae
3128 3976 3473 4029 beneﬁcium
3514 3974 3681 4028 unius
3730 3973 3847 4027 cibi

2145 4065 2596 4119 commutatione
2626 4064 2961 4135 perdiderit,
2996 4070 3050 4119 et
3097 4064 3472 4135 primogeniti
3504 4079 3703 4118 canam
3753 4062 3849 4116 di-

2144 4156 2418 4225 gnitatem
2469 4154 2723 4209 amiserit
2754 4154 3013 4209 faucibus
3058 4155 3422 4226 obsequendo
3468 4154 3628 4225 (Gen.
3680 4155 3844 4222 xxv).

2144 4246 2228 4299 Ad
2260 4246 2369 4299 ista
2410 4245 2547 4315 quid
2578 4245 2843 4312 referam,
2874 4245 2972 4317 qui
3003 4261 3069 4299 ex
3101 4245 3261 4299 omni
3294 4244 3648 4314 objectorum
3678 4246 3847 4311 parte

2144 4334 2488 4389 concludor?
2506 4335 2665 4404 Quis,
2689 4350 2852 4405 rogo,
2873 4341 3127 4389 vestrum
3142 4333 3483 4405 Symmacho
3503 4330 3851 4386 benedictio-

2142 4440 2299 4491 nem,
2331 4424 2468 4478 dum
2499 4424 2648 4495 patri
2673 4425 2803 4495 plus
2843 4423 3110 4489 deservit,
3141 4422 3388 4494 eripuit?
3425 4421 3511 4475 cui
3546 4424 3846 4474 tantorum

2142 4530 2447 4568 munerum
2494 4514 2661 4569 Jacob
2692 4514 2812 4568 vice
2853 4519 2937 4568 est
2983 4513 3188 4567 collata
3240 4510 3552 4566 nobilitas?
3598 4509 3727 4580 quis
3772 4524 3845 4563 ex

2141 4639 2406 4706 accessit,
2451 4643 2505 4693 et
2534 4638 2864 4694 claritatem
2909 4642 3155 4694 veterem
3184 4638 3344 4693 novis
3380 4638 3481 4692 dat
3510 4636 3580 4690 de
3620 4633 3851 4689 Christi

2140 4711 2268 4766 dote
2290 4711 2620 4766 rectoribus.
2648 4712 2739 4765 Sic
2770 4712 2922 4765 enim
2948 4716 3240 4781 postrema
3263 4712 3382 4764 haec
3404 4709 3576 4764 verba
3593 4706 3846 4781 legenda

2144 4790 2295 4836 sunt.
2329 4784 2493 4847 Quod
2527 4798 2663 4853 ergo
2696 4782 2764 4835 de
2798 4777 3308 4836 sedis—auctoritate
3332 4781 3546 4833 dictum
3570 4777 3849 4853 asynodo

2141 4854 2347 4921 fuerat,
2388 4856 2455 4907 ad
2497 4849 2935 4908 sanctimoniam
2968 4870 3195 4924 quoque
3222 4852 3513 4906 transtulit
3551 4849 3851 4924 Eunodius

2144 4928 2307 4995 cujus
2356 4943 2421 4979 ex
2452 4926 2561 4979 hoc
2605 4927 2730 4979 loco
2766 4921 3118 4979 sententiam
3163 4924 3396 4978 laudant
3438 4924 3687 4995 Joannes
3722 4921 3850 4995 Ylll

2145 4991 2480 5065 in'epistola
2523 4997 2592 5052 ad
2628 4998 2953 5052 Bercarium
2998 4996 3280 5063 abbatem,
3310 4998 3365 5048 et
3395 4992 3705 5064 Gregorius
3748 4991 3850 5046 VII

2142 5067 2202 5121 in
2237 5069 2476 5121 Dictatu.

2216 5141 2237 5175 ⁸
2262 5140 2671 5210 Comparantes
2694 5138 2747 5193 ei
2774 5136 3094 5193 antistitem
3124 5133 3399 5207 nostrum]
3428 5134 3691 5206 Plerique
3721 5148 3851 5210 ves:

2148 5212 2297 5263 trum
2322 5205 2545 5280 legunt;
2572 5211 2673 5264 sed
2698 5226 2788 5264 res
2820 5210 2995 5278 exigit
3016 5211 3353 5280 utnostrum
3378 5205 3661 5280 legamus,
3678 5205 3854 5280 quod

2146 5276 2447 5351 sequentia
2469 5276 2777 5335 declarant.
2803 5276 3157 5333 Schismatici
3176 5280 3330 5333 enim
3356 5276 3486 5332 cum
3510 5279 3651 5331 Esau
3673 5276 3855 5346 Sym—

2146 5353 2413 5405 machum
2462 5352 3062 5423 comparabantpcnm
3092 5351 3263 5403 Jacob
3296 5351 3697 5423 Laurentium,
3746 5363 3859 5423 per

2148 5438 2317 5493 quem
2351 5418 2689 5493 Symmacho
2720 5422 3142 5493 pontiﬁcatum,
3175 5427 3451 5492 tanquam
3495 5418 3858 5493 benedictio-

2149 5490 2281 5547 nem
2313 5490 2533 5563 eripere
2582 5490 2955 5547 conabantur.
2991 5493 3167 5547 Paulo
3201 5490 3346 5563 post,
3382 5493 3443 5546 in
3474 5490 3589 5563 illis
3633 5490 3857 5557 verbis,

2150 5562 2439 5619 Przterea
2472 5568 2609 5621 tunc
2639 5563 2843 5633 Jacob,
2881 5565 3032 5618 lsaac
3062 5562 3370 5635 legendum
3401 5562 3647 5616 videtur.
