  <div class='ocr_page' id='page_1' title='image "/cluster/home/n/w/nwhite01/storage/ocr_20150623/63/hvd.32044073498800/100.png"; bbox 0 0 4060 6174; ppageno 0'>
   <div class='ocr_carea' id='block_1_1' title="bbox 174 318 258 370">
    <p class='ocr_par' dir='ltr' id='par_1_1' title="bbox 174 318 258 370">
     <span class='ocr_line' id='line_1_1' title="bbox 174 318 258 370; baseline 0 -1"><span class='ocrx_word' id='word_1_1' title='bbox 174 318 258 370; x_wconf 76' lang='grc'>189</span> 
     </span>
    </p>
   </div>
   <div class='ocr_carea' id='block_1_2' title="bbox 1184 302 2593 368">
    <p class='ocr_par' dir='ltr' id='par_1_2' title="bbox 1184 302 2593 368">
     <span class='ocr_line' id='line_1_2' title="bbox 1184 302 2593 368; baseline -0.007 -1"><span class='ocrx_word' id='word_1_2' title='bbox 1184 310 1515 368; x_wconf 86' lang='lat' dir='ltr'>LIBELLUS</span> <span class='ocrx_word' id='word_1_3' title='bbox 1554 305 2089 366; x_wconf 86' lang='lat' dir='ltr'>APOLOGETICUS</span> <span class='ocrx_word' id='word_1_4' title='bbox 2129 305 2266 361; x_wconf 77' lang='lat' dir='ltr'>PRO</span> <span class='ocrx_word' id='word_1_5' title='bbox 2302 302 2593 362; x_wconf 82' lang='lat' dir='ltr'>SYNODO.</span> 
     </span>
    </p>
   </div>
   <div class='ocr_carea' id='block_1_3' title="bbox 3554 292 3652 347">
    <p class='ocr_par' dir='ltr' id='par_1_3' title="bbox 3554 292 3652 347">
     <span class='ocr_line' id='line_1_3' title="bbox 3554 292 3652 347; baseline -0.041 0"><span class='ocrx_word' id='word_1_6' title='bbox 3554 292 3652 347; x_wconf 88' lang='grc'>190</span> 
     </span>
    </p>
   </div>
   <div class='ocr_carea' id='block_1_4' title="bbox 168 425 3654 520">
    <p class='ocr_par' dir='ltr' id='par_1_4' title="bbox 168 425 3654 520">
     <span class='ocr_line' id='line_1_4' title="bbox 168 425 3654 520; baseline -0.007 -15"><span class='ocrx_word' id='word_1_7' title='bbox 168 450 310 505; x_wconf 84' lang='lat' dir='ltr'>vobis</span> <span class='ocrx_word' id='word_1_8' title='bbox 358 449 495 504; x_wconf 79' lang='lat' dir='ltr'>caeci</span> <span class='ocrx_word' id='word_1_9' title='bbox 562 449 817 520; x_wconf 87' lang='lat' dir='ltr'>parentis</span> <span class='ocrx_word' id='word_1_10' title='bbox 874 446 1173 503; x_wconf 85' lang='lat' dir='ltr'>desideriis</span> <span class='ocrx_word' id='word_1_11' title='bbox 1202 447 1492 518; x_wconf 89' lang='lat' dir='ltr'>pariturus</span> <span class='ocrx_word' id='word_1_12' title='bbox 1554 445 1844 500; x_wconf 83' lang='lat' dir='ltr'>occurrit?</span> <span class='ocrx_word' id='word_1_13' title='bbox 1882 447 1929 500; x_wconf 85' lang='grc' dir='ltr'>Α</span> <span class='ocrx_word' id='word_1_14' title='bbox 1957 445 2109 500; x_wconf 83' lang='lat' dir='ltr'><strong>tibus</strong></span> <span class='ocrx_word' id='word_1_15' title='bbox 2141 457 2258 496; x_wconf 87' lang='lat' dir='ltr'>non</span> <span class='ocrx_word' id='word_1_16' title='bbox 2290 438 2673 503; x_wconf 89' lang='lat' dir='ltr'>credendum;</span> <span class='ocrx_word' id='word_1_17' title='bbox 2697 436 2779 505; x_wconf 54' lang='lat' dir='ltr'>.Zin</span> <span class='ocrx_word' id='word_1_18' title='bbox 2808 433 3017 507; x_wconf 85' lang='lat' dir='ltr'>quibus</span> <span class='ocrx_word' id='word_1_19' title='bbox 3056 431 3189 487; x_wconf 90' lang='lat' dir='ltr'>odio</span> <span class='ocrx_word' id='word_1_20' title='bbox 3220 425 3654 520; x_wconf 29' lang='lat' dir='ltr'>succensa-vici-</span> 
     </span>
    </p>
   </div>
   <div class='ocr_carea' id='block_1_5' title="bbox 170 536 1854 611">
    <p class='ocr_par' dir='ltr' id='par_1_5' title="bbox 170 536 1854 611">
     <span class='ocr_line' id='line_1_5' title="bbox 170 536 1854 611; baseline -0.003 -19"><span class='ocrx_word' id='word_1_21' title='bbox 170 540 282 611; x_wconf 82' lang='lat' dir='ltr'>quis</span> <span class='ocrx_word' id='word_1_22' title='bbox 328 545 579 592; x_wconf 82' lang='lat' dir='ltr'>vestrum</span> <span class='ocrx_word' id='word_1_23' title='bbox 620 536 921 592; x_wconf 78' lang='lat' dir='ltr'>devotione</span> <span class='ocrx_word' id='word_1_24' title='bbox 989 553 1092 590; x_wconf 87' lang='lat' dir='ltr'>sua</span> <span class='ocrx_word' id='word_1_25' title='bbox 1132 537 1453 607; x_wconf 78' lang='lat' dir='ltr'>genitorem</span> <span class='ocrx_word' id='word_1_26' title='bbox 1471 536 1854 590; x_wconf 83' lang='lat' dir='ltr'>venerabilem</span> 
     </span>
    </p>
   </div>
   <div class='ocr_carea' id='block_1_6' title="bbox 170 626 1854 699">
    <p class='ocr_par' dir='ltr' id='par_1_6' title="bbox 170 626 1854 699">
     <span class='ocr_line' id='line_1_6' title="bbox 170 626 1854 699; baseline -0.004 -16"><span class='ocrx_word' id='word_1_27' title='bbox 170 634 388 699; x_wconf 87' lang='lat' dir='ltr'>captum</span> <span class='ocrx_word' id='word_1_28' title='bbox 424 629 603 682; x_wconf 90' lang='lat' dir='ltr'>oculis</span> <span class='ocrx_word' id='word_1_29' title='bbox 632 628 793 681; x_wconf 90' lang='lat' dir='ltr'>nulla</span> <span class='ocrx_word' id='word_1_30' title='bbox 815 627 949 682; x_wconf 86' lang='lat' dir='ltr'>fecit</span> <span class='ocrx_word' id='word_1_31' title='bbox 973 626 1111 681; x_wconf 90' lang='lat' dir='ltr'>lucis</span> <span class='ocrx_word' id='word_1_32' title='bbox 1145 627 1354 681; x_wconf 90' lang='lat' dir='ltr'>damna</span> <span class='ocrx_word' id='word_1_33' title='bbox 1374 626 1583 679; x_wconf 86' lang='lat' dir='ltr'>sentire</span> <span class='ocrx_word' id='word_1_34' title='bbox 1608 627 1636 679; x_wconf 86' lang='lat'>?</span> <span class='ocrx_word' id='word_1_35' title='bbox 1658 626 1854 678; x_wconf 86' lang='lat' dir='ltr'>Nonne</span> 
     </span>
    </p>
   </div>
   <div class='ocr_carea' id='block_1_7' title="bbox 169 716 1857 786">
    <p class='ocr_par' dir='ltr' id='par_1_7' title="bbox 169 716 1857 786">
     <span class='ocr_line' id='line_1_7' title="bbox 169 716 1857 786; baseline -0.004 -14"><span class='ocrx_word' id='word_1_36' title='bbox 169 719 458 772; x_wconf 81' lang='lat' dir='ltr'>collatione</span> <span class='ocrx_word' id='word_1_37' title='bbox 487 717 855 771; x_wconf 79' lang='lat' dir='ltr'>tenebrarum</span> <span class='ocrx_word' id='word_1_38' title='bbox 883 722 1195 769; x_wconf 88' lang='lat' dir='ltr'>vestrarum</span> <span class='ocrx_word' id='word_1_39' title='bbox 1228 732 1339 769; x_wconf 82' lang='lat' dir='ltr'>nox</span> <span class='ocrx_word' id='word_1_40' title='bbox 1372 716 1745 786; x_wconf 61' lang='lat' dir='ltr'>putaturlper</span> <span class='ocrx_word' id='word_1_41' title='bbox 1768 730 1857 766; x_wconf 90' lang='lat' dir='ltr'>su-</span> 
     </span>
    </p>
   </div>
   <div class='ocr_carea' id='block_1_8' title="bbox 169 804 1852 875">
    <p class='ocr_par' dir='ltr' id='par_1_8' title="bbox 169 804 1852 875">
     <span class='ocr_line' id='line_1_8' title="bbox 169 804 1852 875; baseline -0.003 -14"><span class='ocrx_word' id='word_1_42' title='bbox 169 809 289 861; x_wconf 85' lang='lat' dir='ltr'>dum</span> <span class='ocrx_word' id='word_1_43' title='bbox 358 807 603 860; x_wconf 88' lang='lat' dir='ltr'>rutilans</span> <span class='ocrx_word' id='word_1_44' title='bbox 648 806 821 875; x_wconf 89' lang='lat' dir='ltr'>juhar</span> <span class='ocrx_word' id='word_1_45' title='bbox 866 807 1183 873; x_wconf 89' lang='lat' dir='ltr'>ostendere,</span> <span class='ocrx_word' id='word_1_46' title='bbox 1232 811 1288 858; x_wconf 87' lang='lat' dir='ltr'>et</span> <span class='ocrx_word' id='word_1_47' title='bbox 1321 806 1509 859; x_wconf 89' lang='lat' dir='ltr'>omnis</span> <span class='ocrx_word' id='word_1_48' title='bbox 1547 804 1852 867; x_wconf 90' lang='lat' dir='ltr'>obcuritas,</span> 
     </span>
    </p>
   </div>
   <div class='ocr_carea' id='block_1_9' title="bbox 171 893 1859 963">
    <p class='ocr_par' dir='ltr' id='par_1_9' title="bbox 171 893 1859 963">
     <span class='ocr_line' id='line_1_9' title="bbox 171 893 1859 963; baseline -0.001 -15"><span class='ocrx_word' id='word_1_49' title='bbox 171 896 374 948; x_wconf 86' lang='lat' dir='ltr'>actibus</span> <span class='ocrx_word' id='word_1_50' title='bbox 407 896 608 947; x_wconf 80' lang='lat' dir='ltr'>vestris</span> <span class='ocrx_word' id='word_1_51' title='bbox 638 896 867 963; x_wconf 87' lang='lat' dir='ltr'>collata,</span> <span class='ocrx_word' id='word_1_52' title='bbox 917 895 1184 950; x_wconf 84' lang='lat' dir='ltr'>decorem</span> <span class='ocrx_word' id='word_1_53' title='bbox 1223 895 1355 948; x_wconf 90' lang='lat' dir='ltr'>solis</span> <span class='ocrx_word' id='word_1_54' title='bbox 1400 893 1679 948; x_wconf 84' lang='lat' dir='ltr'>assumit?</span> <span class='ocrx_word' id='word_1_55' title='bbox 1711 895 1859 947; x_wconf 74' lang='lat' dir='ltr'>Prte-</span> 
     </span>
    </p>
   </div>
   <div class='ocr_carea' id='block_1_10' title="bbox 171 983 1857 1053">
    <p class='ocr_par' dir='ltr' id='par_1_10' title="bbox 171 983 1857 1053">
     <span class='ocr_line' id='line_1_10' title="bbox 171 983 1857 1053; baseline -0.003 -14"><span class='ocrx_word' id='word_1_56' title='bbox 171 992 304 1039; x_wconf 88' lang='lat' dir='ltr'>terea</span> <span class='ocrx_word' id='word_1_57' title='bbox 350 989 489 1037; x_wconf 88' lang='lat' dir='ltr'>tunc</span> <span class='ocrx_word' id='word_1_58' title='bbox 543 985 733 1051; x_wconf 71' lang='lat' dir='ltr'>Iacob,</span> <span class='ocrx_word' id='word_1_59' title='bbox 797 983 1054 1053; x_wconf 84' lang='lat' dir='ltr'>quamvis</span> <span class='ocrx_word' id='word_1_60' title='bbox 1129 989 1540 1053; x_wconf 82' lang='lat' dir='ltr'>congruentem</span> <span class='ocrx_word' id='word_1_61' title='bbox 1605 983 1857 1036; x_wconf 88' lang='lat' dir='ltr'>moribus</span> 
     </span>
    </p>
   </div>
   <div class='ocr_carea' id='block_1_11' title="bbox 170 1073 1858 1143">
    <p class='ocr_par' dir='ltr' id='par_1_11' title="bbox 170 1073 1858 1143">
     <span class='ocr_line' id='line_1_11' title="bbox 170 1073 1858 1143; baseline -0.002 -16"><span class='ocrx_word' id='word_1_62' title='bbox 170 1074 275 1135; x_wconf 84' lang='lat' dir='ltr'>ﬁlii,</span> <span class='ocrx_word' id='word_1_63' title='bbox 296 1073 765 1127; x_wconf 89' lang='lat' dir='ltr'>benedictionem</span> <span class='ocrx_word' id='word_1_64' title='bbox 800 1079 1006 1140; x_wconf 75' lang='lat' dir='ltr'>tamen</span> <span class='ocrx_word' id='word_1_65' title='bbox 1050 1074 1294 1127; x_wconf 82' lang='lat' dir='ltr'>contulit</span> <span class='ocrx_word' id='word_1_66' title='bbox 1334 1075 1455 1143; x_wconf 84' lang='lat' dir='ltr'>jam</span> <span class='ocrx_word' id='word_1_67' title='bbox 1514 1073 1858 1142; x_wconf 81' lang='lat' dir='ltr'>promissam</span> 
     </span>
    </p>
   </div>
   <div class='ocr_carea' id='block_1_12' title="bbox 169 1162 1855 1233">
    <p class='ocr_par' dir='ltr' id='par_1_12' title="bbox 169 1162 1855 1233">
     <span class='ocr_line' id='line_1_12' title="bbox 169 1162 1855 1233; baseline -0.001 -18"><span class='ocrx_word' id='word_1_68' title='bbox 169 1163 307 1231; x_wconf 81' lang='lat' dir='ltr'>(Gen.</span> <span class='ocrx_word' id='word_1_69' title='bbox 358 1162 576 1230; x_wconf 72' lang='lat' dir='ltr'>XLVIII).</span> <span class='ocrx_word' id='word_1_70' title='bbox 630 1163 789 1215; x_wconf 82' lang='lat' dir='ltr'>Nunc</span> <span class='ocrx_word' id='word_1_71' title='bbox 859 1162 957 1233; x_wconf 86' lang='lat' dir='ltr'>qui</span> <span class='ocrx_word' id='word_1_72' title='bbox 1027 1162 1116 1215; x_wconf 88' lang='lat' dir='ltr'>his</span> <span class='ocrx_word' id='word_1_73' title='bbox 1173 1162 1401 1231; x_wconf 82' lang='lat' dir='ltr'>longius</span> <span class='ocrx_word' id='word_1_74' title='bbox 1456 1162 1855 1229; x_wconf 89' lang='lat' dir='ltr'>immoramur,</span> 
     </span>
    </p>
   </div>
   <div class='ocr_carea' id='block_1_13' title="bbox 171 1250 1857 1321">
    <p class='ocr_par' dir='ltr' id='par_1_13' title="bbox 171 1250 1857 1321">
     <span class='ocr_line' id='line_1_13' title="bbox 171 1250 1857 1321; baseline -0.001 -15"><span class='ocrx_word' id='word_1_75' title='bbox 171 1268 281 1306; x_wconf 87' lang='lat' dir='ltr'>cum</span> <span class='ocrx_word' id='word_1_76' title='bbox 304 1251 687 1304; x_wconf 89' lang='lat' dir='ltr'>docendinon</span> <span class='ocrx_word' id='word_1_77' title='bbox 720 1252 853 1313; x_wconf 90' lang='lat' dir='ltr'>sint,</span> <span class='ocrx_word' id='word_1_78' title='bbox 899 1251 997 1321; x_wconf 89' lang='lat' dir='ltr'>qui</span> <span class='ocrx_word' id='word_1_79' title='bbox 1016 1252 1195 1304; x_wconf 88' lang='lat' dir='ltr'>calces</span> <span class='ocrx_word' id='word_1_80' title='bbox 1225 1250 1472 1305; x_wconf 82' lang='lat' dir='ltr'>stimulis</span> <span class='ocrx_word' id='word_1_81' title='bbox 1502 1250 1857 1305; x_wconf 82' lang='lat' dir='ltr'>intulerunt?</span> 
     </span>
    </p>
   </div>
   <div class='ocr_carea' id='block_1_14' title="bbox 169 1339 1857 1411">
    <p class='ocr_par' dir='ltr' id='par_1_14' title="bbox 169 1339 1857 1411">
     <span class='ocr_line' id='line_1_14' title="bbox 169 1339 1857 1411; baseline 0 -17"><span class='ocrx_word' id='word_1_82' title='bbox 169 1341 377 1395; x_wconf 84' lang='lat' dir='ltr'>Credite</span> <span class='ocrx_word' id='word_1_83' title='bbox 410 1341 575 1405; x_wconf 89' lang='lat' dir='ltr'>mihi,</span> <span class='ocrx_word' id='word_1_84' title='bbox 624 1342 779 1409; x_wconf 80' lang='lat' dir='ltr'>pacis</span> <span class='ocrx_word' id='word_1_85' title='bbox 826 1340 1059 1394; x_wconf 91' lang='lat' dir='ltr'>inimica</span> <span class='ocrx_word' id='word_1_86' title='bbox 1107 1343 1256 1407; x_wconf 90' lang='lat' dir='ltr'>sunt,</span> <span class='ocrx_word' id='word_1_87' title='bbox 1290 1339 1715 1411; x_wconf 90' lang='lat' dir='ltr'>impugnationi</span> <span class='ocrx_word' id='word_1_88' title='bbox 1743 1356 1857 1394; x_wconf 93' lang='lat' dir='ltr'>non</span> 
     </span>
    </p>
   </div>
   <div class='ocr_carea' id='block_1_15' title="bbox 167 1429 1027 1499">
    <p class='ocr_par' dir='ltr' id='par_1_15' title="bbox 167 1429 1027 1499">
     <span class='ocr_line' id='line_1_15' title="bbox 167 1429 1027 1499; baseline 0.001 -18"><span class='ocrx_word' id='word_1_89' title='bbox 167 1436 283 1483; x_wconf 84' lang='lat' dir='ltr'>sunt</span> <span class='ocrx_word' id='word_1_90' title='bbox 310 1430 549 1498; x_wconf 88' lang='lat' dir='ltr'>idonea,</span> <span class='ocrx_word' id='word_1_91' title='bbox 577 1446 709 1499; x_wconf 74' lang='lat' dir='ltr'>qua:</span> <span class='ocrx_word' id='word_1_92' title='bbox 740 1429 1027 1498; x_wconf 84' lang='lat' dir='ltr'>profertis.</span> 
     </span>
    </p>
   </div>
   <div class='ocr_carea' id='block_1_16' title="bbox 230 1518 1856 1589">
    <p class='ocr_par' dir='ltr' id='par_1_16' title="bbox 230 1518 1856 1589">
     <span class='ocr_line' id='line_1_16' title="bbox 230 1518 1856 1589; baseline -0.001 -16"><span class='ocrx_word' id='word_1_93' title='bbox 230 1519 330 1573; x_wconf 86' lang='lat' dir='ltr'>Sed</span> <span class='ocrx_word' id='word_1_94' title='bbox 357 1519 629 1588; x_wconf 82' lang='lat' dir='ltr'>sequitur</span> <span class='ocrx_word' id='word_1_95' title='bbox 657 1518 951 1571; x_wconf 82' lang='lat' dir='ltr'>vinculum</span> <span class='ocrx_word' id='word_1_96' title='bbox 987 1534 1118 1572; x_wconf 88' lang='lat' dir='ltr'>cum</span> <span class='ocrx_word' id='word_1_97' title='bbox 1140 1518 1465 1588; x_wconf 66' lang='lat' dir='ltr'>aanigmate,</span> <span class='ocrx_word' id='word_1_98' title='bbox 1488 1519 1642 1589; x_wconf 89' lang='lat' dir='ltr'>quod</span> <span class='ocrx_word' id='word_1_99' title='bbox 1664 1518 1856 1572; x_wconf 90' lang='lat' dir='ltr'>nescio</span> 
     </span>
    </p>
   </div>
   <div class='ocr_carea' id='block_1_17' title="bbox 169 1607 1858 1678">
    <p class='ocr_par' dir='ltr' id='par_1_17' title="bbox 169 1607 1858 1678">
     <span class='ocr_line' id='line_1_17' title="bbox 169 1607 1858 1678; baseline 0.002 -21"><span class='ocrx_word' id='word_1_100' title='bbox 169 1624 269 1678; x_wconf 84' lang='lat' dir='ltr'>qua</span> <span class='ocrx_word' id='word_1_101' title='bbox 297 1607 692 1675; x_wconf 84' lang='lat' dir='ltr'>replicatiouis</span> <span class='ocrx_word' id='word_1_102' title='bbox 726 1614 845 1660; x_wconf 88' lang='lat' dir='ltr'>arte</span> <span class='ocrx_word' id='word_1_103' title='bbox 877 1607 1179 1661; x_wconf 83' lang='lat' dir='ltr'>solvamus.</span> <span class='ocrx_word' id='word_1_104' title='bbox 1207 1607 1494 1671; x_wconf 77' lang='lat' dir='ltr'>l&#39;l‘ullianze</span> <span class='ocrx_word' id='word_1_105' title='bbox 1544 1608 1697 1661; x_wconf 91' lang='lat' dir='ltr'>enim</span> <span class='ocrx_word' id='word_1_106' title='bbox 1730 1624 1858 1678; x_wconf 89' lang='lat' dir='ltr'>pro-</span> 
     </span>
    </p>
   </div>
   <div class='ocr_carea' id='block_1_18' title="bbox 168 1695 1858 1766">
    <p class='ocr_par' dir='ltr' id='par_1_18' title="bbox 168 1695 1858 1766">
     <span class='ocr_line' id='line_1_18' title="bbox 168 1695 1858 1766; baseline 0 -17"><span class='ocrx_word' id='word_1_107' title='bbox 168 1695 459 1750; x_wconf 74' lang='lat' dir='ltr'>funditatis</span> <span class='ocrx_word' id='word_1_108' title='bbox 490 1697 732 1766; x_wconf 81' lang='lat' dir='ltr'>pelagus</span> <span class='ocrx_word' id='word_1_109' title='bbox 771 1696 1014 1766; x_wconf 88' lang='lat' dir='ltr'>ingressi</span> <span class='ocrx_word' id='word_1_110' title='bbox 1046 1697 1373 1766; x_wconf 81' lang='lat' dir='ltr'>cymhulam</span> <span class='ocrx_word' id='word_1_111' title='bbox 1414 1702 1665 1749; x_wconf 90' lang='lat' dir='ltr'>nostram</span> <span class='ocrx_word' id='word_1_112' title='bbox 1708 1713 1858 1766; x_wconf 68' lang='lat' dir='ltr'>qure-</span> 
     </span>
    </p>
   </div>
   <div class='ocr_carea' id='block_1_19' title="bbox 172 1786 1855 1855">
    <p class='ocr_par' dir='ltr' id='par_1_19' title="bbox 172 1786 1855 1855">
     <span class='ocr_line' id='line_1_19' title="bbox 172 1786 1855 1855; baseline 0.001 -17"><span class='ocrx_word' id='word_1_113' title='bbox 172 1786 410 1838; x_wconf 87' lang='lat' dir='ltr'>stionum</span> <span class='ocrx_word' id='word_1_114' title='bbox 444 1786 680 1839; x_wconf 83' lang='lat' dir='ltr'>ﬂatibus</span> <span class='ocrx_word' id='word_1_115' title='bbox 737 1802 841 1855; x_wconf 88' lang='lat' dir='ltr'>per</span> <span class='ocrx_word' id='word_1_116' title='bbox 863 1786 1141 1849; x_wconf 64' lang='lat' dir='ltr'>{littorum</span> <span class='ocrx_word' id='word_1_117' title='bbox 1174 1786 1391 1839; x_wconf 89' lang='lat' dir='ltr'>incerta</span> <span class='ocrx_word' id='word_1_118' title='bbox 1441 1786 1855 1839; x_wconf 87' lang='lat' dir='ltr'>transmittunt.</span> 
     </span>
    </p>
   </div>
   <div class='ocr_carea' id='block_1_20' title="bbox 176 1874 1861 1943">
    <p class='ocr_par' dir='ltr' id='par_1_20' title="bbox 176 1874 1861 1943">
     <span class='ocr_line' id='line_1_20' title="bbox 176 1874 1861 1943; baseline 0 -16"><span class='ocrx_word' id='word_1_119' title='bbox 176 1876 226 1928; x_wconf 89' lang='lat' dir='ltr'>In</span> <span class='ocrx_word' id='word_1_120' title='bbox 254 1891 363 1943; x_wconf 79' lang='lat' dir='ltr'>qua</span> <span class='ocrx_word' id='word_1_121' title='bbox 416 1884 638 1941; x_wconf 85' lang='lat' dir='ltr'>tamen,</span> <span class='ocrx_word' id='word_1_122' title='bbox 691 1874 913 1929; x_wconf 84' lang='lat' dir='ltr'>Christo</span> <span class='ocrx_word' id='word_1_123' title='bbox 960 1876 1181 1928; x_wconf 91' lang='lat' dir='ltr'>clavum</span> <span class='ocrx_word' id='word_1_124' title='bbox 1214 1880 1463 1939; x_wconf 86' lang='lat' dir='ltr'>tenente,</span> <span class='ocrx_word' id='word_1_125' title='bbox 1505 1880 1739 1943; x_wconf 88' lang='lat' dir='ltr'>portum</span> <span class='ocrx_word' id='word_1_126' title='bbox 1776 1874 1861 1927; x_wconf 88' lang='lat' dir='ltr'>in-</span> 
     </span>
    </p>
   </div>
   <div class='ocr_carea' id='block_1_21' title="bbox 171 1964 1863 2033">
    <p class='ocr_par' dir='ltr' id='par_1_21' title="bbox 171 1964 1863 2033">
     <span class='ocr_line' id='line_1_21' title="bbox 171 1964 1863 2033; baseline 0.001 -17"><span class='ocrx_word' id='word_1_127' title='bbox 171 1964 405 2033; x_wconf 83' lang='lat' dir='ltr'>grediar,</span> <span class='ocrx_word' id='word_1_128' title='bbox 461 1969 519 2017; x_wconf 90' lang='lat' dir='ltr'>et</span> <span class='ocrx_word' id='word_1_129' title='bbox 561 1964 856 2033; x_wconf 88' lang='lat' dir='ltr'>sigillatim</span> <span class='ocrx_word' id='word_1_130' title='bbox 898 1964 967 2017; x_wconf 91' lang='lat' dir='ltr'>de</span> <span class='ocrx_word' id='word_1_131' title='bbox 999 1964 1326 2017; x_wconf 84' lang='lat' dir='ltr'>turbinibus</span> <span class='ocrx_word' id='word_1_132' title='bbox 1366 1964 1566 2017; x_wconf 78' lang='lat' dir='ltr'>vestris</span> <span class='ocrx_word' id='word_1_133' title='bbox 1596 1964 1863 2018; x_wconf 88' lang='lat' dir='ltr'>universa</span> 
     </span>
    </p>
   </div>
   <div class='ocr_carea' id='block_1_22' title="bbox 173 2052 1863 2111">
    <p class='ocr_par' dir='ltr' id='par_1_22' title="bbox 173 2052 1863 2111">
     <span class='ocr_line' id='line_1_22' title="bbox 173 2052 1863 2111; baseline 0 -6"><span class='ocrx_word' id='word_1_134' title='bbox 173 2052 484 2111; x_wconf 83' lang='lat' dir='ltr'>discutiam,</span> <span class='ocrx_word' id='word_1_135' title='bbox 530 2052 903 2105; x_wconf 83' lang='lat' dir='ltr'>habiturusin</span> <span class='ocrx_word' id='word_1_136' title='bbox 928 2052 1102 2106; x_wconf 89' lang='lat' dir='ltr'>ductu</span> <span class='ocrx_word' id='word_1_137' title='bbox 1127 2052 1359 2107; x_wconf 91' lang='lat' dir='ltr'>illorum</span> <span class='ocrx_word' id='word_1_138' title='bbox 1392 2053 1722 2106; x_wconf 83' lang='lat' dir='ltr'>facultatem</span> <span class='ocrx_word' id='word_1_139' title='bbox 1747 2069 1863 2106; x_wconf 90' lang='lat' dir='ltr'>non</span> 
     </span>
    </p>
   </div>
   <div class='ocr_carea' id='block_1_23' title="bbox 171 2139 1861 2211">
    <p class='ocr_par' dir='ltr' id='par_1_23' title="bbox 171 2139 1861 2211">
     <span class='ocr_line' id='line_1_23' title="bbox 171 2139 1861 2211; baseline 0.001 -19"><span class='ocrx_word' id='word_1_140' title='bbox 171 2156 362 2193; x_wconf 83' lang='lat' dir='ltr'>meam.</span> <span class='ocrx_word' id='word_1_141' title='bbox 391 2139 577 2192; x_wconf 79' lang='lat' dir='ltr'>Aiunt</span> <span class='ocrx_word' id='word_1_142' title='bbox 598 2140 752 2193; x_wconf 91' lang='lat' dir='ltr'>enim</span> <span class='ocrx_word' id='word_1_143' title='bbox 781 2156 793 2194; x_wconf 92' lang='lat'>:</span> <span class='ocrx_word' id='word_1_144' title='bbox 832 2161 852 2189; x_wconf 80' lang='grc' dir='ltr'>ι</span> <span class='ocrx_word' id='word_1_145' title='bbox 884 2141 1022 2194; x_wconf 86' lang='lat' dir='ltr'>Vera</span> <span class='ocrx_word' id='word_1_146' title='bbox 1048 2146 1131 2193; x_wconf 88' lang='lat' dir='ltr'>est</span> <span class='ocrx_word' id='word_1_147' title='bbox 1162 2141 1561 2211; x_wconf 88' lang='lat' dir='ltr'>episcoporum</span> <span class='ocrx_word' id='word_1_148' title='bbox 1604 2140 1861 2207; x_wconf 82' lang='lat' dir='ltr'>assertio,</span> 
     </span>
    </p>
   </div>
   <div class='ocr_carea' id='block_1_24' title="bbox 172 2228 1863 2299">
    <p class='ocr_par' dir='ltr' id='par_1_24' title="bbox 172 2228 1863 2299">
     <span class='ocr_line' id='line_1_24' title="bbox 172 2228 1863 2299; baseline 0.002 -20"><span class='ocrx_word' id='word_1_149' title='bbox 172 2228 304 2281; x_wconf 83' lang='lat' dir='ltr'>sedis</span> <span class='ocrx_word' id='word_1_150' title='bbox 339 2228 675 2298; x_wconf 68' lang='lat' dir='ltr'>apostolicae</span> <span class='ocrx_word' id='word_1_151' title='bbox 708 2230 1010 2299; x_wconf 63' lang='lat' dir='ltr'>praesulem</span> <span class='ocrx_word' id='word_1_152' title='bbox 1034 2230 1325 2283; x_wconf 90' lang='lat' dir='ltr'>minorum</span> <span class='ocrx_word' id='word_1_153' title='bbox 1348 2246 1645 2299; x_wconf 88' lang='lat' dir='ltr'>nunquam</span> <span class='ocrx_word' id='word_1_154' title='bbox 1673 2229 1863 2298; x_wconf 85' lang='lat' dir='ltr'>subja-</span> 
     </span>
    </p>
   </div>
   <div class='ocr_carea' id='block_1_25' title="bbox 171 2318 1866 2386">
    <p class='ocr_par' dir='ltr' id='par_1_25' title="bbox 171 2318 1866 2386">
     <span class='ocr_line' id='line_1_25' title="bbox 171 2318 1866 2386; baseline 0 -15"><span class='ocrx_word' id='word_1_155' title='bbox 171 2318 335 2371; x_wconf 83' lang='lat' dir='ltr'>coisse</span> <span class='ocrx_word' id='word_1_156' title='bbox 365 2318 708 2383; x_wconf 63' lang='lat' dir='ltr'>sententiae;</span> <span class='ocrx_word' id='word_1_157' title='bbox 758 2334 859 2371; x_wconf 89' lang='lat' dir='ltr'>cur</span> <span class='ocrx_word' id='word_1_158' title='bbox 898 2319 967 2371; x_wconf 89' lang='lat' dir='ltr'>ad</span> <span class='ocrx_word' id='word_1_159' title='bbox 1002 2319 1286 2386; x_wconf 83' lang='lat' dir='ltr'>judicium</span> <span class='ocrx_word' id='word_1_160' title='bbox 1337 2318 1593 2371; x_wconf 86' lang='lat' dir='ltr'>districta</span> <span class='ocrx_word' id='word_1_161' title='bbox 1627 2334 1866 2372; x_wconf 88' lang='lat' dir='ltr'>conven-</span> 
     </span>
    </p>
   </div>
   <div class='ocr_carea' id='block_1_26' title="bbox 175 2406 1866 2477">
    <p class='ocr_par' dir='ltr' id='par_1_26' title="bbox 175 2406 1866 2477">
     <span class='ocr_line' id='line_1_26' title="bbox 175 2406 1866 2477; baseline 0.001 -19"><span class='ocrx_word' id='word_1_162' title='bbox 175 2406 313 2459; x_wconf 87' lang='lat' dir='ltr'>tione</span> <span class='ocrx_word' id='word_1_163' title='bbox 343 2407 670 2476; x_wconf 87' lang='lat' dir='ltr'>productus</span> <span class='ocrx_word' id='word_1_164' title='bbox 702 2407 824 2460; x_wconf 83' lang='lat' dir='ltr'>est?</span> <span class='ocrx_word' id='word_1_165' title='bbox 874 2430 901 2456; x_wconf 83' lang='grc'><strong>››</strong></span> <span class='ocrx_word' id='word_1_166' title='bbox 929 2407 1165 2461; x_wconf 83' lang='lat' dir='ltr'>Multum</span> <span class='ocrx_word' id='word_1_167' title='bbox 1198 2408 1431 2477; x_wconf 87' lang='lat' dir='ltr'>quidem</span> <span class='ocrx_word' id='word_1_168' title='bbox 1456 2424 1670 2461; x_wconf 88' lang='lat' dir='ltr'>annosa</span> <span class='ocrx_word' id='word_1_169' title='bbox 1696 2408 1787 2461; x_wconf 89' lang='lat' dir='ltr'>hic</span> <span class='ocrx_word' id='word_1_170' title='bbox 1808 2408 1866 2460; x_wconf 93' lang='lat' dir='ltr'>in</span> 
     </span>
    </p>
   </div>
   <div class='ocr_carea' id='block_1_27' title="bbox 174 2495 1867 2566">
    <p class='ocr_par' dir='ltr' id='par_1_27' title="bbox 174 2495 1867 2566">
     <span class='ocr_line' id='line_1_27' title="bbox 174 2495 1867 2566; baseline 0.002 -19"><span class='ocrx_word' id='word_1_171' title='bbox 174 2495 321 2548; x_wconf 86' lang='lat' dir='ltr'>nobis</span> <span class='ocrx_word' id='word_1_172' title='bbox 363 2496 596 2547; x_wconf 81' lang='lat' dir='ltr'>laborat</span> <span class='ocrx_word' id='word_1_173' title='bbox 648 2495 890 2549; x_wconf 80' lang='lat' dir='ltr'>infantia</span> <span class='ocrx_word' id='word_1_174' title='bbox 924 2513 935 2549; x_wconf 91' lang='lat'>:</span> <span class='ocrx_word' id='word_1_175' title='bbox 985 2498 1075 2549; x_wconf 81' lang='lat' dir='ltr'>cui</span> <span class='ocrx_word' id='word_1_176' title='bbox 1107 2497 1201 2549; x_wconf 87' lang='lat' dir='ltr'>ille</span> <span class='ocrx_word' id='word_1_177' title='bbox 1235 2498 1600 2551; x_wconf 86' lang='lat' dir='ltr'>advocandus</span> <span class='ocrx_word' id='word_1_178' title='bbox 1622 2502 1725 2563; x_wconf 90' lang='lat' dir='ltr'>est,</span> <span class='ocrx_word' id='word_1_179' title='bbox 1767 2496 1867 2566; x_wconf 91' lang='lat' dir='ltr'>qui</span> 
     </span>
    </p>
   </div>
   <div class='ocr_carea' id='block_1_28' title="bbox 172 2583 1867 2656">
    <p class='ocr_par' dir='ltr' id='par_1_28' title="bbox 172 2583 1867 2656">
     <span class='ocr_line' id='line_1_28' title="bbox 172 2583 1867 2656; baseline 0.002 -22"><span class='ocrx_word' id='word_1_180' title='bbox 172 2583 492 2637; x_wconf 76' lang='lat' dir='ltr'>ineluctatze</span> <span class='ocrx_word' id='word_1_181' title='bbox 544 2585 841 2638; x_wconf 88' lang='lat' dir='ltr'>nobiscum</span> <span class='ocrx_word' id='word_1_182' title='bbox 895 2602 1122 2655; x_wconf 87' lang='lat' dir='ltr'>semper</span> <span class='ocrx_word' id='word_1_183' title='bbox 1181 2589 1399 2656; x_wconf 92' lang='lat' dir='ltr'>pondus</span> <span class='ocrx_word' id='word_1_184' title='bbox 1456 2586 1867 2656; x_wconf 83' lang='lat' dir='ltr'>prOpositionis</span> 
     </span>
    </p>
   </div>
   <div class='ocr_carea' id='block_1_29' title="bbox 175 2675 1868 2745">
    <p class='ocr_par' dir='ltr' id='par_1_29' title="bbox 175 2675 1868 2745">
     <span class='ocr_line' id='line_1_29' title="bbox 175 2675 1868 2745; baseline 0.002 -21"><span class='ocrx_word' id='word_1_185' title='bbox 175 2678 505 2741; x_wconf 74' lang='lat' dir='ltr'>exsuperat:</span> <span class='ocrx_word' id='word_1_186' title='bbox 542 2690 676 2727; x_wconf 90' lang='lat' dir='ltr'>cum</span> <span class='ocrx_word' id='word_1_187' title='bbox 700 2675 998 2728; x_wconf 87' lang='lat' dir='ltr'>manifeste</span> <span class='ocrx_word' id='word_1_188' title='bbox 1035 2691 1135 2745; x_wconf 90' lang='lat' dir='ltr'>pro</span> <span class='ocrx_word' id='word_1_189' title='bbox 1166 2676 1554 2728; x_wconf 88' lang='lat' dir='ltr'>sacerdotibus</span> <span class='ocrx_word' id='word_1_190' title='bbox 1585 2691 1711 2728; x_wconf 90' lang='lat' dir='ltr'>cum</span> <span class='ocrx_word' id='word_1_191' title='bbox 1737 2691 1868 2745; x_wconf 86' lang='lat' dir='ltr'>pro-</span> 
     </span>
    </p>
   </div>
   <div class='ocr_carea' id='block_1_30' title="bbox 174 2760 1870 2834">
    <p class='ocr_par' dir='ltr' id='par_1_30' title="bbox 174 2760 1870 2834">
     <span class='ocr_line' id='line_1_30' title="bbox 174 2760 1870 2834; baseline 0.003 -21"><span class='ocrx_word' id='word_1_192' title='bbox 174 2760 330 2829; x_wconf 85' lang='lat' dir='ltr'>pheta</span> <span class='ocrx_word' id='word_1_193' title='bbox 358 2763 660 2815; x_wconf 86' lang='lat' dir='ltr'>clamitem</span> <span class='ocrx_word' id='word_1_194' title='bbox 696 2763 1009 2833; x_wconf 83' lang='lat' dir='ltr'>:Nunquicl</span> <span class='ocrx_word' id='word_1_195' title='bbox 1034 2762 1608 2834; x_wconf 83' lang='lat' dir='ltr'>gloriabitursecuris</span> <span class='ocrx_word' id='word_1_196' title='bbox 1648 2769 1870 2830; x_wconf 61' lang='lat' dir='ltr'>icontra</span> 
     </span>
    </p>
   </div>
   <div class='ocr_carea' id='block_1_31' title="bbox 175 2852 1871 2921">
    <p class='ocr_par' dir='ltr' id='par_1_31' title="bbox 175 2852 1871 2921">
     <span class='ocr_line' id='line_1_31' title="bbox 175 2852 1871 2921; baseline 0.001 -18"><span class='ocrx_word' id='word_1_197' title='bbox 175 2866 289 2903; x_wconf 78' lang='lat' dir='ltr'>eum</span> <span class='ocrx_word' id='word_1_198' title='bbox 312 2852 414 2921; x_wconf 85' lang='lat' dir='ltr'>qui</span> <span class='ocrx_word' id='word_1_199' title='bbox 445 2855 610 2905; x_wconf 82' lang='lat' dir='ltr'>secat</span> <span class='ocrx_word' id='word_1_200' title='bbox 630 2852 691 2905; x_wconf 88' lang='lat' dir='ltr'>in</span> <span class='ocrx_word' id='word_1_201' title='bbox 708 2868 777 2907; x_wconf 90' lang='lat' dir='ltr'>ea</span> <span class='ocrx_word' id='word_1_202' title='bbox 796 2856 823 2906; x_wconf 88' lang='lat'><strong><em>?</em></strong></span> <span class='ocrx_word' id='word_1_203' title='bbox 848 2854 948 2905; x_wconf 85' lang='lat' dir='ltr'>aut</span> <span class='ocrx_word' id='word_1_204' title='bbox 977 2852 1322 2906; x_wconf 73' lang='lat' dir='ltr'>excitabitur</span> <span class='ocrx_word' id='word_1_205' title='bbox 1343 2869 1507 2906; x_wconf 85' lang='lat' dir='ltr'>serra</span> <span class='ocrx_word' id='word_1_206' title='bbox 1527 2856 1729 2906; x_wconf 88' lang='lat' dir='ltr'>contra</span> <span class='ocrx_word' id='word_1_207' title='bbox 1743 2870 1871 2906; x_wconf 87' lang='lat' dir='ltr'>eum</span> 
     </span>
    </p>
   </div>
   <div class='ocr_carea' id='block_1_32' title="bbox 172 2940 1871 3013">
    <p class='ocr_par' dir='ltr' id='par_1_32' title="bbox 172 2940 1871 3013">
     <span class='ocr_line' id='line_1_32' title="bbox 172 2940 1871 3013; baseline 0.002 -21"><span class='ocrx_word' id='word_1_208' title='bbox 172 2940 262 3009; x_wconf 82' lang='lat' dir='ltr'>qui</span> <span class='ocrx_word' id='word_1_209' title='bbox 281 2941 469 2995; x_wconf 74' lang='lat' dir='ltr'>trahit</span> <span class='ocrx_word' id='word_1_210' title='bbox 501 2958 633 2995; x_wconf 86' lang='lat' dir='ltr'>eam</span> <span class='ocrx_word' id='word_1_211' title='bbox 668 2940 837 3011; x_wconf 88' lang='lat' dir='ltr'>(Isai.</span> <span class='ocrx_word' id='word_1_212' title='bbox 873 2958 925 3009; x_wconf 84' lang='lat' dir='ltr'>x,</span> <span class='ocrx_word' id='word_1_213' title='bbox 958 2942 1077 3009; x_wconf 75' lang='lat'>15)?</span> <span class='ocrx_word' id='word_1_214' title='bbox 1101 2943 1243 2994; x_wconf 87' lang='lat' dir='ltr'>utsit</span> <span class='ocrx_word' id='word_1_215' title='bbox 1261 2942 1579 2995; x_wconf 88' lang='lat' dir='ltr'>mibiilllud</span> <span class='ocrx_word' id='word_1_216' title='bbox 1600 2942 1871 3013; x_wconf 71' lang='lat' dir='ltr'>sulfragio</span> 
     </span>
    </p>
   </div>
   <div class='ocr_carea' id='block_1_33' title="bbox 1962 516 3645 604">
    <p class='ocr_par' dir='ltr' id='par_1_33' title="bbox 1962 516 3645 604">
     <span class='ocr_line' id='line_1_33' title="bbox 1962 516 3645 604; baseline -0.012 -15"><span class='ocrx_word' id='word_1_217' title='bbox 1962 537 2111 590; x_wconf 90' lang='lat' dir='ltr'>nitas</span> <span class='ocrx_word' id='word_1_218' title='bbox 2139 548 2242 604; x_wconf 90' lang='lat' dir='ltr'>per</span> <span class='ocrx_word' id='word_1_219' title='bbox 2278 530 2631 584; x_wconf 87' lang='lat' dir='ltr'>nutrimenta</span> <span class='ocrx_word' id='word_1_220' title='bbox 2687 526 2847 580; x_wconf 88' lang='lat' dir='ltr'>arida</span> <span class='ocrx_word' id='word_1_221' title='bbox 2900 525 3193 578; x_wconf 87' lang='lat' dir='ltr'>ﬂammam</span> <span class='ocrx_word' id='word_1_222' title='bbox 3231 516 3645 592; x_wconf 87' lang='lat' dir='ltr'>persecutionis</span> 
     </span>
    </p>
   </div>
   <div class='ocr_carea' id='block_1_34' title="bbox 1964 610 3653 687">
    <p class='ocr_par' dir='ltr' id='par_1_34' title="bbox 1964 610 3653 687">
     <span class='ocr_line' id='line_1_34' title="bbox 1964 610 3653 687; baseline -0.012 -8"><span class='ocrx_word' id='word_1_223' title='bbox 1964 623 2285 687; x_wconf 82' lang='lat' dir='ltr'>exsuscitat,</span> <span class='ocrx_word' id='word_1_224' title='bbox 2336 625 2390 673; x_wconf 87' lang='lat' dir='ltr'>et</span> <span class='ocrx_word' id='word_1_225' title='bbox 2445 619 2768 672; x_wconf 86' lang='lat' dir='ltr'>universam</span> <span class='ocrx_word' id='word_1_226' title='bbox 2814 614 2929 669; x_wconf 89' lang='lat' dir='ltr'>doli</span> <span class='ocrx_word' id='word_1_227' title='bbox 2982 612 3256 668; x_wconf 89' lang='lat' dir='ltr'>fabricam</span> <span class='ocrx_word' id='word_1_228' title='bbox 3316 612 3545 678; x_wconf 89' lang='lat' dir='ltr'>sumptu</span> <span class='ocrx_word' id='word_1_229' title='bbox 3596 610 3653 659; x_wconf 90' lang='lat' dir='ltr'>et</span> 
     </span>
    </p>
   </div>
   <div class='ocr_carea' id='block_1_35' title="bbox 1964 700 3654 773">
    <p class='ocr_par' dir='ltr' id='par_1_35' title="bbox 1964 700 3654 773">
     <span class='ocr_line' id='line_1_35' title="bbox 1964 700 3654 773; baseline -0.013 -4"><span class='ocrx_word' id='word_1_230' title='bbox 1964 712 2242 769; x_wconf 89' lang='lat' dir='ltr'>machinis</span> <span class='ocrx_word' id='word_1_231' title='bbox 2280 708 2696 764; x_wconf 63' lang='lat' dir='ltr'>cohaerentibus</span> <span class='ocrx_word' id='word_1_232' title='bbox 2755 708 2971 759; x_wconf 90' lang='lat' dir='ltr'>secreta</span> <span class='ocrx_word' id='word_1_233' title='bbox 3002 700 3375 773; x_wconf 85' lang='lat' dir='ltr'>dispositione</span> <span class='ocrx_word' id='word_1_234' title='bbox 3425 711 3654 763; x_wconf 84' lang='lat' dir='ltr'>compo-</span> 
     </span>
    </p>
   </div>
   <div class='ocr_carea' id='block_1_36' title="bbox 1964 785 3645 871">
    <p class='ocr_par' dir='ltr' id='par_1_36' title="bbox 1964 785 3645 871">
     <span class='ocr_line' id='line_1_36' title="bbox 1964 785 3645 871; baseline -0.014 -13"><span class='ocrx_word' id='word_1_235' title='bbox 1964 805 2080 871; x_wconf 90' lang='lat' dir='ltr'>nit;</span> <span class='ocrx_word' id='word_1_236' title='bbox 2116 803 2251 857; x_wconf 90' lang='lat' dir='ltr'>istos</span> <span class='ocrx_word' id='word_1_237' title='bbox 2307 815 2435 870; x_wconf 66' lang='lat' dir='ltr'>quae</span> <span class='ocrx_word' id='word_1_238' title='bbox 2465 799 2670 852; x_wconf 87' lang='lat' dir='ltr'>domus</span> <span class='ocrx_word' id='word_1_239' title='bbox 2717 798 3025 857; x_wconf 87' lang='lat' dir='ltr'>evomeret,</span> <span class='ocrx_word' id='word_1_240' title='bbox 3074 791 3172 861; x_wconf 92' lang='lat' dir='ltr'>qui</span> <span class='ocrx_word' id='word_1_241' title='bbox 3201 789 3341 841; x_wconf 88' lang='lat' dir='ltr'>scire</span> <span class='ocrx_word' id='word_1_242' title='bbox 3365 785 3645 857; x_wconf 87' lang='lat' dir='ltr'>potuisset</span> 
     </span>
    </p>
   </div>
   <div class='ocr_carea' id='block_1_37' title="bbox 1963 871 3653 955">
    <p class='ocr_par' dir='ltr' id='par_1_37' title="bbox 1963 871 3653 955">
     <span class='ocr_line' id='line_1_37' title="bbox 1963 871 3653 955; baseline -0.014 -8"><span class='ocrx_word' id='word_1_243' title='bbox 1963 898 2159 947; x_wconf 89' lang='lat' dir='ltr'>nostra</span> <span class='ocrx_word' id='word_1_244' title='bbox 2218 888 2494 955; x_wconf 88' lang='lat' dir='ltr'>collectio,</span> <span class='ocrx_word' id='word_1_245' title='bbox 2558 885 2667 939; x_wconf 89' lang='lat' dir='ltr'>nisi</span> <span class='ocrx_word' id='word_1_246' title='bbox 2714 879 3060 954; x_wconf 67' lang='lat' dir='ltr'>praesentes?</span> <span class='ocrx_word' id='word_1_247' title='bbox 3100 883 3156 932; x_wconf 89' lang='lat' dir='ltr'>et</span> <span class='ocrx_word' id='word_1_248' title='bbox 3198 871 3653 947; x_wconf 90' lang='lat' dir='ltr'>impugnationis</span> 
     </span>
    </p>
   </div>
   <div class='ocr_carea' id='block_1_38' title="bbox 1966 960 3653 1052">
    <p class='ocr_par' dir='ltr' id='par_1_38' title="bbox 1966 960 3653 1052">
     <span class='ocr_line' id='line_1_38' title="bbox 1966 960 3653 1052; baseline -0.015 -17"><span class='ocrx_word' id='word_1_249' title='bbox 1966 980 2301 1052; x_wconf 85' lang='lat' dir='ltr'>qualitatem</span> <span class='ocrx_word' id='word_1_250' title='bbox 2341 976 2491 1029; x_wconf 90' lang='lat' dir='ltr'>unde</span> <span class='ocrx_word' id='word_1_251' title='bbox 2524 972 2633 1027; x_wconf 87' lang='lat' dir='ltr'>nisi</span> <span class='ocrx_word' id='word_1_252' title='bbox 2665 985 2739 1026; x_wconf 76' lang='lat' dir='ltr'>ex</span> <span class='ocrx_word' id='word_1_253' title='bbox 2769 970 2976 1038; x_wconf 87' lang='lat' dir='ltr'>scripta</span> <span class='ocrx_word' id='word_1_254' title='bbox 3003 965 3396 1036; x_wconf 86' lang='lat' dir='ltr'>propositione</span> <span class='ocrx_word' id='word_1_255' title='bbox 3428 960 3653 1052; x_wconf 87' lang='lat' dir='ltr'>didicis-</span> 
     </span>
    </p>
   </div>
   <div class='ocr_carea' id='block_1_39' title="bbox 1965 1051 3652 1138">
    <p class='ocr_par' dir='ltr' id='par_1_39' title="bbox 1965 1051 3652 1138">
     <span class='ocr_line' id='line_1_39' title="bbox 1965 1051 3652 1138; baseline -0.015 -13"><span class='ocrx_word' id='word_1_256' title='bbox 1965 1051 2085 1125; x_wconf 84' lang='lat' dir='ltr'>set?</span> <span class='ocrx_word' id='word_1_257' title='bbox 2116 1070 2175 1123; x_wconf 91' lang='lat' dir='ltr'>in</span> <span class='ocrx_word' id='word_1_258' title='bbox 2202 1068 2409 1138; x_wconf 89' lang='lat' dir='ltr'>quibus</span> <span class='ocrx_word' id='word_1_259' title='bbox 2442 1062 2783 1118; x_wconf 88' lang='lat' dir='ltr'>sententiam</span> <span class='ocrx_word' id='word_1_260' title='bbox 2834 1058 3163 1122; x_wconf 89' lang='lat' dir='ltr'>criminum,</span> <span class='ocrx_word' id='word_1_261' title='bbox 3197 1055 3333 1108; x_wconf 88' lang='lat' dir='ltr'>dum</span> <span class='ocrx_word' id='word_1_262' title='bbox 3382 1051 3652 1104; x_wconf 86' lang='lat' dir='ltr'>simulato</span> 
     </span>
    </p>
   </div>
   <div class='ocr_carea' id='block_1_40' title="bbox 1964 1138 3655 1227">
    <p class='ocr_par' dir='ltr' id='par_1_40' title="bbox 1964 1138 3655 1227">
     <span class='ocr_line' id='line_1_40' title="bbox 1964 1138 3655 1227; baseline -0.014 -15"><span class='ocrx_word' id='word_1_263' title='bbox 1964 1160 2155 1212; x_wconf 86' lang='lat' dir='ltr'>ferunt</span> <span class='ocrx_word' id='word_1_264' title='bbox 2178 1153 2635 1227; x_wconf 88' lang='lat' dir='ltr'>persecutionem</span> <span class='ocrx_word' id='word_1_265' title='bbox 2652 1166 2710 1201; x_wconf 91' lang='lat' dir='ltr'>se</span> <span class='ocrx_word' id='word_1_266' title='bbox 2724 1147 2929 1201; x_wconf 89' lang='lat' dir='ltr'>debere</span> <span class='ocrx_word' id='word_1_267' title='bbox 2946 1143 3300 1207; x_wconf 89' lang='lat' dir='ltr'>criminibus,</span> <span class='ocrx_word' id='word_1_268' title='bbox 3323 1138 3655 1210; x_wconf 85' lang='lat' dir='ltr'>agnovisse?</span> 
     </span>
    </p>
   </div>
   <div class='ocr_carea' id='block_1_41' title="bbox 2036 1226 3654 1313">
    <p class='ocr_par' dir='ltr' id='par_1_41' title="bbox 2036 1226 3654 1313">
     <span class='ocr_line' id='line_1_41' title="bbox 2036 1226 3654 1313; baseline -0.014 -12"><span class='ocrx_word' id='word_1_269' title='bbox 2036 1226 2307 1301; x_wconf 17' lang='lat' dir='ltr'>Postiilla</span> <span class='ocrx_word' id='word_1_270' title='bbox 2353 1242 2576 1313; x_wconf 45' lang='lat' dir='ltr'>quande</span> <span class='ocrx_word' id='word_1_271' title='bbox 2607 1235 3028 1292; x_wconf 80' lang='lat' dir='ltr'>accusatoribus</span> <span class='ocrx_word' id='word_1_272' title='bbox 3056 1232 3277 1303; x_wconf 89' lang='lat' dir='ltr'>prolata</span> <span class='ocrx_word' id='word_1_273' title='bbox 3307 1233 3457 1292; x_wconf 89' lang='lat' dir='ltr'>sunt,</span> <span class='ocrx_word' id='word_1_274' title='bbox 3491 1226 3654 1279; x_wconf 86' lang='lat' dir='ltr'>addi-</span> 
     </span>
    </p>
   </div>
   <div class='ocr_carea' id='block_1_42' title="bbox 1965 1316 3657 1401">
    <p class='ocr_par' dir='ltr' id='par_1_42' title="bbox 1965 1316 3657 1401">
     <span class='ocr_line' id='line_1_42' title="bbox 1965 1316 3657 1401; baseline -0.015 -10"><span class='ocrx_word' id='word_1_275' title='bbox 1965 1336 2124 1391; x_wconf 89' lang='lat' dir='ltr'>distis</span> <span class='ocrx_word' id='word_1_276' title='bbox 2162 1349 2172 1388; x_wconf 91' lang='lat'>:</span> <span class='ocrx_word' id='word_1_277' title='bbox 2213 1356 2233 1382; x_wconf 71' lang='grc' dir='ltr'><strong>α</strong></span> <span class='ocrx_word' id='word_1_278' title='bbox 2270 1332 2292 1365; x_wconf 79' lang='grc'>³</span> <span class='ocrx_word' id='word_1_279' title='bbox 2321 1334 2434 1387; x_wconf 88' lang='lat' dir='ltr'>Cur</span> <span class='ocrx_word' id='word_1_280' title='bbox 2464 1343 2723 1401; x_wconf 66' lang='lat' dir='ltr'>persona)</span> <span class='ocrx_word' id='word_1_281' title='bbox 2774 1326 2948 1396; x_wconf 75' lang='lat' dir='ltr'>jussae</span> <span class='ocrx_word' id='word_1_282' title='bbox 2988 1322 3100 1375; x_wconf 89' lang='lat' dir='ltr'>sint</span> <span class='ocrx_word' id='word_1_283' title='bbox 3132 1316 3484 1391; x_wconf 71' lang='lat' dir='ltr'>praesentari,</span> <span class='ocrx_word' id='word_1_284' title='bbox 3516 1330 3657 1385; x_wconf 72' lang='lat' dir='ltr'>(pias</span> 
     </span>
    </p>
   </div>
   <div class='ocr_carea' id='block_1_43' title="bbox 1965 1405 3653 1497">
    <p class='ocr_par' dir='ltr' id='par_1_43' title="bbox 1965 1405 3653 1497">
     <span class='ocr_line' id='line_1_43' title="bbox 1965 1405 3653 1497; baseline -0.014 -17"><span class='ocrx_word' id='word_1_285' title='bbox 1965 1441 2116 1497; x_wconf 66' lang='lat' dir='ltr'>smpe</span> <span class='ocrx_word' id='word_1_286' title='bbox 2150 1421 2459 1493; x_wconf 89' lang='lat' dir='ltr'>imperialis</span> <span class='ocrx_word' id='word_1_287' title='bbox 2502 1418 2815 1486; x_wconf 83' lang='lat' dir='ltr'>ﬂagitasset</span> <span class='ocrx_word' id='word_1_288' title='bbox 2870 1413 3193 1473; x_wconf 88' lang='lat' dir='ltr'>auctoritas,</span> <span class='ocrx_word' id='word_1_289' title='bbox 3229 1409 3295 1463; x_wconf 88' lang='lat' dir='ltr'>ad</span> <span class='ocrx_word' id='word_1_290' title='bbox 3355 1405 3653 1461; x_wconf 88' lang='lat' dir='ltr'>defrauda-</span> 
     </span>
    </p>
   </div>
   <div class='ocr_carea' id='block_1_44' title="bbox 1966 1497 3657 1583">
    <p class='ocr_par' dir='ltr' id='par_1_44' title="bbox 1966 1497 3657 1583">
     <span class='ocr_line' id='line_1_44' title="bbox 1966 1497 3657 1583; baseline -0.015 -13"><span class='ocrx_word' id='word_1_291' title='bbox 1966 1521 2182 1569; x_wconf 82' lang='lat' dir='ltr'>tionem</span> <span class='ocrx_word' id='word_1_292' title='bbox 2202 1511 2355 1583; x_wconf 87' lang='lat' dir='ltr'>genii</span> <span class='ocrx_word' id='word_1_293' title='bbox 2382 1509 2667 1581; x_wconf 87' lang='lat' dir='ltr'>pertinere</span> <span class='ocrx_word' id='word_1_294' title='bbox 2695 1506 2837 1574; x_wconf 78' lang='lat' dir='ltr'>ejus,</span> <span class='ocrx_word' id='word_1_295' title='bbox 2870 1503 2969 1574; x_wconf 91' lang='lat' dir='ltr'>qui</span> <span class='ocrx_word' id='word_1_296' title='bbox 2995 1517 3148 1555; x_wconf 90' lang='lat' dir='ltr'>nunc</span> <span class='ocrx_word' id='word_1_297' title='bbox 3173 1499 3235 1552; x_wconf 91' lang='lat' dir='ltr'>in</span> <span class='ocrx_word' id='word_1_298' title='bbox 3269 1497 3399 1551; x_wconf 90' lang='lat' dir='ltr'>sede</span> <span class='ocrx_word' id='word_1_299' title='bbox 3433 1498 3657 1583; x_wconf 82' lang='lat' dir='ltr'>aposto-</span> 
     </span>
    </p>
   </div>
   <div class='ocr_carea' id='block_1_45' title="bbox 1969 1580 3657 1673">
    <p class='ocr_par' dir='ltr' id='par_1_45' title="bbox 1969 1580 3657 1673">
     <span class='ocr_line' id='line_1_45' title="bbox 1969 1580 3657 1673; baseline -0.016 -14"><span class='ocrx_word' id='word_1_300' title='bbox 1969 1605 2095 1670; x_wconf 90' lang='lat' dir='ltr'>lica,</span> <span class='ocrx_word' id='word_1_301' title='bbox 2130 1580 2291 1673; x_wconf 79' lang='lat' dir='ltr'>quasi</span> <span class='ocrx_word' id='word_1_302' title='bbox 2325 1580 2656 1670; x_wconf 18' lang='lat' dir='ltr'>iniquadam</span> <span class='ocrx_word' id='word_1_303' title='bbox 2692 1610 2817 1648; x_wconf 86' lang='lat' dir='ltr'>arce</span> <span class='ocrx_word' id='word_1_304' title='bbox 2852 1590 3129 1645; x_wconf 90' lang='lat' dir='ltr'>consistit.</span> <span class='ocrx_word' id='word_1_305' title='bbox 3165 1609 3192 1637; x_wconf 85' lang='grc'><strong>››</strong></span> <span class='ocrx_word' id='word_1_306' title='bbox 3217 1588 3360 1640; x_wconf 84' lang='lat' dir='ltr'>Vere</span> <span class='ocrx_word' id='word_1_307' title='bbox 3390 1582 3548 1673; x_wconf 80' lang='lat' dir='ltr'>vobis</span> <span class='ocrx_word' id='word_1_308' title='bbox 3572 1580 3657 1673; x_wconf 52' lang='lat' dir='ltr'>di:</span> 
     </span>
    </p>
   </div>
   <div class='ocr_carea' id='block_1_46' title="bbox 1970 1669 3661 1762">
    <p class='ocr_par' dir='ltr' id='par_1_46' title="bbox 1970 1669 3661 1762">
     <span class='ocr_line' id='line_1_46' title="bbox 1970 1669 3661 1762; baseline -0.015 -15"><span class='ocrx_word' id='word_1_309' title='bbox 1970 1694 2047 1747; x_wconf 88' lang='lat' dir='ltr'>cit</span> <span class='ocrx_word' id='word_1_310' title='bbox 2083 1669 2415 1762; x_wconf 75' lang='lat' dir='ltr'>Sapientia;</span> <span class='ocrx_word' id='word_1_311' title='bbox 2451 1688 2643 1740; x_wconf 87' lang='lat' dir='ltr'>Homo</span> <span class='ocrx_word' id='word_1_312' title='bbox 2664 1683 2925 1752; x_wconf 80' lang='lat' dir='ltr'>inﬁrmus</span> <span class='ocrx_word' id='word_1_313' title='bbox 2963 1681 3017 1733; x_wconf 85' lang='lat' dir='ltr'>el</span> <span class='ocrx_word' id='word_1_314' title='bbox 3056 1674 3246 1748; x_wconf 76' lang='lat' dir='ltr'>exigui</span> <span class='ocrx_word' id='word_1_315' title='bbox 3276 1670 3547 1762; x_wconf 77' lang='lat' dir='ltr'>temporis</span> <span class='ocrx_word' id='word_1_316' title='bbox 3584 1669 3661 1723; x_wconf 85' lang='lat' dir='ltr'>ad</span> 
     </span>
    </p>
   </div>
   <div class='ocr_carea' id='block_1_47' title="bbox 1964 1758 3660 1847">
    <p class='ocr_par' dir='ltr' id='par_1_47' title="bbox 1964 1758 3660 1847">
     <span class='ocr_line' id='line_1_47' title="bbox 1964 1758 3660 1847; baseline -0.017 -10"><span class='ocrx_word' id='word_1_317' title='bbox 1964 1758 2317 1837; x_wconf 70' lang='lat' dir='ltr'>intellectum</span> <span class='ocrx_word' id='word_1_318' title='bbox 2336 1793 2448 1832; x_wconf 87' lang='lat' dir='ltr'>non</span> <span class='ocrx_word' id='word_1_319' title='bbox 2470 1774 2777 1847; x_wconf 74' lang='lat' dir='ltr'>perveniet,</span> <span class='ocrx_word' id='word_1_320' title='bbox 2795 1770 2895 1825; x_wconf 88' lang='lat' dir='ltr'>sed</span> <span class='ocrx_word' id='word_1_321' title='bbox 2912 1768 3150 1834; x_wconf 86' lang='lat' dir='ltr'>laboret,</span> <span class='ocrx_word' id='word_1_322' title='bbox 3172 1767 3231 1818; x_wconf 87' lang='lat' dir='ltr'>ut</span> <span class='ocrx_word' id='word_1_323' title='bbox 3252 1762 3394 1818; x_wconf 90' lang='lat' dir='ltr'>sciat</span> <span class='ocrx_word' id='word_1_324' title='bbox 3413 1758 3549 1832; x_wconf 85' lang='lat' dir='ltr'>quid</span> <span class='ocrx_word' id='word_1_325' title='bbox 3568 1773 3660 1847; x_wconf 84' lang='lat' dir='ltr'>ac-</span> 
     </span>
    </p>
   </div>
   <div class='ocr_carea' id='block_1_48' title="bbox 1965 1845 3661 1944">
    <p class='ocr_par' dir='ltr' id='par_1_48' title="bbox 1965 1845 3661 1944">
     <span class='ocr_line' id='line_1_48' title="bbox 1965 1845 3661 1944; baseline -0.016 -18"><span class='ocrx_word' id='word_1_326' title='bbox 1965 1874 2190 1942; x_wconf 84' lang='lat' dir='ltr'>ceptum</span> <span class='ocrx_word' id='word_1_327' title='bbox 2217 1867 2289 1923; x_wconf 83' lang='lat' dir='ltr'>sit</span> <span class='ocrx_word' id='word_1_328' title='bbox 2318 1845 2480 1937; x_wconf 73' lang='lat' dir='ltr'>apud</span> <span class='ocrx_word' id='word_1_329' title='bbox 2499 1865 2799 1919; x_wconf 83' lang='lat' dir='ltr'>Dominum</span> <span class='ocrx_word' id='word_1_330' title='bbox 2821 1861 2981 1929; x_wconf 83' lang='lat' dir='ltr'>(Sap.</span> <span class='ocrx_word' id='word_1_331' title='bbox 3023 1873 3097 1922; x_wconf 81' lang='lat' dir='ltr'>1x,</span> <span class='ocrx_word' id='word_1_332' title='bbox 3128 1855 3201 1923; x_wconf 76' lang='lat'>5).</span> <span class='ocrx_word' id='word_1_333' title='bbox 3247 1853 3321 1944; x_wconf 45' lang='lat' dir='ltr'>lit</span> <span class='ocrx_word' id='word_1_334' title='bbox 3340 1852 3551 1944; x_wconf 87' lang='lat' dir='ltr'>iterum</span> 
     </span>
    </p>
   </div>
   <div class='ocr_carea' id='block_1_49' title="bbox 1968 1938 3663 2019">
    <p class='ocr_par' dir='ltr' id='par_1_49' title="bbox 1968 1938 3663 2019">
     <span class='ocr_line' id='line_1_49' title="bbox 1968 1938 3663 2019; baseline -0.015 -6"><span class='ocrx_word' id='word_1_335' title='bbox 1968 1938 2104 2014; x_wconf 71' lang='lat' dir='ltr'>cunt</span> <span class='ocrx_word' id='word_1_336' title='bbox 2132 1954 2465 2011; x_wconf 87' lang='lat' dir='ltr'>Proverbia:</span> <span class='ocrx_word' id='word_1_337' title='bbox 2492 1951 2658 2006; x_wconf 68' lang='lat' dir='ltr'>Odit3</span> <span class='ocrx_word' id='word_1_338' title='bbox 2678 1966 2739 2002; x_wconf 86' lang='lat' dir='ltr'>se</span> <span class='ocrx_word' id='word_1_339' title='bbox 2757 1947 2855 2019; x_wconf 87' lang='lat' dir='ltr'>qui</span> <span class='ocrx_word' id='word_1_340' title='bbox 2874 1943 3108 2017; x_wconf 70' lang='lat' dir='ltr'>negligit</span> <span class='ocrx_word' id='word_1_341' title='bbox 3126 1940 3344 2009; x_wconf 84' lang='lat' dir='ltr'>studia,</span> <span class='ocrx_word' id='word_1_342' title='bbox 3372 1938 3663 2009; x_wconf 84' lang='lat' dir='ltr'>imperitis</span> 
     </span>
    </p>
   </div>
   <div class='ocr_carea' id='block_1_50' title="bbox 1969 2025 3663 2107">
    <p class='ocr_par' dir='ltr' id='par_1_50' title="bbox 1969 2025 3663 2107">
     <span class='ocr_line' id='line_1_50' title="bbox 1969 2025 3663 2107; baseline -0.016 -4"><span class='ocrx_word' id='word_1_343' title='bbox 1969 2047 2119 2104; x_wconf 86' lang='lat' dir='ltr'>enim</span> <span class='ocrx_word' id='word_1_344' title='bbox 2140 2044 2324 2101; x_wconf 86' lang='lat' dir='ltr'>obviat</span> <span class='ocrx_word' id='word_1_345' title='bbox 2352 2059 2506 2096; x_wconf 87' lang='lat' dir='ltr'>mors</span> <span class='ocrx_word' id='word_1_346' title='bbox 2543 2042 2725 2107; x_wconf 87' lang='lat' dir='ltr'>(Prov.</span> <span class='ocrx_word' id='word_1_347' title='bbox 2778 2054 2867 2101; x_wconf 85' lang='lat' dir='ltr'>xv,</span> <span class='ocrx_word' id='word_1_348' title='bbox 2890 2038 2979 2101; x_wconf 75' lang='lat'>32.</span> <span class='ocrx_word' id='word_1_349' title='bbox 3000 2039 3056 2087; x_wconf 88' lang='lat' dir='ltr'>et</span> <span class='ocrx_word' id='word_1_350' title='bbox 3086 2049 3137 2099; x_wconf 75' lang='grc' dir='ltr'>Χ,</span> <span class='ocrx_word' id='word_1_351' title='bbox 3175 2032 3285 2099; x_wconf 75' lang='grc'>21).</span> <span class='ocrx_word' id='word_1_352' title='bbox 3318 2027 3465 2093; x_wconf 87' lang='lat' dir='ltr'>Quid</span> <span class='ocrx_word' id='word_1_353' title='bbox 3506 2025 3663 2079; x_wconf 88' lang='lat' dir='ltr'>enim</span> 
     </span>
    </p>
   </div>
   <div class='ocr_carea' id='block_1_51' title="bbox 1971 2114 3663 2204">
    <p class='ocr_par' dir='ltr' id='par_1_51' title="bbox 1971 2114 3663 2204">
     <span class='ocr_line' id='line_1_51' title="bbox 1971 2114 3663 2204; baseline -0.015 -13"><span class='ocrx_word' id='word_1_354' title='bbox 1971 2138 2130 2193; x_wconf 90' lang='lat' dir='ltr'>illam</span> <span class='ocrx_word' id='word_1_355' title='bbox 2161 2152 2287 2204; x_wconf 66' lang='lat' dir='ltr'>quae</span> <span class='ocrx_word' id='word_1_356' title='bbox 2322 2150 2385 2186; x_wconf 81' lang='lat' dir='ltr'>ex</span> <span class='ocrx_word' id='word_1_357' title='bbox 2411 2128 2668 2200; x_wconf 82' lang='lat' dir='ltr'>viperina</span> <span class='ocrx_word' id='word_1_358' title='bbox 2690 2124 2927 2180; x_wconf 88' lang='lat' dir='ltr'>scientia</span> <span class='ocrx_word' id='word_1_359' title='bbox 2942 2120 3253 2183; x_wconf 90' lang='lat' dir='ltr'>descendit,</span> <span class='ocrx_word' id='word_1_360' title='bbox 3275 2114 3663 2188; x_wconf 87' lang='lat' dir='ltr'>ignorantiam</span> 
     </span>
    </p>
   </div>
   <div class='ocr_carea' id='block_1_52' title="bbox 1971 2207 3665 2294">
    <p class='ocr_par' dir='ltr' id='par_1_52' title="bbox 1971 2207 3665 2294">
     <span class='ocr_line' id='line_1_52' title="bbox 1971 2207 3665 2294; baseline -0.014 -16"><span class='ocrx_word' id='word_1_361' title='bbox 1971 2224 2229 2294; x_wconf 82' lang='lat' dir='ltr'>ﬁngitis?</span> <span class='ocrx_word' id='word_1_362' title='bbox 2269 2222 2408 2292; x_wconf 88' lang='lat' dir='ltr'>quid</span> <span class='ocrx_word' id='word_1_363' title='bbox 2448 2218 2730 2273; x_wconf 90' lang='lat' dir='ltr'>adhibetis</span> <span class='ocrx_word' id='word_1_364' title='bbox 2758 2215 2903 2268; x_wconf 89' lang='lat' dir='ltr'>mira</span> <span class='ocrx_word' id='word_1_365' title='bbox 2946 2207 3321 2265; x_wconf 88' lang='lat' dir='ltr'>latrocinandi</span> <span class='ocrx_word' id='word_1_366' title='bbox 3363 2210 3483 2258; x_wconf 89' lang='lat' dir='ltr'>arte</span> <span class='ocrx_word' id='word_1_367' title='bbox 3512 2218 3665 2294; x_wconf 58' lang='lat' dir='ltr'>prte-</span> 
     </span>
    </p>
   </div>
   <div class='ocr_carea' id='block_1_53' title="bbox 1974 2289 3665 2382">
    <p class='ocr_par' dir='ltr' id='par_1_53' title="bbox 1974 2289 3665 2382">
     <span class='ocr_line' id='line_1_53' title="bbox 1974 2289 3665 2382; baseline -0.014 -15"><span class='ocrx_word' id='word_1_368' title='bbox 1974 2289 2160 2382; x_wconf 75' lang='lat' dir='ltr'>stigia,</span> <span class='ocrx_word' id='word_1_369' title='bbox 2213 2289 2642 2381; x_wconf 79' lang='lat' dir='ltr'>simplicitatem</span> <span class='ocrx_word' id='word_1_370' title='bbox 2686 2306 2874 2358; x_wconf 89' lang='lat' dir='ltr'>fronte</span> <span class='ocrx_word' id='word_1_371' title='bbox 2928 2296 3343 2355; x_wconf 81' lang='lat' dir='ltr'>monstrando?</span> <span class='ocrx_word' id='word_1_372' title='bbox 3386 2296 3461 2349; x_wconf 87' lang='lat' dir='ltr'>De</span> <span class='ocrx_word' id='word_1_373' title='bbox 3509 2289 3665 2382; x_wconf 78' lang='lat' dir='ltr'>vobis</span> 
     </span>
    </p>
   </div>
   <div class='ocr_carea' id='block_1_54' title="bbox 1973 2378 3668 2465">
    <p class='ocr_par' dir='ltr' id='par_1_54' title="bbox 1973 2378 3668 2465">
     <span class='ocr_line' id='line_1_54' title="bbox 1973 2378 3668 2465; baseline -0.014 -9"><span class='ocrx_word' id='word_1_374' title='bbox 1973 2378 2102 2454; x_wconf 64' lang='lat' dir='ltr'>vere</span> <span class='ocrx_word' id='word_1_375' title='bbox 2129 2378 2345 2454; x_wconf 83' lang='lat' dir='ltr'>dictum</span> <span class='ocrx_word' id='word_1_376' title='bbox 2376 2403 2459 2452; x_wconf 90' lang='lat' dir='ltr'>est</span> <span class='ocrx_word' id='word_1_377' title='bbox 2490 2415 2500 2451; x_wconf 92' lang='lat'>:</span> <span class='ocrx_word' id='word_1_378' title='bbox 2524 2396 2627 2462; x_wconf 83' lang='lat' dir='ltr'>Qui</span> <span class='ocrx_word' id='word_1_379' title='bbox 2649 2392 2899 2465; x_wconf 85' lang='lat' dir='ltr'>loquitur</span> <span class='ocrx_word' id='word_1_380' title='bbox 2918 2387 3301 2451; x_wconf 83' lang='lat' dir='ltr'>mendacium,</span> <span class='ocrx_word' id='word_1_381' title='bbox 3323 2400 3390 2437; x_wconf 76' lang='lat' dir='ltr'>ex</span> <span class='ocrx_word' id='word_1_382' title='bbox 3406 2378 3668 2454; x_wconf 78' lang='lat' dir='ltr'>propriis</span> 
     </span>
    </p>
   </div>
   <div class='ocr_carea' id='block_1_55' title="bbox 1974 2470 3710 2561">
    <p class='ocr_par' dir='ltr' id='par_1_55' title="bbox 1974 2470 3710 2561">
     <span class='ocr_line' id='line_1_55' title="bbox 1974 2470 3710 2561; baseline -0.014 -16"><span class='ocrx_word' id='word_1_383' title='bbox 1974 2491 2225 2561; x_wconf 81' lang='lat' dir='ltr'>loquitur</span> <span class='ocrx_word' id='word_1_384' title='bbox 2274 2490 2473 2559; x_wconf 87' lang='lat' dir='ltr'>(Joan.</span> <span class='ocrx_word' id='word_1_385' title='bbox 2509 2502 2624 2553; x_wconf 82' lang='lat' dir='ltr'>vlu,</span> <span class='ocrx_word' id='word_1_386' title='bbox 2650 2486 2763 2553; x_wconf 69' lang='grc'>44).</span> <span class='ocrx_word' id='word_1_387' title='bbox 2797 2484 2964 2535; x_wconf 84' lang='lat' dir='ltr'>Istam</span> <span class='ocrx_word' id='word_1_388' title='bbox 2996 2477 3209 2532; x_wconf 62' lang='lat' dir='ltr'>laetitias</span> <span class='ocrx_word' id='word_1_389' title='bbox 3240 2473 3464 2538; x_wconf 86' lang='lat' dir='ltr'>faciem,</span> <span class='ocrx_word' id='word_1_390' title='bbox 3490 2486 3554 2523; x_wconf 84' lang='lat' dir='ltr'>ex</span> <span class='ocrx_word' id='word_1_391' title='bbox 3580 2470 3669 2537; x_wconf 89' lang='lat' dir='ltr'>ju-</span> <span class='ocrx_word' id='word_1_392' title='bbox 3697 2518 3710 2532; x_wconf 81' lang='grc'><strong>,</strong></span> 
     </span>
    </p>
   </div>
   <div class='ocr_carea' id='block_1_56' title="bbox 1948 2562 3663 2637">
    <p class='ocr_par' dir='ltr' id='par_1_56' title="bbox 1948 2562 3663 2637">
     <span class='ocr_line' id='line_1_56' title="bbox 1948 2562 3663 2637; baseline -0.014 -3"><span class='ocrx_word' id='word_1_393' title='bbox 1948 2566 2255 2634; x_wconf 27' lang='grc' dir='ltr'>λᾶὶοὶοτυω</span> <span class='ocrx_word' id='word_1_394' title='bbox 2287 2592 2527 2631; x_wconf 90' lang='lat' dir='ltr'>censura</span> <span class='ocrx_word' id='word_1_395' title='bbox 2555 2574 2899 2637; x_wconf 84' lang='lat' dir='ltr'>venientem,</span> <span class='ocrx_word' id='word_1_396' title='bbox 2944 2568 3097 2621; x_wconf 82' lang='lat' dir='ltr'>vafra</span> <span class='ocrx_word' id='word_1_397' title='bbox 3128 2562 3453 2636; x_wconf 87' lang='lat' dir='ltr'>provisione</span> <span class='ocrx_word' id='word_1_398' title='bbox 3478 2574 3663 2612; x_wconf 88' lang='lat' dir='ltr'>sacer-</span> 
     </span>
    </p>
   </div>
   <div class='ocr_carea' id='block_1_57' title="bbox 1977 2648 3668 2724">
    <p class='ocr_par' dir='ltr' id='par_1_57' title="bbox 1977 2648 3668 2724">
     <span class='ocr_line' id='line_1_57' title="bbox 1977 2648 3668 2724; baseline -0.014 -2"><span class='ocrx_word' id='word_1_399' title='bbox 1977 2669 2125 2722; x_wconf 90' lang='lat' dir='ltr'>dotis</span> <span class='ocrx_word' id='word_1_400' title='bbox 2156 2667 2338 2721; x_wconf 88' lang='lat' dir='ltr'>nostri</span> <span class='ocrx_word' id='word_1_401' title='bbox 2372 2665 2550 2719; x_wconf 91' lang='lat' dir='ltr'>oculis</span> <span class='ocrx_word' id='word_1_402' title='bbox 2590 2660 2902 2715; x_wconf 87' lang='lat' dir='ltr'>abstulistis</span> <span class='ocrx_word' id='word_1_403' title='bbox 2931 2679 2945 2724; x_wconf 85' lang='lat'>;</span> <span class='ocrx_word' id='word_1_404' title='bbox 2977 2661 3038 2710; x_wconf 90' lang='lat' dir='ltr'>ut</span> <span class='ocrx_word' id='word_1_405' title='bbox 3065 2671 3197 2709; x_wconf 89' lang='lat' dir='ltr'>eum</span> <span class='ocrx_word' id='word_1_406' title='bbox 3239 2652 3449 2706; x_wconf 89' lang='lat' dir='ltr'>talibus</span> <span class='ocrx_word' id='word_1_407' title='bbox 3469 2648 3668 2701; x_wconf 89' lang='lat' dir='ltr'>adver—</span> 
     </span>
    </p>
   </div>
   <div class='ocr_carea' id='block_1_58' title="bbox 1978 2736 3670 2811">
    <p class='ocr_par' dir='ltr' id='par_1_58' title="bbox 1978 2736 3670 2811">
     <span class='ocr_line' id='line_1_58' title="bbox 1978 2736 3670 2811; baseline -0.015 -1"><span class='ocrx_word' id='word_1_408' title='bbox 1978 2774 2071 2811; x_wconf 92' lang='lat' dir='ltr'>sus</span> <span class='ocrx_word' id='word_1_409' title='bbox 2102 2757 2252 2809; x_wconf 83' lang='lat' dir='ltr'>acies</span> <span class='ocrx_word' id='word_1_410' title='bbox 2283 2760 2493 2807; x_wconf 88' lang='lat' dir='ltr'>vestras</span> <span class='ocrx_word' id='word_1_411' title='bbox 2545 2752 2891 2805; x_wconf 88' lang='lat' dir='ltr'>instructum</span> <span class='ocrx_word' id='word_1_412' title='bbox 2952 2740 3389 2804; x_wconf 89' lang='lat' dir='ltr'>munitionibus,</span> <span class='ocrx_word' id='word_1_413' title='bbox 3424 2741 3478 2790; x_wconf 88' lang='lat' dir='ltr'>et</span> <span class='ocrx_word' id='word_1_414' title='bbox 3509 2736 3670 2788; x_wconf 90' lang='lat' dir='ltr'>inno—</span> 
     </span>
    </p>
   </div>
   <div class='ocr_carea' id='block_1_59' title="bbox 1978 2822 3671 2899">
    <p class='ocr_par' dir='ltr' id='par_1_59' title="bbox 1978 2822 3671 2899">
     <span class='ocr_line' id='line_1_59' title="bbox 1978 2822 3671 2899; baseline -0.015 0"><span class='ocrx_word' id='word_1_415' title='bbox 1978 2845 2179 2899; x_wconf 66' lang='lat' dir='ltr'>centiaz</span> <span class='ocrx_word' id='word_1_416' title='bbox 2203 2845 2262 2897; x_wconf 91' lang='lat' dir='ltr'>in</span> <span class='ocrx_word' id='word_1_417' title='bbox 2292 2841 2621 2895; x_wconf 88' lang='lat' dir='ltr'>testimonio</span> <span class='ocrx_word' id='word_1_418' title='bbox 2671 2838 2822 2891; x_wconf 89' lang='lat' dir='ltr'>orbis</span> <span class='ocrx_word' id='word_1_419' title='bbox 2868 2837 2980 2889; x_wconf 87' lang='lat' dir='ltr'>tela</span> <span class='ocrx_word' id='word_1_420' title='bbox 3026 2832 3396 2886; x_wconf 85' lang='lat' dir='ltr'>deferentem.</span> <span class='ocrx_word' id='word_1_421' title='bbox 3432 2825 3501 2877; x_wconf 88' lang='lat' dir='ltr'>ab</span> <span class='ocrx_word' id='word_1_422' title='bbox 3533 2822 3671 2892; x_wconf 92' lang='lat' dir='ltr'>ipsis</span> 
     </span>
    </p>
   </div>
   <div class='ocr_carea' id='block_1_60' title="bbox 1973 2910 3670 3005">
    <p class='ocr_par' dir='ltr' id='par_1_60' title="bbox 1973 2910 3670 3005">
     <span class='ocr_line' id='line_1_60' title="bbox 1973 2910 3670 3005; baseline -0.017 -16"><span class='ocrx_word' id='word_1_423' title='bbox 1973 2935 2327 3005; x_wconf 87' lang='lat' dir='ltr'>judiciorum</span> <span class='ocrx_word' id='word_1_424' title='bbox 2357 2931 2535 3001; x_wconf 81' lang='lat' dir='ltr'>adytis</span> <span class='ocrx_word' id='word_1_425' title='bbox 2571 2928 2890 2998; x_wconf 87' lang='lat' dir='ltr'>pelleretis:</span> <span class='ocrx_word' id='word_1_426' title='bbox 2930 2921 3292 2993; x_wconf 88' lang='lat' dir='ltr'>providentes</span> <span class='ocrx_word' id='word_1_427' title='bbox 3333 2918 3394 2968; x_wconf 89' lang='lat' dir='ltr'>ut</span> <span class='ocrx_word' id='word_1_428' title='bbox 3420 2927 3525 3005; x_wconf 85' lang='lat' dir='ltr'>nec</span> <span class='ocrx_word' id='word_1_429' title='bbox 3547 2910 3670 3005; x_wconf 78' lang='lat' dir='ltr'>sine</span> 
     </span>
    </p>
   </div>
   <div class='ocr_carea' id='block_1_61' title="bbox 174 3001 3671 3100">
    <p class='ocr_par' dir='ltr' id='par_1_61' title="bbox 174 3001 3671 3100">
     <span class='ocr_line' id='line_1_61' title="bbox 174 3001 3671 3100; baseline -0.009 -19"><span class='ocrx_word' id='word_1_430' title='bbox 174 3029 427 3083; x_wconf 86' lang='lat' dir='ltr'>divinum</span> <span class='ocrx_word' id='word_1_431' title='bbox 464 3031 767 3083; x_wconf 88' lang='lat' dir='ltr'>oraculum</span> <span class='ocrx_word' id='word_1_432' title='bbox 795 3047 807 3084; x_wconf 92' lang='lat'>:</span> <span class='ocrx_word' id='word_1_433' title='bbox 841 3031 1123 3100; x_wconf 75' lang='lat' dir='ltr'>Quomodo</span> <span class='ocrx_word' id='word_1_434' title='bbox 1144 3031 1195 3085; x_wconf 89' lang='lat' dir='ltr'>si</span> <span class='ocrx_word' id='word_1_435' title='bbox 1224 3034 1466 3085; x_wconf 79' lang='lat' dir='ltr'>cessavit</span> <span class='ocrx_word' id='word_1_436' title='bbox 1495 3035 1749 3098; x_wconf 73' lang='lat' dir='ltr'>emactor,</span> <span class='ocrx_word' id='word_1_437' title='bbox 1776 3032 1873 3085; x_wconf 85' lang='lat' dir='ltr'>tri—</span> <span class='ocrx_word' id='word_1_438' title='bbox 1910 3036 1950 3089; x_wconf 87' lang='lat' dir='ltr'>C</span> <span class='ocrx_word' id='word_1_439' title='bbox 1985 3022 2418 3093; x_wconf 85' lang='lat' dir='ltr'>impugnatiouc</span> <span class='ocrx_word' id='word_1_440' title='bbox 2452 3020 2648 3072; x_wconf 86' lang='lat' dir='ltr'>insons</span> <span class='ocrx_word' id='word_1_441' title='bbox 2707 3015 2942 3077; x_wconf 86' lang='lat' dir='ltr'>viveret,</span> <span class='ocrx_word' id='word_1_442' title='bbox 2995 3026 3097 3062; x_wconf 88' lang='lat' dir='ltr'>nec</span> <span class='ocrx_word' id='word_1_443' title='bbox 3131 3006 3370 3100; x_wconf 80' lang='lat' dir='ltr'>haberet</span> <span class='ocrx_word' id='word_1_444' title='bbox 3400 3001 3671 3100; x_wconf 73' lang='lat' dir='ltr'>solatium</span> 
     </span>
    </p>
   </div>
   <div class='ocr_carea' id='block_1_62' title="bbox 172 3118 1875 3191">
    <p class='ocr_par' dir='ltr' id='par_1_62' title="bbox 172 3118 1875 3191">
     <span class='ocr_line' id='line_1_62' title="bbox 172 3118 1875 3191; baseline 0.002 -20"><span class='ocrx_word' id='word_1_445' title='bbox 172 3119 355 3172; x_wconf 85' lang='lat' dir='ltr'>butum</span> <span class='ocrx_word' id='word_1_446' title='bbox 378 3118 659 3190; x_wconf 76' lang='lat' dir='ltr'>quiescit;</span> <span class='ocrx_word' id='word_1_447' title='bbox 690 3118 1049 3174; x_wconf 80' lang='lat' dir='ltr'>itacontrivit</span> <span class='ocrx_word' id='word_1_448' title='bbox 1072 3120 1340 3175; x_wconf 79' lang='lat' dir='ltr'>Dominus</span> <span class='ocrx_word' id='word_1_449' title='bbox 1360 3121 1625 3175; x_wconf 88' lang='lat' dir='ltr'>baculum</span> <span class='ocrx_word' id='word_1_450' title='bbox 1672 3120 1875 3191; x_wconf 87' lang='lat' dir='ltr'>impio-</span> 
     </span>
    </p>
   </div>
   <div class='ocr_carea' id='block_1_63' title="bbox 175 3208 1875 3280">
    <p class='ocr_par' dir='ltr' id='par_1_63' title="bbox 175 3208 1875 3280">
     <span class='ocr_line' id='line_1_63' title="bbox 175 3208 1875 3280; baseline 0.002 -21"><span class='ocrx_word' id='word_1_451' title='bbox 175 3224 290 3259; x_wconf 87' lang='lat' dir='ltr'>rum</span> <span class='ocrx_word' id='word_1_452' title='bbox 320 3209 494 3277; x_wconf 70' lang='lat' dir='ltr'>(Isai.</span> <span class='ocrx_word' id='word_1_453' title='bbox 526 3226 641 3273; x_wconf 70' lang='lat' dir='ltr'>xxv,</span> <span class='ocrx_word' id='word_1_454' title='bbox 672 3209 746 3278; x_wconf 77' lang='grc'>4).</span> <span class='ocrx_word' id='word_1_455' title='bbox 802 3208 1030 3271; x_wconf 82' lang='lat' dir='ltr'>Tribue,</span> <span class='ocrx_word' id='word_1_456' title='bbox 1076 3210 1337 3276; x_wconf 87' lang='lat' dir='ltr'>Domine,</span> <span class='ocrx_word' id='word_1_457' title='bbox 1372 3210 1525 3279; x_wconf 89' lang='lat' dir='ltr'>quod</span> <span class='ocrx_word' id='word_1_458' title='bbox 1560 3210 1875 3280; x_wconf 73' lang='lat' dir='ltr'>praedixisti</span> 
     </span>
    </p>
   </div>
   <div class='ocr_carea' id='block_1_64' title="bbox 177 3296 1877 3369">
    <p class='ocr_par' dir='ltr' id='par_1_64' title="bbox 177 3296 1877 3369">
     <span class='ocr_line' id='line_1_64' title="bbox 177 3296 1877 3369; baseline 0.002 -21"><span class='ocrx_word' id='word_1_459' title='bbox 177 3296 226 3349; x_wconf 87' lang='lat' dir='ltr'>in</span> <span class='ocrx_word' id='word_1_460' title='bbox 252 3299 399 3351; x_wconf 88' lang='lat' dir='ltr'>illis:</span> <span class='ocrx_word' id='word_1_461' title='bbox 438 3303 504 3351; x_wconf 88' lang='lat' dir='ltr'>ut</span> <span class='ocrx_word' id='word_1_462' title='bbox 536 3298 685 3351; x_wconf 88' lang='lat' dir='ltr'>sicut</span> <span class='ocrx_word' id='word_1_463' title='bbox 737 3302 891 3350; x_wconf 88' lang='lat' dir='ltr'>errat</span> <span class='ocrx_word' id='word_1_464' title='bbox 933 3298 1123 3351; x_wconf 89' lang='lat' dir='ltr'>ebrius</span> <span class='ocrx_word' id='word_1_465' title='bbox 1168 3302 1223 3351; x_wconf 92' lang='lat' dir='ltr'>et</span> <span class='ocrx_word' id='word_1_466' title='bbox 1256 3315 1514 3363; x_wconf 91' lang='lat' dir='ltr'>vomens,</span> <span class='ocrx_word' id='word_1_467' title='bbox 1556 3299 1630 3351; x_wconf 89' lang='lat' dir='ltr'>ita</span> <span class='ocrx_word' id='word_1_468' title='bbox 1681 3305 1877 3369; x_wconf 89' lang='lat' dir='ltr'>pereat</span> 
     </span>
    </p>
   </div>
   <div class='ocr_carea' id='block_1_65' title="bbox 176 3387 1878 3459">
    <p class='ocr_par' dir='ltr' id='par_1_65' title="bbox 176 3387 1878 3459">
     <span class='ocr_line' id='line_1_65' title="bbox 176 3387 1878 3459; baseline 0.001 -20"><span class='ocrx_word' id='word_1_469' title='bbox 176 3387 501 3440; x_wconf 85' lang='lat' dir='ltr'>incredulus</span> <span class='ocrx_word' id='word_1_470' title='bbox 531 3388 631 3459; x_wconf 88' lang='lat' dir='ltr'>qui</span> <span class='ocrx_word' id='word_1_471' title='bbox 665 3387 978 3440; x_wconf 80' lang='lat' dir='ltr'>inﬁdeliter</span> <span class='ocrx_word' id='word_1_472' title='bbox 1004 3387 1139 3457; x_wconf 87' lang='lat' dir='ltr'>agit.</span> <span class='ocrx_word' id='word_1_473' title='bbox 1168 3390 1403 3459; x_wconf 84' lang='lat' dir='ltr'>Propter</span> <span class='ocrx_word' id='word_1_474' title='bbox 1443 3389 1567 3451; x_wconf 89' lang='lat' dir='ltr'>hoc,</span> <span class='ocrx_word' id='word_1_475' title='bbox 1596 3389 1878 3458; x_wconf 86' lang='lat' dir='ltr'>propheta</span> 
     </span>
    </p>
   </div>
   <div class='ocr_carea' id='block_1_66' title="bbox 176 3476 1879 3546">
    <p class='ocr_par' dir='ltr' id='par_1_66' title="bbox 176 3476 1879 3546">
     <span class='ocr_line' id='line_1_66' title="bbox 176 3476 1879 3546; baseline 0.002 -18"><span class='ocrx_word' id='word_1_476' title='bbox 176 3476 326 3529; x_wconf 86' lang='lat' dir='ltr'>vobis</span> <span class='ocrx_word' id='word_1_477' title='bbox 356 3478 649 3530; x_wconf 84' lang='lat' dir='ltr'>insultans</span> <span class='ocrx_word' id='word_1_478' title='bbox 670 3477 939 3530; x_wconf 86' lang='lat' dir='ltr'>vociferat</span> <span class='ocrx_word' id='word_1_479' title='bbox 972 3494 984 3531; x_wconf 90' lang='lat'>:</span> <span class='ocrx_word' id='word_1_480' title='bbox 1018 3477 1467 3531; x_wconf 80' lang='lat' dir='ltr'>Auditeverbum</span> <span class='ocrx_word' id='word_1_481' title='bbox 1497 3477 1879 3546; x_wconf 69' lang='lat' dir='ltr'>Do~mini,viri</span> 
     </span>
    </p>
   </div>
   <div class='ocr_carea' id='block_1_67' title="bbox 174 3565 1878 3637">
    <p class='ocr_par' dir='ltr' id='par_1_67' title="bbox 174 3565 1878 3637">
     <span class='ocr_line' id='line_1_67' title="bbox 174 3565 1878 3637; baseline 0.002 -20"><span class='ocrx_word' id='word_1_482' title='bbox 174 3565 439 3619; x_wconf 80' lang='lat' dir='ltr'>illusores</span> <span class='ocrx_word' id='word_1_483' title='bbox 504 3565 669 3634; x_wconf 85' lang='lat' dir='ltr'>(Isai.</span> <span class='ocrx_word' id='word_1_484' title='bbox 732 3583 925 3630; x_wconf 80' lang='lat' dir='ltr'>xxvm,</span> <span class='ocrx_word' id='word_1_485' title='bbox 982 3566 1087 3636; x_wconf 83' lang='grc'>14).</span> <span class='ocrx_word' id='word_1_486' title='bbox 1139 3568 1528 3637; x_wconf 86' lang='lat' dir='ltr'>Quisquamne</span> <span class='ocrx_word' id='word_1_487' title='bbox 1577 3583 1878 3621; x_wconf 88' lang='lat' dir='ltr'>causarum</span> 
     </span>
    </p>
   </div>
   <div class='ocr_carea' id='block_1_68' title="bbox 175 3656 1877 3724">
    <p class='ocr_par' dir='ltr' id='par_1_68' title="bbox 175 3656 1877 3724">
     <span class='ocr_line' id='line_1_68' title="bbox 175 3656 1877 3724; baseline 0.001 -17"><span class='ocrx_word' id='word_1_488' title='bbox 175 3670 233 3707; x_wconf 76' lang='lat' dir='ltr'>ex</span> <span class='ocrx_word' id='word_1_489' title='bbox 263 3656 726 3724; x_wconf 62' lang='lat' dir='ltr'>pra-cognitione</span> <span class='ocrx_word' id='word_1_490' title='bbox 773 3656 951 3709; x_wconf 87' lang='lat' dir='ltr'>sancit</span> <span class='ocrx_word' id='word_1_491' title='bbox 1006 3662 1298 3721; x_wconf 83' lang='lat' dir='ltr'>eventum,</span> <span class='ocrx_word' id='word_1_492' title='bbox 1362 3662 1416 3709; x_wconf 91' lang='lat' dir='ltr'>et</span> <span class='ocrx_word' id='word_1_493' title='bbox 1444 3656 1658 3711; x_wconf 83' lang='lat' dir='ltr'>rabidis</span> <span class='ocrx_word' id='word_1_494' title='bbox 1680 3656 1877 3709; x_wconf 85' lang='lat' dir='ltr'>termi-</span> 
     </span>
    </p>
   </div>
   <div class='ocr_carea' id='block_1_69' title="bbox 177 3744 1879 3816">
    <p class='ocr_par' dir='ltr' id='par_1_69' title="bbox 177 3744 1879 3816">
     <span class='ocr_line' id='line_1_69' title="bbox 177 3744 1879 3816; baseline 0.001 -19"><span class='ocrx_word' id='word_1_495' title='bbox 177 3760 304 3797; x_wconf 89' lang='lat' dir='ltr'>num</span> <span class='ocrx_word' id='word_1_496' title='bbox 326 3746 598 3816; x_wconf 85' lang='lat' dir='ltr'>positura</span> <span class='ocrx_word' id='word_1_497' title='bbox 645 3745 1006 3798; x_wconf 87' lang='lat' dir='ltr'>conflictibus</span> <span class='ocrx_word' id='word_1_498' title='bbox 1060 3745 1139 3797; x_wconf 88' lang='lat' dir='ltr'>sic</span> <span class='ocrx_word' id='word_1_499' title='bbox 1180 3746 1433 3810; x_wconf 88' lang='lat' dir='ltr'>metitur,</span> <span class='ocrx_word' id='word_1_500' title='bbox 1471 3750 1531 3798; x_wconf 89' lang='lat' dir='ltr'>ut</span> <span class='ocrx_word' id='word_1_501' title='bbox 1558 3744 1755 3815; x_wconf 83' lang='lat' dir='ltr'>pernix</span> <span class='ocrx_word' id='word_1_502' title='bbox 1780 3745 1879 3799; x_wconf 89' lang='lat' dir='ltr'>de-</span> 
     </span>
    </p>
   </div>
   <div class='ocr_carea' id='block_1_70' title="bbox 178 3833 1879 3904">
    <p class='ocr_par' dir='ltr' id='par_1_70' title="bbox 178 3833 1879 3904">
     <span class='ocr_line' id='line_1_70' title="bbox 178 3833 1879 3904; baseline 0 -17"><span class='ocrx_word' id='word_1_503' title='bbox 178 3834 325 3899; x_wconf 83' lang='lat' dir='ltr'>cisio,</span> <span class='ocrx_word' id='word_1_504' title='bbox 358 3836 509 3888; x_wconf 87' lang='lat' dir='ltr'>dum</span> <span class='ocrx_word' id='word_1_505' title='bbox 542 3833 915 3904; x_wconf 85' lang='lat' dir='ltr'>inquisitione</span> <span class='ocrx_word' id='word_1_506' title='bbox 971 3850 1091 3886; x_wconf 88' lang='lat' dir='ltr'>esse</span> <span class='ocrx_word' id='word_1_507' title='bbox 1143 3834 1334 3887; x_wconf 89' lang='lat' dir='ltr'>senior</span> <span class='ocrx_word' id='word_1_508' title='bbox 1364 3834 1689 3899; x_wconf 87' lang='lat' dir='ltr'>innotescit,</span> <span class='ocrx_word' id='word_1_509' title='bbox 1718 3834 1879 3887; x_wconf 87' lang='lat' dir='ltr'>favo-</span> 
     </span>
    </p>
   </div>
   <div class='ocr_carea' id='block_1_71' title="bbox 179 3921 1879 3993">
    <p class='ocr_par' dir='ltr' id='par_1_71' title="bbox 179 3921 1879 3993">
     <span class='ocr_line' id='line_1_71' title="bbox 179 3921 1879 3993; baseline 0.001 -21"><span class='ocrx_word' id='word_1_510' title='bbox 179 3937 292 3975; x_wconf 84' lang='lat' dir='ltr'>rem</span> <span class='ocrx_word' id='word_1_511' title='bbox 311 3922 613 3976; x_wconf 87' lang='lat' dir='ltr'>censentis</span> <span class='ocrx_word' id='word_1_512' title='bbox 649 3921 912 3976; x_wconf 79' lang='lat' dir='ltr'>accuset?</span> <span class='ocrx_word' id='word_1_513' title='bbox 961 3923 1121 3976; x_wconf 84' lang='lat' dir='ltr'>Nunc</span> <span class='ocrx_word' id='word_1_514' title='bbox 1149 3923 1443 3993; x_wconf 88' lang='lat' dir='ltr'>paulisper</span> <span class='ocrx_word' id='word_1_515' title='bbox 1491 3939 1610 3988; x_wconf 89' lang='lat' dir='ltr'>ore,</span> <span class='ocrx_word' id='word_1_516' title='bbox 1641 3922 1879 3987; x_wconf 88' lang='lat' dir='ltr'>actibus,</span> 
     </span>
    </p>
   </div>
   <div class='ocr_carea' id='block_1_72' title="bbox 176 3998 1883 4081">
    <p class='ocr_par' dir='ltr' id='par_1_72' title="bbox 176 3998 1883 4081">
     <span class='ocr_line' id='line_1_72' title="bbox 176 3998 1883 4081; baseline 0.001 -19"><span class='ocrx_word' id='word_1_517' title='bbox 176 4012 337 4065; x_wconf 87' lang='lat' dir='ltr'>annis</span> <span class='ocrx_word' id='word_1_518' title='bbox 366 3998 676 4081; x_wconf 73' lang='lat' dir='ltr'>indignus,</span> <span class='ocrx_word' id='word_1_519' title='bbox 711 4012 1025 4081; x_wconf 82' lang='lat' dir='ltr'>pontiﬁcali</span> <span class='ocrx_word' id='word_1_520' title='bbox 1057 4027 1186 4065; x_wconf 89' lang='lat' dir='ltr'>voce</span> <span class='ocrx_word' id='word_1_521' title='bbox 1218 4028 1311 4065; x_wconf 85' lang='lat' dir='ltr'>vos</span> <span class='ocrx_word' id='word_1_522' title='bbox 1328 4027 1586 4079; x_wconf 81' lang='lat' dir='ltr'>arguam.</span> <span class='ocrx_word' id='word_1_523' title='bbox 1624 4013 1752 4079; x_wconf 87' lang='lat' dir='ltr'>Nos,</span> <span class='ocrx_word' id='word_1_524' title='bbox 1782 4011 1883 4081; x_wconf 92' lang='lat' dir='ltr'>qui</span> 
     </span>
    </p>
   </div>
   <div class='ocr_carea' id='block_1_73' title="bbox 176 4086 1882 4170">
    <p class='ocr_par' dir='ltr' id='par_1_73' title="bbox 176 4086 1882 4170">
     <span class='ocr_line' id='line_1_73' title="bbox 176 4086 1882 4170; baseline 0.001 -19"><span class='ocrx_word' id='word_1_525' title='bbox 176 4106 379 4155; x_wconf 86' lang='lat' dir='ltr'>statuta</span> <span class='ocrx_word' id='word_1_526' title='bbox 416 4106 624 4154; x_wconf 86' lang='lat' dir='ltr'>nostra</span> <span class='ocrx_word' id='word_1_527' title='bbox 654 4117 769 4153; x_wconf 92' lang='lat' dir='ltr'>non</span> <span class='ocrx_word' id='word_1_528' title='bbox 798 4117 912 4153; x_wconf 89' lang='lat' dir='ltr'>una</span> <span class='ocrx_word' id='word_1_529' title='bbox 942 4100 1092 4170; x_wconf 88' lang='lat' dir='ltr'>apud</span> <span class='ocrx_word' id='word_1_530' title='bbox 1130 4116 1224 4153; x_wconf 90' lang='lat' dir='ltr'>vos</span> <span class='ocrx_word' id='word_1_531' title='bbox 1245 4086 1505 4153; x_wconf 83' lang='lat' dir='ltr'>volumus</span> <span class='ocrx_word' id='word_1_532' title='bbox 1546 4100 1706 4153; x_wconf 88' lang='lat' dir='ltr'>lance</span> <span class='ocrx_word' id='word_1_533' title='bbox 1739 4116 1882 4153; x_wconf 92' lang='lat' dir='ltr'>con-</span> 
     </span>
    </p>
   </div>
   <div class='ocr_carea' id='block_1_74' title="bbox 179 4188 1883 4262">
    <p class='ocr_par' dir='ltr' id='par_1_74' title="bbox 179 4188 1883 4262">
     <span class='ocr_line' id='line_1_74' title="bbox 179 4188 1883 4262; baseline 0.001 -22"><span class='ocrx_word' id='word_1_534' title='bbox 179 4194 343 4257; x_wconf 84' lang='lat' dir='ltr'>stare,</span> <span class='ocrx_word' id='word_1_535' title='bbox 376 4189 602 4262; x_wconf 87' lang='lat' dir='ltr'>quibus</span> <span class='ocrx_word' id='word_1_536' title='bbox 660 4190 728 4243; x_wconf 87' lang='lat' dir='ltr'>de</span> <span class='ocrx_word' id='word_1_537' title='bbox 783 4189 1254 4260; x_wconf 81' lang='lat' dir='ltr'>impugnatorum</span> <span class='ocrx_word' id='word_1_538' title='bbox 1303 4188 1578 4259; x_wconf 83' lang='lat' dir='ltr'>qualitate</span> <span class='ocrx_word' id='word_1_539' title='bbox 1609 4188 1711 4242; x_wconf 87' lang='lat' dir='ltr'>lati</span> <span class='ocrx_word' id='word_1_540' title='bbox 1752 4192 1883 4241; x_wconf 89' lang='lat' dir='ltr'>sunt</span> 
     </span>
    </p>
   </div>
   <div class='ocr_carea' id='block_1_75' title="bbox 176 4276 1907 4348">
    <p class='ocr_par' dir='ltr' id='par_1_75' title="bbox 176 4276 1907 4348">
     <span class='ocr_line' id='line_1_75' title="bbox 176 4276 1907 4348; baseline -0.001 -16"><span class='ocrx_word' id='word_1_541' title='bbox 176 4295 449 4346; x_wconf 86' lang='lat' dir='ltr'>canones,</span> <span class='ocrx_word' id='word_1_542' title='bbox 506 4278 661 4348; x_wconf 88' lang='lat' dir='ltr'>apud</span> <span class='ocrx_word' id='word_1_543' title='bbox 712 4295 855 4348; x_wconf 89' lang='lat' dir='ltr'>quos</span> <span class='ocrx_word' id='word_1_544' title='bbox 890 4278 1048 4331; x_wconf 65' lang='lat' dir='ltr'>nefas</span> <span class='ocrx_word' id='word_1_545' title='bbox 1099 4284 1184 4332; x_wconf 89' lang='lat' dir='ltr'>est</span> <span class='ocrx_word' id='word_1_546' title='bbox 1214 4294 1353 4331; x_wconf 89' lang='lat' dir='ltr'>cana</span> <span class='ocrx_word' id='word_1_547' title='bbox 1384 4283 1613 4347; x_wconf 88' lang='lat' dir='ltr'>patrum</span> <span class='ocrx_word' id='word_1_548' title='bbox 1640 4276 1907 4331; x_wconf 50' lang='lat' dir='ltr'>difﬁnita&#39;</span> 
     </span>
    </p>
   </div>
   <div class='ocr_carea' id='block_1_76' title="bbox 1982 3091 3675 3179">
    <p class='ocr_par' dir='ltr' id='par_1_76' title="bbox 1982 3091 3675 3179">
     <span class='ocr_line' id='line_1_76' title="bbox 1982 3091 3675 3179; baseline -0.017 -12"><span class='ocrx_word' id='word_1_549' title='bbox 1982 3114 2050 3167; x_wconf 91' lang='lat' dir='ltr'>de</span> <span class='ocrx_word' id='word_1_550' title='bbox 2071 3091 2405 3179; x_wconf 78' lang='lat' dir='ltr'>incorrupta</span> <span class='ocrx_word' id='word_1_551' title='bbox 2422 3107 2682 3178; x_wconf 85' lang='lat' dir='ltr'>judicum</span> <span class='ocrx_word' id='word_1_552' title='bbox 2706 3100 3078 3173; x_wconf 87' lang='lat' dir='ltr'>inquisitione</span> <span class='ocrx_word' id='word_1_553' title='bbox 3101 3096 3375 3167; x_wconf 87' lang='lat' dir='ltr'>pulsatus.</span> <span class='ocrx_word' id='word_1_554' title='bbox 3403 3091 3512 3142; x_wconf 88' lang='lat' dir='ltr'>Vos</span> <span class='ocrx_word' id='word_1_555' title='bbox 3532 3103 3675 3179; x_wconf 73' lang='lat' dir='ltr'>pra)-</span> 
     </span>
    </p>
   </div>
   <div class='ocr_carea' id='block_1_77' title="bbox 1983 3178 3673 3256">
    <p class='ocr_par' dir='ltr' id='par_1_77' title="bbox 1983 3178 3673 3256">
     <span class='ocr_line' id='line_1_77' title="bbox 1983 3178 3673 3256; baseline -0.017 -1"><span class='ocrx_word' id='word_1_556' title='bbox 1983 3203 2098 3256; x_wconf 86' lang='lat' dir='ltr'>fato</span> <span class='ocrx_word' id='word_1_557' title='bbox 2130 3178 2431 3254; x_wconf 89' lang='lat' dir='ltr'>etdedistis</span> <span class='ocrx_word' id='word_1_558' title='bbox 2464 3202 2519 3250; x_wconf 90' lang='lat' dir='ltr'>et</span> <span class='ocrx_word' id='word_1_559' title='bbox 2545 3193 2828 3249; x_wconf 89' lang='lat' dir='ltr'>invidistis</span> <span class='ocrx_word' id='word_1_560' title='bbox 2852 3203 3113 3253; x_wconf 82' lang='lat' dir='ltr'>examen,</span> <span class='ocrx_word' id='word_1_561' title='bbox 3146 3200 3275 3238; x_wconf 88' lang='lat' dir='ltr'>cum</span> <span class='ocrx_word' id='word_1_562' title='bbox 3310 3197 3423 3235; x_wconf 92' lang='lat' dir='ltr'>uno</span> <span class='ocrx_word' id='word_1_563' title='bbox 3447 3178 3673 3231; x_wconf 87' lang='lat' dir='ltr'>eodem-</span> 
     </span>
    </p>
   </div>
   <div class='ocr_carea' id='block_1_78' title="bbox 1986 3266 3677 3360">
    <p class='ocr_par' dir='ltr' id='par_1_78' title="bbox 1986 3266 3677 3360">
     <span class='ocr_line' id='line_1_78' title="bbox 1986 3266 3677 3360; baseline -0.017 -16"><span class='ocrx_word' id='word_1_564' title='bbox 1986 3306 2095 3360; x_wconf 89' lang='lat' dir='ltr'>que</span> <span class='ocrx_word' id='word_1_565' title='bbox 2145 3289 2348 3342; x_wconf 87' lang='lat' dir='ltr'>itinere</span> <span class='ocrx_word' id='word_1_566' title='bbox 2388 3304 2421 3341; x_wconf 91' lang='lat' dir='ltr'>a</span> <span class='ocrx_word' id='word_1_567' title='bbox 2468 3284 2628 3338; x_wconf 87' lang='lat' dir='ltr'>vobis</span> <span class='ocrx_word' id='word_1_568' title='bbox 2676 3279 3155 3350; x_wconf 87' lang='lat' dir='ltr'>disceptationum</span> <span class='ocrx_word' id='word_1_569' title='bbox 3203 3270 3375 3327; x_wconf 87' lang='lat' dir='ltr'>dubia</span> <span class='ocrx_word' id='word_1_570' title='bbox 3411 3266 3600 3321; x_wconf 88' lang='lat' dir='ltr'>subire</span> <span class='ocrx_word' id='word_1_571' title='bbox 3621 3267 3677 3360; x_wconf 76' lang='lat' dir='ltr'>et</span> 
     </span>
    </p>
   </div>
   <div class='ocr_carea' id='block_1_79' title="bbox 1984 3352 3677 3449">
    <p class='ocr_par' dir='ltr' id='par_1_79' title="bbox 1984 3352 3677 3449">
     <span class='ocr_line' id='line_1_79' title="bbox 1984 3352 3677 3449; baseline -0.017 -15"><span class='ocrx_word' id='word_1_572' title='bbox 1984 3352 2344 3449; x_wconf 75' lang='lat' dir='ltr'>prohibetur,</span> <span class='ocrx_word' id='word_1_573' title='bbox 2376 3381 2431 3429; x_wconf 91' lang='lat' dir='ltr'>et</span> <span class='ocrx_word' id='word_1_574' title='bbox 2456 3374 2712 3443; x_wconf 87' lang='lat' dir='ltr'>cogitur;</span> <span class='ocrx_word' id='word_1_575' title='bbox 2742 3374 2798 3424; x_wconf 87' lang='lat' dir='ltr'>et</span> <span class='ocrx_word' id='word_1_576' title='bbox 2824 3385 2928 3440; x_wconf 91' lang='lat' dir='ltr'>per</span> <span class='ocrx_word' id='word_1_577' title='bbox 2954 3364 3302 3435; x_wconf 86' lang='lat' dir='ltr'>singularem</span> <span class='ocrx_word' id='word_1_578' title='bbox 3351 3357 3555 3449; x_wconf 83' lang='lat' dir='ltr'>callem</span> <span class='ocrx_word' id='word_1_579' title='bbox 3605 3352 3677 3405; x_wconf 89' lang='lat' dir='ltr'>ad</span> 
     </span>
    </p>
   </div>
   <div class='ocr_carea' id='block_1_80' title="bbox 1986 3445 3677 3525">
    <p class='ocr_par' dir='ltr' id='par_1_80' title="bbox 1986 3445 3677 3525">
     <span class='ocr_line' id='line_1_80' title="bbox 1986 3445 3677 3525; baseline -0.017 -2"><span class='ocrx_word' id='word_1_580' title='bbox 1986 3445 2212 3522; x_wconf 78' lang='lat' dir='ltr'>causam</span> <span class='ocrx_word' id='word_1_581' title='bbox 2248 3465 2521 3520; x_wconf 88' lang='lat' dir='ltr'>arcendus</span> <span class='ocrx_word' id='word_1_582' title='bbox 2577 3464 2875 3525; x_wconf 87' lang='lat' dir='ltr'>evocatur;</span> <span class='ocrx_word' id='word_1_583' title='bbox 2918 3472 2989 3511; x_wconf 89' lang='lat' dir='ltr'>ne</span> <span class='ocrx_word' id='word_1_584' title='bbox 3028 3452 3390 3508; x_wconf 83' lang='lat' dir='ltr'>manifestam</span> <span class='ocrx_word' id='word_1_585' title='bbox 3433 3445 3677 3498; x_wconf 89' lang='lat' dir='ltr'>salutem</span> 
     </span>
    </p>
   </div>
   <div class='ocr_carea' id='block_1_81' title="bbox 1988 3535 3675 3613">
    <p class='ocr_par' dir='ltr' id='par_1_81' title="bbox 1988 3535 3675 3613">
     <span class='ocr_line' id='line_1_81' title="bbox 1988 3535 3675 3613; baseline -0.017 -1"><span class='ocrx_word' id='word_1_586' title='bbox 1988 3563 2087 3611; x_wconf 88' lang='lat' dir='ltr'>aut</span> <span class='ocrx_word' id='word_1_587' title='bbox 2117 3573 2229 3610; x_wconf 90' lang='lat' dir='ltr'>non</span> <span class='ocrx_word' id='word_1_588' title='bbox 2253 3555 2542 3609; x_wconf 90' lang='lat' dir='ltr'>lacessitus</span> <span class='ocrx_word' id='word_1_589' title='bbox 2562 3551 2869 3613; x_wconf 89' lang='lat' dir='ltr'>obtineret,</span> <span class='ocrx_word' id='word_1_590' title='bbox 2894 3550 2993 3599; x_wconf 90' lang='lat' dir='ltr'>aut</span> <span class='ocrx_word' id='word_1_591' title='bbox 3013 3541 3335 3610; x_wconf 88' lang='lat' dir='ltr'>subriperet</span> <span class='ocrx_word' id='word_1_592' title='bbox 3359 3535 3675 3590; x_wconf 87' lang='lat' dir='ltr'>absolutus.</span> 
     </span>
    </p>
   </div>
   <div class='ocr_carea' id='block_1_82' title="bbox 1986 3621 3680 3701">
    <p class='ocr_par' dir='ltr' id='par_1_82' title="bbox 1986 3621 3680 3701">
     <span class='ocr_line' id='line_1_82' title="bbox 1986 3621 3680 3701; baseline -0.017 0"><span class='ocrx_word' id='word_1_593' title='bbox 1986 3645 2397 3701; x_wconf 58' lang='lat' dir='ltr'>Adolescentia</span> <span class='ocrx_word' id='word_1_594' title='bbox 2463 3656 2606 3695; x_wconf 76' lang='lat' dir='ltr'>mea:</span> <span class='ocrx_word' id='word_1_595' title='bbox 2668 3636 2907 3691; x_wconf 89' lang='lat' dir='ltr'>memini</span> <span class='ocrx_word' id='word_1_596' title='bbox 2957 3649 3045 3687; x_wconf 90' lang='lat' dir='ltr'>me</span> <span class='ocrx_word' id='word_1_597' title='bbox 3083 3630 3288 3700; x_wconf 85' lang='lat' dir='ltr'>legisse</span> <span class='ocrx_word' id='word_1_598' title='bbox 3323 3621 3680 3693; x_wconf 89' lang='lat' dir='ltr'>temporibus</span> 
     </span>
    </p>
   </div>
   <div class='ocr_carea' id='block_1_83' title="bbox 1990 3716 3684 3806">
    <p class='ocr_par' dir='ltr' id='par_1_83' title="bbox 1990 3716 3684 3806">
     <span class='ocr_line' id='line_1_83' title="bbox 1990 3716 3684 3806; baseline -0.017 -16"><span class='ocrx_word' id='word_1_599' title='bbox 1990 3741 2007 3773; x_wconf 77' lang='grc'><strong><em>⁸</em></strong></span> <span class='ocrx_word' id='word_1_600' title='bbox 2040 3736 2109 3789; x_wconf 91' lang='lat' dir='ltr'>de</span> <span class='ocrx_word' id='word_1_601' title='bbox 2138 3733 2387 3805; x_wconf 89' lang='lat' dir='ltr'>quodam</span> <span class='ocrx_word' id='word_1_602' title='bbox 2434 3733 2684 3785; x_wconf 89' lang='lat' dir='ltr'>dictum:</span> <span class='ocrx_word' id='word_1_603' title='bbox 2724 3725 2916 3783; x_wconf 73' lang='lat' dir='ltr'>Ezsuli</span> <span class='ocrx_word' id='word_1_604' title='bbox 2960 3719 3227 3778; x_wconf 72' lang='lat' dir='ltr'>exsilium</span> <span class='ocrx_word' id='word_1_605' title='bbox 3254 3716 3531 3806; x_wconf 79' lang='lat' dir='ltr'>imperas,</span> 
     </span>
    </p>
   </div>
   <div class='ocr_carea' id='block_1_84' title="bbox 1990 3804 3683 3890">
    <p class='ocr_par' dir='ltr' id='par_1_84' title="bbox 1990 3804 3683 3890">
     <span class='ocr_line' id='line_1_84' title="bbox 1990 3804 3683 3890; baseline -0.017 -11"><span class='ocrx_word' id='word_1_606' title='bbox 1990 3825 2118 3881; x_wconf 88' lang='lat' dir='ltr'>das.</span> <span class='ocrx_word' id='word_1_607' title='bbox 2152 3804 2260 3876; x_wconf 75' lang='lat' dir='ltr'>Vos</span> <span class='ocrx_word' id='word_1_608' title='bbox 2292 3820 2519 3890; x_wconf 89' lang='lat' dir='ltr'>impetit</span> <span class='ocrx_word' id='word_1_609' title='bbox 2552 3818 2852 3886; x_wconf 79' lang='lat' dir='ltr'>Prophetae</span> <span class='ocrx_word' id='word_1_610' title='bbox 2911 3810 3224 3866; x_wconf 88' lang='lat' dir='ltr'>sententia:</span> <span class='ocrx_word' id='word_1_611' title='bbox 3260 3808 3373 3859; x_wconf 88' lang='lat' dir='ltr'>Isti</span> <span class='ocrx_word' id='word_1_612' title='bbox 3396 3804 3529 3857; x_wconf 83' lang='lat' dir='ltr'>sunt</span> <span class='ocrx_word' id='word_1_613' title='bbox 3572 3804 3683 3854; x_wconf 82' lang='lat' dir='ltr'>viri</span> 
     </span>
    </p>
   </div>
   <div class='ocr_carea' id='block_1_85' title="bbox 1989 3894 3684 3988">
    <p class='ocr_par' dir='ltr' id='par_1_85' title="bbox 1989 3894 3684 3988">
     <span class='ocr_line' id='line_1_85' title="bbox 1989 3894 3684 3988; baseline -0.016 -21"><span class='ocrx_word' id='word_1_614' title='bbox 1989 3912 2089 3984; x_wconf 85' lang='lat' dir='ltr'>qui</span> <span class='ocrx_word' id='word_1_615' title='bbox 2117 3911 2595 3966; x_wconf 70' lang='lat' dir='ltr'>conturbauerunt</span> <span class='ocrx_word' id='word_1_616' title='bbox 2618 3912 2853 3969; x_wconf 84' lang='lat' dir='ltr'>terram,</span> <span class='ocrx_word' id='word_1_617' title='bbox 2878 3905 2932 3956; x_wconf 86' lang='lat' dir='ltr'>et</span> <span class='ocrx_word' id='word_1_618' title='bbox 2952 3898 3051 3971; x_wconf 89' lang='lat' dir='ltr'>qui</span> <span class='ocrx_word' id='word_1_619' title='bbox 3066 3894 3477 3953; x_wconf 77' lang='lat' dir='ltr'>concusserunt</span> <span class='ocrx_word' id='word_1_620' title='bbox 3505 3904 3684 3988; x_wconf 73' lang='lat' dir='ltr'>regna</span> 
     </span>
    </p>
   </div>
   <div class='ocr_carea' id='block_1_86' title="bbox 1994 3979 3683 4072">
    <p class='ocr_par' dir='ltr' id='par_1_86' title="bbox 1994 3979 3683 4072">
     <span class='ocr_line' id='line_1_86' title="bbox 1994 3979 3683 4072; baseline -0.015 -17"><span class='ocrx_word' id='word_1_621' title='bbox 1994 3979 2156 4072; x_wconf 50' lang='lat' dir='ltr'>limi.</span> <span class='ocrx_word' id='word_1_622' title='bbox 2185 4015 2298 4065; x_wconf 75' lang='lat' dir='ltr'>xw,</span> <span class='ocrx_word' id='word_1_623' title='bbox 2336 3999 2440 4067; x_wconf 89' lang='grc'>16).</span> <span class='ocrx_word' id='word_1_624' title='bbox 2478 3999 2542 4050; x_wconf 89' lang='lat' dir='ltr'>Et</span> <span class='ocrx_word' id='word_1_625' title='bbox 2571 3995 2783 4048; x_wconf 91' lang='lat' dir='ltr'>iterum</span> <span class='ocrx_word' id='word_1_626' title='bbox 2818 4008 2830 4046; x_wconf 93' lang='lat'>:</span> <span class='ocrx_word' id='word_1_627' title='bbox 2861 3988 3215 4044; x_wconf 77' lang='lat' dir='ltr'>Excidentur</span> <span class='ocrx_word' id='word_1_628' title='bbox 3248 3979 3566 4072; x_wconf 76' lang='lat' dir='ltr'>ramusculi</span> <span class='ocrx_word' id='word_1_629' title='bbox 3591 3992 3683 4072; x_wconf 82' lang='lat' dir='ltr'>eo-</span> 
     </span>
    </p>
   </div>
   <div class='ocr_carea' id='block_1_87' title="bbox 1992 4069 3685 4158">
    <p class='ocr_par' dir='ltr' id='par_1_87' title="bbox 1992 4069 3685 4158">
     <span class='ocr_line' id='line_1_87' title="bbox 1992 4069 3685 4158; baseline -0.015 -13"><span class='ocrx_word' id='word_1_630' title='bbox 1992 4069 2119 4144; x_wconf 82' lang='lat' dir='ltr'>rum</span> <span class='ocrx_word' id='word_1_631' title='bbox 2133 4087 2417 4158; x_wconf 85' lang='lat' dir='ltr'>falcibus,</span> <span class='ocrx_word' id='word_1_632' title='bbox 2449 4090 2505 4139; x_wconf 82' lang='lat' dir='ltr'>et</span> <span class='ocrx_word' id='word_1_633' title='bbox 2526 4100 2647 4155; x_wconf 60' lang='lat' dir='ltr'>qua</span> <span class='ocrx_word' id='word_1_634' title='bbox 2690 4080 2963 4136; x_wconf 88' lang='lat' dir='ltr'>derelicta</span> <span class='ocrx_word' id='word_1_635' title='bbox 2977 4075 3229 4146; x_wconf 82' lang='lat' dir='ltr'>fuerint,</span> <span class='ocrx_word' id='word_1_636' title='bbox 3281 4069 3685 4158; x_wconf 81' lang='lat' dir='ltr'>abscindentur</span> 
     </span>
    </p>
   </div>
   <div class='ocr_carea' id='block_1_88' title="bbox 1996 4155 3687 4249">
    <p class='ocr_par' dir='ltr' id='par_1_88' title="bbox 1996 4155 3687 4249">
     <span class='ocr_line' id='line_1_88' title="bbox 1996 4155 3687 4249; baseline -0.016 -14"><span class='ocrx_word' id='word_1_637' title='bbox 1996 4179 2162 4249; x_wconf 76' lang='lat' dir='ltr'>(Isai.</span> <span class='ocrx_word' id='word_1_638' title='bbox 2188 4194 2345 4244; x_wconf 84' lang='lat' dir='ltr'>xvm,</span> <span class='ocrx_word' id='word_1_639' title='bbox 2375 4178 2449 4245; x_wconf 75' lang='grc' dir='ltr'>ὅ).</span> <span class='ocrx_word' id='word_1_640' title='bbox 2483 4176 2547 4229; x_wconf 84' lang='lat' dir='ltr'>Et</span> <span class='ocrx_word' id='word_1_641' title='bbox 2578 4189 2774 4226; x_wconf 90' lang='lat' dir='ltr'>rursus</span> <span class='ocrx_word' id='word_1_642' title='bbox 2808 4188 2820 4225; x_wconf 93' lang='lat'>:</span> <span class='ocrx_word' id='word_1_643' title='bbox 2863 4173 3006 4223; x_wconf 88' lang='lat' dir='ltr'>Dum</span> <span class='ocrx_word' id='word_1_644' title='bbox 3055 4181 3167 4219; x_wconf 86' lang='lat' dir='ltr'>non</span> <span class='ocrx_word' id='word_1_645' title='bbox 3205 4159 3476 4234; x_wconf 83' lang='lat' dir='ltr'>speratis,</span> <span class='ocrx_word' id='word_1_646' title='bbox 3501 4155 3687 4249; x_wconf 82' lang='lat' dir='ltr'>veniet</span> 
     </span>
    </p>
   </div>
   <div class='ocr_carea' id='block_1_89' title="bbox 1995 4245 3687 4332">
    <p class='ocr_par' dir='ltr' id='par_1_89' title="bbox 1995 4245 3687 4332">
     <span class='ocr_line' id='line_1_89' title="bbox 1995 4245 3687 4332; baseline -0.016 -8"><span class='ocrx_word' id='word_1_647' title='bbox 1995 4245 2258 4325; x_wconf 80' lang='lat' dir='ltr'>contritio</span> <span class='ocrx_word' id='word_1_648' title='bbox 2279 4268 2479 4332; x_wconf 72' lang='lat' dir='ltr'>vestra,</span> <span class='ocrx_word' id='word_1_649' title='bbox 2495 4266 2549 4316; x_wconf 90' lang='lat' dir='ltr'>et</span> <span class='ocrx_word' id='word_1_650' title='bbox 2564 4252 3294 4317; x_wconf 87' lang='lat' dir='ltr'>comminueturmultitudo</span> <span class='ocrx_word' id='word_1_651' title='bbox 3308 4252 3514 4311; x_wconf 82' lang='lat' dir='ltr'>vestra,</span> <span class='ocrx_word' id='word_1_652' title='bbox 3538 4245 3687 4300; x_wconf 84' lang='lat' dir='ltr'>sicut</span> 
     </span>
    </p>
   </div>
   <div class='ocr_carea' id='block_1_90' title="bbox 178 4333 3686 4438">
    <p class='ocr_par' dir='ltr' id='par_1_90' title="bbox 178 4333 3686 4438">
     <span class='ocr_line' id='line_1_90' title="bbox 178 4333 3686 4438; baseline -0.01 -18"><span class='ocrx_word' id='word_1_653' title='bbox 178 4333 618 4431; x_wconf 62' lang='lat' dir='ltr'>transcendere,</span> <span class='ocrx_word' id='word_1_654' title='bbox 647 4333 855 4438; x_wconf 79' lang='lat' dir='ltr'>quibus</span> <span class='ocrx_word' id='word_1_655' title='bbox 886 4370 1158 4436; x_wconf 89' lang='lat' dir='ltr'>scripturn</span> <span class='ocrx_word' id='word_1_656' title='bbox 1190 4372 1275 4420; x_wconf 87' lang='lat' dir='ltr'>est</span> <span class='ocrx_word' id='word_1_657' title='bbox 1304 4368 1365 4420; x_wconf 91' lang='lat' dir='ltr'>in</span> <span class='ocrx_word' id='word_1_658' title='bbox 1387 4333 1399 4347; x_wconf 43' lang='lat'><em>|</em></span> <span class='ocrx_word' id='word_1_659' title='bbox 1426 4366 1883 4437; x_wconf 86' lang='lat' dir='ltr'>Carthaginiensi</span> <span class='ocrx_word' id='word_1_660' title='bbox 1925 4334 1966 4386; x_wconf 71' lang='grc' dir='ltr'>Ι)</span> <span class='ocrx_word' id='word_1_661' title='bbox 1999 4360 2208 4431; x_wconf 85' lang='lat' dir='ltr'>lagena</span> <span class='ocrx_word' id='word_1_662' title='bbox 2246 4354 2417 4427; x_wconf 81' lang='lat' dir='ltr'>ﬁguli</span> <span class='ocrx_word' id='word_1_663' title='bbox 2467 4352 2631 4424; x_wconf 87' lang='lat' dir='ltr'>(Isai.</span> <span class='ocrx_word' id='word_1_664' title='bbox 2683 4366 2794 4404; x_wconf 82' lang='lat' dir='ltr'><strong>xxx</strong></span> <span class='ocrx_word' id='word_1_665' title='bbox 2842 4348 2948 4416; x_wconf 80' lang='grc'>14).</span> <span class='ocrx_word' id='word_1_666' title='bbox 3000 4346 3109 4438; x_wconf 80' lang='lat' dir='ltr'>Nec</span> <span class='ocrx_word' id='word_1_667' title='bbox 3166 4337 3588 4438; x_wconf 31' lang='lat' dir='ltr'>non-propheta</span> <span class='ocrx_word' id='word_1_668' title='bbox 3616 4333 3686 4438; x_wconf 74' lang='lat' dir='ltr'>ad</span> 
     </span>
    </p>
   </div>
   <div class='ocr_carea' id='block_1_91' title="bbox 180 4427 3688 4529">
    <p class='ocr_par' dir='ltr' id='par_1_91' title="bbox 180 4427 3688 4529">
     <span class='ocr_line' id='line_1_91' title="bbox 180 4427 3688 4529; baseline -0.01 -20"><span class='ocrx_word' id='word_1_669' title='bbox 180 4460 449 4520; x_wconf 86' lang='lat' dir='ltr'>concilio,</span> <span class='ocrx_word' id='word_1_670' title='bbox 491 4456 649 4527; x_wconf 90' lang='lat' dir='ltr'>quod</span> <span class='ocrx_word' id='word_1_671' title='bbox 705 4456 1030 4527; x_wconf 64' lang='lat' dir='ltr'>apostolicae</span> <span class='ocrx_word' id='word_1_672' title='bbox 1084 4456 1233 4509; x_wconf 84' lang='lat' dir='ltr'>sedis</span> <span class='ocrx_word' id='word_1_673' title='bbox 1276 4472 1378 4525; x_wconf 86' lang='lat' dir='ltr'>per</span> <span class='ocrx_word' id='word_1_674' title='bbox 1406 4456 1740 4510; x_wconf 84' lang='lat' dir='ltr'>Faustinum</span> <span class='ocrx_word' id='word_1_675' title='bbox 1775 4455 1892 4524; x_wconf 89' lang='lat' dir='ltr'>epi-</span> <span class='ocrx_word' id='word_1_676' title='bbox 1999 4450 2145 4503; x_wconf 87' lang='lat' dir='ltr'>hanc</span> <span class='ocrx_word' id='word_1_677' title='bbox 2186 4461 2414 4500; x_wconf 84' lang='lat' dir='ltr'>oausam</span> <span class='ocrx_word' id='word_1_678' title='bbox 2441 4440 2761 4513; x_wconf 86' lang='lat' dir='ltr'>specialiter</span> <span class='ocrx_word' id='word_1_679' title='bbox 2787 4440 3010 4491; x_wconf 89' lang='lat' dir='ltr'>locutus</span> <span class='ocrx_word' id='word_1_680' title='bbox 3062 4433 3349 4529; x_wconf 67' lang='lat' dir='ltr'>intonuit:</span> <span class='ocrx_word' id='word_1_681' title='bbox 3409 4427 3688 4529; x_wconf 56' lang='lat' dir='ltr'>meznus</span> 
     </span>
    </p>
   </div>
   <div class='ocr_carea' id='block_1_92' title="bbox 182 4514 3695 4618">
    <p class='ocr_par' dir='ltr' id='par_1_92' title="bbox 182 4514 3695 4618">
     <span class='ocr_line' id='line_1_92' title="bbox 182 4514 3695 4618; baseline -0.016 1"><span class='ocrx_word' id='word_1_682' title='bbox 182 4564 419 4617; x_wconf 61' lang='grc' dir='ltr'>θεορυω</span> <span class='ocrx_word' id='word_1_683' title='bbox 456 4546 564 4616; x_wconf 82' lang='lat' dir='ltr'>qui</span> <span class='ocrx_word' id='word_1_684' title='bbox 604 4550 742 4599; x_wconf 85' lang='lat' dir='ltr'>tunc</span> <span class='ocrx_word' id='word_1_685' title='bbox 780 4546 851 4599; x_wconf 87' lang='lat' dir='ltr'>ab</span> <span class='ocrx_word' id='word_1_686' title='bbox 907 4562 971 4597; x_wconf 88' lang='lat' dir='ltr'>ea</span> <span class='ocrx_word' id='word_1_687' title='bbox 1002 4546 1207 4599; x_wconf 88' lang='lat' dir='ltr'>missus</span> <span class='ocrx_word' id='word_1_688' title='bbox 1242 4545 1520 4612; x_wconf 82' lang='lat' dir='ltr'>interfuit,</span> <span class='ocrx_word' id='word_1_689' title='bbox 1556 4544 1893 4615; x_wconf 88' lang='lat' dir='ltr'>approbavit</span> <span class='ocrx_word' id='word_1_690' title='bbox 2000 4536 2750 4597; x_wconf 84' lang='lat' dir='ltr'>inclinabitmanumsuam,</span> <span class='ocrx_word' id='word_1_691' title='bbox 2774 4531 2829 4582; x_wconf 90' lang='lat' dir='ltr'>et</span> <span class='ocrx_word' id='word_1_692' title='bbox 2848 4529 3071 4618; x_wconf 81' lang='lat' dir='ltr'>corruet</span> <span class='ocrx_word' id='word_1_693' title='bbox 3086 4520 3184 4593; x_wconf 88' lang='lat' dir='ltr'>qui</span> <span class='ocrx_word' id='word_1_694' title='bbox 3190 4520 3319 4618; x_wconf 82' lang='lat' dir='ltr'>fert</span> <span class='ocrx_word' id='word_1_695' title='bbox 3339 4514 3514 4618; x_wconf 77' lang='lat' dir='ltr'>malis</span> <span class='ocrx_word' id='word_1_696' title='bbox 3537 4526 3695 4567; x_wconf 48' lang='lat' dir='ltr'>auxi.</span> 
     </span>
    </p>
   </div>
   <div class='ocr_carea' id='block_1_93' title="bbox 183 4607 3698 4706">
    <p class='ocr_par' dir='ltr' id='par_1_93' title="bbox 183 4607 3698 4706">
     <span class='ocr_line' id='line_1_93' title="bbox 183 4607 3698 4706; baseline -0.011 -12"><span class='ocrx_word' id='word_1_697' title='bbox 183 4639 523 4703; x_wconf 86' lang='lat' dir='ltr'>auctoritas,</span> <span class='ocrx_word' id='word_1_698' title='bbox 557 4635 1012 4706; x_wconf 76' lang='lat' dir='ltr'>Accusatoribus</span> <span class='ocrx_word' id='word_1_699' title='bbox 1041 4635 1107 4689; x_wconf 88' lang='lat' dir='ltr'>de</span> <span class='ocrx_word' id='word_1_700' title='bbox 1134 4634 1364 4706; x_wconf 84' lang='lat' dir='ltr'>inimici</span> <span class='ocrx_word' id='word_1_701' title='bbox 1394 4635 1565 4689; x_wconf 89' lang='lat' dir='ltr'>domo</span> <span class='ocrx_word' id='word_1_702' title='bbox 1596 4634 1893 4706; x_wconf 81' lang='lat' dir='ltr'>prodeun-</span> <span class='ocrx_word' id='word_1_703' title='bbox 2002 4627 2166 4693; x_wconf 87' lang='lat' dir='ltr'>lium,</span> <span class='ocrx_word' id='word_1_704' title='bbox 2194 4627 2249 4680; x_wconf 92' lang='lat' dir='ltr'>et</span> <span class='ocrx_word' id='word_1_705' title='bbox 2268 4624 2433 4680; x_wconf 84' lang='lat' dir='ltr'>cadet</span> <span class='ocrx_word' id='word_1_706' title='bbox 2450 4621 2543 4677; x_wconf 88' lang='lat' dir='ltr'>cui</span> <span class='ocrx_word' id='word_1_707' title='bbox 2557 4607 3485 4692; x_wconf 65' lang='lat' dir='ltr'>praestaturauxilium,simulque</span> <span class='ocrx_word' id='word_1_708' title='bbox 3503 4616 3698 4659; x_wconf 86' lang='lat' dir='ltr'>omnes</span> 
     </span>
    </p>
   </div>
   <div class='ocr_carea' id='block_1_94' title="bbox 2002 4729 3697 4821">
    <p class='ocr_par' dir='ltr' id='par_1_94' title="bbox 2002 4729 3697 4821">
     <span class='ocr_line' id='line_1_94' title="bbox 2002 4729 3697 4821; baseline -0.017 -14"><span class='ocrx_word' id='word_1_709' title='bbox 2002 4750 2285 4820; x_wconf 87' lang='lat' dir='ltr'>terrogari</span> <span class='ocrx_word' id='word_1_710' title='bbox 2311 4749 2673 4821; x_wconf 82' lang='lat' dir='ltr'>juberentur.</span> <span class='ocrx_word' id='word_1_711' title='bbox 2704 4744 2891 4807; x_wconf 87' lang='lat' dir='ltr'>Quare</span> <span class='ocrx_word' id='word_1_712' title='bbox 2916 4744 2974 4794; x_wconf 91' lang='lat' dir='ltr'>et</span> <span class='ocrx_word' id='word_1_713' title='bbox 3002 4739 3103 4793; x_wconf 86' lang='lat' dir='ltr'>illa</span> <span class='ocrx_word' id='word_1_714' title='bbox 3118 4734 3290 4790; x_wconf 89' lang='lat' dir='ltr'>tradit</span> <span class='ocrx_word' id='word_1_715' title='bbox 3311 4748 3414 4804; x_wconf 91' lang='lat' dir='ltr'>per</span> <span class='ocrx_word' id='word_1_716' title='bbox 3439 4729 3697 4784; x_wconf 90' lang='lat' dir='ltr'>libellum</span> 
     </span>
    </p>
   </div>
   <div class='ocr_carea' id='block_1_95' title="bbox 2007 4820 3177 4894">
    <p class='ocr_par' dir='ltr' id='par_1_95' title="bbox 2007 4820 3177 4894">
     <span class='ocr_line' id='line_1_95' title="bbox 2007 4820 3177 4894; baseline 0.047 -44"><span class='ocrx_word' id='word_1_717' title='bbox 2007 4842 2037 4878; x_wconf 61' lang='grc'>8</span> <span class='ocrx_word' id='word_1_718' title='bbox 2065 4823 2281 4894; x_wconf 68' lang='lat' dir='ltr'>synodo</span> <span class='ocrx_word' id='word_1_719' title='bbox 2314 4820 2723 4894; x_wconf 51' lang='lat' dir='ltr'>postularunt.”</span> <span class='ocrx_word' id='word_1_720' title='bbox 2785 4886 2795 4894; x_wconf 64' lang='grc'><em>,</em></span> <span class='ocrx_word' id='word_1_721' title='bbox 2856 4880 2896 4894; x_wconf 80' lang='grc'>,.</span> <span class='ocrx_word' id='word_1_722' title='bbox 2938 4880 2952 4894; x_wconf 77' lang='lat'>.</span> <span class='ocrx_word' id='word_1_723' title='bbox 2985 4881 3019 4894; x_wconf 58' lang='grc' dir='ltr'>Α</span> <span class='ocrx_word' id='word_1_724' title='bbox 3122 4879 3137 4894; x_wconf 72' lang='grc' dir='ltr'><strong>ι</strong></span> <span class='ocrx_word' id='word_1_725' title='bbox 3168 4878 3177 4887; x_wconf 90' lang='grc'><strong>·</strong></span> 
     </span>
    </p>
   </div>
   <div class='ocr_carea' id='block_1_96' title="bbox 2074 4875 3699 4961">
    <p class='ocr_par' dir='ltr' id='par_1_96' title="bbox 2074 4875 3699 4961">
     <span class='ocr_line' id='line_1_96' title="bbox 2074 4875 3699 4961; baseline -0.017 -12"><span class='ocrx_word' id='word_1_726' title='bbox 2074 4875 2250 4948; x_wconf 50' lang='grc' dir='ltr'>ἶΟάὶι</span> <span class='ocrx_word' id='word_1_727' title='bbox 2268 4875 2329 4946; x_wconf 71' lang='lat' dir='ltr'>se</span> <span class='ocrx_word' id='word_1_728' title='bbox 2359 4890 2457 4961; x_wconf 88' lang='lat' dir='ltr'>qui</span> <span class='ocrx_word' id='word_1_729' title='bbox 2485 4885 2723 4959; x_wconf 84' lang='lat' dir='ltr'>negligit</span> <span class='ocrx_word' id='word_1_730' title='bbox 2743 4879 3140 4961; x_wconf 34' lang='lat' dir='ltr'>studialﬂQuod</span> <span class='ocrx_word' id='word_1_731' title='bbox 3158 4875 3699 4961; x_wconf 44' lang='lat' dir='ltr'>inHVu’lgatapostra</span> 
     </span>
    </p>
   </div>
   <div class='ocr_carea' id='block_1_97' title="bbox 2005 4943 3697 5035">
    <p class='ocr_par' dir='ltr' id='par_1_97' title="bbox 2005 4943 3697 5035">
     <span class='ocr_line' id='line_1_97' title="bbox 2005 4943 3697 5035; baseline -0.016 -15"><span class='ocrx_word' id='word_1_732' title='bbox 2005 4943 2285 5035; x_wconf 61' lang='lat' dir='ltr'>scripturn</span> <span class='ocrx_word' id='word_1_733' title='bbox 2305 4943 2405 5035; x_wconf 55' lang='lat' dir='ltr'>est</span> <span class='ocrx_word' id='word_1_734' title='bbox 2434 4943 2596 5015; x_wconf 51' lang='lat' dir='ltr'>Prov’.</span> <span class='ocrx_word' id='word_1_735' title='bbox 2635 4943 2729 5023; x_wconf 62' lang='lat' dir='ltr'>iv,</span> <span class='ocrx_word' id='word_1_736' title='bbox 2763 4958 2828 5009; x_wconf 79' lang='lat'>3‘2</span> <span class='ocrx_word' id='word_1_737' title='bbox 2863 4971 2875 5007; x_wconf 91' lang='lat'>:</span> <span class='ocrx_word' id='word_1_738' title='bbox 2935 4943 3267 5035; x_wconf 35' lang='lat' dir='ltr'>&#39;a&#39;bjicit</span> <span class='ocrx_word' id='word_1_739' title='bbox 3309 4943 3697 5035; x_wconf 49' lang='lat' dir='ltr'>dismplinap}.</span> 
     </span>
    </p>
   </div>
   <div class='ocr_carea' id='block_1_98' title="bbox 2002 5014 3699 5106">
    <p class='ocr_par' dir='ltr' id='par_1_98' title="bbox 2002 5014 3699 5106">
     <span class='ocr_line' id='line_1_98' title="bbox 2002 5014 3699 5106; baseline -0.017 -15"><span class='ocrx_word' id='word_1_740' title='bbox 2002 5014 2521 5106; x_wconf 48' lang='lat' dir='ltr'>despicit—animam</span> <span class='ocrx_word' id='word_1_741' title='bbox 2550 5014 2728 5083; x_wconf 36' lang='lat' dir='ltr'>suam,</span> <span class='ocrx_word' id='word_1_742' title='bbox 2750 5045 2783 5106; x_wconf 43' lang='grc' dir='ltr'>,λ</span> <span class='ocrx_word' id='word_1_743' title='bbox 2803 5014 2971 5095; x_wconf 67' lang='grc' dir='ltr'>δριΙᾶ</span> <span class='ocrx_word' id='word_1_744' title='bbox 2993 5024 3115 5106; x_wconf 48' lang='lat' dir='ltr'>LXX</span> <span class='ocrx_word' id='word_1_745' title='bbox 3130 5014 3478 5106; x_wconf 48' lang='lat' dir='ltr'>interpr/etes</span> <span class='ocrx_word' id='word_1_746' title='bbox 3513 5014 3602 5106; x_wconf 67' lang='lat' dir='ltr'>sie</span> <span class='ocrx_word' id='word_1_747' title='bbox 3613 5014 3699 5106; x_wconf 45' lang='lat' dir='ltr'>IIS:</span> 
     </span>
    </p>
   </div>
   <div class='ocr_carea' id='block_1_99' title="bbox 2006 5082 3699 5176">
    <p class='ocr_par' dir='ltr' id='par_1_99' title="bbox 2006 5082 3699 5176">
     <span class='ocr_line' id='line_1_99' title="bbox 2006 5082 3699 5176; baseline -0.015 -16"><span class='ocrx_word' id='word_1_748' title='bbox 2006 5082 2159 5176; x_wconf 63' lang='lat' dir='ltr'>gitur</span> <span class='ocrx_word' id='word_1_749' title='bbox 2192 5124 2204 5160; x_wconf 86' lang='lat'>:</span> <span class='ocrx_word' id='word_1_750' title='bbox 2227 5112 2322 5166; x_wconf 78' lang='grc' dir='ltr'>’⁸ος</span> <span class='ocrx_word' id='word_1_751' title='bbox 2355 5103 2639 5154; x_wconf 80' lang='grc' dir='ltr'>ἀπωθεῖται</span> <span class='ocrx_word' id='word_1_752' title='bbox 2652 5082 2916 5162; x_wconf 58' lang='lat' dir='ltr'>nutriatur,</span> <span class='ocrx_word' id='word_1_753' title='bbox 2935 5102 3078 5176; x_wconf 71' lang='grc' dir='ltr'>μισ·ςί</span> <span class='ocrx_word' id='word_1_754' title='bbox 3102 5092 3322 5176; x_wconf 44' lang='grc' dir='ltr'>Ῐραυτξᾶνέ</span> <span class='ocrx_word' id='word_1_755' title='bbox 3340 5086 3448 5168; x_wconf 77' lang='lat' dir='ltr'>Qui</span> <span class='ocrx_word' id='word_1_756' title='bbox 3471 5082 3699 5176; x_wconf 61' lang='lat' dir='ltr'>repellit</span> 
     </span>
    </p>
   </div>
   <div class='ocr_carea' id='block_1_100' title="bbox 2003 5156 3701 5248">
    <p class='ocr_par' dir='ltr' id='par_1_100' title="bbox 2003 5156 3701 5248">
     <span class='ocr_line' id='line_1_100' title="bbox 2003 5156 3701 5248; baseline -0.018 -14"><span class='ocrx_word' id='word_1_757' title='bbox 2436 5174 2555 5228; x_wconf 88' lang='lat' dir='ltr'>odit</span> <span class='ocrx_word' id='word_1_758' title='bbox 2581 5189 2643 5225; x_wconf 90' lang='lat' dir='ltr'>se</span> <span class='ocrx_word' id='word_1_759' title='bbox 2670 5170 2879 5248; x_wconf 80' lang='lat' dir='ltr'>ipsum.</span> <span class='ocrx_word' id='word_1_760' title='bbox 2906 5156 3065 5232; x_wconf 77' lang='lat' dir='ltr'>Quod</span> <span class='ocrx_word' id='word_1_761' title='bbox 3089 5161 3404 5248; x_wconf 34' lang='lat' dir='ltr'>sin’eIdubio</span> <span class='ocrx_word' id='word_1_762' title='bbox 3616 5156 3701 5248; x_wconf 68' lang='lat' dir='ltr'>est</span> 
     </span>
    </p>
   </div>
   <div class='ocr_carea' id='block_1_101' title="bbox 2007 5233 3698 5313">
    <p class='ocr_par' dir='ltr' id='par_1_101' title="bbox 2007 5233 3698 5313">
     <span class='ocr_line' id='line_1_101' title="bbox 2007 5233 3698 5313; baseline -0.017 -11"><span class='ocrx_word' id='word_1_763' title='bbox 2007 5233 2228 5303; x_wconf 77' lang='lat' dir='ltr'>comma</span> <span class='ocrx_word' id='word_1_764' title='bbox 2288 5233 2549 5300; x_wconf 87' lang='lat' dir='ltr'>Ennodii.</span> <span class='ocrx_word' id='word_1_765' title='bbox 2612 5233 2901 5296; x_wconf 79' lang='lat' dir='ltr'>Posterius</span> <span class='ocrx_word' id='word_1_766' title='bbox 2943 5255 3005 5313; x_wconf 71' lang='lat' dir='ltr'>ex</span> <span class='ocrx_word' id='word_1_767' title='bbox 3040 5238 3257 5313; x_wconf 58' lang='lat'>91,21,</span> <span class='ocrx_word' id='word_1_768' title='bbox 3292 5233 3698 5313; x_wconf 38' lang='lat' dir='ltr'>sum‘ptum‘vi:</span> 
     </span>
    </p>
   </div>
   <div class='ocr_carea' id='block_1_102' title="bbox 2007 5292 3699 5387">
    <p class='ocr_par' dir='ltr' id='par_1_102' title="bbox 2007 5292 3699 5387">
     <span class='ocr_line' id='line_1_102' title="bbox 2007 5292 3699 5387; baseline -0.017 -13"><span class='ocrx_word' id='word_1_769' title='bbox 2007 5292 2173 5375; x_wconf 73' lang='lat' dir='ltr'>detur</span> <span class='ocrx_word' id='word_1_770' title='bbox 2203 5335 2215 5372; x_wconf 91' lang='lat'>:</span> <span class='ocrx_word' id='word_1_771' title='bbox 2253 5319 2351 5371; x_wconf 90' lang='lat' dir='ltr'>ubi</span> <span class='ocrx_word' id='word_1_772' title='bbox 2377 5316 2527 5387; x_wconf 91' lang='lat' dir='ltr'>quod</span> <span class='ocrx_word' id='word_1_773' title='bbox 2559 5314 2764 5368; x_wconf 82' lang='lat' dir='ltr'>Graecis</span> <span class='ocrx_word' id='word_1_774' title='bbox 2794 5316 2895 5387; x_wconf 78' lang='lat' dir='ltr'>est,</span> <span class='ocrx_word' id='word_1_775' title='bbox 2930 5312 2994 5361; x_wconf 80' lang='lat' dir='ltr'>0i</span> <span class='ocrx_word' id='word_1_776' title='bbox 3028 5306 3085 5387; x_wconf 63' lang='lat' dir='ltr'>di</span> <span class='ocrx_word' id='word_1_777' title='bbox 3124 5292 3451 5387; x_wconf 46' lang='lat' dir='ltr'>’oippo&#39;vsgnév</span> <span class='ocrx_word' id='word_1_778' title='bbox 3478 5292 3699 5387; x_wconf 32' lang='lat' dir='ltr'>naida-icti</span> 
     </span>
    </p>
   </div>
   <div class='ocr_carea' id='block_1_103' title="bbox 2006 5373 3701 5455">
    <p class='ocr_par' dir='ltr' id='par_1_103' title="bbox 2006 5373 3701 5455">
     <span class='ocr_line' id='line_1_103' title="bbox 2006 5373 3701 5455; baseline -0.015 -12"><span class='ocrx_word' id='word_1_779' title='bbox 2006 5373 2299 5453; x_wconf 51' lang='grc' dir='ltr'>ἐελευτῶσι,</span> <span class='ocrx_word' id='word_1_780' title='bbox 2334 5373 2439 5441; x_wconf 74' lang='lat' dir='ltr'>n65</span> <span class='ocrx_word' id='word_1_781' title='bbox 2470 5388 2730 5455; x_wconf 81' lang='lat' dir='ltr'>legimus.</span> <span class='ocrx_word' id='word_1_782' title='bbox 2781 5373 2893 5448; x_wconf 85' lang='lat' dir='ltr'>Qui</span> <span class='ocrx_word' id='word_1_783' title='bbox 2948 5383 3140 5435; x_wconf 87' lang='lat' dir='ltr'>autem</span> <span class='ocrx_word' id='word_1_784' title='bbox 3186 5373 3401 5430; x_wconf 76' lang='lat' dir='ltr'>indocti</span> <span class='ocrx_word' id='word_1_785' title='bbox 3436 5373 3591 5434; x_wconf 87' lang='lat' dir='ltr'>sunt,</span> <span class='ocrx_word' id='word_1_786' title='bbox 3640 5373 3701 5419; x_wconf 85' lang='lat' dir='ltr'>in</span> 
     </span>
    </p>
   </div>
   <div class='ocr_carea' id='block_1_104' title="bbox 2006 5455 3417 5530">
    <p class='ocr_par' dir='ltr' id='par_1_104' title="bbox 2006 5455 3417 5530">
     <span class='ocr_line' id='line_1_104' title="bbox 2006 5455 3417 5530; baseline -0.011 -13"><span class='ocrx_word' id='word_1_787' title='bbox 2006 5462 2195 5517; x_wconf 87' lang='lat' dir='ltr'>cordis</span> <span class='ocrx_word' id='word_1_788' title='bbox 2230 5463 2479 5530; x_wconf 82' lang='lat' dir='ltr'>egestate</span> <span class='ocrx_word' id='word_1_789' title='bbox 2509 5455 2842 5530; x_wconf 69' lang='lat' dir='ltr'>morientur.</span> <span class='ocrx_word' id='word_1_790' title='bbox 3084 5520 3128 5530; x_wconf 85' lang='lat'>__</span> <span class='ocrx_word' id='word_1_791' title='bbox 3186 5519 3201 5530; x_wconf 51' lang='lat'><strong><em>‘</em></strong></span> <span class='ocrx_word' id='word_1_792' title='bbox 3407 5513 3417 5523; x_wconf 41' lang='lat'><strong>.</strong></span> 
     </span>
    </p>
   </div>
   <div class='ocr_carea' id='block_1_105' title="bbox 2078 5512 3701 5603">
    <p class='ocr_par' dir='ltr' id='par_1_105' title="bbox 2078 5512 3701 5603">
     <span class='ocr_line' id='line_1_105' title="bbox 2078 5512 3701 5603; baseline -0.014 -17"><span class='ocrx_word' id='word_1_793' title='bbox 2078 5512 2209 5586; x_wconf 34' lang='lat' dir='ltr'>(De</span> <span class='ocrx_word' id='word_1_794' title='bbox 2236 5512 2483 5603; x_wconf 49' lang='lat' dir='ltr'>unOdam</span> <span class='ocrx_word' id='word_1_795' title='bbox 2512 5527 2750 5603; x_wconf 69' lang='lat' dir='ltr'>dictum]</span> <span class='ocrx_word' id='word_1_796' title='bbox 2807 5526 3029 5603; x_wconf 62' lang='lat' dir='ltr'>Iasone.</span> <span class='ocrx_word' id='word_1_797' title='bbox 3083 5519 3293 5573; x_wconf 66' lang='lat' dir='ltr'>Medea:</span> <span class='ocrx_word' id='word_1_798' title='bbox 3328 5513 3484 5571; x_wconf 90' lang='lat' dir='ltr'>enim</span> <span class='ocrx_word' id='word_1_799' title='bbox 3506 5512 3579 5567; x_wconf 88' lang='lat' dir='ltr'>ad</span> <span class='ocrx_word' id='word_1_800' title='bbox 3607 5512 3701 5565; x_wconf 80' lang='lat' dir='ltr'>Ja-</span> 
     </span>
    </p>
   </div>
   <div class='ocr_carea' id='block_1_106' title="bbox 2007 5593 3107 5659">
    <p class='ocr_par' dir='ltr' id='par_1_106' title="bbox 2007 5593 3107 5659">
     <span class='ocr_line' id='line_1_106' title="bbox 2007 5593 3107 5659; baseline -0.014 0"><span class='ocrx_word' id='word_1_801' title='bbox 2007 5620 2205 5659; x_wconf 89' lang='lat' dir='ltr'>sonem</span> <span class='ocrx_word' id='word_1_802' title='bbox 2236 5593 2407 5659; x_wconf 75' lang='lat' dir='ltr'>verba</span> <span class='ocrx_word' id='word_1_803' title='bbox 2428 5604 2563 5655; x_wconf 89' lang='lat' dir='ltr'>sunt</span> <span class='ocrx_word' id='word_1_804' title='bbox 2585 5614 2618 5655; x_wconf 89' lang='lat' dir='ltr'>e</span> <span class='ocrx_word' id='word_1_805' title='bbox 2645 5593 2874 5654; x_wconf 64' lang='lat' dir='ltr'>Seneca:</span> <span class='ocrx_word' id='word_1_806' title='bbox 2894 5593 3107 5649; x_wconf 85' lang='lat' dir='ltr'>Medea.</span> 
     </span>
    </p>
   </div>
   <div class='ocr_carea' id='block_1_107' title="bbox 251 4758 1891 4836">
    <p class='ocr_par' dir='ltr' id='par_1_107' title="bbox 251 4758 1891 4836">
     <span class='ocr_line' id='line_1_107' title="bbox 251 4758 1891 4836; baseline -0.007 -15"><span class='ocrx_word' id='word_1_807' title='bbox 251 4769 265 4799; x_wconf 86' lang='grc'>¹</span> <span class='ocrx_word' id='word_1_808' title='bbox 305 4762 789 4836; x_wconf 80' lang='lat' dir='ltr'>Carthaginiensi</span> <span class='ocrx_word' id='word_1_809' title='bbox 816 4758 1075 4833; x_wconf 69' lang='lat' dir='ltr'>concilio]</span> <span class='ocrx_word' id='word_1_810' title='bbox 1099 4762 1373 4836; x_wconf 74' lang='lat' dir='ltr'>septimo,</span> <span class='ocrx_word' id='word_1_811' title='bbox 1400 4761 1550 4830; x_wconf 91' lang='lat' dir='ltr'>quod</span> <span class='ocrx_word' id='word_1_812' title='bbox 1572 4760 1891 4836; x_wconf 69' lang='lat' dir='ltr'>in_secreta-_</span> 
     </span>
    </p>
   </div>
   <div class='ocr_carea' id='block_1_108' title="bbox 186 4830 1894 4893">
    <p class='ocr_par' dir='ltr' id='par_1_108' title="bbox 186 4830 1894 4893">
     <span class='ocr_line' id='line_1_108' title="bbox 186 4830 1894 4893; baseline -0.004 -3"><span class='ocrx_word' id='word_1_813' title='bbox 186 4839 263 4891; x_wconf 89' lang='lat' dir='ltr'>rio</span> <span class='ocrx_word' id='word_1_814' title='bbox 292 4830 567 4893; x_wconf 53' lang='lat' dir='ltr'>basilica?</span> <span class='ocrx_word' id='word_1_815' title='bbox 598 4837 875 4890; x_wconf 68' lang='lat' dir='ltr'>restitutas</span> <span class='ocrx_word' id='word_1_816' title='bbox 943 4836 999 4889; x_wconf 90' lang='lat' dir='ltr'>P.</span> <span class='ocrx_word' id='word_1_817' title='bbox 1051 4830 1110 4888; x_wconf 80' lang='lat' dir='ltr'>C.</span> <span class='ocrx_word' id='word_1_818' title='bbox 1147 4832 1379 4886; x_wconf 86' lang='lat' dir='ltr'>Honorii</span> <span class='ocrx_word' id='word_1_819' title='bbox 1405 4848 1478 4884; x_wconf 81' lang='grc' dir='ltr'>χιι</span> <span class='ocrx_word' id='word_1_820' title='bbox 1507 4836 1565 4884; x_wconf 91' lang='lat' dir='ltr'>et</span> <span class='ocrx_word' id='word_1_821' title='bbox 1592 4830 1894 4883; x_wconf 85' lang='lat' dir='ltr'>Theodosii</span> 
     </span>
    </p>
   </div>
   <div class='ocr_carea' id='block_1_109' title="bbox 184 4900 1893 4974">
    <p class='ocr_par' dir='ltr' id='par_1_109' title="bbox 184 4900 1893 4974">
     <span class='ocr_line' id='line_1_109' title="bbox 184 4900 1893 4974; baseline -0.003 -16"><span class='ocrx_word' id='word_1_822' title='bbox 184 4924 273 4962; x_wconf 81' lang='lat' dir='ltr'>vui</span> <span class='ocrx_word' id='word_1_823' title='bbox 326 4911 701 4964; x_wconf 83' lang='lat' dir='ltr'>celebratum</span> <span class='ocrx_word' id='word_1_824' title='bbox 764 4914 873 4974; x_wconf 88' lang='lat' dir='ltr'>est,</span> <span class='ocrx_word' id='word_1_825' title='bbox 922 4904 1008 4959; x_wconf 86' lang='lat' dir='ltr'>cui</span> <span class='ocrx_word' id='word_1_826' title='bbox 1057 4911 1112 4957; x_wconf 90' lang='lat' dir='ltr'>et</span> <span class='ocrx_word' id='word_1_827' title='bbox 1168 4904 1466 4957; x_wconf 83' lang='lat' dir='ltr'>Faustinus</span> <span class='ocrx_word' id='word_1_828' title='bbox 1495 4900 1893 4974; x_wconf 69' lang='lat' dir='ltr'>Potentinmin</span> 
     </span>
    </p>
   </div>
   <div class='ocr_carea' id='block_1_110' title="bbox 184 4973 1895 5047">
    <p class='ocr_par' dir='ltr' id='par_1_110' title="bbox 184 4973 1895 5047">
     <span class='ocr_line' id='line_1_110' title="bbox 184 4973 1895 5047; baseline -0.005 -14"><span class='ocrx_word' id='word_1_829' title='bbox 184 4981 389 5035; x_wconf 86' lang='lat' dir='ltr'>Piceno</span> <span class='ocrx_word' id='word_1_830' title='bbox 458 4980 725 5034; x_wconf 56' lang='lat' dir='ltr'>Ecclesiae</span> <span class='ocrx_word' id='word_1_831' title='bbox 782 4993 1103 5047; x_wconf 83' lang='lat' dir='ltr'>episcopus,</span> <span class='ocrx_word' id='word_1_832' title='bbox 1161 4974 1433 5047; x_wconf 80' lang='lat' dir='ltr'>Bonifacii</span> <span class='ocrx_word' id='word_1_833' title='bbox 1490 4973 1895 5047; x_wconf 53' lang='lat' dir='ltr'>papailegatus</span> 
     </span>
    </p>
   </div>
   <div class='ocr_carea' id='block_1_111' title="bbox 183 5044 1680 5105">
    <p class='ocr_par' dir='ltr' id='par_1_111' title="bbox 183 5044 1680 5105">
     <span class='ocr_line' id='line_1_111' title="bbox 183 5044 1680 5105; baseline -0.003 -3"><span class='ocrx_word' id='word_1_834' title='bbox 183 5053 472 5105; x_wconf 83' lang='lat' dir='ltr'>interfuit.</span> <span class='ocrx_word' id='word_1_835' title='bbox 510 5050 725 5105; x_wconf 82' lang='lat' dir='ltr'>Alludit</span> <span class='ocrx_word' id='word_1_836' title='bbox 758 5044 948 5103; x_wconf 77' lang='lat' dir='ltr'>autem</span> <span class='ocrx_word' id='word_1_837' title='bbox 980 5044 1047 5101; x_wconf 78' lang='lat' dir='ltr'>ad</span> <span class='ocrx_word' id='word_1_838' title='bbox 1080 5062 1357 5100; x_wconf 88' lang='lat' dir='ltr'>canonem</span> <span class='ocrx_word' id='word_1_839' title='bbox 1392 5044 1680 5098; x_wconf 76' lang='lat' dir='ltr'>4concilii.</span> 
     </span>
    </p>
   </div>
   <div class='ocr_carea' id='block_1_112' title="bbox 248 5112 1895 5194">
    <p class='ocr_par' dir='ltr' id='par_1_112' title="bbox 248 5112 1895 5194">
     <span class='ocr_line' id='line_1_112' title="bbox 248 5112 1895 5194; baseline -0.009 -15"><span class='ocrx_word' id='word_1_840' title='bbox 248 5124 272 5155; x_wconf 81' lang='grc'><strong>²</strong></span> <span class='ocrx_word' id='word_1_841' title='bbox 302 5127 427 5179; x_wconf 83' lang='lat' dir='ltr'>Cur</span> <span class='ocrx_word' id='word_1_842' title='bbox 446 5122 903 5194; x_wconf 73' lang='lat' dir='ltr'>personzejussze</span> <span class='ocrx_word' id='word_1_843' title='bbox 923 5118 1060 5194; x_wconf 74' lang='lat' dir='ltr'>sintj</span> <span class='ocrx_word' id='word_1_844' title='bbox 1083 5116 1409 5194; x_wconf 62' lang='lat' dir='ltr'>Symmachi</span> <span class='ocrx_word' id='word_1_845' title='bbox 1444 5114 1728 5194; x_wconf 73' lang='lat' dir='ltr'>mancipia</span> <span class='ocrx_word' id='word_1_846' title='bbox 1757 5129 1769 5167; x_wconf 91' lang='lat'>:</span> <span class='ocrx_word' id='word_1_847' title='bbox 1807 5112 1895 5165; x_wconf 94' lang='lat' dir='ltr'>in-</span> 
     </span>
    </p>
   </div>
   <div class='ocr_carea' id='block_1_113' title="bbox 182 5185 1897 5264">
    <p class='ocr_par' dir='ltr' id='par_1_113' title="bbox 182 5185 1897 5264">
     <span class='ocr_line' id='line_1_113' title="bbox 182 5185 1897 5264; baseline -0.006 -18"><span class='ocrx_word' id='word_1_848' title='bbox 182 5193 280 5261; x_wconf 75' lang='lat' dir='ltr'>tra,</span> <span class='ocrx_word' id='word_1_849' title='bbox 318 5185 538 5264; x_wconf 69' lang='lat' dir='ltr'>Quzéro</span> <span class='ocrx_word' id='word_1_850' title='bbox 564 5211 603 5247; x_wconf 88' lang='lat' dir='ltr'>a</span> <span class='ocrx_word' id='word_1_851' title='bbox 632 5185 800 5253; x_wconf 72' lang='lat' dir='ltr'>vobis,</span> <span class='ocrx_word' id='word_1_852' title='bbox 837 5191 1001 5264; x_wconf 79' lang='lat' dir='ltr'>cujus</span> <span class='ocrx_word' id='word_1_853' title='bbox 1020 5185 1360 5264; x_wconf 67' lang='lat' dir='ltr'>conditionis</span> <span class='ocrx_word' id='word_1_854' title='bbox 1360 5186 1593 5264; x_wconf 70' lang='lat' dir='ltr'>fuerint</span> <span class='ocrx_word' id='word_1_855' title='bbox 1607 5186 1717 5264; x_wconf 71' lang='lat' dir='ltr'>ista</span> <span class='ocrx_word' id='word_1_856' title='bbox 1737 5201 1897 5264; x_wconf 81' lang='lat' dir='ltr'>man-</span> 
     </span>
    </p>
   </div>
   <div class='ocr_carea' id='block_1_114' title="bbox 182 5254 1891 5337">
    <p class='ocr_par' dir='ltr' id='par_1_114' title="bbox 182 5254 1891 5337">
     <span class='ocr_line' id='line_1_114' title="bbox 182 5254 1891 5337; baseline -0.006 -20"><span class='ocrx_word' id='word_1_857' title='bbox 394 5281 530 5337; x_wconf 75' lang='lat' dir='ltr'>quae</span> <span class='ocrx_word' id='word_1_858' title='bbox 544 5264 840 5336; x_wconf 85' lang='lat' dir='ltr'>postulata</span> <span class='ocrx_word' id='word_1_859' title='bbox 868 5254 1101 5337; x_wconf 69' lang='lat' dir='ltr'>scriptis</span> <span class='ocrx_word' id='word_1_860' title='bbox 1121 5257 1312 5337; x_wconf 65' lang='lat' dir='ltr'>princi</span> <span class='ocrx_word' id='word_1_861' title='bbox 1316 5254 1414 5336; x_wconf 66' lang='lat' dir='ltr'>pol</span> <span class='ocrx_word' id='word_1_862' title='bbox 1421 5258 1543 5310; x_wconf 81' lang='lat' dir='ltr'>ibus</span> <span class='ocrx_word' id='word_1_863' title='bbox 1556 5254 1891 5337; x_wconf 73' lang='lat' dir='ltr'>intimastis.</span> 
     </span>
    </p>
   </div>
   <div class='ocr_carea' id='block_1_115' title="bbox 186 5284 1897 5399">
    <p class='ocr_par' dir='ltr' id='par_1_115' title="bbox 186 5284 1897 5399">
     <span class='ocr_line' id='line_1_115' title="bbox 186 5284 1891 5337; baseline -0.006 -20"><span class='ocrx_word' id='word_1_864' title='bbox 186 5284 356 5337; x_wconf 69' lang='lat' dir='ltr'>apta,</span> <span class='ocrx_word' id='word_1_865' title='bbox 440 5284 840 5336; x_wconf 66' lang='lat' dir='ltr'>uavposrutara</span> <span class='ocrx_word' id='word_1_866' title='bbox 868 5284 1101 5332; x_wconf 71' lang='lat' dir='ltr'>SCTIPUS</span> <span class='ocrx_word' id='word_1_867' title='bbox 1121 5284 1541 5336; x_wconf 53' lang='lat' dir='ltr'>prauuguuuus</span> <span class='ocrx_word' id='word_1_868' title='bbox 1559 5284 1891 5309; x_wconf 71' lang='lat' dir='ltr'>cuuucuaua.</span> 
     </span>
     <span class='ocr_line' id='line_1_116' title="bbox 186 5284 1897 5399; baseline -0.006 -10"><span class='ocrx_word' id='word_1_869' title='bbox 186 5338 321 5391; x_wconf 88' lang='lat' dir='ltr'>Item</span> <span class='ocrx_word' id='word_1_870' title='bbox 360 5284 471 5391; x_wconf 55' lang='lat' dir='ltr'>uin</span> <span class='ocrx_word' id='word_1_871' title='bbox 502 5337 574 5390; x_wconf 91' lang='lat' dir='ltr'>de</span> <span class='ocrx_word' id='word_1_872' title='bbox 607 5337 905 5388; x_wconf 82' lang='lat' dir='ltr'>Visitatore</span> <span class='ocrx_word' id='word_1_873' title='bbox 939 5333 1166 5386; x_wconf 86' lang='lat' dir='ltr'>disserit</span> <span class='ocrx_word' id='word_1_874' title='bbox 1195 5346 1206 5383; x_wconf 92' lang='lat'>:</span> <span class='ocrx_word' id='word_1_875' title='bbox 1258 5330 1458 5399; x_wconf 83' lang='lat' dir='ltr'>Ibique</span> <span class='ocrx_word' id='word_1_876' title='bbox 1508 5344 1725 5398; x_wconf 81' lang='lat' dir='ltr'>papam</span> <span class='ocrx_word' id='word_1_877' title='bbox 1742 5326 1813 5379; x_wconf 88' lang='lat' dir='ltr'>ab</span> <span class='ocrx_word' id='word_1_878' title='bbox 1834 5342 1897 5379; x_wconf 90' lang='lat' dir='ltr'>eo</span> 
     </span>
    </p>
   </div>
   <div class='ocr_carea' id='block_1_116' title="bbox 181 5399 1898 5474">
    <p class='ocr_par' dir='ltr' id='par_1_116' title="bbox 181 5399 1898 5474">
     <span class='ocr_line' id='line_1_117' title="bbox 181 5399 1898 5474; baseline -0.007 -13"><span class='ocrx_word' id='word_1_879' title='bbox 181 5411 517 5463; x_wconf 74' lang='lat' dir='ltr'>salutatum</span> <span class='ocrx_word' id='word_1_880' title='bbox 544 5423 649 5461; x_wconf 83' lang='lat' dir='ltr'>suo</span> <span class='ocrx_word' id='word_1_881' title='bbox 677 5422 777 5461; x_wconf 83' lang='lat' dir='ltr'>ore</span> <span class='ocrx_word' id='word_1_882' title='bbox 802 5404 976 5474; x_wconf 81' lang='lat' dir='ltr'>jussit</span> <span class='ocrx_word' id='word_1_883' title='bbox 987 5400 1182 5472; x_wconf 68' lang='lat' dir='ltr'>aﬂari,</span> <span class='ocrx_word' id='word_1_884' title='bbox 1209 5403 1271 5453; x_wconf 85' lang='lat' dir='ltr'>ut</span> <span class='ocrx_word' id='word_1_885' title='bbox 1294 5400 1543 5474; x_wconf 69' lang='lat' dir='ltr'>traderet</span> <span class='ocrx_word' id='word_1_886' title='bbox 1569 5399 1898 5474; x_wconf 74' lang='lat' dir='ltr'>coepisCOpq</span> 
     </span>
    </p>
   </div>
   <div class='ocr_carea' id='block_1_117' title="bbox 183 5467 1899 5553">
    <p class='ocr_par' dir='ltr' id='par_1_117' title="bbox 183 5467 1899 5553">
     <span class='ocr_line' id='line_1_118' title="bbox 183 5467 1899 5553; baseline -0.009 -17"><span class='ocrx_word' id='word_1_887' title='bbox 183 5481 522 5553; x_wconf 68' lang='lat' dir='ltr'>mancipia,</span> <span class='ocrx_word' id='word_1_888' title='bbox 553 5478 739 5533; x_wconf 80' lang='lat' dir='ltr'>nullis</span> <span class='ocrx_word' id='word_1_889' title='bbox 783 5467 1080 5553; x_wconf 61' lang='lat' dir='ltr'>subdenria</span> <span class='ocrx_word' id='word_1_890' title='bbox 1128 5470 1461 5553; x_wconf 46' lang='lat' dir='ltr'>tormentis,</span> <span class='ocrx_word' id='word_1_891' title='bbox 1497 5468 1783 5553; x_wconf 66' lang='lat' dir='ltr'>seruanda</span> <span class='ocrx_word' id='word_1_892' title='bbox 1823 5467 1899 5521; x_wconf 81' lang='lat' dir='ltr'>ad</span> 
     </span>
    </p>
   </div>
   <div class='ocr_carea' id='block_1_118' title="bbox 183 5540 1898 5625">
    <p class='ocr_par' dir='ltr' id='par_1_118' title="bbox 183 5540 1898 5625">
     <span class='ocr_line' id='line_1_119' title="bbox 183 5540 1898 5625; baseline -0.007 -22"><span class='ocrx_word' id='word_1_893' title='bbox 183 5540 675 5625; x_wconf 56' lang='lat' dir='ltr'>disceptationem</span> <span class='ocrx_word' id='word_1_894' title='bbox 704 5545 1006 5625; x_wconf 78' lang='lat' dir='ltr'>synodalis</span> <span class='ocrx_word' id='word_1_895' title='bbox 1066 5541 1367 5625; x_wconf 71' lang='lat' dir='ltr'>examinis.</span> <span class='ocrx_word' id='word_1_896' title='bbox 1424 5544 1501 5625; x_wconf 69' lang='lat' dir='ltr'>De</span> <span class='ocrx_word' id='word_1_897' title='bbox 1558 5541 1646 5595; x_wconf 89' lang='lat' dir='ltr'>his</span> <span class='ocrx_word' id='word_1_898' title='bbox 1683 5540 1832 5625; x_wconf 78' lang='lat' dir='ltr'>enim</span> <span class='ocrx_word' id='word_1_899' title='bbox 1866 5555 1898 5592; x_wconf 88' lang='lat' dir='ltr'>a</span> 
     </span>
    </p>
   </div>
   <div class='ocr_carea' id='block_1_119' title="bbox 182 5613 1895 5691">
    <p class='ocr_par' dir='ltr' id='par_1_119' title="bbox 182 5613 1895 5691">
     <span class='ocr_line' id='line_1_120' title="bbox 182 5613 1895 5691; baseline -0.009 -14"><span class='ocrx_word' id='word_1_900' title='bbox 182 5613 550 5678; x_wconf 63' lang='lat' dir='ltr'>Theoderico</span> <span class='ocrx_word' id='word_1_901' title='bbox 591 5613 974 5691; x_wconf 72' lang='lat' dir='ltr'>impétrarant</span> <span class='ocrx_word' id='word_1_902' title='bbox 1031 5614 1360 5691; x_wconf 83' lang='lat' dir='ltr'>adversarii,</span> <span class='ocrx_word' id='word_1_903' title='bbox 1394 5619 1458 5668; x_wconf 91' lang='lat' dir='ltr'>ut</span> <span class='ocrx_word' id='word_1_904' title='bbox 1478 5613 1895 5691; x_wconf 63' lang='lat' dir='ltr'>repressentari,</span> 
     </span>
    </p>
   </div>
   <div class='ocr_carea' id='block_1_120' title="bbox 187 5681 1899 5765">
    <p class='ocr_par' dir='ltr' id='par_1_120' title="bbox 187 5681 1899 5765">
     <span class='ocr_line' id='line_1_121' title="bbox 187 5681 1899 5765; baseline -0.008 -17"><span class='ocrx_word' id='word_1_905' title='bbox 187 5700 237 5748; x_wconf 84' lang='lat' dir='ltr'>et</span> <span class='ocrx_word' id='word_1_906' title='bbox 263 5696 431 5765; x_wconf 87' lang='lat' dir='ltr'>quod</span> <span class='ocrx_word' id='word_1_907' title='bbox 468 5694 623 5763; x_wconf 82' lang='lat' dir='ltr'>leges</span> <span class='ocrx_word' id='word_1_908' title='bbox 640 5681 696 5747; x_wconf 74' lang='lat' dir='ltr'>et</span> <span class='ocrx_word' id='word_1_909' title='bbox 716 5704 964 5746; x_wconf 87' lang='lat' dir='ltr'>canones</span> <span class='ocrx_word' id='word_1_910' title='bbox 987 5691 1201 5753; x_wconf 84' lang='lat' dir='ltr'>vetant,</span> <span class='ocrx_word' id='word_1_911' title='bbox 1232 5690 1428 5741; x_wconf 82' lang='lat' dir='ltr'>contra</span> <span class='ocrx_word' id='word_1_912' title='bbox 1483 5681 1784 5738; x_wconf 79' lang='lat' dir='ltr'>dominum</span> <span class='ocrx_word' id='word_1_913' title='bbox 1815 5681 1899 5735; x_wconf 91' lang='lat' dir='ltr'>in-</span> 
     </span>
    </p>
   </div>
  </div>
