4060 6174
404 265 493 316 191
1609 258 1899 313 ENNODlI
1940 257 2250 314 EPISCOPI
2288 258 2674 314 TICINENSIS

3796 264 3898 316 192

398 395 802 449 consumentur
838 392 1002 464 (Isai.
1054 406 1200 460 xxxx,
1257 390 1330 461 3).
1363 387 1550 443 Redeo
1579 393 1795 457 tamen,
1847 395 1975 461 post
1994 406 2090 446 ve-
2127 392 2173 445 A
2202 391 2453 446 muelem
2487 390 2659 445 etiam
2692 389 3034 462 prophetam
3081 390 3389 446 miriﬁcum
3421 390 3489 446 de
3537 393 3897 447 conscientiae

400 489 550 539 tusta
569 484 960 553 exemplorum
990 480 1255 551 sutfugia,
1297 480 1365 532 ad
1398 479 1648 533 novellas
1678 496 1964 534 canonum
1996 481 2093 535 de-

398 574 704 628 linitiones.
745 573 963 627 Clamat
992 572 1050 624 in
1082 570 1193 623 alio
1252 570 1374 622 loco
1398 568 1865 639 Carthaginiense
1906 570 2095 624 conci-

398 665 542 718 lium
580 680 591 717 :
627 664 1008 732 Quascunque
1040 661 1110 713 ad
1168 659 1591 713 accusationem
1645 676 1920 729 personas
1940 662 2093 731 leges

400 752 645 823 publicae
699 768 813 805 non
857 750 1190 815 admittunt,
1236 749 1324 802 his
1356 748 1737 820 impugnandi
1768 751 2011 803 alterum
2036 755 2095 805 et

400 858 505 895 nos
543 841 829 895 licentiam
889 840 1294 893 submovemus
1328 856 1339 892 :
1383 844 1458 905 et,
1493 841 1677 893 Nullae
1705 840 2093 895 accusationes

401 930 739 1000 ajudicibus
769 929 1078 982 audiantur
1109 928 1517 996 ecclesiasticis,
1549 946 1677 1001 qua:
1742 929 1965 999 legibus
1997 947 2094 984 saa-

400 1021 513 1073 culi
543 1018 943 1089 prohibentur.
979 1018 1181 1082 Quaero
1242 1037 1275 1073 a
1321 1019 1501 1086 vobis,
1530 1019 1638 1072 viri
1670 1019 1877 1090 quibus
1908 1020 2093 1074 indita

400 1114 485 1161 est
516 1109 584 1161 ad
637 1123 891 1178 unguem
948 1108 1127 1177 polita
1193 1108 1484 1177 perfectio,
1532 1109 1693 1179 cujus
1749 1109 2092 1163 conditionis

396 1197 630 1251 fuerunt
660 1198 766 1250 ista
797 1197 1102 1266 mancipia,
1134 1214 1262 1267 quae
1309 1199 1597 1268 postulata
1628 1197 1854 1268 scriptis
1885 1199 2094 1269 princi-

397 1286 622 1357 palibus
671 1286 1013 1340 intimastis‘?
1040 1287 1095 1341 Si
1155 1304 1219 1340 ea
1255 1288 1473 1341 servilis
1506 1288 1693 1342 adhuc
1724 1289 1782 1341 in
1814 1294 2091 1359 potestate

399 1376 632 1430 alterius
656 1380 852 1430 catena
878 1375 1193 1444 retinebat,
1227 1381 1281 1430 et
1336 1378 1495 1430 nulla
1526 1377 1592 1430 ad
1649 1377 1908 1432 obscenae
1942 1379 2093 1432 obli-

398 1464 649 1533 gationis
696 1466 1066 1534 compedibus
1131 1465 1367 1536 vestigia
1424 1467 1485 1520 in
1542 1466 1865 1521 libertatem
1920 1468 2093 1522 missa

398 1554 679 1621 laxabant,
702 1555 787 1607 vel
818 1554 976 1608 vobis
1003 1554 1450 1625 disceptantibus
1477 1555 1646 1609 ﬁdem
1665 1556 2091 1627 aliquamjprae-

401 1643 685 1697 dictorum
714 1646 888 1699 verba
917 1650 1260 1715 portassent.
1304 1646 1434 1710 Sed,
1468 1647 1658 1715 credo,
1689 1645 2040 1716 rcplicabitis
2075 1663 2088 1701 :

398 1733 697 1787 veritatem
732 1750 905 1804 quam
936 1740 1136 1804 sponte
1162 1736 1382 1805 prolata
1408 1736 1467 1789 in
1490 1735 1601 1789 illis
1620 1752 1725 1789 vox
1747 1736 1955 1790 habere
1973 1752 2092 1789 non

398 1827 641 1892 poterat,
684 1824 830 1876 hanc
860 1824 1096 1876 diversis
1121 1824 1475 1895 :cruciatibus
1507 1841 1536 1879 e
1595 1825 1827 1878 latebris
1855 1824 1971 1877 suis
2002 1842 2094 1878 re-

400 1910 638 1979 ligiosus
664 1914 1132 1983 tortorexegerat
1165 1930 1176 1967 :
1220 1921 1279 1968 ut
1310 1914 1445 1968 dum
1486 1914 1668 1984 poenis
1699 1930 1941 1985 corpora
1982 1916 2093 1969 sol-

400 2004 685 2066 verentur,
716 2018 843 2071 quaa
869 2008 1027 2071 gesta
1057 2002 1229 2056 fuisse
1260 2007 1495 2057 noverat
1515 2004 1707 2058 anima
1727 2020 1842 2057 non
1865 2005 2090 2058 celaret.

402 2089 507 2143 Sed
549 2106 763 2159 quaeso,
821 2091 1077 2160 primum
1130 2093 1196 2146 ad
1239 2094 1393 2163 leges
1453 2094 1726 2164 publicas,
1788 2093 1992 2147 deinde
2024 2094 2095 2147 ad

394 2177 615 2248 judices
647 2195 747 2233 ora
780 2181 1085 2234 convertite
1113 2198 1124 2234 :
1160 2182 1258 2252 qui
1286 2182 1603 2252 possuntiu
1630 2181 1961 2236 defensione
1994 2199 2094 2236 sua

399 2267 477 2320 sic
508 2268 731 2338 eloqui:
776 2270 887 2323 Nos
919 2287 1062 2341 quos
1080 2271 1180 2325 Dei
1230 2271 1522 2325 servitium
1578 2276 1705 2342 post
1733 2271 1973 2325 istarum
2014 2288 2095 2325 re-

398 2373 526 2410 rum
561 2358 937 2429 abjectionem
967 2360 1100 2413 fecit
1130 2362 1441 2430 ingenuos;
1472 2361 1570 2432 qui
1604 2362 1956 2415 servulorum
1984 2361 2092 2429 in-

398 2447 736 2501 sultantium
777 2449 1151 2503 contumelias
1184 2456 1282 2503 aut
1300 2450 1663 2519 despicimus,
1688 2454 1785 2503 aut
1805 2450 2087 2507 ridemus:

400 2536 608 2605 quibus
638 2537 913 2607 scriptum
950 2543 1033 2591 est
1053 2539 1120 2592 de
1153 2539 1383 2592 famulis
1412 2556 1514 2610 per
1533 2540 1870 2609 Apostolum
1903 2554 1915 2595 :
1960 2542 2093 2594 Me-

398 2627 642 2679 mentote
670 2625 810 2695 quia
839 2630 1022 2681 vester
1073 2632 1123 2681 et
1154 2628 1385 2682 illorum
1415 2627 1476 2681 in
1510 2628 1663 2682 editis
1693 2631 1774 2682 est
1798 2628 2092 2698 [Dominus

401 2712 631 2784 (Ephes.
681 2732 755 2781 vI,
805 2718 882 2786 9),
930 2716 996 2770 ad
1038 2717 1160 2770 haec
1218 2718 1409 2770 sccculi
1449 2719 1599 2770 mala
1648 2717 2089 2772 revocabimur?

398 2802 721 2857 faciendum
755 2822 786 2857 a
812 2805 977 2858 nobis
1003 2810 1108 2871 est,
1161 2806 1311 2876 quod
1342 2806 1643 2859 facientem
1675 2808 1918 2861 alterum
1962 2823 2093 2877 pro-

397 2891 593 2945 fanum
620 2909 740 2947 esse
774 2892 1211 2948 contendimus?
1252 2896 1404 2966 quod
1428 2912 1531 2965 per
1556 2896 1937 2951 ministerium
1971 2898 2090 2966 jus-

2202 497 2318 534 suzn
2346 480 2648 535 serenitate
2686 481 2843 550 vulgi
2888 480 3073 535 dicitis
3110 480 3448 551 implorasse
3479 482 3893 538 testimonium.

2203 571 2348 635 Quid
2381 572 2539 625 enim
2572 571 2800 625 Samuel
2833 571 3017 627 dixit?
3042 572 3186 625 scire
3239 572 3565 638 Dominum,
3591 589 3736 643 quos
3768 574 3897 627 nul-

2200 661 2311 714 lius
2367 678 2625 732 unquam
2683 662 3082 730 substantiam,
3142 661 3356 715 nullius
3387 677 3561 731 pecus
3589 662 3897 733 abegisset,

2201 750 2561 805 adversatum
2593 768 2651 805 se
2703 752 3059 819 muneribus,
3112 754 3169 806 et
3200 751 3355 822 quod
3389 755 3473 804 est
3507 768 3678 822 supra
3715 752 3894 806 homi-

2200 856 2353 907 nem,
2389 846 2589 911 sponte
2635 840 2925 894 venientia
2974 841 3127 894 dona
3169 840 3420 894 vitasse:
3463 840 3768 911 providens
3798 842 3903 895 sci-

2199 931 2349 997 licet,
2372 946 2444 984 ne
2461 946 2566 1001 per
2585 930 2974 1001 suspicionum
2998 929 3350 1001 praejudicia,
3375 929 3661 999 opinionis
3684 930 3893 986 damna

2198 1023 2507 1090 pateretur.
2562 1022 2925 1074 Postremum
2966 1019 3070 1073 sub
3111 1018 3301 1073 divina
3333 1019 3697 1073 attestatione
3728 1025 3887 1090 pate-

2198 1109 2334 1164 fecit
2361 1109 2774 1179 innocentiam,
2808 1125 2881 1164 ne
2911 1109 3233 1163 humanum
3267 1108 3484 1163 subiret
3500 1125 3758 1163 examen.
3786 1112 3889 1165 Re-

2199 1199 2464 1269 demptor
2522 1204 2715 1253 noster
2744 1198 3049 1268 judicium,
3092 1199 3249 1269 quod
3296 1198 3447 1252 inter
3487 1215 3544 1252 se
3586 1202 3640 1253 et
3668 1199 3891 1254 vineam

2200 1305 2361 1342 suam
2395 1293 2555 1359 optat
2586 1289 2837 1356 evenire,
2858 1289 2995 1342 dum
3041 1292 3225 1343 vestra
3277 1288 3337 1341 in
3367 1288 3635 1358 prmsenti
3658 1287 3895 1358 negotio

2199 1379 2350 1432 mala
2381 1378 2633 1448 respicit,
2658 1378 2839 1448 magis
2871 1379 3163 1448 implorat.
3198 1378 3251 1432 S.
3276 1378 3620 1431 Athanasius
3645 1378 3892 1431 Alexan.

2199 1468 2379 1523 drinze
2432 1467 2589 1521 urbis
2623 1466 2946 1537 episcopus,
3007 1466 3145 1520 dum
3195 1467 3542 1537 participum
3574 1472 3895 1521 vestrorum

2199 1561 2534 1626 argueretur
2564 1556 2798 1625 invidia,
2854 1572 3165 1627 agnoscens
3219 1556 3327 1609 sibi
3375 1573 3476 1627 per
3511 1557 3897 1610 contumelia-

2197 1664 2328 1701 rum
2361 1647 2789 1700 multitudinem
2823 1646 3155 1701 exercitium
3195 1646 3546 1716 contingere,
3578 1663 3693 1700 non
3724 1646 3896 1700 timo-

2204 1753 2348 1803 rem,
2384 1753 2511 1789 vere
2534 1737 2603 1790 ad
2638 1752 2863 1790 coronae
2914 1734 3165 1805 pretium
3196 1735 3403 1805 junxit,
3437 1736 3584 1806 quod
3603 1736 3669 1789 de
3700 1734 3894 1805 digni-

2204 1830 2317 1880 tate
2351 1824 2647 1880 submisit:
2684 1830 2740 1878 et
2771 1830 2901 1879 ante
2941 1826 3229 1879 caelestem
3272 1825 3341 1878 de
3372 1824 3727 1878 absolutione
3760 1841 3897 1878 sen-

2204 1915 2463 1983 tentiam,
2499 1931 2808 1985 personam
2857 1914 2941 1968 rei
2979 1914 3322 1968 innocentiae
3340 1919 3528 1967 bonus
3583 1914 3898 1967 mstimator

2202 2006 2481 2076 implevit.
2528 2005 2616 2060 Sic
2652 2006 2808 2059 enim
2849 2005 3058 2059 Christi
3096 2004 3303 2058 milites
3343 2005 3548 2059 sudore
3581 2020 3680 2057 suo
3711 2004 3894 2057 hono-

2203 2112 2330 2149 rum
2354 2096 2461 2149 sibi
2505 2095 2859 2149 incrementa
2889 2094 3233 2165 parturiunt,
3269 2095 3405 2148 dum
3446 2110 3710 2147 concessa
3739 2092 3895 2146 fasti-

2203 2184 2298 2255 gia
2315 2184 2547 2238 celsiore
2576 2184 2898 2237 humilitate
2929 2183 3211 2254 castigant
3243 2183 3411 2237 :inde
3436 2183 3667 2237 laudum
3690 2197 3892 2235 cumu-

2203 2276 2287 2329 los
2320 2273 2645 2338 mercaturi,
2700 2274 2851 2327 unde
2890 2273 3123 2343 indepta
3164 2272 3413 2327 culmina
3447 2272 3675 2326 sublimi
3707 2271 3893 2342 parci-

2200 2367 2313 2421 tate
2350 2363 2739 2417 moderantur.
2794 2363 2900 2417 Sed
2959 2362 3217 2433 quamvis
3252 2363 3483 2416 beatum
3515 2360 3895 2416 Athanasium

2202 2453 2460 2506 Romano
2519 2451 2779 2515 antistiti,
2839 2457 3117 2523 quantum
3170 2467 3337 2505 nosse
3395 2452 3576 2519 datur,
3612 2450 3895 2521 imparem

2198 2542 2356 2595 locus
2380 2541 2668 2607 ostendat;
2703 2542 2847 2595 facto
2869 2546 3061 2594 tamen
3097 2540 3155 2594 in
3188 2540 3433 2611 negotiis
3464 2544 3892 2609 comparantur.

2204 2641 2216 2672 1
2252 2632 2350 2683 llle
2376 2635 2580 2701 prmsto
2614 2630 2722 2685 fuit
2744 2630 3038 2700 judicibus
3063 2658 3073 2684 ι
3136 2629 3243 2684 iste
3268 2632 3546 2700 quantum
3603 2633 3658 2682 et
3688 2645 3783 2681 vos
3811 2628 3898 2682 di-

2200 2720 2343 2787 citis,
2387 2720 2703 2774 advocavit.
2752 2721 2849 2773 Ille
2886 2720 3221 2773 intentatam
3257 2718 3664 2773 discussionem
3695 2723 3759 2772 ut
3792 2718 3897 2772 Dei

2198 2810 2448 2862 famulus
2470 2825 2589 2863 non
2618 2809 2831 2880 refugit
2868 2826 2879 2863 :
2910 2809 3015 2862 iste
3034 2809 3312 2879 triumphi
3336 2807 3901 2879 suispemindiscus-

2203 2915 2397 2952 sorum
2454 2899 2787 2952 collectione
2832 2898 3146 2951 constituit.
3208 2898 3313 2953 Sed
3372 2897 3508 2967 quid
3542 2896 3900 2966 hisilongius

398 2981 571 3035 sionis
602 2988 659 3036 et
683 2999 886 3035 manus
949 2984 1149 3037 aliena}
1203 2984 1506 3039 incestaret
1538 2991 1854 3056 aspectum,
1896 2992 2087 3042 nostro
2131 2994 2170 3049 C
2204 2987 2606 3041 collationibus
2668 2987 3093 3041 immoremur?
3158 2986 3380 3041 Iudicia
3429 2991 3483 3039 et
3533 2986 3636 3039 iste
3688 2986 3895 3053 voluit,

399 3076 705 3140 peragetur
739 3071 979 3142 imperio
1002 3073 1029 3126 ‘?
1081 3073 1264 3127 Nolite
1301 3074 1445 3127 hanc
1475 3074 1547 3128 ad
1580 3075 1871 3128 universas
1897 3076 2085 3131 Eccle-

399 3159 509 3212 sias
540 3165 795 3214 mentem
826 3162 1122 3231 rapacium
1159 3164 1430 3232 luporum
1461 3180 1621 3217 more
1656 3169 1711 3218 et
1740 3169 1945 3219 natura
1977 3181 2090 3219 scr-

398 3264 531 3300 vare
561 3265 573 3302 :
610 3248 745 3319 quia
783 3255 1086 3320 postquam
1148 3268 1252 3304 nos
1286 3255 1624 3306 maculasset
1648 3254 1792 3307 forte
1820 3271 1921 3324 pro
1944 3254 2087 3308 desi-

400 3336 574 3390 deriis
611 3338 804 3391 vestris
844 3345 1079 3393 cruenta
1126 3340 1420 3406 discussio,
1462 3342 1725 3396 effectum
1757 3342 1813 3395 in
1836 3343 1943 3409 his,
1972 3360 2086 3414 quo

398 3426 644 3493 tenditis,
672 3443 782 3480 non
812 3428 1067 3482 haberet.
1118 3429 1225 3483 Sed
1274 3430 1496 3484 dicente
1552 3432 1711 3485 vobis
1760 3433 2085 3502 propheta:

397 3517 680 3570 Ponamus
698 3515 977 3571 circulum
1010 3517 1070 3571 in
1098 3518 1337 3573 naribus
1349 3522 1569 3586 vestris,
1587 3524 1641 3573 et
1657 3522 1895 3586 frenum
1922 3521 1983 3574 in
2007 3522 2088 3577 la-

398 3602 525 3671 biis,
551 3607 605 3657 et
622 3605 1065 3660 reducamusvos
1082 3606 1142 3660 in
1163 3607 1315 3661 viam
1333 3625 1446 3678 qua
1457 3609 1693 3662 venistis
1707 3609 1863 3677 (Isai.
1881 3626 2085 3677 xxxv”,

399 3697 500 3761 29;
535 3696 636 3750 IV
664 3697 804 3767 Reg.
839 3713 957 3763 XIX,
989 3697 1110 3766 28):
1147 3698 1246 3768 qui
1272 3699 1471 3752 eodem
1496 3700 1774 3769 propheta
1806 3707 2088 3755 asserente

397 3782 841 3853 impugnamini,
875 3787 973 3855 qui
1002 3785 1138 3840 dicit
1171 3803 1183 3840 :
1218 3788 1407 3840 Erunt
1449 3789 1617 3858 quasi
1634 3804 1746 3843 non
1762 3788 1900 3856 sint,
1924 3793 1973 3843 et
1996 3807 2089 3861 pe-

396 3872 593 3926 ribunt
622 3872 751 3941 viri,
787 3874 886 3944 qui
914 3874 1325 3930 contradicunt
1352 3875 1505 3931 vobis
1544 3879 1712 3944 (lsai.
1746 3895 1856 3945 XLI,
1898 3879 2004 3949 11).

470 3963 585 4015 lloc
614 3964 805 4036 etiam]
828 3980 974 4018 novo
1026 3964 1294 4018 adversus
1333 3982 1435 4018 nos
1466 3966 1799 4022 subdidistis
1830 3968 2084 4038 invento,

397 4051 585 4121 ipsum
610 4053 917 4107 Dominum
937 4058 993 4107 et
1022 4054 1463 4124 Redemptorem
1479 4060 1762 4123 nostrum,
1790 4073 2086 4112 servorum

399 4140 857 4212 subiissejudicia
889 4163 902 4209 ;
926 4148 982 4197 et
1003 4143 1501 4213 coelioperatorem
1540 4145 1835 4215 particula:
1859 4148 2086 4202 cuidam

397 4234 599 4299 sponte
633 4230 982 4301 subjacuisse
1019 4236 1264 4286 terrenas
1298 4249 1310 4286 :
1345 4233 1482 4287 dum
1524 4238 1784 4300 testatur,
1821 4238 1875 4288 et
1904 4237 2085 4307 loqui-

395 4325 508 4385 tur,
532 4321 722 4375 Homo
744 4321 926 4387 Juda,
956 4324 1011 4374 et
1058 4320 1157 4392 qui
1183 4321 1411 4375 habitas
1445 4324 1792 4389 Jerusalem,
1826 4325 2086 4393 judicate

394 4410 545 4467 inter
589 4429 681 4466 me
722 4416 777 4466 et
832 4412 1057 4467 vineam
1112 4430 1293 4469 meam
1354 4415 1524 4484 (Isai.
1570 4432 1619 4483 v,
1654 4416 1707 4485 3)
1737 4433 1749 4470 :
1781 4416 1890 4470 hoc
1914 4419 2088 4472 etiam

395 4501 625 4555 beatum
660 4505 890 4557 Petrum
919 4520 931 4569 ;
962 4504 1068 4557 hoc
1098 4504 1676 4573 Paulumapostolum
1695 4520 1808 4559 non
1827 4505 2087 4561 horruise

398 4592 661 4655 narratis,
697 4596 752 4645 et
790 4592 947 4646 illam
978 4599 1223 4647 vestram
1257 4593 1600 4664 elegantiam
1643 4593 1713 4647 ad
1745 4594 1839 4663 jus
1860 4601 2088 4664 pertra-

396 4680 530 4733 hitis
548 4682 934 4751 exemplorum
980 4683 1216 4737 nexibus
1246 4682 1669 4754 praecedentem
1702 4699 1714 4737 :
1751 4686 1911 4754 quasi
1933 4684 2088 4739 vobis

397 4768 454 4822 in
488 4770 593 4823 hac
613 4775 772 4840 parte
822 4773 1162 4826 remanserit
1208 4789 1336 4827 cum
1373 4773 1657 4827 renitente
1691 4773 1998 4841 contentio,
2033 4780 2090 4829 et

395 4857 596 4912 validis
637 4859 918 4914 facundiae
951 4868 1154 4916 vestra:
1187 4862 1381 4932 digitis
1398 4863 1703 4934 exigantur
1750 4862 1958 4918 oblata.
1987 4863 2087 4917 Sa-

473 5002 491 5033 ¹
519 5002 634 5057 Ille
662 5007 866 5073 praesto
884 5004 1008 5074 fuit
1012 5003 1328 5073 judicibus]
1377 5006 1438 5058 In
1479 5005 1696 5074 synodo
1735 5020 1860 5075 quae
1894 5008 2090 5059 contra

396 5073 585 5143 ipsum
628 5076 759 5146 Tyri
800 5073 1333 5130 fueratconvocata:
1388 5077 1454 5129 ad
1509 5073 1687 5145 quam
1718 5073 1822 5128 etsi
1854 5080 2091 5146 propter

397 5151 653 5216 apertam
697 5148 812 5201 vim
862 5154 916 5202 et
954 5147 1414 5215 conjurationem
1472 5148 1945 5213 adversariorum,
1980 5148 2090 5200 ali-

397 5219 671 5287 quandiu,
704 5225 767 5273 ut
817 5219 1162 5273 Sozomenus
1218 5218 1318 5270 lib.
1369 5235 1428 5283 n,
1460 5234 1580 5287 cap.
1618 5220 1705 5285 24,
1769 5218 1982 5285 scribit,
2017 5235 2088 5271 an

394 5296 626 5343 vocatus
675 5290 916 5354 veniret,
968 5292 1264 5342 cunctatus
1304 5293 1409 5355 est,
1468 5295 1662 5357 postea
1697 5295 1891 5342 tamen
1922 5289 2089 5342 inno-

397 5361 585 5486 gentia
609 5361 811 5430 fretus,
835 5368 889 5415 et
917 5377 989 5415 ne
1015 5358 1295 5431 judicium
1314 5359 1598 5413 declinare
1622 5360 1929 5429 videretur,
1948 5377 2088 5430 pro-

422 5437 577 5485 ectus
608 5438 710 5484 est.

422 5437 577 5485 ectus
608 5438 710 5484 est.

467 5520 489 5551 ι
516 5502 762 5558 Concilio
803 5501 1227 5572 auctoritatem]
1262 5501 1523 5573 Synodus
1574 5501 1696 5571 ipsa
1724 5502 1791 5556 de
1823 5503 2088 5573 Symma-

400 5572 527 5641 cho,
564 5589 695 5627 cum
755 5574 1038 5643 synodum
1094 5590 1220 5644 qua:
1278 5572 1456 5645 ipsius
1500 5589 1670 5627 causa
1699 5575 1767 5645 ad
1793 5572 2087 5628 basilicam

399 5645 533 5699 Julii
563 5650 925 5712 convenerat,
958 5643 1427 5717 essetZingre'ssus
1461 5661 1473 5700 :
1526 5643 1967 5715 Auctoritatem,
1992 5646 2088 5700 in-

2198 3077 2428 3144 amavit,
2459 3077 2707 3143 attraxit,
2742 3076 3030 3147 ingressus
3074 3080 3157 3130 est
3190 3092 3202 3130 :
3247 3080 3301 3129 et
3331 3075 3485 3146 quod
3516 3078 3710 3146 posset
3735 3074 3899 3128 ﬁdeli

2197 3168 2370 3221 corda
2403 3167 2611 3221 doloris
2638 3166 2779 3237 justi
2808 3166 3021 3220 aculeis
3052 3166 3319 3235 excitare,
3350 3166 3673 3219 venerando
3706 3160 3729 3195 ³
3749 3179 3897 3217 con—

2198 3257 2327 3311 cilio
2349 3256 2748 3310 auctoritatem
2776 3255 2949 3309 etiam
2979 3260 3175 3309 contra
3204 3271 3281 3321 se,
3334 3254 3381 3306 si
3429 3256 3765 3319 mereretur,
3797 3252 3897 3306 in-

2197 3345 2387 3400 dulsit.
2422 3344 2558 3408 Quis
2590 3344 2647 3397 in
2679 3344 2783 3397 hac
2813 3343 3171 3413 allegationis
3200 3342 3380 3413 ipsius
3418 3343 3605 3395 fronte
3646 3341 3899 3395 nesciret

2194 3434 2403 3489 fultum
2423 3434 2489 3488 ad
2508 3432 2871 3502 coepiscopos
2886 3431 3152 3502 puritatis
3176 3430 3518 3485 testimoniis
3536 3429 3898 3493 convenisse,

2198 3524 2297 3594 qui
2326 3523 2432 3576 hoc
2455 3523 2606 3593 quod
2639 3522 3053 3575 districtionem
3087 3536 3287 3574 eorum
3318 3521 3507 3573 minus
3537 3519 3762 3585 licebat,
3790 3534 3899 3572 ex-

2195 3610 2442 3676 horruit,
2487 3608 2778 3662 aestimans
2804 3608 2948 3662 illud
2978 3608 3162 3679 magis
3194 3608 3451 3679 quolibet
3478 3607 3646 3660 modo
3678 3606 3896 3660 labefa-

2194 3698 2484 3765 ctandum,
2535 3698 2693 3768 quod
2752 3697 3040 3752 statuisset
3111 3713 3311 3751 censor
3376 3696 3695 3750 invalidus?
3745 3696 3902 3759 Quid

2196 3788 2501 3859 praefatum
2530 3787 2838 3841 iucessistis
2878 3787 3080 3840 canina
3106 3786 3449 3857 loquacitate
3467 3786 3494 3839 ‘?
3521 3786 3657 3855 quid
3681 3784 3899 3839 laaditis

2194 3894 2311 3931 non
2331 3881 2647 3930 merentem
2673 3875 2700 3927 ?
2730 3876 2935 3929 Votum
2958 3879 3081 3943 ejus
3112 3882 3197 3929 est
3227 3875 3380 3946 quod
3401 3880 3652 3929 vestrum
3676 3875 3900 3944 putatis

2194 3983 2313 4020 esse
2344 3972 2623 4020 terrorem
2655 3981 2667 4018 :
2704 3964 2797 4018 sed
2837 3965 3075 4018 astutior
3122 3964 3182 4018 in
3220 3964 3400 4030 vobis,
3429 3980 3603 4033 quam
3634 3963 3693 4015 in
3715 3962 3899 4016 Atha-

2195 4056 2339 4109 nasii
2370 4052 2706 4108 adversariis
2738 4053 2951 4106 novelli
2974 4051 3127 4105 virus
3167 4052 3448 4122 serpentis
3495 4050 3770 4104 insibilat.
3795 4050 3901 4121 ,Illi

2194 4144 2523 4197 nescierunt
2548 4141 2702 4213 quod
2736 4158 2833 4195 vos
2860 4143 3079 4213 optime
3135 4141 3372 4206 calletis,
3409 4140 3655 4211 qualiter
3682 4139 3899 4192 trium-

2192 4234 2343 4304 phus
2372 4232 2673 4286 tolleretur
2705 4230 2988 4302 impetito.
3014 4231 3099 4285 Illi
3147 4228 3637 4299 provocatumﬁne
3658 4228 3903 4282 audien-

2127 4329 2166 4381 D
2200 4322 2305 4376 dus
2326 4337 2446 4375 non
2488 4324 2831 4386 occurreret,
2873 4318 3293 4373 formidabant:
3335 4335 3433 4371 vos
3463 4333 3683 4371 moram
3713 4333 3901 4388 quam

2197 4410 2483 4465 habebant
2509 4410 2772 4464 examina
2804 4425 2922 4463 non
2959 4410 3229 4475 ferentes,
3260 4412 3280 4443 ³
3312 4406 3642 4462 venientem
3681 4406 3905 4477 jaculis

2194 4501 2514 4571 repulistis;
2546 4504 2601 4553 et
2634 4499 2869 4553 taedium
2899 4498 3052 4552 vobis
3085 4499 3154 4551 de
3192 4498 3475 4551 sententia
3505 4502 3903 4566 praeparatum

2197 4606 2490 4644 armorum
2522 4589 2811 4642 ultricium
2843 4587 3232 4658 assumptione
3260 4586 3669 4640 commutastis.
3699 4587 3745 4641 Ο
3776 4602 3909 4640 ma-

2194 4681 2384 4735 lorum
2414 4677 2904 4743 commemoratio,
2934 4693 3063 4748 quae
3098 4693 3292 4731 vocem
3314 4681 3370 4730 et
3400 4680 3632 4747 praestat
3662 4678 3716 4727 et
3747 4675 3909 4729 sub-

2195 4768 2343 4838 ruit;
2378 4768 2514 4822 dum
2557 4768 2685 4822 illos
2726 4784 2868 4839 quos
2915 4766 2976 4821 in
3026 4767 3335 4821 clamorem
3370 4764 3643 4836 coegerit,
3686 4779 3910 4818 eorum

2196 4858 2369 4912 etiam
2387 4858 2664 4929 gravitate
2694 4858 2828 4913 facti
2852 4858 3024 4913 verba
3056 4855 3377 4912 confundit.

2198 5002 2342 5075 quit,
2366 5001 2586 5075 ordinis
2614 5002 2975 5075 corrigendi,
3000 5002 3155 5075 sicut
3185 5000 3492 5073 poscebant
3506 4997 3915 5075 ecclesiastica.

2195 5071 2504 5135 statuimin
2526 5071 2780 5128 omnium
2822 5073 2919 5145 qui
2956 5071 3915 5143 ibidem'concenerantepiscopo—

2198 5162 2328 5200 rum
2354 5146 2665 5217 praesentia
2680 5162 2749 5217 se
2780 5145 2920 5217 dare
2943 5146 3238 5217 professus
3260 5148 3361 5198 est.

2269 5217 2290 5249 ³
2321 5216 2642 5297 Venientem
2656 5215 3196 5297 jaculisrepulistis]
3217 5215 3621 5297 Symmachum
3642 5229 3912 5297 papam,

2198 5304 2325 5342 cum
2359 5288 2427 5340 ad
2467 5284 2713 5341 alterum
2763 5284 2966 5358 synodi
3007 5284 3348 5341 conventum
3394 5290 3679 5357 pergeret,
3703 5284 3806 5354 qui
3839 5286 3917 5341 in

2196 5359 2427 5415 basilica
2457 5359 2787 5412 Sessoriana
2817 5363 3042 5411 coactus
3099 5363 3240 5413 erat.
3290 5360 3430 5412 Tum
3492 5358 3667 5421 enim,
3703 5362 3767 5409 ut
3798 5373 3915 5426 sy-

2197 5430 2331 5484 nodi
2362 5434 2484 5482 acta
2513 5435 2769 5495 narrant,
2819 5429 2887 5482 ab
2946 5428 3298 5482 irruentibus
3330 5430 3668 5483 aemulorum
3708 5428 3917 5482 turbis

2196 5502 2273 5555 ita
2314 5505 2583 5554 tractatus
2604 5507 2704 5570 est,
2738 5506 2801 5553 ut
2830 5500 2987 5553 cassis
3028 5500 3126 5570 qui
3153 5517 3279 5554 cum
3300 5502 3421 5571 ipso
3460 5505 3623 5554 erant
3659 5498 3919 5571 presby-

2197 5572 2355 5643 teris,
2383 5587 2533 5642 aegre
2583 5574 2652 5630 ad
2706 5571 2858 5629 beati
2889 5572 3040 5626 Petri
3082 5578 3263 5643 septa,
3294 5570 3447 5626 unde
3475 5586 3736 5643 egressus
3763 5570 3911 5625 fue-

2198 5648 2305 5712 rat,
2330 5641 2636 5703 incOlumis
2667 5664 2699 5706 a
2728 5643 2934 5701 comite
2959 5641 3229 5715 Aliger‘no
3260 5641 3530 5700 reductus
3555 5642 3645 5697 sit.
