4060 6174
164 309 251 361 193
1171 304 1503 362 LIBELLUS
1544 305 2069 385 APO§OGETICUS
2108 307 2244 362 PRO
2289 306 2581 364 SYNODO.

3549 318 3651 371 194

214 436 353 501 Quis
404 437 661 507 patiatur
705 452 802 489 vos
834 452 998 507 aequo
1046 437 1240 491 animo
1287 439 1646 507 garrientes?
1692 441 1839 509 Ergo
1879 444 1925 496 Α
1954 439 2311 494 medicorum
2344 441 2622 495 exercitus
2647 441 3008 497 subveniret:
3044 444 3180 514 quia
3209 448 3473 516 quotiens
3498 464 3649 502 mor-

156 542 246 581 nos
278 526 600 580 secundum
627 527 1000 597 assertionem
1020 531 1287 594 vestram,
1316 530 1550 583 novella).
1586 529 1846 583 utilitatis

153 616 446 670 commoda
494 632 612 669 non
671 632 948 685 amamus,
1015 617 1150 670 dum
1207 618 1458 671 deﬁnitis
1526 618 1846 672 senioribus

154 711 488 777 praestamus
517 706 899 776 obsequium?
932 707 1028 759 llic
1061 711 1175 760 tota
1205 706 1425 777 ingenii
1454 708 1579 762 vela
1606 725 1843 779 suspen-

154 796 307 849 ditis:
344 796 441 849 hic
474 794 765 865 resupina;
791 796 1023 849 cervicis
1057 813 1123 849 ex
1150 812 1369 850 secessu
1402 798 1645 868 pectoris
1684 798 1847 867 quid-

154 885 276 956 quid
320 884 530 939 habuit
560 885 811 938 ﬂaminis
842 889 1035 939 ructus
1067 886 1343 940 emovuit.
1384 908 1405 934 ι
1452 887 1629 941 Aiunt
1656 887 1842 942 enim:

154 973 309 1043 Moysi
366 990 403 1027 a
445 974 606 1027 vobis
647 974 887 1044 jejunia,
940 979 995 1027 et
1039 974 1220 1029 Elisasi
1254 976 1529 1029 miracula
1563 992 1690 1047 qua:
1732 977 1849 1047 egit

155 1063 273 1116 dum
301 1067 607 1116 mortuum
630 1063 936 1131 suscitavit,
965 1063 1010 1116 si
1038 1080 1255 1118 annosa
1276 1069 1501 1119 tantum
1526 1066 1843 1133 sectamini,

154 1152 628 1207 condemnentur.
668 1174 689 1198 ι
737 1152 881 1216 Quid
915 1152 1005 1206 hic
1032 1153 1270 1207 rationis
1307 1154 1523 1208 invenit
1565 1159 1847 1209 scrutator

156 1242 426 1295 idoneus?
461 1258 579 1295 non
611 1242 659 1295 si
697 1243 825 1295 auri
855 1242 1104 1312 pallidus
1144 1243 1450 1314 inquisitor
1478 1248 1756 1311 occurrat,
1786 1244 1844 1298 in

155 1332 405 1385 sensibus
455 1332 659 1385 vestris
690 1332 993 1386 latentium
1024 1349 1296 1386 venarum
1336 1338 1525 1387 motus
1571 1334 1844 1403 inveniat,

152 1426 198 1473 et
224 1420 469 1474 insuetis
501 1421 687 1475 lucem
723 1422 955 1475 latebris
984 1438 1313 1475 sermonum
1345 1423 1530 1477 fossor
1558 1423 1843 1478 admittat.

154 1510 353 1563 Idcirco
388 1527 534 1581 ergo
586 1527 726 1564 cana
756 1511 1034 1564 miracula
1073 1528 1185 1565 non
1219 1512 1554 1581 probamus,
1600 1513 1647 1565 si
1689 1513 1847 1582 juve-

152 1600 351 1654 nilibus
423 1616 771 1654 consensum
834 1616 951 1654 non
1000 1600 1325 1671 praebemus
1387 1602 1741 1656 excessibus?
1788 1602 1846 1657 Si

152 1706 366 1744 servum
420 1690 668 1744 Domino
699 1689 1041 1761 discipulum
1076 1691 1351 1761 magistro
1386 1691 1676 1762 Evangelii
1723 1708 1843 1745 me-

150 1796 323 1833 mores
375 1780 803 1850 subjungamus
859 1780 1092 1849 (Matth.
1145 1798 1200 1847 x,
1258 1782 1354 1845 2i;
1416 1783 1550 1835 Luc.
1610 1798 1686 1847 vi,
1743 1782 1842 1846 40;

149 1870 309 1922 Joan.
343 1886 427 1935 vr,
472 1870 563 1937 40,
613 1875 669 1922 et
696 1885 825 1936 xxv,
876 1871 990 1937 20),
1024 1869 1303 1940 quidquid
1348 1870 1534 1939 potuit
1578 1869 1847 1940 prodesse

153 1958 534 2028 negligimus?
566 1958 688 2011 Alia
715 1963 869 2024 sunt,
916 1958 1326 2028 improbissimi
1358 1960 1683 2025 hominum,
1720 1976 1848 2031 quas

153 2049 211 2101 ad
238 2064 409 2101 usum
446 2054 738 2102 recentem
768 2048 890 2102 sine
924 2048 1135 2117 injuria
1169 2048 1465 2102 vetustatis
1485 2050 1842 2103 adhibemus.

212 2139 426 2191 Novam
458 2138 669 2192 deinde
700 2138 949 2208 culpam,
984 2141 1230 2207 etquam
1255 2138 1617 2207 investigatio
1650 2145 1847 2192 nostra

151 2228 465 2293 transierat,
510 2227 859 2281 reclusistis:
913 2248 941 2277 ‹‹
990 2227 1173 2291 Quare
1218 2243 1387 2298 papa,
1432 2228 1553 2281 sine
1604 2227 1848 2298 exempli

152 2318 405 2371 instituto
437 2317 840 2387 prazcedentis,
876 2317 1153 2387 synodum
1188 2317 1536 2383 convocavit,
1574 2322 1633 2371 ut
1660 2318 1728 2371 de
1747 2316 1851 2371 cri-

152 2410 364 2460 minum
395 2408 525 2477 ejus
569 2407 887 2476 objectione
919 2406 1329 2477 cognosceret?
1360 2428 1389 2456 »
1422 2408 1555 2460 Post
1588 2408 1709 2461 haec
1745 2424 1848 2461 nos

153 2497 404 2550 falsitatis
435 2497 699 2567 arguitis,
735 2513 835 2550 cur
868 2514 898 2549 a
929 2496 1203 2567 principe,
1240 2513 1369 2567 qua:
1398 2496 1459 2550 in
1490 2498 1727 2567 prmfato
1752 2514 1848 2552 ne-

154 2587 295 2655 gotio
349 2587 568 2656 scripta
599 2591 756 2653 sunt,
794 2585 1037 2639 dicimus
1066 2587 1372 2656 postulata.
1408 2608 1434 2635 α
1469 2589 1700 2653 Prmsta,
1746 2590 1849 2642 Do-

154 2675 315 2741 mine,
350 2680 416 2729 ut
457 2674 776 2745 labyrinthi
806 2674 977 2745 hujus
1008 2674 1131 2728 sine
1162 2691 1353 2729 errore
1386 2676 1648 2730 sinuosos
1679 2694 1849 2747 supe-

151 2780 333 2817 remus
378 2765 722 2819 anfractus:
775 2785 803 2812 »
864 2764 1043 2834 dirige
1083 2764 1366 2831 semitam,
1422 2781 1595 2835 quam
1644 2766 1848 2821 ﬂexilis

153 2853 371 2906 coluber
409 2854 580 2923 juxta
625 2853 902 2906 fabricam
948 2852 1167 2922 proprii
1202 2853 1456 2923 corporis
1493 2858 1590 2907 aut
1639 2854 1849 2908 mentis

154 2948 433 3011 operatur,
472 2948 535 2995 ut
564 2957 695 2995 vere
731 2943 1021 2995 dicamus:
1063 2940 1339 2995 Dominus
1366 2942 1641 2996 virtutum
1664 2942 1849 2997 nobis-

1955 528 2161 583 borum
2194 529 2465 583 violentia
2494 531 2663 584 celeri
2696 548 2891 601 gressu
2925 533 2991 586 ad
3025 534 3231 588 animae
3261 540 3475 590 secreta
3496 537 3647 591 festi-

1954 624 2073 685 nat,
2109 618 2302 673 obvias
2331 636 2534 673 manus
2567 620 2770 673 atl‘erre
2804 638 2920 674 non
2953 627 3141 691 potest
3177 626 3423 678 salutare
3454 627 3649 680 consi-

1954 706 2117 773 lium,
2168 707 2389 761 nisi.ex
2434 709 2735 762 collatione
2780 711 3113 764 multorum.
3167 714 3305 766 Nam
3355 720 3412 767 et
3458 715 3566 768 hoc
3620 733 3652 770 a

1955 812 2089 866 rege
2115 796 2592 867 nostrafpoposcit
2616 798 2907 867 allegatio,
2931 804 2992 853 ut
3022 800 3281 854 abscissis
3314 803 3650 858 clericorum

1955 886 2300 956 praejudiciis
2333 888 2402 941 de
2436 893 2831 941 accusatorum
2866 905 3029 959 papae
3063 892 3265 943 merito
3308 907 3413 961 per
3439 891 3649 945 huma—

1956 992 2095 1030 num
2145 993 2206 1030 os
2258 993 2572 1047 supernum
2622 977 2906 1047 judicaret
2962 978 3291 1048 imperium.
3343 981 3650 1036 Videamus

1955 1070 2147 1121 tamen
2198 1066 2244 1119 si
2292 1067 2498 1135 placet,
2548 1071 2604 1120 et
2652 1066 2777 1119 illas
2816 1067 2837 1099 ³
2882 1068 3206 1122 didascalici
3252 1070 3433 1123 libelli
3480 1070 3651 1124 vestri

1956 1156 2278 1226 relegamus
2295 1156 2545 1225 argutias
2573 1171 2585 1208 :
2609 1156 2951 1209 habentibus
2979 1156 3147 1211 etiam
3182 1158 3347 1211 nobis
3370 1163 3499 1212 ante
3522 1176 3652 1213 ocu-

1956 1244 2039 1297 los
2071 1250 2301 1314 patrum
2351 1244 2690 1309 sanctiones,
2724 1246 2929 1315 quibus
2970 1262 3299 1301 excessuum
3330 1254 3649 1303 vestrorum

1956 1333 2181 1386 sentina
2230 1334 2595 1403 penderetur.
2647 1334 2751 1387 Lex
2796 1334 3171 1388 ecclesiastica
3212 1336 3537 1405 pontiﬁcem
3582 1337 3649 1391 ab

1955 1421 2080 1473 aliis
2113 1427 2457 1490 accusatum,
2491 1422 2827 1493 priusquam
2879 1423 2982 1476 sub
3016 1424 3201 1477 lucem
3243 1425 3463 1494 objecta
3512 1443 3650 1479 con-

1956 1511 2225 1579 stiterint,
2279 1512 2454 1581 exigit
2504 1527 2618 1564 non
2681 1513 2948 1583 relinqui.
3004 1514 3110 1566 Vos
3159 1530 3293 1567 vero
3342 1515 3537 1581 divini,
3594 1522 3656 1569 ut

1954 1606 2115 1672 puto,
2144 1601 2289 1669 juris
2324 1616 2627 1667 memores,
2662 1601 2758 1671 qui
2800 1602 2948 1655 levia
2981 1606 3167 1655 errata
3197 1603 3503 1673 despicitis,
3554 1605 3655 1674 qui

1952 1692 2169 1761 peccati
2200 1690 2494 1745 nobilitate
2528 1691 2809 1761 gaudetis,
2832 1707 2903 1745 ne
2944 1709 3057 1762 qua
3088 1710 3185 1746 vos
3216 1709 3284 1747 ex
3329 1694 3654 1748 desertione

1955 1780 2266 1834 sacerdotis
2318 1782 2483 1850 culpa
2540 1781 2869 1851 respiceret,
2934 1783 3237 1835 accusastis
3291 1799 3421 1837 cum
3478 1784 3656 1837 incre-

1955 1870 2164 1925 mentis
2196 1870 2559 1924 delictorum.
2593 1870 2677 1923 Λᾶ
2718 1872 2863 1924 lianc
2892 1887 2987 1925 vos
3018 1871 3393 1926 valitudinem
3424 1872 3520 1926 ille
3554 1873 3654 1944 qui

1957 1964 2039 2013 est
2069 1960 2316 2030 praevius
2344 1964 2548 2025 vester,
2603 1960 2861 2026 adduxit,
2898 1965 2959 2013 ut
2986 1966 3117 2031 post
3147 1962 3487 2029 desolatum,
3530 1967 3658 2034 post

1954 2048 2282 2119 impetitum
2332 2050 2685 2120 pontificem,
2734 2050 2855 2103 sine
2900 2051 3067 2103 ullius
3098 2051 3293 2121 vigore
3330 2053 3652 2117 sententias,

1955 2139 2132 2192 totius
2154 2156 2300 2209 pene
2324 2140 2501 2193 Italiae
2530 2138 2970 2209 improbandam
3003 2140 3326 2194 antistitum
3348 2141 3656 2194 crederetis

1956 2244 2077 2281 esse
2128 2246 2476 2283 censuram:
2526 2229 2816 2299 quomodo
2866 2228 3099 2299 quidam
3136 2230 3277 2283 dixit
3324 2230 3393 2283 de
3424 2230 3656 2284 cohorte

1955 2324 2178 2372 vestra:
2214 2320 2605 2373 Festinantem
2634 2318 2899 2373 animam
2932 2317 3102 2371 morti
3132 2335 3248 2372 non
3267 2319 3509 2373 credidit
3528 2318 3655 2374 uni.

1956 2408 2223 2461 Potestne
2264 2424 2425 2461 mens
2470 2408 2751 2473 indocilis,
2803 2408 3111 2461 criminum
3144 2408 3263 2477 jam
3303 2408 3478 2462 ditata
3528 2425 3653 2461 suc-

1957 2497 2231 2565 cessibus,
2265 2513 2297 2549 a
2346 2496 2663 2550 detestabili
2697 2497 3013 2566 proposito,
3044 2497 3198 2550 velut
3229 2497 3395 2551 effeta
3424 2497 3653 2550 feriari?

1961 2586 2061 2639 Ille
2095 2602 2193 2638 vos
2225 2586 2535 2654 locupletes
2568 2586 2733 2638 malis
2764 2586 2969 2651 effecit,
3002 2586 3095 2639 cui
3129 2587 3445 2640 elationum
3477 2586 3656 2655 copiae

1956 2690 2092 2744 Opes
2126 2674 2410 2744 angelicas
2455 2675 2807 2728 sustulerunt
2836 2674 3004 2743 (Isai.
3048 2692 3159 2741 x1v,
3200 2676 3279 2745 l2)
3308 2681 3364 2729 et
3396 2676 3653 2729 divinum

1957 2780 2188 2818 censum
2220 2764 2462 2818 nocendi
2493 2782 2606 2835 quo
2640 2766 2930 2831 exuberat,
2964 2766 3266 2819 thesaurus
3292 2765 3515 2819 invidit.

2028 2854 2133 2907 Sed
2163 2853 2431 2922 promissi
2464 2870 2746 2907 memores
2769 2855 3036 2907 universa
3054 2870 3182 2924 quae
3215 2855 3373 2924 operi
3396 2856 3653 2924 ipsorum

1958 2942 2263 2995 recolimus
2295 2943 2529 3008 inserta,
2561 2948 2882 3012 tangamus.
2923 2962 2949 2992 ι(
2978 2943 3250 3012 Arguitur
3278 2944 3421 3012 stylo
3455 2944 3653 3012 splen—

152 3046 293 3095 cum,
340 3031 595 3100 adjutor
640 3032 795 3085 Deus
839 3031 1021 3085 Jacob
1062 3030 1247 3098 (Psat.
1293 3048 1414 3099 va,
1472 3033 1543 3100 8).
1594 3032 1661 3085 Et
1718 3049 1845 3086 cum
1888 3050 1927 3105 ρ
1958 3028 2249 3083 didissimo
2268 3046 2415 3099 papa
2440 3030 3028 3101 Symmachus,quare
3047 3031 3482 3083 conventionem
3504 3047 3655 3100 prae-

154 3120 451 3174 Salomone
486 3121 837 3174 exsultemus
870 3120 1123 3174 dicente:
1172 3124 1365 3191 Equus
1387 3124 1635 3193 paratur
1664 3121 1725 3175 in
1756 3120 1849 3176 die

156 3210 311 3275 belli;
370 3211 533 3282 apud
579 3209 895 3265 Dominum
942 3213 1027 3263 est
1068 3212 1260 3264 autem
1310 3227 1474 3265 omne
1512 3210 1848 3282 praesidium

157 3301 324 3369 (Prov.
372 3317 489 3367 XXI,
527 3298 637 3369 31).
690 3300 1173 3369 Superforaneum
1208 3300 1444 3369 quidem
1477 3306 1560 3354 est
1589 3301 1849 3354 absurdis

158 3390 492 3460 respondere
548 3388 1058 3459 propositionibus,
1113 3389 1335 3442 dicente
1375 3390 1696 3459 propheta:
1757 3390 1851 3442 Ne

157 3479 497 3549 respondeas
525 3477 883 3548 imprudenti
911 3478 987 3531 ad
1011 3476 1463 3548 imprudentiam
1493 3480 1618 3546 ejus
1651 3477 1845 3546 (Prov.

158 3584 289 3635 xxvi,
334 3570 410 3639 4).
463 3569 575 3622 Sed
607 3569 653 3620 si
705 3568 843 3639 quid
884 3572 1245 3636 contemptus
1296 3566 1603 3634 transierit,
1654 3583 1851 3621 vereor

161 3676 217 3713 ne
250 3662 410 3731 quasi
444 3660 702 3713 validum
730 3664 964 3730 putetur
994 3675 1111 3712 non
1143 3658 1394 3729 tetigisse
1425 3658 1695 3711 formido.
1732 3660 1843 3713 Me-

161 3749 254 3802 lius
285 3756 366 3803 est
413 3750 587 3803 nobis
622 3766 752 3802 cum
792 3748 960 3802 beato
1008 3749 1183 3801 Paulo
1234 3748 1616 3801 insnltationis
1655 3763 1853 3801 causas

163 3838 417 3905 incidere,
449 3842 509 3892 et
539 3840 710 3909 plena
736 3854 870 3891 voce
902 3837 1095 3891 testari
1120 3854 1133 3891 :
1160 3838 1373 3890 Factus
1399 3853 1528 3890 sum
1553 3836 1851 3907 insipiens,

162 3943 241 3979 reas
264 3945 349 3981 me
374 3927 651 3999 coegistis
692 3930 782 3997 (II
821 3929 942 3983 Cor.
971 3944 1064 3995 x11,
1106 3928 1215 3995 11).
1249 3926 1489 3980 Hoccine
1523 3943 1659 3996 ergo
1694 3928 1853 3980 nullo

163 4018 446 4070 constabat
495 4018 780 4087 exemplo,
838 4021 903 4070 ut
953 4016 1309 4069 sacerdotum
1353 4032 1501 4086 papa
1546 4016 1854 4069 concilium

164 4112 505 4173 convocaret,
546 4108 712 4177 cujus
758 4105 1061 4159 arbitrium
1092 4110 1178 4159 est
1218 4106 1478 4159 collectio
1520 4104 1854 4176 synodalis?

165 4200 249 4249 aut
274 4214 448 4266 parva
482 4201 669 4261 erant,
704 4212 829 4266 quze
860 4196 928 4249 de
956 4195 1155 4249 vestris
1185 4211 1314 4249 cum
1347 4195 1453 4248 hac
1483 4194 1855 4249 multitudine

167 4284 498 4340 facinoribus
527 4286 977 4340 damnarentur?
1010 4288 1025 4320 ¹
1057 4287 1255 4339 Nonne
1288 4284 1501 4339 directa
1532 4284 1703 4338 verba
1723 4288 1855 4338 sunt

167 4391 469 4429 canonum:
516 4377 537 4409 ²
570 4375 929 4446 Quicumque
959 4373 1297 4429 clericorum
1330 4373 1399 4427 ab
1430 4373 1696 4443 episcopo
1728 4390 1856 4442 suo,

168 4470 285 4518 ante
316 4465 621 4519 sententias
664 4469 916 4535 tempus,
948 4480 1054 4534 pro
1086 4462 1256 4517 dubia
1289 4462 1610 4533 suspicione
1642 4462 1859 4517 disces-

172 4556 310 4621 serit,
358 4555 727 4609 manifestam
773 4554 833 4608 in
864 4570 995 4608 eum
1046 4570 1344 4607 remanere
1385 4552 1726 4606 censuram?
1772 4552 1858 4606 Ad

172 4643 325 4712 hujus
366 4646 451 4698 rei
503 4643 886 4698 ministerium
919 4644 1186 4697 devotum
1219 4644 1335 4696 Deo
1363 4642 1619 4712 oportuit
1648 4657 1857 4711 agmen

174 4748 474 4802 occurrere,
527 4739 590 4788 ut
641 4733 849 4805 perditi
889 4736 945 4787 et
992 4732 1285 4804 proﬂigati
1334 4732 1524 4802 gregis
1572 4732 1859 4785 ulceribus

238 4896 489 4949 ‘Nonne
535 4893 762 4950 directa
788 4893 959 4947 verba
1008 4896 1140 4946 sunt
1181 4890 1485 4960 canonum]
1534 4889 1860 4961 Symmachi

174 4969 403 5031 nomine,
425 4982 549 5020 non
568 4966 815 5019 Ennodii
842 4966 1047 5018 citetur
1064 4965 1154 5017 hic
1183 4965 1335 5017 locus
1367 4980 1399 5016 a
1423 4963 1690 5017 Gratiano
1714 4963 1858 5030 Vlll,

174 5050 219 5109 q.
251 5041 296 5103 6,
332 5039 469 5109 quia
502 5054 634 5091 cum
664 5037 892 5090 libellus
919 5036 1162 5090 Ennodii
1197 5034 1428 5105 synodis
1450 5033 1860 5109 Symmachia-

173 5108 261 5175 nis,
292 5105 366 5163 ut
394 5109 573 5179 paulo
608 5113 739 5161 ante
786 5109 1002 5161 dictum
1035 5112 1137 5172 est,
1168 5123 1305 5179 cum,
1340 5106 1463 5177 pari
1508 5105 1862 5159 auctoritatis

175 5178 535 5250 praerogativa
584 5180 833 5233 insertus
888 5184 1055 5247 esset,
1115 5194 1245 5248 qua:
1295 5178 1354 5230 in
1400 5194 1465 5250 eo
1522 5180 1714 5250 erant,
1755 5192 1859 5247 pro

173 5248 478 5318 Symmachi
533 5250 714 5319 ipsius
745 5250 985 5304 decretis
1032 5254 1131 5303 aut
1171 5248 1470 5302 sententiis
1520 5248 1861 5319 habericm-

176 5328 378 5388 perunt.
418 5318 809 5375 Percellebant
840 5328 1027 5375 autem
1060 5336 1306 5374 canones
1338 5320 1421 5373 illi
1452 5318 1861 5387 schismaticos,

174 5395 251 5464 qui
291 5395 607 5447 criminum
641 5393 879 5447 obtentu
910 5393 1119 5464 quibus
1162 5391 1574 5464 Symmachum
1620 5391 1861 5459 impete-

178 5462 308 5535 bant,
338 5465 755 5519 discessionem
779 5466 849 5519 ab
880 5461 947 5520 eo
976 5469 1106 5520 ante
1122 5461 1345 5535 judicii,
1378 5461 1591 5517 nedum
1625 5466 1864 5515 senten-

179 5534 248 5589 tia
278 5543 508 5607 tempus
538 5537 811 5591 fecerant.

234 5608 411 5662 ’Dist.
448 5612 505 5674 8,
534 5611 738 5677 quaest.
773 5608 825 5660 4.

237 5677 257 5711 ³
650 5676 853 5747 libelli]
874 5678 1111 5734 Ironice.
1137 5677 1279 5733 Nam
1302 5671 1680 5729 διδασκαλικοὶ
1700 5673 1861 5745 λόγοι.

1955 3119 2210 3187 veniens,
2259 3135 2388 3173 cum
2438 3120 2787 3188 populorum
2831 3120 3068 3172 cmtibus
3113 3134 3353 3172 examen
3396 3119 3651 3189 intravit,

1959 3212 2015 3261 et
2064 3211 2262 3278 postea
2312 3208 2549 3278 judicia,
2600 3212 2620 3243 ⁴
2678 3224 2804 3261 cum
2859 3213 3121 3261 evocatus
3174 3214 3378 3278 quater
3434 3209 3649 3273 fuisset,

1958 3298 2190 3369 sprevit.
2230 3319 2251 3345 ι
2286 3297 2374 3352 Sic
2420 3314 2451 3350 a
2489 3297 2647 3351 vobis
2680 3297 2797 3351 veri
2828 3298 3083 3351 discessit
3113 3297 3354 3365 affectio,
3400 3302 3464 3352 ut
3489 3314 3655 3351 men-

1961 3387 2253 3441 daciorum
2288 3386 2509 3439 nebulis
2536 3386 2691 3440 urbis
2740 3386 3131 3440 testimonium
3164 3388 3373 3456 putetis
3422 3387 3649 3450 involvi,

1961 3480 2017 3530 et
2056 3476 2295 3530 fallacia:
2326 3477 2633 3545 penniculo
2675 3476 2898 3545 depicta
2938 3476 3112 3529 verba
3142 3478 3269 3545 plus
3292 3475 3498 3529 virium
3532 3493 3652 3530 cre-

1962 3565 2107 3619 datis
2153 3565 2381 3631 habere,
2434 3581 2605 3634 quam
2649 3565 2945 3617 veritatem
2980 3565 3151 3617 Roma
3188 3581 3361 3635 quam
3404 3565 3653 3621 retinet?

1962 3656 2187 3725 Ergone
2229 3654 2325 3708 ille
2365 3654 2835 3723 disceptationem
2866 3655 2952 3707 vel
2984 3654 3348 3723 importunus
3380 3654 3535 3720 adiit,
3570 3654 3655 3707 vel

1964 3748 2318 3813 exspectatus
2347 3742 2605 3813 aufugit?
2638 3745 2857 3813 Ergone
2890 3743 3043 3795 illam
3098 3742 3524 3796 multitudinem
3556 3744 3653 3797 de-

1963 3837 2108 3885 vota)
2156 3833 2269 3885 Deo
2296 3832 2499 3901 plebis,
2544 3847 2659 3884 non
2691 3848 2795 3900 pro
2842 3830 2972 3885 fidei
3008 3831 3304 3899 diligentia
3338 3831 3657 3885 Christiana

1964 3921 2148 3990 magis
2194 3921 2561 3988 exspectatio,
2598 3936 2772 3990 quam
2813 3920 2973 3973 furor
3004 3919 3288 3974 evocavit?
3319 3920 3656 3990 Quisquam-

1965 4026 2037 4064 ne
2070 4010 2137 4063 ad
2191 4009 2549 4063 inferendam
2594 4010 2924 4063 violentiam
2960 4026 3194 4063 currens
3244 4010 3523 4081 laerymas
3568 4027 3658 4063 co-

1965 4100 2134 4153 mites
2182 4098 2374 4163 habet,
2419 4104 2475 4152 et
2524 4098 2623 4168 qui
2665 4100 2854 4152 studet
2902 4114 3021 4152 esse
3065 4100 3377 4165 formidini,
3436 4100 3658 4153 vultum

1964 4189 2219 4243 timentis
2270 4188 2557 4242 ostendit?
2609 4187 2907 4242 Multitudo
2962 4188 3061 4241 illa
3106 4189 3306 4258 juncta
3351 4188 3657 4242 sacerdotis

1968 4278 2171 4333 ofﬁciis
2202 4278 2392 4331 attulit
2422 4277 2492 4331 ad
2524 4293 2629 4330 nos
2660 4278 2931 4341 lamenta,
2963 4293 3077 4330 non
3110 4277 3296 4347 jacula
3325 4293 3336 4330 :
3371 4292 3475 4330 nec
3504 4277 3657 4329 venit

1896 4351 1939 4404 θ
1967 4368 2094 4422 telis
2122 4366 2333 4432 minax,
2363 4366 2458 4419 sed
2493 4365 2717 4419 ﬂetibus
2760 4364 3100 4419 miserabilis
3125 4382 3137 4418 :
3171 4381 3288 4418 una
3317 4368 3539 4417 tantum
3569 4365 3655 4417 in-

1968 4457 2286 4512 tentionem
2316 4461 2561 4510 vestram
2589 4456 2964 4509 ostentatione
2997 4457 3327 4525 gravatura;
3361 4454 3496 4524 quia
3531 4454 3659 4507 ube-

1967 4547 2125 4601 ribus
2158 4546 2456 4600 oculorum
2488 4546 2821 4599 ﬂuminibus
2851 4543 3295 4609 demonstrabat,
3321 4559 3493 4614 quam
3515 4549 3662 4598 esset

1966 4654 2072 4707 per
2104 4635 2471 4691 acerbitatem
2508 4640 2747 4689 vestram
2780 4634 3029 4688 conditio
3065 4634 3307 4687 dolenda
3338 4633 3569 4703 pulsati,
3606 4638 3662 4688 et

1967 4727 2029 4780 in
2078 4726 2386 4780 sobrietate
2415 4726 2725 4780 venerandi
2753 4724 3031 4780 examinis
3074 4723 3385 4778 afﬂictione
3429 4723 3662 4795 propria

1969 4882 2322 4938 didascalicae
2368 4880 2785 4950 disputationes
2836 4878 3102 4934 dicuntur
3145 4884 3420 4935 accuratae
3478 4884 3533 4935 et
3592 4880 3662 4935 ad

1970 4955 2289 5010 docendum
2319 4954 2536 5007 idoneae
2565 4968 2577 5005 :
2611 4952 2775 5023 unde
2795 4951 2861 5004 ab
2908 4953 3209 5023 Aristotele
3242 4969 3355 5007 una
3385 4952 3657 5023 copulan-

1968 5033 2063 5081 tur
2094 5030 2150 5078 τὸ
2181 5024 2539 5098 ἀκριϐέστερον
2570 5027 2656 5073 καὶ
2687 5019 3225 5097 διδασκαλικώτερον,

2039 5102 2061 5133 ⁸
2091 5093 2529 5151 Οιιγηέυοοαὶιιε
2559 5100 2762 5167 quater
2788 5093 3015 5163 fuisset]
3050 5093 3342 5165 Ingressus
3374 5101 3460 5150 est
3485 5111 3661 5167 syno-

1972 5170 2109 5222 dum
2157 5168 2526 5239 Symmachus
2582 5166 2770 5236 primo
2820 5172 3124 5239 conventu,
3177 5168 3277 5237 qui
3322 5168 3379 5221 in
3426 5168 3664 5221 basilica

1969 5240 2103 5294 Julii
2133 5248 2289 5292 actus
2320 5244 2429 5304 est;
2472 5238 2541 5291 ad
2574 5240 2816 5291 alterum
2864 5239 3002 5291 item
3046 5238 3441 5292 Sessorianum
3487 5240 3661 5308 proti-

1972 5312 2308 5377 ciscebatur,
2359 5326 2487 5363 cum
2534 5311 2603 5363 ab
2637 5310 2971 5363 adversariis
3017 5309 3075 5361 in
3110 5310 3200 5361 via
3242 5311 3663 5363 circumventus

1973 5399 2036 5437 ac
2056 5382 2217 5435 cassis
2241 5382 2356 5434 suis
2376 5398 2521 5451 pene
2551 5398 2858 5451 oppressus
2879 5385 2960 5433 est
2984 5396 2996 5434 :
3033 5380 3189 5449 quod
3215 5382 3661 5451 utrumquejam

1973 5471 2144 5525 supra
2174 5455 2767 5525 commemoravimus.
2804 5454 2951 5525 Post;
2976 5467 3104 5525 eam
3137 5452 3351 5525 caedem
3401 5469 3661 5507 commo-

1972 5521 2128 5581 nitus
2179 5541 2252 5579 an
2295 5540 2524 5579 rursum
2570 5524 2639 5577 ad
2688 5522 2886 5594 synodi
2932 5521 3211 5593 judicium
3261 5523 3416 5579 exire
3471 5525 3663 5592 vellet,

1972 5597 2242 5669 compelli
2268 5612 2327 5653 se
2345 5597 2477 5668 jure
2502 5612 2667 5667 posse
2698 5594 2946 5665 negavit.
