4008 6170
459 271 556 325 195

452 396 913 460 commendabat,
959 407 1134 463 quem
1179 405 1313 445 voce
1345 404 1461 443 non
1494 392 1738 459 poterat.
1782 389 1891 443 Sed
1922 389 2145 443 habetis

455 489 823 547 manifestum
856 500 921 538 ex
952 483 1058 536 hac
1086 496 1147 534 re
1169 478 1268 550 qui
1289 478 1459 531 bilem
1489 478 1647 531 furor
1677 477 1946 531 accendat
1972 494 1984 531 :
2011 480 2146 549 quia

451 596 598 653 pene
632 576 927 631 absolutus
971 572 1040 625 ad
1064 568 1279 640 judicia
1307 567 1480 633 venit,
1516 582 1619 636 pro
1652 583 1764 637 quo
1817 566 1971 620 orbis
2013 566 2146 621 illa-

453 673 691 739 crymat,
722 670 777 718 et
807 663 942 717 dum
975 659 1141 713 rebus
1168 662 1491 711 extraneam
1534 656 1595 708 in
1626 655 1966 724 praedictum
1995 654 2140 708 invi-

456 759 610 812 diam
641 767 902 808 sermone
935 746 1222 817 colligitis,
1254 746 1545 815 paulisper
1575 744 1906 797 reverentiae
1937 749 2145 797 nostra)

456 847 554 901 diu
584 843 769 897 cervix
794 836 1038 908 superba
1068 833 1445 888 submittitur.
1470 833 1695 886 Sacram
1730 833 1884 885 enim
1916 848 2147 901 congre-

454 934 739 1006 gationem
766 934 902 982 tunc
931 924 1164 988 vocatis,
1197 922 1426 992 quando
1457 921 1855 975 exstinctorem
1885 926 2145 974 nostrum

453 1020 853 1095 Symmachum
876 1015 1043 1069 vultis
1066 1027 1317 1066 asserere
1341 1026 1355 1064 :
1381 1014 1438 1063 et
1461 1009 1680 1063 crudeli
1707 1010 1917 1081 pietate
1946 1009 2146 1064 honori

452 1116 649 1168 nostro
676 1106 890 1179 putatis
931 1116 1268 1161 accrescere.
1304 1099 1454 1169 quod
1486 1098 1742 1151 residens
1781 1098 1840 1151 in
1874 1098 2145 1152 Ecclesia-

452 1217 581 1257 rum
624 1213 751 1252 arce
780 1191 1116 1266 perdiderit.
1149 1191 1262 1243 Nos
1293 1188 1399 1241 ista
1444 1203 1560 1241 non
1591 1188 1775 1241 solum
1818 1203 1931 1240 non
1964 1187 2144 1240 sensi-

453 1304 600 1355 mus,
648 1285 747 1339 sed
793 1282 1014 1337 diversa
1063 1278 1374 1332 sentimus:
1429 1276 1499 1331 ad
1545 1276 1686 1330 alios
1737 1274 1918 1346 magis
1955 1276 2147 1329 tutelas

454 1382 655 1430 vestra:
686 1386 905 1426 venena
931 1366 1259 1422 convertite.
1293 1367 1416 1419 Non
1438 1365 1605 1419 habet
1630 1364 2023 1418 testimonium
2049 1364 2144 1417 de-

450 1462 715 1529 fensoris,
730 1459 830 1529 qui
844 1454 1187 1528 repugnanti
1203 1454 1483 1525 impendit
1495 1454 1607 1507 oris
1624 1452 1966 1523 obsequium
1987 1468 2145 1522 :per-

453 1553 538 1608 dit
560 1566 732 1621 quam
754 1564 873 1601 esse
892 1551 1056 1617 putat
1076 1544 1338 1599 beneficii
1356 1544 1621 1614 gratiam,
1647 1542 1745 1612 qui
1773 1542 1987 1612 aliquid
2007 1558 2148 1611 prae-

451 1640 750 1696 statinvito
771 1654 783 1691 :
808 1636 941 1707 quia
955 1651 1069 1689 non
1091 1640 1176 1688 est
1195 1649 1406 1687 munus
1420 1631 1529 1685 nisi
1544 1631 1697 1702 quod
1720 1631 1854 1685 velis
1868 1632 2141 1701 accipere.

523 1731 681 1783 Nunc
724 1728 896 1796 longa
941 1741 1060 1778 non
1110 1739 1253 1793 opus
1304 1727 1388 1776 est
1428 1720 1817 1776 admonitione
1842 1720 1963 1791 jam
2014 1736 2145 1791 per-

450 1819 617 1883 ditis;
649 1817 848 1871 odium
899 1814 1172 1868 debemus
1205 1810 1386 1881 operi,
1422 1810 1492 1864 de
1536 1810 1700 1880 cujus
1734 1811 1854 1879 jam
1887 1825 2002 1863 non
2047 1826 2145 1863 su-

449 1911 640 1978 perest
666 1904 821 1976 quod
851 1903 1157 1957 damnetur
1188 1898 1532 1953 auctoribus.
1573 1920 1593 1946 ι
1619 1898 1920 1951 Mulierum
1948 1898 2146 1951 turbas

451 1994 701 2051 asseritis
744 1990 979 2047 urbanis
1020 1989 1308 2043 coloribus
1363 2004 1488 2041 cum
1536 1988 1771 2057 prmfato
1813 1987 1882 2040 ad
1928 1986 2146 2056 judicia

450 2084 812 2139 convenisse:
851 2086 907 2135 et
948 2080 1045 2133 illa
1093 2077 1403 2132 subtilitate
1447 2075 1768 2130 ostenditur
1811 2092 1996 2142 sexus,
2048 2075 2147 2144 qui

449 2174 726 2242 majorem
759 2167 1001 2221 antistiti
1046 2165 1337 2220 debuisset
1369 2163 1654 2217 affectum.
1690 2184 1717 2211 ››
1753 2162 2147 2217 Profanissimi

447 2262 769 2324 hominum,
801 2255 1075 2324 scriptum
1108 2254 1328 2307 retineo
1359 2268 1372 2306 :
1406 2253 1420 2286 ί
1450 2252 1627 2305 Aliud
1647 2255 1731 2305 est
1754 2254 1908 2304 male
1934 2250 2143 2318 dicere,

448 2348 611 2403 aliud
639 2360 933 2400 accusare.
983 2344 1049 2395 Et
1080 2341 1424 2410 prophetam
1455 2340 1659 2393 dixisse
1688 2356 1700 2393 :
1750 2340 2147 2409 Reprobantes

446 2437 678 2491 verbum
696 2430 973 2504 sperastis
992 2429 1053 2483 in
1071 2427 1369 2483 calumnia
1386 2430 1441 2481 et
1466 2427 1528 2480 in
1554 2428 1820 2495 tumultu,
1846 2430 1901 2480 et
1932 2427 2068 2483 estis
2082 2428 2143 2481 in

448 2542 512 2581 eo
537 2541 548 2579 :
575 2530 881 2595 propterea
900 2519 1008 2573 erit
1031 2518 1186 2571 vobis
1206 2516 1487 2587 iniquitas
1507 2516 1621 2569 haec
1638 2514 1787 2569 sicut
1802 2514 2146 2587 interruptio

452 2612 606 2685 (Isai.
650 2628 776 2675 xxx,
818 2610 919 2679 12).
954 2607 1099 2671 Quia
1143 2622 1247 2676 pro
1286 2604 1446 2657 nobis
1493 2604 1631 2658 dicit
1670 2604 1990 2658 Dominus:
2036 2607 2146 2659 Eos

448 2706 548 2775 qui
577 2700 845 2771 judicant
885 2713 1001 2764 vos,
1050 2711 1150 2767 ego
1194 2693 1461 2763 judicabo
1504 2692 1669 2763 (Isai.
1721 2709 1867 2758 xmx,
1916 2694 2027 2763 25).
2080 2695 2146 2747 Et

447 2793 660 2847 iterum
718 2788 785 2843 ad
836 2802 1028 2841 servos
1075 2800 1208 2838 suos
1249 2782 1430 2837 dicit:
1482 2781 1664 2837 Nolite
1698 2782 1898 2837 timere
1935 2798 2145 2853 Oppro-

449 2881 633 2937 brium
682 2875 993 2941 hominum,
1026 2876 1078 2928 et
1108 2870 1499 2943 blasphemias
1527 2887 1721 2926 eorum
1766 2888 1838 2925 ne
1875 2870 2146 2925 metuatis

448 2970 611 3042 (Isai.
656 2985 729 3035 LI,
780 2967 851 3035 7).
902 2966 1118 3019 Rursus
1150 2962 1323 3016 etiam
1371 2961 1527 3015 vobis
1576 2962 1830 3014 clamat:
1876 2960 2145 3014 Accedite

447 3061 555 3116 huc
578 3074 772 3113 semen
796 3052 1048 3109 adulteri
1077 3055 1131 3106 et
1138 3050 1492 3121 fornicarii:
1516 3066 1684 3121 super
1702 3066 1869 3120 quem
1901 3048 2140 3116 lusistis,

447 3162 620 3217 super
648 3160 809 3215 quem
827 3141 1126 3196 dilatastis
1144 3156 1207 3192 os
1222 3142 1276 3192 et
1291 3137 1540 3206 ejecistis
1560 3138 1818 3207 linguam
1836 3138 1863 3191 ἵ
1887 3136 2145 3208 nunquid

447 3251 561 3289 non
579 3250 675 3287 vos
687 3234 734 3303 ﬁ
739 3231 805 3285 lii
822 3229 1049 3284 scelesti
1069 3228 1226 3295 estis,
1244 3244 1437 3280 semen
1454 3226 1702 3281 mendax
1723 3226 1737 3286 (
1748 3224 1888 3279 Isai.
1909 3242 2037 3293 Lvn,
2063 3228 2143 3294 3)?

520 3323 653 3387 Quae
701 3319 908 3391 quibus
940 3316 1217 3387 copulatis
1248 3315 1543 3381 advertite,
1586 3314 1875 3368 dicentes:
1922 3314 2143 3369 Indicta

449 3426 641 3476 causa,
700 3407 985 3463 derelictis
1043 3404 1457 3470 defensoribus,
1504 3420 1653 3474 papa
1695 3403 1976 3457 decessit:
2031 3404 2142 3457 fori

449 3499 612 3555 nobis
642 3498 703 3551 in
729 3497 962 3567 negotio
993 3493 1281 3565 praesenti,
1317 3497 1366 3546 et
1400 3493 1717 3563 platearum
1744 3507 1986 3562 quarum
2008 3492 2141 3546 estis

446 3587 780 3659 hypocritae,
840 3584 1103 3653 exempla
1158 3586 1584 3652 proponentes:
1640 3582 1811 3635 Nobis
1864 3581 2141 3651 scriptum

447 3682 532 3731 est
561 3692 664 3747 per
712 3675 947 3729 Paulum
996 3671 1320 3754 apostolum
1349 3670 1498 3739 (Gal.
1530 3686 1567 3737 1,
1613 3670 1736 3741 14):
1773 3668 1981 3741 quibus
2013 3686 2139 3724 cru-

446 3766 646 3821 cifixus
701 3769 788 3818 est
838 3765 1111 3830 mundus,
1159 3759 1299 3831 quid
1339 3759 1452 3813 illis
1498 3774 1630 3813 cum
1685 3758 1849 3813 foro?
1894 3759 1990 3813 sed
2035 3759 2141 3813 ista

446 3854 696 3920 nescitis,
759 3855 859 3905 aut
913 3850 1066 3921 quod
1114 3854 1197 3903 est
1247 3848 1498 3919 gravius,
1555 3852 1693 3902 nota
1745 3846 2134 3903 contemnitis.

445 3943 469 3978 ³
513 3940 890 4012 Peregrinum
919 3938 1088 3993 credo
1122 3937 1358 4008 aliquid,
1395 3941 1453 3991 et
1492 3953 1523 3990 a
1554 3937 1774 3991 ratione
1805 3940 2133 4007 separatum

444 4032 740 4106 postulans
788 4046 939 4100 papa
992 4027 1266 4082 discessit.
1325 4028 1522 4081 Nonne
1577 4028 1683 4081 hoc
1733 4028 1982 4098 speravit
2032 4042 2137 4096 pro

445 4127 593 4177 statu
646 4120 889 4175 labentis
941 4117 1207 4195 Ecclesiae
1256 4116 1527 4184 pastorali
1586 4132 1724 4170 cura
1771 4115 2132 4182 constrictus,

444 4212 596 4284 quod
628 4215 684 4265 et
730 4207 998 4281 religiosa
1026 4204 1407 4276 providentia,
1443 4208 1498 4258 et
1545 4221 1729 4259 causa:
1758 4204 1939 4275 ipsius
1988 4203 2130 4257 ordo

441 4299 775 4374 ﬂagitabat?
805 4299 941 4363 Qua:
972 4295 1128 4351 enim
1154 4294 1503 4365 judiciorum
1530 4294 1717 4348 forma
1746 4298 2133 4364 praecesserat,

443 4398 505 4447 ut
532 4392 689 4447 vobis
718 4389 1007 4445 hostiliter
1040 4386 1334 4456 disruptis,
1370 4385 1539 4438 etiam
1572 4400 1677 4454 per
1705 4383 2134 4453 suggestionem

443 4486 687 4535 vestram
714 4478 953 4534 sublatis
976 4476 1241 4534 Ecclesiae
1273 4474 1500 4544 opibus,
1524 4473 1624 4544 qui
1646 4473 1742 4526 diu
1766 4472 1953 4527 fuerat
1974 4472 2134 4528 cibus

443 4569 841 4636 esurientium,
892 4567 1060 4622 famis
1110 4563 1466 4636 mancipium
1523 4560 1812 4617 videretur
1852 4562 2129 4617 etfectus:

514 4690 533 4724 ί
556 4690 735 4745 Aliud
756 4694 839 4746 est
863 4691 1017 4745 male
1036 4690 1245 4758 dicere,
1269 4686 1432 4744 aliud
1453 4684 1756 4759 accusare]
1780 4686 1961 4741 Verba
1978 4690 2128 4750 sunt,

444 4761 730 4817 Ciceronis
778 4763 838 4815 in
870 4763 1128 4816 oratione
1177 4778 1279 4832 pro
1335 4762 1402 4816 Μ.
1438 4761 1611 4815 Caelio
1658 4775 1785 4832 cum
1828 4774 1894 4832 ea
1924 4759 2134 4832 refellit

443 4849 573 4903 qua:
604 4833 875 4886 adversus
906 4833 1065 4885 Ccelii
1095 4830 1432 4901 pudicitiam
1461 4833 1583 4885 sine
1613 4830 1956 4903 probatione
1979 4830 2131 4903 obji-g

442 4900 756 4959 edebantur.
806 4903 989 4965 Quare
1038 4900 1335 4981 aptissime
1369 4904 1441 4981 ab
1474 4903 1730 4981 Ennodio
1763 4902 1823 4954 in
1853 4917 1915 4955 re
1955 4900 2129 4980 simili

442 4980 814 5045 usurpantur,
867 4980 929 5045 ut
978 4972 1763 5045 tacitumdschismaticorumi
1811 4972 2132 5045 convicium

441 5042 727 5111 retundat,
781 5043 936 5113 quod
988 5060 1067 5115 rex
1125 5043 1433 5098 mulierum
1490 5044 1893 5115 Symmachum
1959 5042 2131 5097 ofﬁcii

441 5134 612 5173 causa
644 5114 1103 5187 prosequendum
1137 5115 1305 5187 turba
1327 5114 1649 5187 captabant.

512 5189 535 5223 ²
570 5185 1138 5259 Ρρᾶεδᾳνὶηαφηᾼονεάο
1162 5185 1580 5259 ialiquidnguo,
1612 5192 1677 5241 ut
1708 5204 1773 5241 ex
1800 5186 1939 5240 actis
1952 5190 2127 5256 patet,

442 5277 475 5314 a
518 5257 731 5331 synodo
779 5257 1096 5330 postularat
1146 5258 1553 5331 Symmachus:
1586 5275 1767 5312 unum
1794 5264 1866 5331 ut
1908 5259 2133 5312 cederet

441 5328 717 5401 visitator,
752 5328 821 5385 de
852 5346 967 5402 quo
1002 5332 1223 5402 postea;
1267 5328 1512 5381 alterum
1553 5334 1617 5383 ut
1647 5329 1842 5402 omnia
1871 5345 1998 5399 qua:
2028 5344 2133 5398 per

441 5400 889 5472 suggestionem“
930 5400 1295 5456 inimicorum
1353 5415 1592 5472 suorum
1650 5400 1942 5467 amiserat,
2001 5404 2133 5455 ante

435 5470 715 5545 judicium
774 5474 883 5545 ipsi
954 5473 1506 5545 redintegrarentur.
1565 5470 1725 5535 Quod
1783 5471 1887 5525 etsi
1944 5486 2132 5545 neque

442 5544 695 5599 alienum
720 5542 909 5616 neque
937 5542 1205 5616 iniquum
1230 5542 1408 5616 videri
1429 5546 1671 5616 poterat,
1695 5558 1826 5597 cum
1855 5543 2132 5616 spoliatos

442 5620 573 5671 ante
631 5612 832 5671 omnia
888 5612 1135 5686 restitui,
1199 5612 1593 5674 ecclesiasticas
1647 5614 1804 5684 leges
1858 5612 2129 5685 jubeant;

1690 256 1975 315 ENNODII
2014 256 2325 315 EPISCOPI
2365 256 2747 315 TICINENSIS

3770 270 3844 322 l96

2182 394 2227 445 A
2258 389 2396 444 dum
2440 387 2729 443 alimentis
2760 387 3100 442 distributor
3130 387 3346 458 egebat,
3376 393 3435 442 ut
3462 389 3607 444 fieret
3630 391 3681 446 in
3710 394 3847 451 domi-

2256 484 2396 531 natu
2441 478 2709 542 servitus,
2746 482 2803 530 et
2850 475 2909 530 in
2949 476 3217 530 servitute
3258 478 3593 532 dominatus?
3634 481 3745 545 Quae
3777 484 3850 539 hoc

2256 567 2501 638 qualitas
2548 566 2925 637 praecedentis
2954 565 3060 619 aevi
3090 582 3192 635 per
3221 567 3543 621 memoriam
3567 568 3619 621 in
3655 572 3851 627 medium

2255 660 2541 710 transacta
2587 655 2901 709 reddebat?
2942 656 3133 718 Qualis
3179 656 3376 709 habuit
3404 656 3538 709 efﬁci
3573 674 3633 711 ex
3671 676 3853 715 censura

2256 746 2567 813 convictus,
2617 744 2678 797 in
2732 760 2844 814 quo
2886 760 3113 798 causam
3153 744 3489 814 adjudicatio
3538 748 3853 815 przecedebat?

2254 836 2380 889 Non
2427 834 2536 888 fuit
2584 834 2970 904 privilegium,
3015 849 3127 903 quo
3177 833 3408 903 spoliari
3443 835 3616 903 potuit
3641 837 3741 904 jam
3777 852 3854 890 nu-

2255 924 2439 978 datus.
2484 925 2670 977 Unum
2708 922 2870 975 vobis
2910 923 3150 992 putastis
3189 923 3433 977 residere
3470 924 3524 976 in
3561 940 3694 977 sacra
3724 926 3856 979 colle-

2257 1011 2444 1065 ctione
2485 1011 2805 1065 subsidium
2841 1027 2854 1065 :
2900 1016 2966 1065 ut
3011 1011 3084 1063 ad
3131 1011 3471 1065 tuendorum
3518 1012 3855 1067 immanitatem

2255 1100 2563 1153 criminum
2617 1100 2939 1153 sacerdotes
2986 1100 3146 1153 vobis
3201 1101 3430 1153 comites
3474 1101 3767 1171 jungeretis,
3818 1115 3859 1162 et

2255 1189 2415 1243 ﬁeret
2443 1188 2792 1259 impunitum
2817 1189 3037 1242 facinus
3076 1188 3389 1259 pollutione
3420 1191 3719 1243 multorum.
3744 1192 3859 1244 Nun-

2256 1294 2428 1348 quam
2462 1278 2826 1331 convenienti
2855 1285 3119 1347 tempore
3150 1294 3352 1332 censor
3379 1279 3697 1346 adsciscitur,
3717 1279 3793 1350 qui
3809 1280 3859 1333 ad

2255 1367 2509 1421 decisum
2539 1382 2687 1437 pene
2733 1367 3031 1436 negotium
3076 1372 3455 1435 convocatur;
3494 1368 3750 1422 criminosi
3786 1371 3862 1423 etsi

2256 1462 2341 1510 est
2372 1457 2663 1521 meritum,
2708 1456 2858 1510 tollit
2886 1462 3198 1520 accusator,
3232 1458 3333 1527 qui
3364 1474 3428 1511 eo
3459 1458 3579 1527 plus
3602 1458 3752 1511 furori
3789 1474 3861 1511 suo

2254 1546 2377 1599 vult
2431 1546 2619 1612 licere,
2664 1561 2837 1615 quam
2877 1546 3080 1615 judici.
3130 1546 3275 1600 Dicit
3321 1547 3470 1600 enim
3519 1563 3605 1600 vos
3646 1547 3863 1615 impetens

2255 1635 2575 1705 propheta:
2607 1635 2748 1689 Haec
2778 1638 2861 1687 est
2890 1650 3029 1705 pars
3060 1651 3275 1702 eorum,
3307 1635 3406 1707 qui
3432 1638 3753 1690 vastaverunt
3774 1652 3863 1702 nos,

2256 1725 2311 1773 et
2326 1736 2448 1774 sors
2467 1720 2865 1791 diripientium
2886 1738 3005 1775 nos.
3030 1723 3137 1790 Ite,
3152 1722 3349 1792 angeli
3368 1723 3591 1788 veloces,
3614 1722 3679 1775 ad
3695 1738 3867 1793 gregem

2252 1810 2580 1864 convulsum
2594 1814 2647 1863 et
2659 1811 3061 1877 dilaceratum,
3083 1814 3138 1863 et
3152 1812 3429 1882 populum
3450 1810 3865 1880 terribilemllsai.

2253 1915 2389 1966 xvii,
2442 1901 2524 1967 14,
2577 1904 2634 1953 et
2679 1916 2829 1965 xvm,
2878 1899 2950 1969 2).
3010 1901 3092 1953 Ad
3138 1916 3238 1954 vos
3287 1902 3521 1971 angelus
3569 1901 3748 1954 missus
3792 1906 3866 1963 est,

2256 1988 2467 2042 scilicet
2516 2004 2619 2058 per
2665 1988 3002 2054 sacerdotes,
3057 2005 3303 2059 quorum
3347 2005 3481 2043 voce
3529 1994 3679 2059 atque
3714 1990 3867 2042 merito

2253 2078 2595 2148 perferenda
2629 2078 2856 2132 Christo
2888 2078 3038 2132 dona
3062 2078 3405 2148 suscipiunt,
3435 2083 3488 2132 et
3506 2077 3703 2148 placato
3732 2076 3867 2131 domi-

2254 2170 2428 2220 nante
2452 2167 2758 2237 impetrata
2785 2166 3121 2220 mortalibus
3151 2172 3282 2220 vota
3314 2168 3643 2232 concedunt,
3665 2182 3751 2237 per
3768 2182 3871 2237 quos

2255 2255 2415 2309 vobis
2461 2256 2649 2309 oblata
2679 2260 2812 2310 sunt
2841 2272 3081 2309 munera
3109 2256 3414 2325 repudiata
3444 2257 3762 2311 concordiae:
3801 2254 3871 2325 qui

2255 2361 2485 2415 pmnam
2530 2344 2887 2398 merentibus
2935 2344 3257 2398 dilectionis
3304 2346 3540 2414 praemia
3592 2345 3870 2407 detulerunt,

2255 2434 2355 2504 qui
2403 2433 2539 2487 dum
2571 2449 2630 2487 se
2666 2433 3046 2500 considerant,
3082 2432 3143 2486 in
3172 2433 3331 2487 nullo
3364 2434 3520 2505 quod
3549 2432 3871 2499 merebamini,

2254 2527 2645 2592 respexerunt.

2324 2612 2460 2675 Quis
2493 2627 2646 2677 eum,
2691 2610 2984 2681 inquiunt,
3014 2611 3157 2665 vidit
3197 2627 3327 2665 cum
3377 2612 3766 2667 accusatoribus
3792 2608 3876 2663 suis

2255 2706 2471 2769 aperta,
2528 2705 2593 2753 ut
2636 2699 2819 2765 aiunt,
2852 2715 3049 2770 pugna
3086 2700 3435 2771 confligere?
3466 2697 3877 2772 lmpudentissimi

2252 2788 2580 2858 hominum,
2612 2804 2784 2858 quem
2818 2804 2950 2842 cum
2984 2789 3193 2858 quibus
3220 2790 3389 2842 vultis
3424 2791 3713 2850 decertare,
3742 2787 3877 2855 respi-

2254 2876 2399 2930 cite:
2461 2881 2517 2930 et
2564 2876 2865 2946 utriusque
2912 2877 3110 2946 partis,
3162 2877 3209 2930 si
3259 2878 3400 2947 quid
3454 2880 3640 2933 salutis
3676 2878 3727 2932 in
3762 2874 3879 2928 vobis

2254 2964 2485 3031 resedit,
2524 2965 2662 3031 loca,
2716 2970 2994 3034 tempora,
3028 2982 3301 3035 personas
3333 2969 3642 3023 attendite:
3672 2972 3719 3020 et
3750 2966 3787 3018 si
3811 2979 3880 3017 vos

2254 3052 2470 3107 nefarie
2494 3058 2760 3123 congesta
2789 3054 2974 3108 cordis
3003 3055 3186 3109 adhuc
3215 3056 3377 3126 pravi
3408 3074 3527 3111 non
3557 3055 3756 3125 subegit
3778 3068 3882 3122 opu-

2253 3143 2449 3210 lentia,
2510 3144 2703 3196 oculos
2753 3143 2823 3197 ad
2873 3144 3054 3197 Deum
3097 3144 3387 3215 paulisper
3432 3147 3682 3213 attollite,
3734 3149 3781 3198 et
3817 3140 3882 3193 vel

2252 3228 2409 3283 brevi
2450 3234 2706 3300 tempore
2755 3230 2970 3283 sinistri
3017 3231 3316 3285 monitoris
3359 3234 3522 3302 jussa
3572 3232 3881 3287 contemnite.

2251 3318 2570 3386 Agnoscitis
2614 3318 2824 3371 summi
2855 3319 2877 3351 ³
2911 3318 3062 3389 regis
3098 3323 3584 3391 praeceptionibus
3627 3338 3713 3375 vos
3746 3321 3793 3374 in
3820 3318 3885 3374 his

2252 3421 2380 3475 quae
2399 3407 2603 3459 merito
2624 3406 2922 3476 plectenda
2943 3413 3096 3474 sunt,
3123 3424 3237 3461 non
3261 3410 3500 3464 muniri.
3524 3410 3657 3475 Quia
3677 3407 3886 3480 quamvis

2251 3495 2514 3564 responsi
2567 3496 2906 3565 qualitatem
2965 3497 3179 3551 dictent
3236 3498 3511 3567 dogmata
3548 3498 3809 3569 postulati,
3847 3499 3890 3548 et

2250 3582 2447 3651 petitio
2480 3582 2617 3636 dum
2658 3582 2846 3636 existit
2872 3585 3082 3654 praevia
3108 3601 3237 3655 quae
3268 3585 3382 3639 sint
3413 3594 3689 3654 secutura,
3720 3584 3889 3639 descri-

2249 3671 2381 3725 bat:
2416 3688 2713 3743 nunquam
2745 3676 2940 3726 tamen
2970 3674 3190 3728 casibus
3218 3677 3417 3730 vestris
3447 3679 3623 3733 libera
3652 3672 3892 3746 regnantis

2249 3760 2421 3815 verba
2449 3762 2711 3832 cepistis:
2748 3778 3047 3833 nunquam
3080 3764 3377 3818 desideriis
3398 3782 3504 3835 per
3523 3767 3749 3836 aucupia
3766 3762 3894 3817 calli-

2250 3850 2446 3904 ditatis
2495 3851 2817 3921 imperialia
2844 3852 3004 3906 vobis
3051 3853 3262 3923 scripta
3290 3854 3631 3910 militarunt.
3670 3853 3895 3918 Quotiens

2247 3939 2407 3994 vanis
2457 3939 2711 3994 hiatibus
2757 3942 3001 3995 nocendi
3046 3942 3305 3996 ineflicax
3343 3960 3571 3999 morsus
3610 3937 3898 4012 increpuit?

2248 4028 2514 4099 quotiens
2545 4029 2614 4083 de
2664 4034 2922 4083 accusato
2954 4031 3232 4102 quidquid
3264 4048 3361 4103 spe
3402 4034 3681 4101 tenuistis,
3712 4030 3893 4099 effugit,

2248 4122 2305 4171 et
2348 4132 2556 4171 vacuos
2596 4118 2788 4188 imago
2832 4121 3285 4190 praesumptione
3333 4127 3609 4191 occupata
3652 4117 3898 4176 deseruit?

2246 4206 2359 4259 Deo
2398 4205 2633 4275 gratias,
2683 4206 2784 4277 qui
2830 4207 2977 4261 hanc
3007 4209 3430 4278 providentiam
3480 4210 3686 4264 indidit
3722 4208 3786 4274 ei,
3827 4204 3898 4258 cui

2175 4308 2443 4365 Drerum
2512 4294 2898 4349 humanarum
2961 4312 3187 4351 summa
3237 4298 3541 4353 commisit.
3594 4298 3728 4369 Spes
3776 4298 3902 4348 certa

2245 4383 2456 4453 quietis
2479 4388 2579 4450 est,
2613 4387 2668 4437 et
2699 4385 2893 4437 salutis
2924 4386 3175 4455 perfecta
3210 4386 3269 4440 in
3302 4386 3685 4455 gubernatore
3709 4384 3900 4455 sapien-

2242 4470 2341 4526 tia.
2384 4471 2596 4542 Puppis
2630 4473 2789 4543 cujus
2818 4472 3093 4543 magister
3136 4475 3206 4529 ad
3236 4475 3379 4529 clavi
3408 4476 3670 4546 regimen
3709 4472 3903 4529 intelle-

2242 4564 2365 4615 ctus
2433 4560 2564 4615 dote
2622 4567 3001 4632 prmparatur,
3068 4562 3278 4635 ubique
3330 4565 3657 4633 stationem,
3717 4563 3903 4631 ubique

2241 4685 2365 4759 regi
2393 4690 2607 4755 tamen,
2650 4703 2780 4741 cum
2808 4688 3058 4758 synodus
3098 4689 3167 4743 ad
3207 4706 3341 4743 eum
3372 4691 3680 4756 retulisset,
3720 4686 3907 4759 placuit

2240 4763 2306 4832 ut
2337 4758 2714 4832 Symmachus
2753 4766 2884 4813 ante
2921 4760 3343 4832 restitutionem
3377 4763 3658 4832 judicium
3698 4758 3904 4814 subiret.

2242 4828 2403 4892 Quod
2434 4830 2529 4881 ille
2558 4846 2662 4899 pro
2693 4830 2969 4884 modestia
2996 4846 3104 4886 sua
3133 4828 3753 4887 minime'detrectavit.

2313 4903 2333 4934 ³
2363 4900 2538 4976 R_egis
2568 4901 3037 4976 pragceptionibus
3065 4919 3163 4976 vos
3186 4920 3305 4976 Anon
3337 4904 3578 4976 muniri]
3614 4904 3723 4957 Etsi
3753 4899 3911 4976 multa

2241 4986 2370 5041 qua:
2402 4972 2740 5040 Symmacho
2788 4974 3077 5026 adversari
3110 4974 3467 5043 videbantur,
3511 4972 3911 5028 a'Theoderico

2239 5048 2529 5115 praecepta
2566 5059 2631 5097 ac
2682 5046 2961 5113 rescripta
3008 5052 3401 5115 expresserant
3452 5044 3810 5109 schismatici,
3858 5044 3913 5093 ut

2240 5116 2309 5167 de
2349 5114 2661 5188 visitatore,
2713 5120 2768 5169 et
2807 5117 2959 5186 quod
2999 5114 3171 5169 modo
3214 5118 3283 5171 de
3331 5118 3640 5188 intercepta
3683 5116 3912 5188 redinte-

2240 5184 2499 5255 gratione
2539 5184 2843 5261 recitatunf
2883 5193 2989 5261 est,
3028 5193 3201 5261 atque
3241 5189 3353 5261 alia
3400 5189 3455 5242 id
3496 5184 3723 5259 genus:
3770 5184 3914 5261 irrita

2240 5258 2665 5331 tamen__omnia
2705 5264 2761 5311 et
2794 5258 2988 5331 inania
3017 5255 3271 5313 fuerunt.
3316 5255 3526 5331 Neque'
3549 5273 3803 5329 unquam
3839 5255 3916 5331 his

2240 5327 2524 5401 praesidiis
2583 5328 2808 5399 assequi
2865 5335 3199 5399 potuerunt,
3256 5327 3432 5401 quod'
3466 5327 3827 5401 moliebatur,
3863 5327 3917 5377 ut

2241 5398 2612 5474 Symmachus
2663 5398 3053 5474 damnaretur.
3098 5403 3238 5455 Nam
3272 5398 3377 5455 ubi
3433 5402 3673 5474 synodo
3702 5399 3916 5474 tandem

2242 5485 2436 5596 aoi'ege
2464 5471 2691 5543 integra
2728 5472 3007 5544 permissa
3035 5488 3128 5528 res
3174 5478 3283 5546 est,
3313 5468 3480 5531 illum
3527 5473 3790 5545 protinus
3834 5468 3917 5521 ab-

2242 5556 2266 5594 s
2327 5556 2381 5595 vi
2410 5582 2423 5596 .

2240 5547 2423 5596 solvit.
