4008 6170
188 328 288 379 197

1220 321 1541 377 LIBELLUS
1582 321 2105 379 APOLOGETICUS
2146 321 2285 379 PRO
2325 321 2615 379 SYNODO.

3588 329 3690 383 198

184 468 421 532 portum
453 461 629 515 habet
676 460 737 515 in
796 460 1082 514 ﬂuctibus.
1145 460 1311 514 Certa
1357 463 1442 514 est
1494 458 1882 530 generalitatis
1920 463 1967 515 A
1997 462 2320 529 segregent,
2353 458 2401 511 si
2431 474 2547 512 uno
2578 458 2638 512 in
2676 474 2885 528 supera
2918 457 3214 514 mansione
3244 461 3512 516 conclave
3544 463 3683 516 reti-

183 550 479 611 securitas,
513 549 743 620 quando
774 547 1189 618 rempublicam
1239 548 1528 603 nobilibus
1550 548 1698 618 regit
1754 545 1886 600 arti-

181 640 285 691 bus
335 639 659 692 institutus.
710 639 826 692 Scit
878 638 1235 708 imperatoris
1299 638 1479 691 nostri
1528 638 1668 691 ccelo
1700 636 1885 691 infusa

178 727 534 797 dispensatio
567 727 793 781 obviam
825 743 1058 780 manum
1091 727 1325 780 famosis
1360 726 1417 779 in
1444 726 1761 780 fallendum
1796 724 1881 778 in-

181 816 367 886 geniis
429 817 720 870 exhibere.
778 816 994 869 Labore
1050 816 1201 885 apud
1264 831 1399 869 eum
1430 831 1548 869 non
1606 830 1749 885 Opus
1780 818 1881 880 est,

181 922 356 976 quem
391 906 601 959 sortita
633 909 717 958 est
734 906 885 958 .olim
914 905 1071 959 nuda
1101 904 1303 959 veritas
1344 905 1725 959 defensorem.
1761 904 1886 957 Ces-

184 1000 310 1047 sent
367 994 539 1063 impii
597 994 992 1047 commentitia
1050 994 1202 1063 apud
1259 993 1424 1047 illum
1457 992 1883 1061 simplicitatem

181 1083 385 1137 fraude
416 1083 655 1136 mentiri
688 1100 700 1136 :
730 1082 1007 1153 quidquid
1058 1099 1116 1137 se
1143 1083 1411 1137 adversus
1435 1081 1719 1152 justitiam
1754 1096 1884 1133 mo-

179 1171 345 1237 verit,
403 1187 538 1224 mox
596 1176 868 1225 tenetur:
933 1171 1074 1224 nihil
1132 1172 1282 1242 apud
1334 1170 1672 1241 praedictum
1704 1169 1885 1223 tutius

180 1260 519 1314 innocentia
559 1266 642 1314 est
674 1280 689 1314 ε
726 1260 1009 1331 legatione
1034 1261 1221 1315 valida
1262 1262 1463 1329 utitur,
1500 1260 1598 1331 qui
1629 1258 1885 1329 aequitati

181 1366 266 1401 res
297 1354 697 1419 congruentes
730 1350 985 1403 insinuat
1015 1367 1026 1403 :
1062 1366 1189 1419 qua:
1222 1350 1409 1420 gravis
1431 1354 1517 1404 est
1542 1350 1883 1419 plerumque

178 1438 547 1507 principibus
602 1438 986 1508 impugnatio,
1038 1439 1233 1491 minus
1274 1436 1533 1492 ﬁdelium
1586 1435 1883 1490 blanditiis

177 1543 294 1579 non
329 1528 581 1597 legatur.
612 1527 723 1581 Sed
748 1527 870 1580 haec
927 1528 1040 1580 Deo
1084 1527 1275 1581 minus
1331 1530 1660 1594 narrantur,
1694 1542 1726 1580 a
1770 1541 1882 1597 quo

174 1615 361 1686 frugis
393 1616 577 1686 hujus
607 1616 802 1686 planta
834 1616 1148 1671 descendit.

245 1706 333 1758 Ad
381 1722 488 1758 vos
554 1721 647 1758 me
706 1705 932 1759 reduxit
970 1704 1249 1775 propositi
1297 1704 1484 1774 operis
1529 1719 1645 1758 non
1701 1702 1883 1757 amica

174 1794 457 1859 conditio,
506 1794 606 1864 qui
647 1794 998 1863 melioribus,
1042 1796 1316 1848 hactenus
1339 1810 1573 1864 operam
1603 1793 1759 1847 volui
1788 1810 1883 1846 na-

172 1899 304 1937 vare
364 1883 757 1949 sermonibus,
827 1885 964 1937 dum
1013 1884 1294 1953 captivam
1335 1882 1654 1937 orationem
1706 1881 1884 1951 exigit

177 1972 495 2042 imperiosa
550 1972 874 2026 necessitas.
928 1972 1154 2025 Dixistis
1198 1971 1389 2025 enim:
1430 1970 1780 2034 «Quomodo
1812 1970 1882 2023 de

173 2077 346 2114 causa
377 2061 470 2114 vel
528 2060 807 2131 qualitate
860 2061 982 2130 ejus
1044 2060 1312 2130 primitus
1368 2059 1717 2125 tractabatis,
1753 2074 1881 2111 cum

178 2151 191 2182 ¹
221 2150 481 2205 necdum
512 2150 754 2204 haberet
784 2149 1034 2220 synodus
1064 2148 1439 2203 ﬁrmitatem?
1478 2170 1506 2197 ››
1546 2148 1588 2202 Ο
1632 2148 1881 2201 frontem

173 2239 451 2293 dictionis
486 2239 826 2305 immundae,
855 2243 911 2293 et
940 2238 1142 2292 faciem
1173 2238 1373 2305 libelli,
1412 2253 1584 2307 quam
1617 2252 1733 2289 non
1762 2237 1882 2290 sola

173 2328 494 2381 maculavit
547 2328 857 2398 imperitia.
914 2329 1206 2381 Tractatus
1241 2326 1423 2380 nostri
1453 2325 1804 2396 provinciam
1827 2330 1882 2379 et

174 2418 426 2469 narratis
458 2422 516 2471 et
546 2416 824 2487 quaeritis.
858 2416 1002 2472 Hinc
1029 2432 1256 2471 eramus
1288 2432 1495 2484 nempe
1517 2414 1698 2479 dubii,
1744 2414 1880 2485 quia

172 2505 674 2576 quemadmodum
696 2505 1000 2576 loquimini
1024 2522 1137 2559 non
1150 2505 1395 2559 habebat
1416 2504 1665 2574 synodus
1700 2503 1877 2556 ﬁrmi-

171 2600 358 2649 tatem
390 2612 405 2647 :
448 2596 731 2648 transibat
784 2595 1001 2665 negotii
1033 2595 1277 2665 qualitas
1308 2594 1627 2659 audituros,
1671 2597 1726 2647 et
1751 2593 1879 2662 plus

170 2685 366 2738 adhuc
395 2689 753 2738 remanserat
782 2685 842 2738 in
894 2683 1213 2738 reverentia
1248 2683 1475 2754 pulsati,
1513 2698 1687 2752 quam
1736 2684 1881 2736 esset

170 2774 226 2827 in
262 2774 451 2827 nostri
480 2774 811 2844 integritate
842 2773 1087 2844 collegii.

249 2885 269 2911 ι
322 2862 544 2915 Deinde
576 2879 678 2933 pro
710 2863 1094 2933 quaestionum
1125 2863 1428 2917 tormentis
1448 2861 1834 2916 venerabilem
1856 2862 1877 2895 ²

173 2951 556 3006 Laurentium
606 2956 663 3005 et
712 2953 943 3005 Petrum
995 2950 1315 3022 episcopos,
1391 2968 1424 3005 a
1473 2950 1879 3005 communione

1996 564 2219 601 nemur.
2246 550 2386 602 Vere
2436 548 2569 602 hinc
2612 548 2952 619 conjicimus
2978 566 3097 603 esse
3130 566 3223 603 vos
3242 566 3431 605 servos
3471 553 3688 606 ventris

1994 639 2050 689 et
2078 637 2351 706 corporis,
2412 641 2467 690 et
2516 653 2616 706 per
2648 637 2795 690 hanc
2835 638 3127 691 sententiae
3177 644 3376 693 vestra:
3408 640 3681 695 vilitatem

1994 725 2290 779 declaratis
2334 725 2619 795 mancipia
2655 742 2753 781 vos
2786 743 2904 779 esse
2960 730 3207 781 terrena.
3272 729 3561 799 Scriptum
3602 734 3686 783 est

1992 815 2146 868 enim
2178 832 2189 868 :
2225 814 2511 869 Animatis
2531 815 2695 870 homo
2727 832 2838 870 non
2860 813 3107 886 percipit
3156 832 3222 872 ea
3253 834 3372 887 qua:
3397 821 3534 872 sunt
3559 817 3679 889 spi-

1990 903 2138 958 ritus
2170 903 2219 973 (I
2246 906 2377 958 Cor.
2410 921 2468 971 ιι,
2499 903 2605 974 li).

2063 992 2374 1064 Postihaec,
2421 994 2592 1047 versis
2654 993 2714 1047 in
2760 993 2955 1064 fugam
2999 994 3315 1061 ordinibus,
3349 996 3686 1066 lymphatici

1991 1098 2149 1137 more
2182 1082 2464 1138 sermonis
2508 1082 2804 1137 addidistis
2838 1099 2850 1136 :
2886 1104 2914 1131 «
2978 1084 3123 1153 Ergo
3156 1084 3396 1137 concilia
3424 1086 3685 1141 sacerdo-

1992 1177 2115 1226 tum
2165 1171 2557 1226 ecclesiasticis
2623 1171 2847 1241 legibus
2905 1178 3043 1242 quot
3100 1173 3265 1226 annis
3323 1174 3550 1228 decreta
3579 1190 3687 1244 per

1990 1261 2331 1332 provincias,
2366 1262 2501 1331 quia
2522 1261 2886 1331 praesentiam
2910 1277 3075 1330 papa:
3098 1262 3239 1330 :non
3266 1262 3503 1328 habent,
3544 1263 3686 1317 vali-

1994 1352 2252 1406 tudinem
2293 1351 2703 1421 perdiderunt?
2757 1372 2784 1399 »
2862 1350 3074 1419 Legite,
3147 1350 3519 1418 insanissimi,
3584 1352 3688 1404 ali-

1992 1441 2220 1511 quando
2244 1441 2303 1493 in
2336 1440 2447 1493 illis
2496 1443 2709 1510 praeter
2764 1438 3061 1509 apostolici
3118 1438 3291 1508 apicis
3335 1440 3686 1495 sanctionem

1991 1530 2208 1600 aliquid
2242 1529 2634 1596 constitutum,
2668 1533 2725 1582 et
2745 1544 2863 1581 non
2888 1527 2957 1581 de
2988 1526 3300 1595 majoribus
3330 1529 3594 1599 negotiis,
3615 1531 3688 1584 ad

1992 1619 2355 1674 collationem
2388 1618 2436 1671 si
2480 1618 2621 1688 quid
2669 1617 2934 1683 occurrit,
2983 1617 3237 1687 prmfataa
3272 1618 3415 1671 sedis
3447 1618 3685 1672 arbitrio

1990 1705 2161 1759 fuisse
2211 1710 2516 1759 servatum.
2572 1704 2662 1759 Sic
2713 1704 2865 1757 enim
2913 1704 3087 1757 habet
3118 1704 3138 1735 ³
3170 1720 3181 1757 :
3208 1703 3265 1757 Si
3309 1705 3437 1775 quis
3468 1704 3685 1775 episco-

1992 1794 2423 1866 porumjudicio
2446 1793 2780 1865 provinciali
2820 1792 3112 1863 depositus
3134 1792 3325 1858 fuerit,
3360 1793 3683 1847 Romanum

1989 1888 2220 1954 p‘apam,
2263 1885 2310 1937 si
2340 1884 2540 1953 placet,
2568 1899 2763 1936 rursus
2784 1882 3056 1952 appellit;
3094 1887 3151 1936 et
3181 1881 3323 1952 ipse,
3359 1882 3407 1935 si
3428 1882 3681 1949 videtur,

1990 1973 2451 2043 reparetjudicia
2478 1973 2537 2025 in
2578 1972 2958 2042 opitulatione
3004 1971 3282 2025 damnati.
3334 1972 3473 2025 Ecce
3505 1972 3686 2025 enode

1991 2066 2092 2129 est,
2121 2063 2275 2132 quod
2309 2062 2377 2116 ad
2408 2064 2677 2132 laqueum
2723 2060 3088 2131 przeparastis
3123 2076 3135 2113 :
3168 2060 3282 2113 nisi
3330 2060 3475 2114 forte
3498 2062 3689 2114 arctis-

1991 2151 2148 2205 simis
2170 2151 2230 2204 in
2258 2151 2357 2205 illa
2383 2157 2543 2221 parte
2591 2150 2830 2204 nexibus
2898 2149 3304 2219 astringamur,
3358 2154 3415 2204 et
3446 2150 3684 2220 replica-

1988 2239 2214 2294 tionum
2244 2240 2408 2294 nobis
2438 2240 2646 2294 itinera
2667 2256 2784 2293 non
2807 2242 3133 2309 patescant;
3168 2238 3307 2291 dum
3363 2238 3523 2292 callis
3552 2244 3684 2293 ante

1990 2330 2217 2401 pervius
2239 2330 2485 2383 dumetis
2501 2330 2727 2383 novella
2747 2327 3157 2381 interclusione
3186 2326 3445 2380 vestitur.

2064 2438 2089 2470 α
2124 2418 2218 2473 His
2261 2419 2415 2473 enim
2452 2435 2555 2472 nos
2599 2417 2813 2488 eloquii
2861 2417 3150 2487 vepribus,
3201 2416 3340 2470 dum
3390 2415 3687 2486 gradimur

1987 2523 2092 2578 per
2121 2509 2310 2578 plana,
2363 2508 2641 2575 retinetis,
2677 2523 2807 2560 cum
2859 2506 3066 2573 dicitis,
3092 2506 3292 2560 lmsum
3337 2506 3683 2576 principem,

1989 2596 2206 2668 quare“
2250 2597 2590 2652 attributum
2621 2596 2992 2661 visitatorem,
3026 2600 3225 2649 contra
3280 2594 3686 2649 ecclesiasticas

1988 2689 2236 2756 regulas,
2259 2686 2447 2757 prima
2462 2685 2747 2739 voluimus
2780 2685 2965 2738 fronte
3014 2684 3302 2738 discedere
3336 2701 3347 2738 :
3375 2704 3402 2733 »
3464 2688 3519 2738 et
3540 2684 3685 2737 nihil

1989 2776 2233 2846 amplius
2289 2775 2486 2829 liceret
2531 2775 2685 2829 hunc
2730 2773 2902 2841 vitiis,
2968 2788 3040 2827 ne
3086 2773 3413 2827 duresceret
3456 2773 3681 2839 lolium,

1988 2880 2060 2918 ne
2088 2865 2327 2935 profana
2343 2864 2562 2929 messis,
2596 2863 2755 2916 nulla
2781 2862 3097 2932 disciplina:
3121 2866 3251 2915 ante
3293 2862 3683 2916 maturitatem

1988 2954 2205 3007 succisa
2270 2954 2412 3007 falce
2465 2952 2853 3006 decumberet.
2912 2954 2967 3003 et
3002 2954 3301 3019 putaretur
3331 2950 3502 3003 licere
3531 2950 3683 3020 quod

168 3056 346 3111 papa:
386 3057 443 3093 se
475 3040 837 3109 suspendisse
868 3040 1175 3110 replicatis,
1202 3044 1257 3094 et
1287 3039 1567 3110 quidquid
1625 3039 1881 3110 providit
1919 3064 1958 3119 ρ
1984 3042 2201 3113 judices
2229 3058 2344 3095 non
2390 3041 2679 3095 vetabant.
2732 3039 2890 3093 Unde
2931 3054 2995 3091 ex
3020 3042 3218 3108 aperto
3253 3042 3493 3103 constat,
3518 3039 3679 3092 nulla

171 3128 374 3182 cautio
431 3133 897 3195 convocatorum,
961 3129 1165 3183 ducitis
1199 3129 1267 3182 ad
1301 3128 1521 3182 crimen
1547 3128 1813 3199 impetiti.
1849 3148 1877 3177 ››

175 3218 387 3271 L'llone
435 3234 573 3287 ergo
634 3223 912 3288 tempore,
984 3218 1122 3271 dum
1181 3218 1610 3271 celebrarentur
1667 3216 1735 3270 ab
1791 3216 1879 3270 his

173 3323 341 3361 sacra
382 3306 709 3371 missarum,
773 3324 803 3361 a
843 3307 1091 3361 nominis
1148 3308 1271 3377 ejus
1336 3306 1878 3360 commemoratione

171 3400 466 3449 cessatum
498 3396 625 3449 est?
682 3397 944 3466 Unquam
1002 3412 1108 3467 pro
1167 3396 1464 3450 desideriis
1524 3395 1723 3449 vestris
1757 3395 1877 3448 sine

171 3485 292 3539 ritu
326 3484 602 3538 catholico
653 3489 705 3539 et
768 3502 910 3538 cano
958 3501 1139 3550 more,
1196 3484 1541 3555 semiplenas
1600 3484 1878 3537 nominati

174 3574 463 3627 antistites
492 3574 703 3628 hostias
730 3574 1108 3629 obtulerunt?
1136 3575 1485 3645 Aliquando,
1517 3574 1669 3644 quod
1708 3572 1878 3643 capiti

172 3667 364 3715 vestro
398 3662 737 3730 ascribatur,
795 3662 943 3715 facta
994 3666 1079 3715 est
1116 3662 1269 3733 apud
1318 3663 1497 3715 Deum
1530 3660 1746 3715 offensa
1775 3676 1879 3730 per

172 3752 447 3820 gratiam,
486 3755 541 3804 et
563 3750 778 3830 exstitit
807 3751 1001 3804 nutrix
1020 3751 1223 3817 venia},
1256 3750 1471 3820 peccati
1502 3755 1687 3804 mater
1717 3750 1875 3803 obla-

172 3840 297 3892 tio?
356 3841 613 3893 Fuerunt
665 3839 899 3910 quidem
930 3840 1186 3910 corporis
1241 3844 1465 3894 tantum
1496 3839 1877 3893 conventione

172 3930 446 3999 separati,
473 3945 619 3999 quos
640 3929 923 4007 loqueris;
950 3930 1275 3983 animarum
1296 3934 1491 3983 tamen
1510 3929 1876 3999 praesentiam

174 4035 291 4073 non
319 4019 595 4072 vitarunt.
630 4018 688 4074 Si
717 4035 811 4073 eos
842 4025 1008 4089 putas
1038 4036 1072 4073 a
1110 4019 1397 4073 consortio
1456 4022 1654 4072 mutuo
1698 4018 1874 4073 disso-

172 4109 351 4161 ciatos
385 4124 533 4179 quos
556 4108 731 4162 ﬁbula
756 4108 1052 4178 religionis
1092 4110 1189 4179 pio
1222 4108 1497 4163 mordens
1526 4108 1695 4162 dente
1735 4123 1876 4161 con-

169 4198 385 4268 jungit,
428 4198 635 4267 procul
660 4202 715 4251 te
743 4198 812 4252 ab
853 4198 1230 4252 aestimatione
1271 4198 1549 4251 catholica
1577 4198 1877 4267 culparum

174 4286 339 4340 duxit
360 4286 621 4341 affectus.
656 4286 909 4341 Mandati
938 4287 1178 4342 caelestis
1206 4286 1484 4341 habitatio
1518 4303 1620 4340 nos
1650 4290 1749 4340 aut
1776 4285 1879 4340 mi-

1987 3149 2109 3201 vos,
2143 3134 2300 3186 extra
2358 3130 2751 3201 praestantiam
2771 3127 3021 3197 piissimi
3070 3126 3241 3196 regis,
3262 3142 3437 3196 quam
3467 3127 3682 3181 frustra

1987 3221 2520 3291 desideratismoxae
2574 3216 2852 3287 c0pulari,
2914 3216 3307 3285 exemplorum
3347 3215 3682 3270 auctoritate

1986 3310 2195 3364 fulciri.
2234 3310 2521 3379 Superest,
2551 3312 2615 3359 ut
2649 3310 2706 3359 et
2766 3306 2955 3375 ipsum
3014 3304 3249 3357 doceam
3280 3302 3340 3357 in
3387 3304 3476 3356 his
3501 3320 3684 3358 exces-

1988 3399 2163 3465 sibus,
2201 3398 2352 3468 quod
2382 3396 2534 3449 bono
2559 3392 2947 3448 universitatis
2976 3392 3260 3462 contingit
3306 3409 3422 3445 non
3454 3394 3637 3446 teneri
3667 3410 3679 3446 :

1988 3489 2123 3559 quia
2144 3487 2425 3541 directum
2457 3500 2573 3539 non
2631 3482 2987 3536 occasionem
3038 3482 3171 3548 litis,
3216 3498 3318 3534 nec
3360 3481 3683 3535 fomentum

1982 3576 2180 3648 jurgii,
2214 3576 2310 3630 sed
2343 3590 2570 3628 causam
2596 3572 2778 3627 voluit
2810 3587 2932 3625 esse
2956 3570 3275 3624 concordiae
3306 3586 3318 3623 :
3360 3571 3683 3641 praevidens

1986 3667 2220 3733 scilicet,
2248 3680 2394 3735 quos
2422 3663 2534 3716 nisi
2556 3661 2874 3732 simplicem
2895 3659 3221 3730 jussionum
3247 3675 3481 3713 suarum
3504 3662 3683 3715 tutela

1986 3754 2239 3816 vallaret,
2266 3752 2376 3805 cito
2430 3750 2489 3804 in
2528 3766 2715 3805 escam
2776 3748 3000 3803 dissidii
3030 3749 3215 3802 toxica
3266 3753 3451 3803 vestra
3482 3749 3681 3805 subre-

1984 3845 2206 3912 perent.
2239 3841 2524 3911 Scriptum
2556 3845 2638 3894 est
2671 3838 2823 3892 enim
2856 3854 2869 3891 :
2905 3837 3011 3891 Vir
3036 3837 3285 3908 simplex
3312 3837 3493 3893 credit
3524 3838 3683 3893 omni

1984 3930 2150 3984 verbo
2183 3930 2375 4000 (Prov.
2410 3945 2523 3997 xiv,
2559 3931 2666 3998 15).
2699 3927 2928 3997 _Idcirco
2962 3926 3215 3980 mandati
3267 3927 3511 3981 limitem
3538 3927 3680 3995 ﬁxit,

1986 4035 2158 4091 quem
2184 4019 2342 4072 nulla
2370 4019 2568 4072 liceret
2597 4017 3055 4087 transgressione
3084 4015 3309 4069 violari.
3369 4018 3681 4072 Praefatum

1987 4112 2055 4164 ad
2108 4108 2260 4163 beati
2295 4108 2446 4162 Petri
2498 4106 2814 4173 basilicam,
2876 4122 3007 4160 mox
3057 4106 3300 4159 Romam
3369 4106 3682 4176 perductus

1985 4198 2200 4263 fuisset,
2267 4196 2560 4252 mandavit
2609 4210 2928 4261 occurrere,
2978 4193 3193 4248 faciens
3240 4194 3308 4247 de
3371 4194 3681 4247 sacerdotis

1984 4292 2117 4343 voto
2148 4286 2313 4358 regis;
2332 4285 2659 4356 imperium.
2690 4283 2827 4348 Quis
2854 4283 3011 4337 enim
3060 4298 3175 4335 non
3206 4285 3434 4351 putaret
3453 4282 3681 4352 pontifi-

174 4381 309 4444 scet,
363 4380 467 4429 aut
514 4379 781 4447 separat:
837 4392 953 4431 non
991 4376 1227 4431 interest
1257 4392 1386 4447 quae
1436 4375 1734 4431 intervalla
1775 4391 1878 4429 nos
1915 4367 1960 4421 D
1992 4392 2115 4432 cem
2138 4379 2337 4447 sponte
2364 4374 2687 4445 paritnrum
2718 4371 2781 4425 in
2824 4386 2892 4424 ea
2944 4373 3104 4439 parte
3161 4384 3335 4439 quam
3364 4368 3535 4424 licere
3572 4370 3680 4424 sibi

242 4504 258 4536 ι
299 4500 574 4573 Necdum
594 4500 824 4556 haberet
847 4502 1099 4572 synodus
1117 4499 1487 4573 ﬁrmitatem]
1522 4502 1664 4556 Cum
1696 4502 1879 4556 adhuc

177 4571 373 4653 incerti
406 4572 732 4653 penderent
767 4571 1030 4653 episcopi
1062 4590 1133 4653 an
1171 4571 1545 4653 Symmachus
1576 4574 1735 4653 illam
1753 4590 1876 4653 _ap-

178 4642 498 4711 probasset.
533 4644 698 4706 Quod
728 4642 825 4697 ubi
846 4642 1032 4698 coram
1072 4645 1140 4698 ab
1170 4642 1237 4698 eo
1292 4646 1693 4698 conﬁrmatum
1746 4642 1875 4711 fuit,

183 4714 346 4781 Tum,
385 4719 448 4767 ut
505 4720 593 4786 est
640 4714 700 4767 in
728 4715 864 4768 actis
909 4716 1132 4786 synodi,
1189 4732 1369 4771 causa
1400 4717 1471 4769 de
1524 4715 1879 4786 sacerdotum

177 4786 387 4838 animi:
406 4801 533 4856 quae
549 4784 617 4837 de
634 4786 873 4839 concilio
891 4784 1139 4840 nondum
1156 4786 1387 4856 ﬁrmato
1402 4786 1696 4840 tristitiam
1713 4785 1880 4841 mini-

179 4858 421 4923 strabat,
468 4856 728 4911 abscissa
755 4860 859 4910 est.
896 4858 1239 4923 .Sentiebant
1294 4859 1571 4911 nimirum
1624 4856 1881 4928 episcopi

182 4928 484 4980 concilium
516 4929 626 4981 hoc
655 4929 776 4980 sine
804 4930 1091 4998 pontificis
1117 4945 1351 4982 assensu
1382 4935 1573 4982 ratum
1611 4944 1731 4982 esse
1761 4945 1878 4982 non

184 5014 356 5122 potsse.
392 4998 558 5121 Q‘uod
608 4999 801 5068 ipsum
834 5005 1049 5068 tamen,
1083 5000 1180 5054 sed
1213 5000 1444 5069 frustra,
1477 5000 1881 5071 improbabant

187 5084 237 5120 sc
284 5086 429 5122 isma
460 5086 556 5121 ιρι.

187 5078 556 5122 schismatici.

247 5138 271 5171 ³
299 5138 680 5213 Laurentium
720 5143 805 5213 iet
857 5141 1087 5195 Petrum
1134 5140 1445 5213 episcopos]
1503 5141 1758 5204 Quorum
1786 5140 1879 5195 hic

188 5209 498 5283 Bavennas,
550 5212 649 5264 ille
718 5209 1182 5279 Mediolanensis,
1260 5209 1461 5283 synodi
1520 5213 1686 5267 ambo
1752 5229 1877 5266 mo-

187 5282 479 5355 deratores
501 5298 569 5335 ac
605 5283 879 5351 praesides
910 5302 926 5336 :
977 5284 1131 5354 quod
1161 5282 1454 5355 declarant
1479 5283 1879 5355 synodiipsius

188 5353 649 5422 subscriptiones,
685 5358 740 5405 et
769 5353 1099 5408 Theoderici
1130 5354 1279 5424 regis
1323 5356 1390 5408 ad
1424 5353 1701 5425 synodum
1734 5370 1878 5424 pra:-

188 5425 365 5493 ceptio
387 5441 519 5494 quae
556 5425 883 5492 Laurentio,
937 5426 1318 5491 Marcelliano,
1354 5428 1518 5478 Petro
1550 5442 1614 5479 ac
1644 5425 1880 5494 reliquis

189 5495 459 5565 episcopis
512 5496 792 5567 inscripta
864 5500 966 5550 est.
1021 5497 1130 5551 Sed
1175 5496 1581 5558 :Marcellianus
1634 5496 1880 5549 Palmari

190 5568 488 5637 conventui
522 5584 636 5621 non
679 5566 962 5622 interfuit.
1024 5568 1187 5633 Quod
1235 5584 1367 5622 vero
1428 5566 1615 5621 studio
1643 5572 1882 5637 egerant

199 5634 522 5710 Laurentius
558 5644 615 5692 et
661 5640 885 5710 Petrus,
923 5642 1047 5694 uta
1092 5639 1420 5710 Symmachi
1465 5634 1880 5710 consuetudine

194 5712 311 5763 ante
332 5709 537 5780 judicii
555 5708 1041 5781 disceptationem
1070 5708 1442 5781 abstinerent,
1474 5726 1547 5767 ne
1593 5708 1878 5781 prejudi-

1988 4501 2141 4556 cinm
2172 4500 2402 4570 aliquod
2440 4499 2625 4553 facere
2680 4495 3028 4570 viderentur,
3062 4493 3120 4570 id
3146 4493 3476 4570 adversarii
3508 4495 3680 4570 aliam

1988 4573 2047 4626 in
2078 4563 2301 4643 partem
2346 4570 2670 4641 rapiebant,
2719 4566 2884 4643 quasi
2923 4565 3000 4643 _de
3064 4563 3300 4643 objectis
3343 4566 3683 4643 Symmacho

1990 4636 2327 4698 criminibus
2410 4636 2771 4713 compertum
2824 4636 2967 4708 ipsis
3041 4636 3515 4709 exploratumque
3560 4639 3682 4710 jam

1991 4720 2155 4769 esset.

2060 4790 2080 4821 ³
2112 4786 2245 4855 Syn.
2281 4783 2492 4839 Sardic.
2529 4799 2653 4855 cap.
2691 4783 2742 4835 3.

2060 4856 2082 4891 ’⁸
2113 4849 2471 4910 Ᾰίενὶὁυίιιγη
2502 4849 2880 4925 visitatorem]
2910 4850 3145 4925 Petrum
3170 4851 3521 4925 episcopum,
3540 4852 3684 4907 Alti-

1989 4932 2183 4981 natem
2211 4927 2309 4996 qui
2343 4925 2743 4979 a'l‘heoderico
2773 4919 2931 4993 rege,
2963 4919 3381 4993 ﬂagitantibus
3408 4924 3683 4979 schisma-

1987 4998 2113 5075 t_icis
2144 4998 2404 5075 Ecclesiae
2432 4998 2707 5050 Romanze
2757 5000 2967 5064 prmter
3025 5000 3110 5051 fas
3155 4996 3682 5075 moremquedatus

1987 5070 2174 5123 fuerat
2203 5069 2483 5132 visitator,
2526 5083 2700 5136 quem
2746 5072 3050 5135 propterea
3085 5068 3435 5134 submoveri,
3460 5071 3522 5119 ut
3552 5070 3683 5118 ante

1989 5141 2203 5194 dictum
2262 5144 2365 5204 est,
2411 5137 2739 5207 postulabat
2784 5138 3182 5206 Symmachus.
3242 5142 3381 5191 Acta
3425 5136 3677 5205 synodi:

1989 5212 2241 5281 Sperans
2267 5212 2327 5262 ut
2347 5207 2721 5279 visitatoqu
2741 5211 2943 5281 contra
2965 5210 3315 5279 religionem,
3335 5213 3536 5260 contra
3564 5208 3684 5281 s_ta-_

1990 5275 2116 5336 ίιὶιτι
2139 5287 2409 5341 veterum,
2443 5275 2650 5333 cont-rd
2682 5279 2910 5350 regulas
2955 5275 3264 5348 maforum,
3299 5296 3333 5331 a
3361 5282 3528 5350 parte
3545 5275 3686 5350 cieri

1986 5353 2076 5407 vel
2096 5351 2383 5421 aliquibus
2419 5352 2588 5405 iaicis
2614 5346 2809 5415 fuerat
2841 5346 3189 5421 postulatus,
3225 5346 3687 5421 exordinatione

1988 5417 2329 5483 antistitum,
2360 5421 2506 5475 sicut
2543 5422 2776 5475 decebat
2803 5417 3061 5476 sunctum
3080 5417 3459 5491 propositum,
3489 5420 3688 5491 prima

1974 5494 2179 5563 fronte
2214 5494 2455 5547 cederet.
2510 5499 2582 5547 At
2621 5493 2935 5563 Ennodius
2966 5489 3307 5563 non—solum
3355 5489 3681 5563 Symmachi

1990 5565 2360 5631 desiderium,
2404 5570 2465 5617 ut
2483 5564 2877 5634 aequissimum
2910 5562 3195 5634 defendit:
3218 5562 3315 5634 sed
3345 5560 3683 5634 Theoderici

1990 5637 2168 5691 etiam
2201 5637 2433 5702 factum,
2464 5632 2628 5706 quasi
2654 5634 2997 5706 Symmacho
3033 5632 3146 5702 ipsi
3206 5632 3679 5700 visitatorisprae-

1991 5708 2176 5765 sentia
2203 5705 2499 5764 consulere
2527 5705 2791 5776 voluerit,
2822 5719 3093 5762 excusare
3112 5708 3370 5759 conatur.
