4060 6174
383 322 481 375 199

1605 309 1889 366 ENNODII
1933 310 2073 365 ΕΡΙὲ

2189 311 2238 364 PI
2276 310 2659 365 TiClNENSIS
3751 316 3841 367 200

380 451 646 522 princeps
670 464 785 502 non
805 446 1064 512 credidit,
1089 445 1262 499 etiam
1282 444 1326 496 si
1349 444 1613 495 vetaret?
1644 441 1841 511 Ibique
1862 457 2067 511 papam
2109 448 2149 499 Α
2181 456 2443 495 errorum
2477 445 2795 495 vestrorum
2833 444 3078 494 sectator
3116 454 3234 493 esse
3292 438 3599 505 desisteret,
3630 440 3674 493 si
3703 457 3838 497 reve-

382 541 449 593 ab
481 556 547 593 eo
582 538 891 591 salutatum
923 552 1026 589 suo
1065 550 1161 587 ore
1186 530 1357 603 jussit
1396 530 1573 596 affari,
1620 534 1685 583 ut
1714 529 1961 583 traderet
1980 546 2069 583 co-

382 630 650 700 episcopo
707 622 1073 695 mancipia,‘
1134 623 1306 676 nullis
1356 620 1651 673 subdenda
1725 619 2066 685 tormentis;

383 719 665 773 servanda
692 718 947 787 profecto
982 714 1050 766 ad
1084 710 1563 781 disceptationem
1624 710 1908 779 synodalis
1938 724 2068 761 exa-

383 810 573 863 minis.
606 809 648 862 Ο
670 806 985 859 castitatem
1042 801 1330 871 praecepti,
1367 816 1491 870 quas
1524 799 1661 852 dum
1712 798 1890 851 facem
1921 814 2069 868 pra:-

380 898 631 952 sentibus
656 895 885 966 prazfert
936 890 1311 961 temporibus,
1362 890 1420 941 in
1453 888 1715 942 umbram
1748 886 1903 957 cogit
1934 887 2074 940 anti-

378 988 525 1059 qua!
563 1001 689 1055 quae
723 983 873 1050 rapit
924 982 1119 1034 lumen
1152 979 1442 1033 veteribus
1500 978 1854 1047 inauspicato
1888 977 2072 1046 splen-

378 1076 515 1129 dore
574 1071 873 1126 novitatis!
916 1070 1051 1134 Quis
1094 1068 1285 1122 taliter
1345 1067 1756 1121 commentitiis
1804 1066 2069 1120 laudibus

376 1161 740 1233 locupletavit
757 1162 909 1213 fama
949 1158 1249 1213 dominum
1278 1161 1506 1210 actuum
1539 1172 1774 1209 suorum
1832 1156 2069 1210 veritate

376 1252 746 1307 mendicum?
774 1250 896 1301 Non
950 1248 1164 1317 derogo
1203 1246 1361 1300 vobis
1394 1245 1462 1299 de
1491 1244 1884 1314 scriptoribus,
1922 1262 2067 1316 quo-

374 1358 502 1396 rum
540 1339 816 1395 beneficio
848 1336 1089 1405 contigit
1118 1340 1319 1388 ornata
1343 1335 1411 1388 ad
1441 1351 1543 1388 nos
1593 1336 1878 1405 majorum
1910 1338 2069 1405 gesta

376 1430 611 1503 perduci
640 1445 652 1481 :
679 1428 777 1481 sed
811 1426 911 1480 Dei
940 1425 1243 1494 ibeneticia
1285 1440 1395 1477 non
1439 1424 1636 1477 tacebo
1669 1440 1682 1476 :
1732 1424 1868 1493 quia
1916 1424 2069 1494 prin-

374 1538 505 1590 ceps
550 1523 743 1571 noster
796 1516 964 1569 rebus
1013 1520 1247 1585 superat
1300 1514 1504 1567 decora
1543 1529 1893 1566 sermonum.
1957 1513 2066 1566 Ob-

374 1610 602 1663 noxiam
627 1606 835 1677 linguis
859 1605 1101 1676 gloriam
1147 1603 1489 1657 venerabilis
1548 1618 1848 1656 causarum
1906 1602 2067 1655 truti-

378 1703 544 1753 nator
597 1696 890 1767 inspexit:
951 1700 1016 1748 ut
1053 1710 1185 1747 cum
1263 1692 1527 1763 petitioni
1588 1698 1789 1746 vestrae
1834 1692 2069 1745 effectus

376 1788 579 1841 artifex
609 1788 996 1856 praestaretur,
1030 1783 1088 1837 in
1120 1782 1387 1837 omnibus
1411 1786 1606 1834 tamen
1631 1781 1763 1850 jura
1812 1781 2073 1835 ecclesia-

377 1877 515 1931 stica
544 1876 877 1929 custodiret.
938 1874 1074 1938 Quae
1115 1873 1186 1926 ad
1208 1873 1355 1927 hanc
1381 1870 1838 1937 aestimationem,
1875 1885 2073 1940 quam-

373 1968 456 2020 vis
487 1965 743 2019 acutiora
774 1963 991 2017 cmteris
1042 1962 1228 2022 corda,
1261 1960 1593 2014 sufficiunt?
1643 1977 1757 2014 uno
1788 1965 2071 2029 tempore,

376 2072 488 2109 una
520 2053 850 2125 scriptione,
905 2052 1024 2105 sine
1059 2050 1344 2121 aequitatis
1392 2050 1759 2116 detrimento,
1791 2049 2073 2102 desideria

373 2150 562 2198 vestra
591 2144 950 2213 supplentur,
987 2145 1067 2195 .et
1098 2140 1292 2193 eadem
1326 2140 1523 2191 charta
1568 2139 1635 2192 ad
1689 2137 2073 2192 ministerium

374 2233 691 2303 religionis,
735 2237 791 2285 et
826 2233 1079 2285 vestrum
1112 2228 1433 2283 destinatur
1477 2229 1546 2281 ad
1579 2228 1873 2297 gaudium.
1935 2227 2073 2281 Boni

375 2322 528 2375 enim
565 2319 844 2391 principis
898 2318 1162 2389 prawidit
1218 2317 1537 2387 inquisitio,
1592 2316 1855 2369 servilem
1896 2331 2073 2369 asser-

375 2412 589 2465 tionem
621 2409 915 2463 innocenti
967 2407 1234 2461 examine
1268 2423 1386 2460 non
1436 2405 1813 2476 probandam.
1871 2406 1935 2459 In
1958 2406 2072 2459 ele-

374 2501 559 2553 ctione
591 2499 746 2552 enim
811 2496 1270 2551 venerandorum
1304 2494 1566 2565 judicum
1589 2494 1709 2564 ipse
1745 2500 2073 2548 accusantes

375 2594 534 2644 extra
590 2588 851 2642 ordinem
887 2587 1116 2657 repulit,
1176 2586 1297 2655 ipse
1354 2584 1427 2637 ad
1463 2599 1624 2653 spem
1692 2583 1887 2637 retulit
1918 2599 2074 2637 accu-

378 2681 499 2732 satu
511 2694 562 2731 m
573 2719 585 2732 .

446 2768 755 2821 Videamus
778 2769 971 2819 tamen
1011 2764 1120 2817 ista
1141 2763 1188 2817 si
1219 2762 1364 2817 facta
1394 2765 1529 2816 sunt
1562 2778 1574 2816 :
1622 2761 1669 2815 si
1698 2761 1797 2815 Dei
1829 2761 2069 2833 inimici,

376 2857 551 2911 etiam
574 2855 789 2909 terreni
821 2854 1042 2908 domini
1092 2870 1208 2907 non
1263 2853 1470 2919 fuistis,
1505 2852 1643 2905 dum
1703 2852 1987 2906 Christum
2020 2858 2074 2907 et

376 2962 573 3017 regem
602 2944 770 3016 parili
809 2943 1131 2997 temeritate
1188 2940 1495 3013 despicitis,
1522 2945 1575 2994 et
1607 2958 1754 2995 unus
1818 2942 1978 2996 vobis
2001 2943 2069 2996 ad

2182 531 2373 585 rendm
2430 530 2712 601 passionis
2766 530 3082 602 penetralia
3169 529 3511 600 contigisset.
3563 531 3694 585 Ecce
3738 549 3841 587 non

2181 622 2499 691 habetislin
2547 621 2705 691 regia
2764 620 3096 674 auctoritate
3148 618 3508 673 subsidium:
3561 635 3681 673 ecce
3728 627 3843 690 post

2180 711 2469 764 caelestem
2524 710 2972 764 commotionem
3017 710 3170 780 juste
3230 726 3330 762 vos
3411 711 3466 762 et
3536 709 3847 780 principalis

2181 816 2353 871 quam
2386 801 2580 870 sperni
2609 800 2839 868 fecistis,
2873 815 3112 853 censura
3132 797 3409 869 percellit.

2255 890 2555 944 Videamus
2590 888 2637 943 si
2668 893 2925 960 superest
2964 888 3155 959 aliqua
3213 888 3283 942 de
3308 887 3558 958 regulari
3608 889 3847 958 proposi-

2180 977 2337 1033 tione
2357 978 2631 1033 defensio.
2681 996 2708 1029 «
2755 979 3109 1045 Visitatores,
3159 977 3451 1048 inquiunt,
3508 980 3562 1031 et
3591 976 3710 1030 aliis
3749 978 3851 1048 epi-

2179 1067 2362 1138 scopis
2390 1069 2510 1139 ipse
2551 1068 2723 1135 dedit,
2777 1072 2833 1122 et
2870 1068 3089 1137 justum
3139 1071 3241 1130 est,
3266 1072 3329 1121 ut
3358 1065 3487 1120 facti
3519 1066 3604 1119 sui
3640 1066 3757 1136 lege
3784 1072 3852 1120 te-

2179 1162 2402 1212 neatur.
2437 1178 2458 1207 »
2494 1160 2615 1212 Non
2644 1174 2741 1211 vos
2772 1159 2831 1211 in
2854 1158 2961 1211 hoc
2999 1158 3167 1211 titulo
3188 1156 3448 1211 falsitatis
3480 1156 3693 1209 incesso
3721 1172 3733 1208 :
3764 1156 3851 1209 diu

2180 1247 2493 1301 mendaciis
2533 1248 2883 1301 adhmrentia
2902 1247 3071 1301 verba
3104 1262 3221 1301 non
3253 1262 3452 1316 arguo.
3493 1246 3623 1299 Dico
3655 1250 3849 1312 tamen,

2178 1337 2420 1391 latorem
2470 1336 2616 1406 juris
2674 1336 3022 1390 deﬁnitionis
3074 1352 3209 1403 sure,
3261 1335 3373 1389 nisi
3417 1335 3572 1399 velit,
3607 1334 3850 1387 terminis

2178 1442 2296 1480 non
2318 1426 2572 1494 includi;
2600 1431 2654 1480 et
2683 1426 2793 1479 nisi
2812 1426 3078 1497 princeps
3106 1425 3319 1496 fastigii
3353 1440 3579 1478 summa
3598 1424 3853 1494 Lmodere-

2180 1519 2294 1580 tur,
2329 1516 2536 1569 frustra
2554 1516 2621 1569 ad
2656 1516 2799 1569 illud
2835 1515 2990 1586 quod
3048 1514 3287 1581 dederit,
3334 1515 3432 1584 jus
3479 1518 3724 1567 vocatur.
3758 1514 3855 1566 Lex

2178 1604 2476 1675 probitatis
2509 1609 2563 1659 et
2583 1605 2793 1658 mentis
2828 1612 2930 1671 est,
2966 1620 3094 1675 qua:
3122 1604 3417 1658 hominem
3441 1603 3719 1657 viventem
3746 1602 3854 1656 sine

2180 1694 2304 1765 lege
2340 1695 2577 1765 castigat
2608 1711 2619 1749 :
2656 1695 2887 1765 proprie
2913 1694 3170 1748 moribus
3202 1692 3510 1763 impendit,
3553 1692 3651 1763 qui
3684 1708 3858 1746 neces-

2183 1783 2333 1836 sitati
2362 1799 2478 1837 non
2536 1783 2705 1837 debet
2748 1782 3130 1853 disciplinam.
3166 1786 3186 1817 ³
3220 1782 3482 1835 Aliorum
3514 1782 3656 1835 forte
3685 1780 3858 1833 homi-

2182 1888 2319 1925 num
2352 1889 2548 1927 causas
2580 1875 2727 1927 Deus
2756 1873 3002 1926 voluerit
3031 1888 3134 1943 per
3163 1871 3457 1941 [homines
3514 1870 3812 1925 terminare
3843 1885 3855 1922 :

2183 1962 2277 2016 sed
2310 1962 2470 2016 istius
2499 1963 2807 2033 prmsulem
2854 1979 2973 2023 suo,
3010 1961 3131 2015 sine
3175 1960 3518 2031 qumstione,
3574 1958 3861 2012 reservavit

2182 2052 2435 2107 arbitrio.
2459 2053 2647 2107 Voluit
2677 2052 2829 2105 beati
2860 2051 3011 2104 Petri
3070 2050 3309 2120 apostoli
3356 2065 3705 2104 successores
3733 2048 3859 2102 coelo

2180 2146 2407 2195 tantum
2439 2142 2641 2195 debere
2664 2141 3073 2200 innocentiam,
3097 2139 3524 2194 etsubtilissimi
3548 2137 3861 2193 discussoris

2182 2230 2441 2299 indagini
2488 2231 2820 2285 inviolatam
2877 2230 3163 2283 exhibiere
3207 2229 3632 2284 conscientiam.
3691 2227 3861 2281 Nolite

2181 2320 2466 2374 mstimare
2514 2336 2611 2375 eas
2669 2321 2887 2374 animas
2932 2320 3002 2373 de
3054 2318 3493 2390 inquisitoribus
3532 2316 3862 2373 nonhabere

2179 2410 2567 2475 formidinem,
2623 2427 2763 2481 quas
2815 2412 2962 2463 Deus
3005 2426 3124 2480 pra:
3170 2409 3390 2463 caeteris
3432 2425 3535 2462 suo
3575 2405 3865 2461 reservavit

2180 2500 2448 2554 examini.
2484 2502 2607 2554 Non
2639 2500 2812 2554 habet
2858 2499 3011 2569 apud
3033 2500 3194 2552 illum
3217 2514 3347 2551 reus
3393 2498 3464 2552 de
3517 2495 3860 2567 allegationis

2179 2590 2368 2644 nitore
2416 2589 2758 2655 subsidium,
2798 2590 3027 2660 quando
3077 2591 3200 2660 ipso
3257 2589 3544 2643 factorum
3581 2588 3759 2640 utitur
3782 2589 3863 2638 te—

2182 2684 2285 2739 ste,
2324 2695 2437 2750 quo
2463 2679 2675 2749 judice.
2717 2680 2876 2732 Dicas
2920 2679 3180 2746 forsitan,
3241 2678 3504 2732 omnium
3558 2676 3867 2730 animarum

2181 2768 2311 2821 talis
2370 2767 2478 2821 erit
2524 2768 2583 2820 in
2638 2768 2736 2820 illa
2788 2767 3203 2837 disceptatione
3260 2767 3535 2821 conditio.
3577 2763 3867 2835 Replicabo

2185 2858 2285 2910 uni
2310 2856 2524 2910 dictum
2559 2873 2572 2910 :
2601 2857 2683 2911 Tu
2712 2874 2771 2911 es
2793 2858 3024 2925 Petrus,
3046 2860 3098 2911 et
3124 2874 3297 2927 super
3314 2859 3460 2912 hanc
3476 2860 3703 2927 petram
3717 2853 3870 2922 aedifi-

2180 2948 2318 3003 cabo
2340 2947 2653 3003 Ecclesiam
2676 2964 2864 3001 meam
2887 2948 3116 3017 (Matth.
3143 2964 3254 3013 xvr,
3282 2950 3365 3017 18)
3394 2964 3407 3013 ;
3434 2952 3512 3013 et,
3533 2946 3869 3015 Quaecunque

375 3042 682 3106 utramque
718 3034 1131 3088 contumeliam
1168 3032 1372 3086 ductus
1403 3037 1485 3085 est
1515 3032 1840 3085 criminum]-
1904 3032 2074 3087 DeSti-
2113 3052 2152 3107 ρ
2182 3036 2605 3108 solverissuper
2620 3041 3038 3103 terram,erunt
3053 3039 3239 3091 soluta
3256 3033 3863 3106 etincmlo(lbid.,lt));

377 3131 545 3181 natus
568 3126 802 3179 antistes
833 3124 902 3177 ab
932 3125 1056 3193 ipso
1101 3122 1453 3192 complendae
1495 3122 1766 3191 jussionis
1827 3122 2073 3176 confinio

377 3214 491 3267 oris
523 3214 697 3267 vestri
742 3212 911 3282 spiris
962 3211 1260 3281 adripitur,
1297 3216 1351 3264 et
1402 3210 1469 3263 ad
1504 3211 1848 3264 incentivam
1875 3212 2075 3264 confu-

379 3302 556 3355 sionis
590 3306 840 3370 aptatur,
876 3301 974 3369 qui
998 3300 1126 3369 paci
1155 3300 1855 3353 militaturus'advenerat.
1879 3299 2077 3352 lnvisis

378 3391 530 3444 beati
556 3390 812 3459 Apostoli
850 3389 1147 3441 liminibus
1183 3389 1253 3442 ad
1295 3404 1464 3441 usum
1492 3388 1700 3441 furoris
1757 3387 1926 3441 vestri
1955 3388 2076 3457 jam

379 3479 603 3534 nescius
632 3478 720 3531 sui
751 3479 1094 3545 advocatur;
1120 3482 1177 3531 et
1219 3476 1363 3530 illud
1394 3476 1550 3547 quod
1594 3493 1660 3530 ex
1692 3476 1959 3531 omnibus
1982 3493 2075 3531 or-

376 3569 465 3623 bis
488 3568 815 3622 cardiuibus
858 3567 1089 3619 devotos
1121 3565 1373 3631 attrahit,
1405 3565 1656 3636 positum
1696 3566 1755 3619 in
1785 3566 2075 3621 vicinitate

378 3658 677 3712 transitur.
714 3656 1089 3711 Ecclesiarum
1130 3656 1572 3709 fundamentum
1630 3655 1785 3710 adire
1802 3672 1916 3709 non
1938 3672 2075 3726 per-

378 3748 628 3802 mittitur
658 3752 946 3801 structura
991 3744 1295 3800 mediocris
1330 3762 1342 3799 :
1411 3750 1549 3799 tunc
1600 3762 1761 3816 spem
1790 3745 2075 3800 bonorum

378 3837 667 3891 fructuum
707 3835 959 3907 perdidit
988 3852 1020 3888 a
1056 3835 1246 3889 radice
1278 3834 1644 3905 separatus.’
1681 3834 1884 3889 Dicatis
1906 3835 2075 3889 forsi-

377 3930 498 3989 tan.
559 3925 821 3996 Apostoli
867 3925 1035 3996 genio
1094 3925 1342 3995 decerpi,
1401 3924 1448 3978 si
1505 3929 1738 3995 putatur
1769 3924 1893 3979 cmli
1940 3925 2075 3979 civis

378 4017 665 4069 terrarum
713 4013 851 4068 locis
898 4013 1135 4067 includi.
1184 4015 1398 4066 Tamen
1438 4013 1697 4083 quamvis
1750 4013 2073 4067 benedictio

379 4104 744 4177 poscentibus
774 4102 988 4173 ubique
1017 4106 1343 4173 prmstetur,
1372 4107 1427 4156 et
1480 4103 1665 4173 exigat
1710 4103 2075 4173 przesentiam

382 4194 647 4265 martyris
678 4192 819 4247 ﬁdes
881 4197 936 4246 et
982 4192 1207 4247 devotio
1248 4192 1619 4262 supplicantis
1654 4209 1666 4246 :
1703 4192 1901 4263 negari
1959 4208 2076 4246 non

378 4288 618 4356 postest,
642 4282 953 4353 diligentiae
984 4281 1157 4336 natali
1190 4282 1311 4336 solo
1341 4282 1471 4352 plus
1487 4282 1685 4351 tribui,
1718 4287 1773 4336 et
1796 4282 2074 4352 majorem

382 4375 644 4429 affectum
672 4373 794 4426 loca
822 4372 1153 4443 impetrare,
1187 4371 1257 4425 de
1289 4372 1497 4443 quibus
1528 4372 1595 4425 ad
1622 4377 2071 4442 supernatrans-
2110 4358 2153 4412 D

379 4464 514 4518 itur.
548 4464 729 4525 Quam
752 4460 926 4515 fidem
982 4461 1314 4531 allegationi
1372 4461 1734 4515 curationum
1765 4462 2074 4517 multitudo

377 4552 497 4623 jam
526 4551 834 4620 prmstitit?
870 4555 925 4605 et
955 4551 1172 4605 utimur
1202 4554 1331 4621 post
1351 4550 1711 4604 obsidionem
1736 4552 2077 4607 diabolicam

380 4641 621 4696 testibus
645 4640 766 4710 jam
814 4640 1047 4695 sanatis.
1107 4642 1234 4695 Haec
1280 4641 1409 4694 licet
1467 4655 1571 4711 per
1634 4641 2078 4713 Redemptorem

381 4732 641 4785 nostrum
675 4728 737 4781 in
783 4732 901 4782 toto
952 4729 1089 4782 orbe
1133 4729 1495 4783 celebrentur
1529 4747 1542 4784 :
1605 4735 1688 4785 est
1729 4735 1923 4786 tamen
1962 4747 2077 4785 non

383 4818 606 4873 modica
634 4818 997 4873 monumenti
1020 4818 1173 4872 illius
1204 4834 1305 4890 per
1334 4820 1721 4892 frequentiam
1744 4826 2079 4892 comparata

384 4907 695 4961 nobilitas:
749 4908 886 4978 quia
936 4923 1038 4978 per
1071 4924 1205 4962 eum
1265 4910 1365 4980 qui
1410 4910 1708 4965 hominem
1750 4910 1995 4965 mutavit
2018 4910 2079 4963 in

382 4996 673 5067 angelum,
722 4997 993 5051 illustrari
1025 4999 1215 5068 potuit
1243 5005 1451 5053 natura
1474 5000 1714 5053 telluris.
1768 5000 1921 5052 Hanc
1937 4998 2081 5051 visi-

383 5086 551 5142 tatori
595 5091 783 5142 vestro
843 5087 1128 5143 invidistis
1186 5089 1449 5158 gratiam,
1535 5088 1890 5142 aestimantes
1944 5088 2081 5159 quia

458 5230 473 5265 ¹
507 5230 711 5285 Nullis
740 5233 1038 5285 tormentis
1056 5231 1470 5301 subdendajAc
1521 5232 1762 5303 proinde
1820 5232 2078 5303 Symma-

384 5302 512 5368 cho,
547 5308 602 5356 et
623 5304 668 5356 si
696 5308 895 5357 contra
937 5302 1127 5373 ipsum
1185 5302 1552 5369 testarentur,
1586 5304 1729 5357 nihil
1760 5302 2031 5358 obfutura
2064 5321 2076 5359 :

384 5382 654 5443 quianon
691 5374 1010 5444 ignorabat,
1037 5374 1268 5443 utlmox
1318 5375 1482 5442 dicet,
1516 5376 1913 5443 Theodericus,
1964 5392 2082 5429 ser-

383 5444 553 5499 vilem
572 5449 947 5501 assertionem
976 5445 1265 5500 innocenti
1281 5446 1544 5503 examine
1566 5463 1679 5503 non
1688 5447 2076 5518 probandam.

386 5518 473 5641 {itta
502 5518 646 5587 regii
663 5518 936 5588 praecepti
989 5518 1257 5573 invidiam
1282 5518 1389 5573 hac
1420 5520 1594 5574 etiam
1623 5519 1682 5574 in
1703 5525 1864 5590 parte
1920 5536 2078 5574 amo-

454 5603 542 5641 ur.

454 5603 542 5642 ur.

451 5656 476 5691 ³
502 5655 717 5714 Dicatis
734 5657 1011 5732 forsitan]
1060 5662 1239 5719 Locus
1267 5660 1510 5735 insignis
1564 5661 1638 5719 ad
1668 5677 1765 5719 eos
1786 5661 2080 5721 revincen-

2188 3132 2242 3181 et
2265 3143 2460 3181 rursus
2490 3132 2816 3181 sanctorum
2848 3143 2980 3181 voce
3012 3126 3349 3197 pontificum
3372 3126 3717 3195 dignitatem
3740 3121 3875 3177 sedis

2187 3216 2533 3286 ejusfactam
2562 3220 2680 3270 toto
2708 3216 2844 3270 orbe
2867 3216 3278 3281 venerabilem,
3311 3215 3449 3269 dum
3483 3214 3568 3267 illi
3602 3210 3875 3285 quidquid

2184 3306 2443 3360 fidelium
2476 3310 2577 3372 est,
2612 3306 2827 3375 ubique
2860 3306 3237 3367 submittitur,
3268 3305 3605 3358 dumtotius
3632 3302 3877 3374 corporis

2185 3396 2355 3462 caput
2380 3406 2500 3445 esse
2534 3391 2900 3460 designatur:
2952 3391 3019 3445 de
3061 3407 3173 3460 qua
3213 3390 3356 3443 mihi
3390 3390 3623 3443 videtur
3675 3389 3879 3442 dictum

2183 3498 2287 3553 per
2317 3482 2662 3551 prophetam
2695 3497 2707 3534 :
2738 3479 2805 3536 Si
2822 3481 2939 3534 hzec
2960 3479 3321 3546 humiliatur,
3348 3478 3423 3532 ad
3447 3480 3622 3546 cujus
3634 3475 3880 3550 fugietis

2183 3570 2490 3641 aumilium,
2520 3573 2575 3625 et
2594 3568 3051 3641 ubijrelinquetis
3076 3568 3326 3641 gloriam
3354 3572 3612 3623 vestram
3638 3566 3808 3640 (Isai.
3827 3582 3880 3635 x,

2185 3662 2232 3731 3)
2257 3661 2281 3714 ε)

2255 3750 2399 3815 Quid
2430 3750 2477 3803 si
2505 3750 2805 3804 immunda
2835 3748 2975 3803 mihi
3008 3747 3159 3802 labia
3187 3748 3440 3817 habenti,
3471 3752 3530 3802 et
3565 3748 3749 3804 nullis
3767 3763 3884 3802 suc-

2183 3840 2338 3894 censi
2364 3839 2643 3906 carbonis,
2672 3845 2737 3894 ut
2760 3840 2915 3892 lsaim
2939 3854 3265 3892 concessum
3297 3844 3402 3905 est,
3437 3839 3614 3892 undis
3673 3839 3886 3901 abluta,

2182 3929 2371 4000 ipsum
2394 3930 2463 3983 ad
2494 3929 2868 3999 possessionis
2897 3944 3015 3982 sum
3060 3928 3275 3983 tuenda
3308 3928 3615 3999 privilegia
3662 3931 3887 3982 Petrum

2184 4020 2504 4089 apostolum
2556 4018 2755 4073 liceret
2802 4034 3060 4085 evocare,
3122 4023 3177 4071 et
3233 4019 3383 4089 quod
3415 4017 3535 4087 agit
3596 4018 3886 4089 precibus,

2182 4108 2589 4162 humanavoce
2618 4106 2995 4177 loqueretur?
3027 4122 3199 4177 quem
3227 4106 3271 4159 si
3302 4106 3607 4171 audiretis,
3662 4106 3771 4159 hoc
3815 4104 3891 4158 di-

2183 4202 2337 4251 ceret
2361 4213 2375 4249 :
2408 4196 2541 4253 Filii
2562 4196 2874 4263 hominum,
2901 4212 3189 4267 usquequo
3202 4194 3591 4265 gravescordc
3611 4200 3640 4250 ?
3670 4198 3737 4249 ut
3759 4191 3895 4265 quid

2181 4286 2425 4358 diligitis
2441 4286 2750 4341 vanitatem
2763 4290 2817 4340 et
2835 4289 3089 4357 quaeritis
3103 4285 3453 4340 mendacium
3466 4284 3493 4339 ?
3523 4284 3752 4339 Scitote
3763 4300 3893 4354 quo—

2183 4376 2345 4432 niam
2363 4374 2696 4445 miriﬁcavit
2728 4376 3007 4431 Dominus
3019 4378 3283 4431 sanctum
3311 4374 3690 4444 suum(Psal.
3723 4372 3893 4443 lv,3).

2185 4467 2333 4532 Quid
2365 4466 2613 4521 stabilita
2672 4466 2878 4521 Christi
2934 4465 3201 4519 manibus
3257 4464 3464 4535 cupitis
3504 4465 3897 4519 fundamenta

2184 4556 2462 4611 subruere
2481 4557 2510 4609 ?
2538 4555 2677 4625 quid
2700 4570 2905 4609 canum
2924 4554 3299 4625 possessionis
3325 4554 3567 4624 genium
3603 4554 3769 4608 illius
3784 4567 3901 4624 qua

2182 4661 2288 4717 per
2342 4646 2537 4715 culpas
2582 4644 2925 4715 juvenescit,
2985 4645 3161 4698 ariete
3211 4643 3575 4715 pulsatis,'et
3608 4644 3900 4698 divisione

2185 4733 2547 4790 ecclesiastici
2568 4733 2757 4804 gregis
2809 4732 2970 4788 novis
3006 4750 3097 4788 me
3128 4737 3184 4788 et
3213 4737 3343 4804 post
3366 4733 3625 4801 {carnem
3685 4731 3901 4804 passio—

2184 4824 2355 4879 nibus
2411 4823 2783 4894 subjugatis?
2828 4823 3155 4879 Inauditum
3190 4822 3472 4893 sacrilegii
3536 4839 3736 4893 genus
3796 4826 3902 4887 est,

2186 4912 2343 4983 quod
2375 4912 2632 4966 mentitae
2651 4911 2949 4983 religionis
2976 4912 3194 4967 honore
3216 4911 3508 4966 coloratis:
3541 4911 3905 4966 dehonestat

2187 5002 2499 5057 venerandi
2528 5002 2905 5057 reverentiam
2936 5002 3206 5070 nominis,
3236 5001 3335 5073 qui
3371 5001 3713 5071 adjutorem
3745 5018 3807 5056 se
3840 5000 3901 5054 in

2187 5093 2275 5148 his
2305 5109 2434 5165 qua“:
2455 5092 2517 5147 in
2540 5094 2723 5147 Deum
2771 5094 2949 5165 jactat
3004 5092 3326 5161 commissa,
3366 5092 3707 5163 pollicetur.
3752 5092 3905 5147 Con-

2186 5234 2290 5289 dos
2327 5235 2533 5305 quibus
2558 5252 2851 5289 sacrorum
2908 5234 3076 5289 hodie
3124 5234 3397 5303 locorum,
3423 5250 3617 5305 neque
3672 5234 3751 5289 ad
3774 5236 3907 5287 vota

2188 5310 2243 5359 et
2264 5322 2461 5375 preces
2500 5307 2921 5376 concipiendas,
2947 5321 3132 5376 neque
3168 5306 3240 5359 ad
3297 5306 3544 5361 caelestia
3604 5305 3908 5361 beneﬁcia

2187 5379 2607 5445 consequenda,
2638 5379 2862 5431 nullum
2893 5382 2975 5429 est
3009 5377 3335 5431 discrimen.

2259 5448 2280 5479 ³
2307 5447 2572 5521 Aliorum
2620 5450 2768 5509 forte
2804 5447 3093 5521 hominum
3150 5448 3378 5521 causas]
3419 5449 3497 5521 Et
3516 5446 3613 5501 hic
3646 5463 3905 5521 quoque

2186 5518 2426 5573 illustris
2452 5525 2538 5592 est
2600 5521 2757 5577 locus
2813 5520 2881 5575 de
2938 5521 3192 5591 primatu
3220 5518 3434 5578 sumini
3486 5518 3825 5592 pontiﬁcis,
3853 5522 3909 5574 et

2187 5591 2570 5662 praerogativa
2607 5596 2758 5654 sedis
2784 5592 3133 5666 apostolicae.
