4008 6170
147 401 233 455 201
1196 393 1524 451 LIBELLUS
1561 392 2082 451 APOLOGETICUS
2119 392 2255 449 PRO
2296 392 2594 450 SYNODO.

3508 399 3515 407 ’
3533 401 3641 455 202

145 536 397 594 tumelias
445 551 631 607 genus
676 538 781 601 est,
819 533 980 605 quasi
1010 532 1071 587 in
1113 533 1313 587 solatio
1345 533 1537 587 adesse
1585 531 1836 599 sublimi,
1879 538 1926 589 Α
1954 535 2082 602 post
2104 530 2432 601 hominem;
2460 535 2515 586 et
2534 531 2761 586 irrisam
2780 548 2810 586 a
2833 532 3188 603 sapientibus
3210 535 3404 590 saeculi
3422 536 3656 607 cymba-

142 630 302 699 juxta
330 625 679 696 Apostoluni
706 640 720 679 :
746 624 829 679 Tu
847 625 975 695 quis
993 640 1071 690 es,
1092 622 1190 693 qui
1213 621 1437 692 judicas
1458 621 1710 676 alienum
1727 638 1854 675 ser-

145 732 269 770 vum
303 715 489 784 (Rom.
525 729 639 775 le,
688 714 787 784 1i)?
818 712 965 777 Quid
994 712 1229 766 auribus
1274 710 1559 782 imperitis
1590 709 1853 777 illuditis,

148 810 199 858 et
247 803 588 872 graviorem
640 802 903 855 vindictae
946 800 1195 871 speciem
1243 800 1428 853 facitis
1486 816 1625 866 esse,
1682 815 1859 870 quam

149 892 372 963 culpa?
422 892 481 945 Si
523 891 727 945 odium
761 890 977 945 debetis
1014 889 1356 955 excessibus,
1407 905 1503 942 vos
1532 889 1808 942 mundate
1843 903 1857 941 :

152 997 247 1036 cur
296 980 546 1034 liberius
595 978 991 1034 condemnatis
1034 979 1247 1032 scelera
1277 994 1448 1049 quam
1490 977 1716 1031 vitatis?
1763 974 1859 1030 Sui

153 1071 531 1140 impugnator
563 1073 667 1135 est,
702 1068 804 1139 qui
840 1067 1230 1122 fornicationis
1261 1066 1460 1121 ofﬁciis
1495 1071 1659 1136 urget
1696 1065 1860 1119 adul-

152 1158 313 1225 teria,
366 1162 423 1210 et
455 1173 560 1227 per
602 1157 930 1210 animarum
980 1160 1177 1227 stupra
1208 1156 1396 1209 carnis
1430 1160 1671 1209 accusat.
1722 1153 1863 1208 Scri-

154 1253 316 1318 ptum
341 1262 556 1317 nempe
582 1245 839 1299 retinetis
863 1261 875 1299 :
909 1243 1212 1299 Maledicti
1230 1261 1424 1298 omnes
1443 1242 1541 1315 qui
1559 1241 1849 1304 fornican-

154 1340 241 1390 ιω*
286 1335 398 1390 ab:
448 1339 502 1389 te
541 1334 718 1404 (Psal.
768 1350 933 1403 Lxxn,
966 1337 1075 1400 27).
1129 1334 1364 1389 Foedera
1413 1350 1549 1403 ergo
1599 1350 1631 1387 a
1674 1333 1860 1387 nitore

154 1425 387 1479 Domini
432 1423 524 1477 sui
559 1423 911 1493 obligatione
961 1422 1303 1489 dissolvitur,
1339 1422 1439 1493 qui
1468 1428 1645 1475 status
1692 1422 1860 1475 caele-

152 1514 342 1567 stibus
373 1513 571 1567 minus
601 1528 763 1566 mera
793 1510 906 1566 ﬁde
937 1511 1213 1580 dependit
1242 1510 1448 1565 ofﬁcia.
1484 1510 1860 1565 Possessionis

153 1608 371 1657 nostrae
392 1602 580 1662 vobis,
604 1606 666 1656 ut
683 1602 869 1670 video,
905 1601 1128 1655 claritas
1157 1601 1337 1655 movit
1365 1600 1637 1654 invidiam
1656 1617 1669 1667 ;
1686 1616 1860 1670 quam

151 1693 433 1746 simulata
463 1692 522 1745 in
557 1691 693 1744 mali
723 1689 1058 1762 possessoris
1094 1689 1486 1760 indignatione
1514 1688 1860 1755 transfertis,

152 1781 289 1836 dum
324 1780 626 1835 desudatis
674 1779 1001 1851 impendiis.
1030 1782 1233 1833 Arcem
1263 1795 1376 1850 qua
1404 1779 1590 1833 fuistis
1631 1776 1859 1848 conspi-

151 1871 261 1935 cui,
328 1870 551 1924 crebris
608 1869 1002 1924 labefactatam
1060 1868 1284 1935 ictibus,
1344 1866 1455 1921 nisi
1503 1866 1860 1934 obsisterem,

152 1960 539 2032 proposuistis
578 1958 857 2025 obruere;
896 1962 952 2011 et
989 1956 1129 2011 ccelo
1167 1956 1475 2010 stabilitam
1517 1955 1862 2023 machinam,

150 2056 373 2121 quanta
414 2049 513 2115 sit,
557 2047 859 2103 ostendere
898 2061 999 2117 per
1038 2045 1283 2100 ruinam.
1327 2045 1509 2098 Nolite
1548 2044 1865 2114 praestolari

150 2139 213 2193 de
254 2138 427 2192 clade
468 2144 656 2191 vestra
694 2136 991 2190 victoriam
1024 2151 1037 2188 :
1081 2134 1255 2187 nolite
1294 2133 1654 2203 triumphum
1693 2149 1862 2204 supe-

152 2228 334 2282 rando
387 2227 653 2298 perdere,
696 2225 841 2279 meis
881 2224 1193 2291 laboribus,
1236 2239 1363 2277 meo
1406 2222 1615 2276 sudore
1656 2222 1862 2292 quaesi-

152 2322 292 2370 tum.
332 2315 633 2387 Quidquid
665 2315 734 2369 ad
767 2319 1049 2385 tropaeum
1081 2313 1254 2380 ducit,
1289 2311 1515 2366 obtinui
1546 2328 1559 2366 :
1585 2310 1867 2382 quidquid

150 2424 241 2460 vos
276 2407 540 2459 illustres
588 2404 819 2472 faceret,
852 2404 911 2457 in
957 2402 1088 2457 sede
1120 2401 1383 2473 congessi
1415 2418 1427 2455 :
1479 2401 1637 2456 vobis
1665 2400 1867 2454 tribuit

150 2494 485 2548 claritatem
540 2494 634 2547 fax
682 2493 792 2547 ista
842 2508 1015 2563 quam
1059 2490 1323 2562 viperino
1373 2491 1592 2561 liquore
1648 2490 1866 2560 putatis

152 2582 473 2652 exstingui.
508 2582 571 2634 ln
608 2580 928 2651 perniciem
952 2580 1246 2650 propriam
1291 2578 1638 2646 accenditur,
1664 2578 1764 2649 qui
1789 2578 1867 2632 sic

151 2672 318 2725 saevit
368 2671 426 2724 in
463 2671 663 2741 gratia:
706 2686 823 2724 sua:
867 2669 1149 2741 germina,
1198 2672 1263 2722 ut
1307 2668 1529 2738 plantas
1577 2667 1861 2721 abscidat:

152 2760 405 2815 liberior
453 2760 610 2831 justo
680 2758 976 2813 iracundia
1031 2759 1161 2829 plus
1219 2772 1391 2828 quam
1450 2756 1590 2810 alios
1646 2756 1869 2810 lacessit

155 2856 491 2903 auctorem.
538 2847 866 2918 Symmachi
896 2863 1037 2918 quos
1069 2847 1283 2900 vocatis
1330 2861 1607 2913 excessus,
1644 2845 1691 2898 si
1737 2848 1869 2898 sunt

157 2940 252 2992 illa
307 2954 431 3008 qua
469 2941 525 2991 et
569 2953 688 3003 vos,
736 2935 1156 3007 exspectatione
1209 2934 1504 2989 sustineo:
1555 2933 1713 2988 nefas
1760 2938 1865 3000 est,

158 3031 509 3097 peccantem
558 3024 896 3097 patientiam
937 3024 1144 3095 judicis
1175 3040 1291 3077 non
1330 3039 1537 3077 amare.
1574 3022 1718 3087 Quid
1758 3020 1869 3075 nisi

1973 622 2085 676 lam
2118 638 2235 676 non
2266 621 2493 693 reliqui.
2526 623 2631 676 Illa
2662 638 2753 676 me
2792 638 2898 692 per
2930 624 3130 678 mundi
3167 624 3312 679 freta
3340 630 3659 680 sustentat:

1964 712 2110 768 ditat
2164 711 2475 783 probatum
2529 713 2588 766 in
2647 713 2907 783 captione
2961 713 3263 769 hominum
3310 721 3453 783 rete,
3507 715 3662 785 quod

1966 801 2220 855 cernitis.
2270 801 2470 855 Redite
2499 816 2657 871 ergo.
2691 800 2826 871 quia
2869 800 3007 871 fuga
3037 818 3137 856 vos
3172 820 3273 858 nec
3302 804 3440 858 dum
3470 803 3665 857 essetis

1966 894 2220 959 agrestes
2269 889 2521 960 eripuit:
2574 890 2784 943 currite
2815 890 2883 943 ad
2931 891 3096 957 ovile,
3130 908 3200 945 ne
3250 893 3518 962 luporum
3568 908 3667 946 vos

1967 976 2266 1047 exponatis
2314 976 2577 1031 insidiis:
2613 992 2683 1029 ne
2716 993 2817 1044 per
2847 992 3067 1032 moram
3102 979 3378 1034 amittatis
3420 982 3667 1051 gratiam

1968 1071 2169 1136 sponte
2224 1065 2597 1119 venientem:
2652 1065 2789 1135 quia
2838 1070 3221 1137 contemptam
3264 1069 3667 1127 invitationem

1968 1154 2235 1225 gehenna
2258 1154 2645 1225 subsequitur.
2673 1155 2809 1224 Ego,
2834 1154 2879 1207 si
2903 1155 3041 1225 quid
3075 1156 3392 1212 dulcedinis
3423 1163 3487 1212 ut
3506 1165 3669 1230 pater

1968 1244 2169 1312 debui;
2202 1244 2247 1297 si
2283 1243 2421 1314 quid
2468 1242 2856 1309 districtionis,
2895 1248 2956 1296 ut
2990 1244 3292 1300 attributus
3327 1264 3359 1300 a
3396 1248 3510 1302 Deo
3540 1266 3668 1304 ma-

1970 1333 2166 1404 gister,
2210 1331 2467 1402 implevi.
2512 1332 2808 1386 Providete
2849 1348 2919 1385 ne
2959 1332 3171 1387 diutius
3212 1336 3669 1408 qualemcunque

1968 1420 2152 1475 crucis
2180 1437 2324 1475 mea:
2354 1422 2629 1491 angulum
2667 1438 2796 1474 rara
2826 1421 3150 1476 Lovitarum
3183 1439 3393 1477 corona
3424 1425 3667 1480 circum-

1969 1511 2065 1565 det
2095 1527 2107 1564 :
2142 1526 2212 1563 ne
2241 1510 2491 1565 dolenda
2520 1510 2693 1563 etiam
2750 1510 3031 1565 extraneis
3062 1511 3120 1565 in
3149 1511 3389 1583 longum
3422 1515 3669 1570 solitudo

1968 1598 2332 1653 dominetur:
2368 1616 2437 1652 ne
2470 1598 2632 1653 labor
2665 1599 2813 1652 uteri
2841 1600 2955 1653 mei
2987 1600 3301 1655 sterilitatis
3344 1602 3463 1657 vice
3494 1603 3671 1658 hosti-

1969 1686 2080 1741 lem
2112 1687 2409 1757 peperisse
2439 1687 2736 1755 familiam,
2772 1692 2827 1742 et
2860 1704 3170 1744 numerosa
3197 1690 3388 1761 proles
3416 1708 3521 1762 per
3542 1692 3675 1746 sini-

1972 1782 2118 1830 stros
2158 1781 2317 1831 actus
2364 1776 2839 1832 infecunditatem
2889 1779 3145 1848 parentis
3174 1780 3455 1835 ostendat.
3489 1783 3676 1836 Pauca

1974 1874 2106 1923 sunt
2136 1886 2265 1940 quae
2298 1869 2537 1936 asserui,
2572 1870 2668 1923 sed
2700 1875 2915 1941 quanta
2948 1887 3016 1925 ex
3059 1871 3146 1925 his
3176 1872 3486 1943 pendeant,
3520 1875 3674 1929 aesti-

1972 1962 2143 2013 mate.
2187 1957 2393 2026 Venite,
2420 1956 2561 2026 filii,
2587 1958 2783 2012 audite
2806 1974 2924 2014 me:
2961 1958 3221 2017 timorem
3251 1960 3486 2016 Domini
3511 1960 3678 2017 docui

1970 2062 2068 2103 tos
2117 2046 2303 2118 (Psal.
2351 2063 2543 2114 xxxm,
2600 2046 2709 2116 12).
2751 2048 2991 2102 Romam
3028 2049 3317 2120 respicite,
3368 2066 3542 2121 quam
3602 2051 3673 2105 ab

1973 2135 2261 2189 idolorum
2294 2135 2563 2189 servitute
2594 2136 2715 2189 sine
2746 2136 2890 2205 auri,
2916 2137 3039 2192 sine
3071 2138 3297 2209 argenti
3320 2140 3504 2209 pretio
3534 2137 3675 2193 libe-

1972 2238 2096 2277 ram
2130 2222 2425 2293 sanguinis
2473 2223 2685 2277 Christi
2717 2223 2847 2278 fecit
2879 2225 3117 2280 effusio:
3155 2226 3247 2280 cui
3278 2228 3451 2282 etiam
3481 2244 3675 2282 meam

1975 2313 2183 2367 servuli
2227 2312 2313 2366 sui
2355 2317 2600 2366 mortem
2643 2313 2815 2383 jussit
2851 2314 3128 2385 impendi.
3175 2315 3310 2381 Quae
3344 2333 3449 2388 per
3492 2318 3673 2372 multa

1973 2403 2237 2469 tempora
2264 2400 2497 2453 famosis
2521 2400 2739 2455 cultum
2772 2401 3026 2456 delubris
3058 2402 3313 2457 exhibuit
3346 2420 3358 2458 :
3405 2420 3536 2475 quae
3573 2404 3671 2459 diu

1973 2492 2241 2565 venerata
2295 2493 2379 2542 est
2422 2488 2483 2543 in
2518 2489 2867 2560 imaginibus
2910 2491 3263 2559 daemonum,
3297 2509 3470 2563 quem
3519 2494 3679 2548 labo-

1974 2581 2137 2630 rante
2164 2592 2337 2631 censu
2366 2577 2657 2631 indiderat
2678 2594 2882 2632 manus
2903 2579 3176 2651 magistra
3203 2585 3483 2635 terrorem
3510 2598 3523 2636 :
3549 2599 3680 2653 qua:

1975 2665 2229 2735 suspexit
2258 2670 2607 2736 potestatem
2637 2666 2943 2721 numinum
2974 2674 3227 2740 emptam
3268 2670 3452 2740 pretio
3481 2671 3680 2725 metal-

1974 2753 2212 2808 lorum:
2273 2754 2366 2807 cui
2422 2754 2784 2809 sublimiores
2840 2757 2976 2811 deos
3034 2758 3263 2828 peperit
3322 2758 3682 2814 exercitatior

1974 2857 2182 2897 manus
2230 2841 2501 2896 artiﬁcis:
2555 2847 2611 2897 et
2641 2843 2996 2898 divinitatem
3046 2862 3219 2916 quam
3252 2846 3422 2900 homo
3449 2862 3554 2916 per
3594 2848 3679 2901 fa-

1973 2931 2193 2986 bricam
2222 2932 2487 2997 contulit,
2520 2933 2671 3002 apud
2704 2933 2967 2987 homines
2996 2934 3096 2987 Dei
3125 2935 3326 2989 habuit
3354 2936 3537 2989 forma
3559 2952 3677 2989 ma-

1969 3022 2175 3091 jorem.
2208 3020 2345 3074 Ecce
2370 3020 2509 3090 jam,
2546 3020 2767 3075 Christo
2796 3021 3069 3092 propitio,
3099 3022 3168 3076 ad
3194 3038 3372 3078 novas
3419 3023 3682 3079 fornaces

155 3117 450 3170 ultionem
482 3114 720 3184 ﬂagitat,
768 3113 869 3184 qui
898 3113 1033 3167 dum
1066 3129 1200 3168 reus
1229 3116 1284 3167 et
1313 3112 1434 3183 ipse
1466 3114 1556 3180 sit,
1605 3111 1868 3165 vindictae
1907 3128 1948 3183 ο
1978 3108 2284 3163 simulacra
2328 3108 2662 3163 redierunt:
2710 3125 2836 3165 ecce
2863 3107 2984 3181 jam
3018 3111 3087 3165 de
3120 3112 3378 3167 obsoleta
3409 3113 3681 3183 supersti-

161 3206 218 3259 in
250 3205 448 3258 altero
476 3219 666 3256 moras
696 3201 958 3256 accusat?
998 3203 1128 3257 Haec
1152 3202 1265 3255 illis
1300 3218 1333 3255 a
1364 3217 1454 3254 me
1488 3218 1588 3254 vox
1629 3200 1870 3255 debetur

158 3293 412 3347 studiis:
467 3291 599 3362 quia
628 3292 812 3345 Deum
842 3289 1047 3345 dixisse
1079 3295 1264 3357 teneo,
1306 3307 1554 3361 pronum
1597 3306 1717 3343 esse
1763 3290 1868 3343 ho-

165 3382 394 3435 minem
438 3379 501 3433 in
548 3379 790 3446 malitia,
844 3384 899 3433 et
942 3395 1171 3433 omnem
1201 3395 1432 3433 carnem
1464 3378 1703 3432 amicam
1751 3394 1871 3432 esse

163 3470 440 3539 peccatis.
487 3469 626 3523 Nolo
671 3468 967 3523 occasione
998 3485 1255 3539 personae
1302 3468 1622 3522 innumeris
1670 3469 1873 3523 datura

164 3559 538 3629 dignitatem,
590 3557 689 3611 ﬁat
740 3558 799 3611 in
845 3556 1164 3627 abjectione
1216 3556 1544 3627 possessio:
1602 3572 1675 3611 ne
1734 3556 1873 3611 dum

165 3647 348 3700 homo
399 3645 722 3711 incessitur,
756 3644 845 3698 lex
877 3644 1069 3699 divina
1097 3644 1419 3712 frangatur.
1464 3644 1600 3698 Mihi
1639 3644 1869 3707 credite,

167 3735 213 3787 si
258 3739 407 3788 sunt
455 3734 562 3786 ista
591 3749 720 3805 qua:
772 3733 978 3800 dicitis,
1026 3732 1316 3803 respicio:
1368 3732 1504 3804 quia
1550 3738 1607 3787 et
1654 3732 1712 3787 in
1762 3733 1875 3787 illis

168 3822 386 3894 quibus
439 3821 587 3875 nihil
641 3823 755 3876 tale
811 3821 1122 3889 dicebatur,
1184 3821 1321 3892 quid
1377 3821 1576 3874 fuisset
1628 3821 1869 3891 inspexi.

170 3912 358 3975 Errat,
382 3910 486 3980 qui
506 3909 622 3963 falli
640 3912 753 3964 Deo
777 3909 1104 3979 proximum
1125 3908 1305 3962 credit
1331 3925 1342 3962 :
1369 3907 1519 3962 Mihi
1539 3906 1872 3975 vindictam,

166 4007 219 4055 et
234 4017 344 4071 ego
359 3998 698 4066 retribuam,
713 3998 854 4054 dicit
879 3998 1155 4053 Dominus
1175 4000 1356 4066 (Deut.
1376 4014 1549 4065 xxxii,
1565 4000 1660 4065 35;
1685 3996 1872 4051 Eccli.

168 4106 399 4157 xxxviii,
436 4093 457 4142 1
483 4106 496 4155 ;
521 4090 688 4143 Rom.
720 4105 815 4155 xu,
842 4089 903 4141 19
925 4105 938 4155 ;
964 4087 1128 4143 Hebr.
1160 4103 1218 4153 x,
1247 4086 1355 4157 30).
1392 4087 1499 4140 Vos
1523 4087 1716 4157 potius
1737 4086 1874 4140 olim

170 4178 295 4245 lilii,
332 4177 401 4231 de
432 4177 645 4248 quibus
676 4177 947 4247 spiritalis
977 4180 1233 4230 ventrem
1261 4180 1458 4246 partus
1490 4174 1786 4241 onerabat,
1806 4174 1878 4228 ad

170 4268 500 4338 abjuratam
547 4266 727 4320 redite
766 4264 1175 4319 concordiam:
1225 4265 1325 4335 pio
1373 4281 1471 4318 vos
1523 4264 1675 4331 sinu,
1734 4265 1880 4319 sicut

172 4355 377 4410 habuit
423 4356 725 4423 hactenus,
758 4355 1004 4409 Ecclesia
1047 4358 1234 4408 mater
1263 4352 1523 4424 accipiat.
1570 4354 1877 4424 Nunquam

1978 3198 2134 3253 tione
2172 3214 2309 3252 usus
2337 3202 2525 3251 vester
2556 3198 2780 3268 accipit,
2815 3200 2970 3270 quod
2998 3199 3225 3254 laetetur
3260 3215 3272 3257 :
3315 3202 3453 3255 dum
3486 3202 3555 3255 de
3585 3218 3678 3255 ve-

1977 3285 2089 3340 teri
2133 3288 2384 3340 Tonante
2414 3301 2561 3340 nova
2587 3286 2791 3340 merito
2818 3288 3046 3341 vascula
3072 3293 3490 3359 praeparantur.
3537 3288 3684 3354 Quid
3768 3296 3773 3303 ‘

1981 3375 2129 3428 hanc
2159 3374 2489 3429 adnitimini
2518 3374 2945 3446 interrumpere
2980 3376 3272 3447 quietem?
3307 3376 3445 3448 quid
3484 3377 3685 3431 ludere

1980 3464 2140 3519 vanis
2193 3462 2613 3517 intentionibus
2666 3463 3040 3519 felicitatem?
3088 3466 3514 3521 excusationem
3565 3482 3686 3520 non

1980 3553 2154 3607 habet
2178 3552 2339 3606 furor
2368 3552 2499 3618 iste,
2529 3552 2577 3605 si
2623 3553 2853 3607 creditis
2886 3569 2899 3608 :
2938 3570 3057 3608 non
3086 3555 3321 3610 interest
3350 3555 3560 3627 quibus
3590 3555 3684 3609 iti-

1981 3641 2218 3696 neribus
2267 3642 2335 3696 ad
2382 3641 2585 3696 mundi
2629 3642 2951 3713 principem
2996 3647 3209 3713 currat,
3254 3644 3354 3715 qui
3404 3661 3436 3698 a
3484 3648 3683 3698 sancta

1983 3731 2205 3785 unitate
2255 3730 2553 3785 desciscit:
2605 3731 2850 3802 pingues
2884 3732 3102 3786 hostias
3132 3733 3258 3787 litat
3296 3734 3546 3799 diabolo,
3582 3733 3683 3804 qui

1981 3819 2307 3875 constristat
2335 3819 2660 3874 Ecclesiam.
2688 3821 2871 3875 Vanas
2902 3836 3038 3892 ergo
3076 3821 3380 3892 repudiate
3425 3822 3683 3876 tendicu-

1982 3910 2112 3963 las:
2166 3908 2489 3979 simplicem
2539 3909 2712 3963 habet
2764 3909 3159 3964 defensionem
3205 3911 3364 3981 pacis
3409 3911 3683 3965 affectus:

1984 3998 2156 4052 nimis
2178 4003 2430 4051 armatus
2452 4002 2558 4067 est,
2583 3998 2683 4069 qui
2704 3998 2802 4052 illa
2822 4015 2953 4070 qua:
2986 4000 3345 4055 adversarius
3367 4000 3687 4054 concordia:

1984 4085 2292 4153 ministrat,
2326 4085 2438 4139 tela
2458 4086 2792 4141 contemnit:
2819 4087 3028 4142 sufﬁcit
3057 4093 3257 4142 contra
3288 4087 3483 4142 omnia
3492 4088 3688 4158 jacula

1980 4174 2307 4245 jurgiorum
2337 4173 2472 4227 ﬁdei
2505 4174 2658 4228 nuda
2689 4176 2991 4245 oppositio.
3022 4178 3039 4213 ¹
3078 4176 3223 4240 Quid
3254 4176 3456 4230 Eulalii
3484 4180 3539 4230 et
3572 4178 3686 4231 Bo-

1985 4263 2183 4318 nifacii
2224 4268 2505 4334 tempora,
2554 4263 2692 4317 dum
2741 4263 3025 4318 malorum
3086 4264 3354 4318 solatium
3404 4264 3684 4335 quaeritis,

1987 4352 2266 4407 revocatis
2310 4352 2371 4406 in
2420 4351 2717 4408 medium?
2766 4352 2905 4423 quid
2946 4353 3316 4407 incrementis
3355 4368 3689 4407 excessuum

173 4448 255 4496 est
302 4457 437 4497 sera
469 4443 786 4497 correctio:
834 4443 938 4497 scit
966 4442 1062 4496 diu
1092 4446 1421 4513 exspectare
1453 4441 1765 4496 immodico
1796 4443 1878 4496 la-
1917 4452 1962 4507 1)
1987 4440 2348 4511 praesentatis
2394 4445 2619 4495 vetusta
2647 4440 2926 4511 contagia,
2963 4446 3019 4495 et
3051 4456 3154 4512 per
3178 4440 3439 4512 iniquam
3475 4440 3689 4495 volun-

176 4530 315 4584 ‘uore
358 4532 668 4601 quaesitos:
720 4531 899 4585 nescit
937 4547 1043 4601 pro
1092 4529 1301 4584 vilibus
1330 4529 1620 4600 despicere
1672 4545 1883 4601 magno

180 4620 365 4690 pretio
413 4623 800 4691 comparatos.
852 4619 1037 4673 Multis
1067 4618 1340 4690 gradibus
1374 4635 1636 4673 recursus
1685 4623 1771 4673 est
1812 4618 1883 4673 ad

181 4710 421 4763 salutem
481 4724 495 4762 ε
556 4712 770 4779 praeter
818 4708 1220 4778 desperantem
1259 4708 1451 4762 nullus
1507 4708 1878 4761 excluditur:

185 4798 398 4853 fructus
442 4797 623 4851 venia:
654 4797 950 4867 proximus
983 4802 1069 4851 est
1099 4813 1349 4851 coronae.
1395 4796 1576 4851 Nolite
1628 4796 1883 4867 Symma-

187 4886 354 4941 chum
400 4901 618 4958 papam
664 4884 947 4956 pressuris
976 4885 1180 4940 vestris
1217 4885 1463 4956 juvare:
1509 4884 1556 4939 si
1598 4900 1726 4938 reus
1776 4888 1881 4952 est,

189 4977 327 5030 mihi
357 4976 598 5041 credite,
628 4992 761 5029 cum
804 4974 1102 5029 cessaverit
1131 4975 1401 5029 humanae
1430 4971 1884 5045 impugnationis

190 5066 593 5133 ministerium,
614 5064 875 5118 divinum
904 5080 1039 5119 mox
1062 5063 1314 5119 succedit
1332 5064 1654 5118 arbitrium.
1681 5063 1884 5117 Nonne

188 5154 242 5207 in
271 5152 725 5225 splendidissimi
758 5152 1069 5222 cognitoris
1102 5151 1262 5204 lance
1283 5151 1556 5221 praedicto
1587 5154 1687 5204 aut
1716 5166 1885 5220 paena

186 5241 443 5309 debetur,
463 5246 565 5294 aut
586 5240 891 5310 praemium
907 5238 934 5293 ?
954 5238 1323 5310 Syllogismos
1355 5255 1385 5292 a
1409 5254 1502 5293 me
1524 5253 1881 5305 sermonum,

188 5334 242 5383 et
275 5331 569 5385 schemata
599 5344 718 5384 non
742 5328 1031 5401 quieratis.
1082 5328 1333 5399 Antiquo
1382 5327 1565 5382 adhuc
1602 5331 1736 5383 utor
1776 5326 1884 5382 reti

252 5476 270 5509 ¹
490 5468 717 5527 Eulalii
742 5472 799 5549 et
820 5467 1132 5549 Bonifacii]
1165 5469 1557 5549 Inschismate
1580 5469 1733 5549 quod
1750 5472 1884 5549 post

190 5544 386 5599 Zosimi
415 5560 584 5615 papae
629 5548 874 5597 mortem
904 5543 1055 5595 inter
1084 5542 1189 5595 hos
1224 5543 1365 5615 duos
1393 5541 1573 5615 diviso
1604 5541 1665 5594 in
1689 5544 1881 5615 partes

192 5616 334 5693 clero
380 5611 646 5693 exortum
690 5620 803 5693 est,
842 5628 973 5693 cum
1006 5616 1280 5693 propten
1306 5612 1621 5693 factionum
1672 5611 1882 5693 studia,

195 5686 368 5760 utrius
419 5687 679 5760 legitima
724 5684 927 5760 fuisset
962 5683 1200 5760 electio,
1250 5684 1482 5760 decerni
1529 5683 1642 5760 vix__
1665 5689 1881 5760 posset,

200 5755 525 5833 longiusque
614 5756 1051 5830 protraheretur
1140 5756 1503 5829 disceptatio,
1601 5755 1886 5812 Honorius

541 5847 835 5938 Pauor...
880 5843 1075 5920 LXIII
1082 5892 1100 5915 .

1991 4535 2170 4585 tatem
2216 4530 2501 4585 senectuti
2546 4530 2608 4584 in
2652 4530 2981 4601 operiendis
3022 4530 3243 4585 delictis
3276 4529 3462 4585 facitis
3495 4530 3576 4584 nil
3619 4531 3689 4585 li-

1993 4617 2157 4672 cere?
2183 4618 2310 4673 Alia
2333 4622 2472 4673 tunc
2491 4619 2603 4674 fuit
2623 4635 2792 4673 causa
2820 4619 3145 4673 discordiae:
3179 4623 3235 4673 et
3258 4618 3371 4674 nisi
3399 4620 3689 4675 narrando

1992 4723 2227 4778 cogerer
2254 4708 2537 4763 sustinere
2570 4713 2872 4775 transacta,
2897 4709 3260 4763 ostenderem
3282 4708 3443 4763 vobis
3464 4710 3692 4765 nullum

1993 4795 2221 4851 evenire
2269 4796 2538 4851 solatium
2586 4797 2655 4851 de
2700 4797 3132 4867 comparatione
3174 4798 3504 4853 factorum:
3556 4798 3693 4869 quia

1991 4885 2119 4940 illos
2150 4901 2297 4957 quos
2334 4886 2404 4940 ad
2454 4885 2781 4956 pontiﬁcale
2831 4885 3123 4957 fastigium
3174 4885 3482 4942 intentioni
3528 4888 3693 4943 obse-

1994 4966 2191 5045 quens‘
2220 4974 2409 5027 fervor
2438 4977 2718 5041 evexerat,
2755 4979 3026 5046 utrosque
3058 4975 3277 5047 repuli;
3310 4976 3466 5031 hunc
3496 4975 3643 5046 elegi
3674 4992 3688 5030 :

1994 5063 2129 5133 quia
2160 5062 2230 5117 de
2263 5061 2399 5129 illis,
2433 5066 2575 5116 teste
2606 5062 2782 5130 exitu,
2813 5079 2981 5117 nemo
3013 5064 3158 5118 mihi
3188 5064 3431 5135 placuit:
3456 5064 3525 5118 de
3548 5063 3691 5130 istis,

1992 5156 2190 5205 contra
2217 5151 2446 5220 regulas
2486 5151 2767 5205 nitentem
2811 5153 3122 5224 profugum
3164 5153 3306 5220 feci;
3354 5156 3693 5222 provectum

1992 5238 2249 5311 legitime
2279 5238 2495 5293 mundo
2527 5239 2907 5311 impugnante
2951 5241 3187 5295 servavi.
3222 5238 3391 5295 Scitis
3419 5239 3546 5307 ista,
3577 5254 3694 5292 non
3800 5286 3801 5289 η

1991 5345 2139 5385 nova
2185 5332 2361 5384 sunt:
2411 5328 2549 5400 quia
2593 5329 2731 5384 dum
2780 5329 2877 5385 ille
2923 5328 3194 5395 truditur,
3243 5328 3348 5382 iste
3393 5327 3692 5397 ﬁrmatur;

1998 5473 2303 5543 utrumque
2353 5469 2422 5543 ab
2450 5470 2595 5543 urbe
2644 5471 2876 5525 interim
2920 5470 3089 5543 jussit
3119 5468 3440 5543 abscedere.
3494 5471 3694 5543 Itaque

1994 5540 2410 5613 Bonifaciusad
2442 5542 2495 5597 S.
2549 5544 2774 5613 Hagnes
2808 5542 3123 5608 basilicam,
3158 5540 3411 5595 Eulalius
3455 5540 3689 5597 Antium

1996 5613 2243 5685 secessit.
2310 5612 2471 5678 Quod
2527 5614 2855 5685 exemplum
2911 5614 2974 5667 in
3023 5612 3365 5684 Symmacho
3425 5613 3693 5685 renovari

1997 5684 2313 5739 voluissent
2344 5683 2673 5752 adversarii,
2695 5683 2770 5739 ‘ut
2800 5700 2915 5740 una
2946 5700 3075 5740 cum
3108 5685 3415 5742 Laurentio
3444 5684 3690 5754 pellere-

1996 5758 2111 5814 tur.
2145 5755 2254 5813 Sed
2282 5755 2476 5827 dispar
2499 5754 2607 5812 fuit
2634 5755 2799 5811 ratio.
