4060 6174
348 328 453 380 203

1846 422 1888 455 \

1552 322 1839 379 ENNODII
1879 321 2191 379 EPISCOPI
2224 322 2611 381 TICINENSIS

3748 332 3851 385 204

346 469 533 519 vester
578 462 722 518 mihi
752 462 1019 518 militavit
1048 477 1327 517 assensus.
1362 460 1576 515 Deinde
1604 478 1707 516 cur
1736 461 1797 515 in
1842 462 2034 532 perni-
2074 462 2122 517 Α
2149 462 2273 529 bus,
2326 465 2425 535 qui
2461 466 2891 520 ventilationem
2939 466 3198 538 ipsorum
3248 470 3553 542 multiplici
3579 472 3649 527 ad
3679 488 3852 527 aures

342 554 485 608 ciem
512 558 757 607 vestram
788 553 992 607 lmditis
1024 551 1373 605 sacerdotale
1418 550 1766 606 concilium?
1796 568 1898 605 cur
1946 554 2033 605 la-

341 645 543 698 ceratis
573 644 913 698 senteutiam
958 642 1017 695 in
1050 658 1161 711 qua
1190 640 1505 711 inspirante
1537 640 1761 694 Christo
1806 642 2036 695 oracula

344 750 592 803 superna
640 735 971 800 patuerunt,
1023 735 1078 783 et
1130 730 1280 783 inter
1326 731 1503 784 Deum
1554 734 1725 799 atque
1771 729 2033 783 homines

344 822 622 893 interpres
671 820 881 873 exstitit
924 819 1121 888 lingua
1152 817 1529 889 pontificum?
1578 818 1717 888 quid
1752 818 2034 889 generalis

343 910 601 964 Ecclesiae
646 910 900 962 dolorem
942 908 1147 973 facitis,
1178 908 1436 978 quamvis
1482 906 1540 960 in
1576 907 1894 977 principali,
1949 912 2035 960 ta-

343 1016 475 1053 men
508 999 569 1052 in
597 1014 713 1051 una
734 995 1144 1050 commissum?
1174 997 1277 1049 Illa
1310 995 1465 1049 enim
1490 996 1614 1049 caeli
1641 997 1817 1061 curia,
1852 995 2034 1049 varia-

342 1104 472 1141 rum
523 1085 748 1139 dotibus
777 1090 943 1139 aucta
990 1083 1297 1151 curulium,
1332 1089 1389 1137 et
1418 1084 1600 1137 multo
1638 1083 2036 1153 Redemptoris

342 1174 523 1228 nostri
566 1189 705 1227 auro
740 1178 1009 1243 ostroque
1055 1173 1335 1238 decorata,
1383 1171 1530 1225 nihil
1578 1172 1637 1225 in
1684 1172 1781 1225 illa
1828 1172 2037 1225 discus-

342 1264 501 1317 sione
539 1266 772 1316 auctore
820 1278 878 1315 se
912 1261 1154 1331 protulit
1186 1277 1197 1314 :
1251 1261 1349 1314 sed
1380 1277 1481 1332 per
1509 1261 1775 1314 humanae
1824 1261 2033 1330 linguae

342 1351 728 1405 ministerium
765 1349 957 1403 divino
1010 1349 1275 1403 militavit
1308 1349 1571 1419 imperio.
1608 1349 1891 1403 lntellexit
1922 1365 2038 1403 non

342 1456 463 1493 esse
497 1454 688 1507 suum,
722 1438 1003 1509 quidquid
1034 1438 1282 1501 impulsa
1310 1438 1602 1491 constituit
1632 1454 1644 1492 :
1682 1438 1827 1491 nihil
1868 1438 2037 1491 habet

341 1531 403 1582 in
434 1528 531 1582 illa
557 1527 854 1591 sententia,
886 1527 995 1580 nisi
1022 1528 1175 1580 unde
1204 1527 1272 1580 de
1305 1528 1423 1580 sola
1455 1527 1751 1581 devotione
1782 1528 2034 1598 gratula-

342 1623 438 1671 tur
470 1632 483 1671 :
517 1617 888 1686 peregrinum
912 1616 1088 1685 stylus
1111 1615 1620 1686 sensitcloquium,
1642 1615 1771 1669 inde
1803 1632 2033 1669 sumens

343 1706 525 1759 solam
571 1705 833 1774 gloriam,
879 1705 1030 1775 quod
1064 1704 1253 1757 infusa
1296 1704 1407 1757 sibi
1455 1704 1697 1757 servavit
1744 1709 1799 1758 et
1839 1705 2033 1758 coluit.

345 1793 487 1858 Quid
515 1793 602 1846 his
634 1794 704 1847 de
735 1794 1014 1863 exemplis
1045 1793 1386 1863 evangelicis
1420 1793 1786 1863 prmparastis
1817 1794 2039 1846 calum-

342 1880 540 1936 niam?
586 1882 730 1936 sicut
776 1882 844 1935 de
876 1882 1033 1936 vobis
1065 1883 1341 1952 scriptum
1387 1887 1517 1935 est:
1567 1883 1933 1937 Erraverunt
1979 1882 2042 1936 in

341 1972 633 2039 ebrietate,
657 1969 1303 2039 nescieruntcidentem,
1333 1969 1739 2043 ignoraverunt
1762 1970 2042 2039 judicium

344 2060 511 2127 (Isai.
563 2076 750 2122 xxvm,
794 2061 870 2127 7).
911 2060 1049 2112 Nam
1082 2059 1217 2112 dum
1249 2058 1505 2129 profanis
1538 2066 1887 2113 memoratos
1913 2076 2039 2113 ver-

339 2147 427 2201 bis
455 2148 689 2214 cteditis,
720 2153 777 2202 et
810 2136 1090 2201 inScitiam
1119 2148 1362 2217 proditis
1393 2152 1447 2200 et
1476 2147 1736 2202 livorem.
1764 2149 1861 2201 Isti
1893 2164 2029 2220 ergo

344 2237 817 2292 resurrectionem
868 2236 1118 2307 corporis
1155 2252 1329 2306 quam
1378 2237 1710 2306 praedicant,
1760 2254 1877 2291 non
1924 2254 2042 2291 cre-

344 2327 561 2393 dentes,
614 2325 896 2380 haereticis
948 2342 1005 2379 se
1048 2326 1328 2380 miscuere
1378 2326 1697 2397 contagiis?
1745 2327 1842 2380 Isti
1886 2328 2040 2397 quod

344 2415 609 2484 abjurant
640 2414 869 2484 linguis,
904 2414 1073 2467 corde
1114 2415 1439 2468 sectantur?
1472 2416 1485 2451 ¹
1522 2417 1666 2485 Ergo
1701 2416 1835 2486 quia
1884 2417 2040 2471 dixe-

345 2508 496 2570 runt,
530 2520 661 2558 eum
696 2504 1015 2557 timendum
1046 2519 1165 2556 esse
1194 2505 1293 2574 qui
1324 2509 1512 2575 potest
1541 2522 1749 2576 corpus
1780 2506 2039 2563 occidere

344 2599 398 2649 et
428 2592 679 2647 animam
718 2593 945 2646 mittere
977 2592 1037 2646 in
1076 2592 1431 2662 gehennam;
1466 2593 1596 2647 ideo
1630 2612 1661 2647 a
1692 2595 1803 2648 fide
1851 2595 2039 2650 aliena

342 2681 689 2737 texuerunt?
736 2697 861 2735 ecce
892 2681 1235 2751 profundam
1282 2682 1650 2751 imperitiam.
1697 2685 1776 2737 En
1804 2683 2037 2740 beatum

346 2773 555 2826 Lucam
588 2771 748 2841 cujus
773 2770 1009 2841 potestis
1031 2770 1341 2823 assertione
1359 2771 1638 2839 convinci,
1665 2772 1765 2842 qui
1796 2774 2034 2829 clamat:

346 2859 562 2915 Timete
585 2876 713 2913 eum
734 2859 833 2930 qui
851 2862 1154 2930 postquam
1175 2858 1441 2913 occiderit
1461 2862 1862 2931 corpus,ltabet
1886 2866 2039 2934 pote-

337 2952 547 3004 statem
595 2948 854 3003 animam
909 2948 1139 3002 mittere
1190 2947 1251 3001 in
1287 2948 1608 3020 gehennam
1641 2951 1798 3020 (Luc.
1851 2968 1911 3019 ιι,
1961 2952 2033 3024 ὅ).

2142 559 2401 622 posteras
2453 554 2733 609 relatione
2787 556 3143 611 transmittit.
3195 559 3349 612 Beati
3408 559 3567 613 Pauli
3616 566 3700 615 est
3758 577 3854 614 se-

2144 641 2374 711 quenda
2405 644 2705 709 sententia,
2742 644 2842 714 qui
2874 648 3069 698 monet
3103 661 3205 716 per
3233 646 3580 717 discipulum
3615 655 3852 703 cunctos

2144 732 2201 781 et
2229 730 2435 783 clamat
2466 746 2478 783 :
2517 731 2732 785 Inanes
2755 730 3089 801 quaestiones
3117 732 3270 787 evita
3314 733 3409 805 (Il
3441 735 3580 791 Tim.
3616 753 3673 803 ιι,
3724 736 3839 807 23).

2143 817 2316 871 Multa
2362 818 2517 870 enim
2550 823 2680 872 sunt
2712 818 2769 872 in
2820 820 3307 890 propositionibus
3343 825 3562 890 vestris,
3596 842 3724 896 quas
3761 828 3846 879 ita

2141 904 2439 959 feculentis
2470 907 2617 959 ulnis
2660 909 2930 976 peccandi
2957 926 3122 963 amor
3166 912 3552 982 amplectitur,
3587 919 3653 967 ut
3705 913 3851 967 ﬁant

2142 992 2381 1063 indigna
2426 1001 2746 1050 memoratu
2785 1013 2797 1051 :
2852 997 3017 1068 plura
3055 998 3251 1052 levitas
3294 1000 3653 1067 dehonestat,
3698 1002 3846 1055 dum

2143 1081 2437 1135 subductis
2487 1084 2871 1139 eviscerantur
2914 1086 3084 1140 verba
3130 1092 3318 1141 vestra
3361 1090 3729 1160 ponderibus,
3791 1094 3848 1145 et

2143 1170 2213 1223 de
2264 1170 2557 1240 religionis
2612 1172 2794 1226 causis
2850 1173 3096 1228 elocutio
3160 1181 3390 1231 ventosa
3438 1179 3834 1248 componitur,

2142 1260 2297 1313 auris
2327 1275 2640 1330 congruam
2671 1260 2867 1315 sortita
2896 1262 3239 1332 gravitatem
3266 1281 3279 1319 :
3303 1281 3435 1336 quae
3461 1266 3521 1320 in
3550 1268 3852 1336 palearum

2144 1347 2496 1401 abundantia
2529 1349 2671 1403 nihil
2703 1355 2787 1403 est
2834 1351 3053 1405 horreis
3086 1352 3319 1407 illatura
3364 1356 3433 1408 de
3467 1356 3676 1422 tritico,
3706 1356 3849 1410 dum

2142 1435 2510 1491 infecundam
2557 1438 2822 1509 frugibus
2854 1442 3179 1496 culmorum
3210 1444 3459 1514 parturit
3499 1446 3849 1515 ubertatem,

2144 1528 2199 1577 et
2248 1541 2406 1595 spem
2457 1526 2525 1579 de
2576 1528 2771 1582 herbae
2818 1529 3046 1585 luxuria
3096 1534 3372 1586 mentitur
3418 1535 3728 1605 agricolis:
3778 1539 3847 1592 de

2144 1612 2353 1683 quibus
2402 1614 2544 1668 nihil
2576 1616 2720 1669 lucri
2751 1618 3069 1673 ventilabra
3117 1621 3435 1691 reperiunt,
3470 1624 3590 1693 igni
3624 1625 3843 1693 debita,

2150 1700 2533 1773 incendioque
2582 1704 2875 1774 peritura:
2930 1708 2999 1761 de
3055 1708 3142 1761 his
3183 1708 3457 1780 scriptum
3506 1718 3634 1766 est:
3694 1714 3849 1768 Dor-

2150 1788 2400 1845 mierunt
2427 1790 2543 1846 viri
2563 1808 2825 1847 somnum
2851 1810 3037 1862 suum,
3061 1799 3117 1850 et
3139 1797 3287 1851 nihil
3304 1798 3638 1854 invenerunt
3658 1800 3844 1870 (Psal.

2150 1894 2309 1945 Lxxv,
2344 1878 2415 1950 6).
2457 1880 2608 1934 Nihil
2642 1887 2746 1947 est,
2795 1882 3094 1951 carissimi,
3126 1901 3261 1954 pace
3289 1886 3529 1953 dulcius,
3575 1886 3622 1940 si
3651 1892 3848 1943 tamen

2150 1986 2412 2039 saporem
2440 1971 2563 2041 ejns
2594 1987 2712 2024 non
2740 1971 2977 2041 plenum
3013 1974 3398 2028 amaritudine
3424 1981 3621 2045 pectus
3655 1979 3847 2032 exclu-

2152 2058 2267 2111 dat.
2318 2058 2643 2113 Breviorem
2703 2060 2936 2131 quidem
3002 2062 3455 2118 admonitionem
3511 2064 3846 2134 debueram,

2151 2161 2323 2215 quam
2358 2146 2637 2217 prolixam
2668 2163 2784 2200 non
2816 2164 2993 2217 parva
3020 2150 3188 2203 vestri
3219 2152 3626 2220 consideratio,
3660 2158 3715 2207 et
3746 2154 3849 2208 diu

2149 2233 2207 2287 in
2265 2234 2424 2288 vobis
2463 2235 2671 2306 jurgiis
2719 2236 3025 2290 exercitata
3074 2237 3229 2291 frons
3273 2240 3534 2308 protulit.
3581 2242 3722 2295 Usus
3761 2248 3849 2298 est

2148 2324 2329 2376 multa
2358 2329 2720 2394 peccantum,
2751 2326 2944 2379 stricta
2975 2325 3317 2381 allocutione
3349 2345 3467 2383 non
3491 2330 3701 2401 corrigi
3732 2350 3745 2387 :
3791 2338 3849 2387 et

2150 2411 2487 2468 effusionem
2532 2415 2788 2485 plurimi,
2823 2432 2996 2486 quam
3042 2415 3102 2470 in
3133 2416 3353 2471 delictis
3382 2419 3731 2487 habuerunt,
3782 2422 3844 2475 in

2148 2502 2452 2555 monitoris
2501 2504 2861 2557 sermonibus
2892 2505 3040 2558 hanc
3082 2506 3403 2576 requirunt.
3458 2509 3541 2562 Me
3574 2509 3710 2563 satis
3760 2516 3847 2565 est

2150 2594 2205 2643 et
2244 2591 2557 2661 diligentiae
2587 2597 2808 2659 vestrm,
2844 2600 2900 2647 et
2929 2595 3101 2664 jussis
3131 2597 3454 2652 ccelestibus
3484 2600 3841 2655 obsecutum.

2150 2679 2213 2730 In
2261 2680 2351 2731 his
2391 2696 2519 2751 quas
2573 2687 2838 2736 secutura
2877 2688 3029 2750 sunt,
3081 2684 3271 2739 locum
3316 2689 3677 2742 sermonibus
3725 2706 3842 2743 non

2147 2766 2468 2837 relinquam
2506 2784 2518 2822 :
2553 2770 2689 2840 quia
2720 2769 2841 2823 haec
2883 2771 3098 2838 refero;
3135 2774 3335 2828 mundi
3382 2780 3557 2846 caput
3604 2777 3846 2832 Romam

2146 2870 2250 2925 per
2279 2859 2491 2910 vestras
2521 2857 2871 2911 intentiones
2909 2873 3029 2912 esse
3056 2866 3422 2929 prostratam,
3457 2869 3513 2917 et
3561 2865 3847 2919 nutricem

2146 2944 2431 3013 pontificii
2484 2945 2832 3012 cathedram,
2895 2947 3058 3018 quasi
3111 2950 3380 3005 ultimum
3428 2952 3621 3008 videre
3665 2953 3845 3008 sedile

340 3038 474 3103 Quis
518 3038 610 3093 hic
655 3039 813 3092 locus
843 3037 1076 3102 erroris,
1128 3036 1225 3091 ubi
1269 3039 1645 3108 congruentia
1689 3039 1813 3110 pari
1862 3040 2038 3096 ductu
2077 3054 2117 3111 C
2149 3029 2493 3100 ἀθεβθοίεω·

339 3128 585 3199 exempli
616 3131 672 3181 et
714 3126 969 3180 historiae
995 3125 1167 3179 verba
1196 3132 1574 3193 concurrunt;
1610 3142 1713 3180 nec
1744 3128 2033 3182 diversum

339 3223 423 3272 est
471 3218 542 3271 ab
572 3217 865 3270 intellectu
895 3214 1198 3276 catholico,
1250 3218 1306 3268 et
1338 3214 1678 3268 lectionibus
1712 3216 1867 3285 quod
1898 3233 2035 3286 pro-

339 3306 552 3360 fertur?
599 3307 904 3375 Nunquam
951 3303 1096 3357 bene
1140 3302 1324 3357 nodus
1377 3304 1435 3357 in
1485 3305 1670 3374 scirpo
1704 3306 2033 3374 qumritur:

338 3410 456 3447 non
503 3391 740 3445 involvit
774 3391 980 3444 nebula
1012 3391 1297 3461 praedictae
1329 3392 1473 3446 lucis
1505 3398 1781 3447 auctores.
1826 3394 2033 3448 Resur-

340 3481 650 3534 rectionem
718 3496 853 3550 ergo
917 3480 1103 3533 carnis
1170 3497 1285 3535 non
1351 3481 1611 3547 credunt,
1677 3482 1812 3552 quia
1871 3501 2035 3554 posse

338 3584 543 3639 corpus
575 3568 921 3621 confitentur
953 3566 1175 3621 occidi?
1206 3568 1341 3639 quia
1370 3568 1744 3638 peccatricem
1780 3571 2033 3625 animam

336 3658 621 3728 gehenna:
665 3654 1023 3725 mancipari?
1074 3656 1271 3711 Densis
1314 3672 1411 3710 cor
1458 3662 1711 3710 vestrum
1765 3659 2034 3728 vepribus

338 3746 671 3813 suffocatur,
730 3748 787 3797 et
842 3744 1067 3797 interna
1116 3745 1253 3797 vitia
1314 3746 1438 3798 aliis
1498 3750 1677 3799 certat
1728 3748 2028 3803 ascribere.

337 3837 359 3869 ²
402 3834 635 3889 Joannis
667 3833 837 3887 etiam
872 3834 1120 3903 apostoli
1149 3834 1374 3904 jactatis
1406 3834 1616 3904 scripta
1645 3836 1866 3905 violari,
1898 3837 2032 3908 quia

333 3941 399 3977 ex
424 3924 609 3977 verbis
641 3924 762 3994 ejus
794 3923 1008 3976 dictum
1034 3925 1115 3976 est
1150 3938 1162 3975 :
1202 3921 1261 3976 Si
1284 3920 1547 3978 dicamus
1574 3922 1711 3993 quia
1730 3931 2031 3995 peccatum

330 4030 443 4068 non
473 4013 763 4079 habemus,
782 4013 1091 4068 mendaces
1104 4027 1323 4077 sumus,
1346 4014 1400 4065 et
1418 4012 1633 4066 veritas
1650 4014 1709 4067 in
1732 4015 1895 4069 nobis
1915 4034 2028 4071 non

328 4105 413 4155 est
438 4102 493 4172 (Ι
519 4104 695 4156 Joan.
731 4118 769 4167 1,
804 4102 877 4171 8).
914 4104 990 4154 Dc
1022 4100 1281 4154 codicum
1320 4100 1650 4156 diversitate
1677 4105 1757 4158 nil
1789 4122 2019 4175 queror.

328 4191 460 4245 Ideo
493 4208 629 4262 ergo
660 4195 932 4260 corrupta
979 4194 1112 4242 sunt
1158 4189 1395 4258 apostoli
1431 4192 1674 4259 monita,
1726 4194 1861 4263 quia
1906 4211 2022 4249 non

321 4281 652 4351 junxerunt.
699 4280 827 4334 Nos
861 4279 1024 4349 ipsos
1064 4277 1400 4350 decipimus,
1444 4284 1498 4334 et
1546 4282 1680 4351 quia
1706 4283 2022 4353 junxerunt

2216 3124 2389 3193 Cujus
2436 3138 2634 3176 vocem
2686 3122 2885 3177 beatus
2924 3124 3131 3177 Paulus
3181 3126 3426 3195 excepit,
3478 3130 3534 3181 et
3581 3127 3679 3182 illa
3727 3145 3844 3199 qua

2146 3229 2374 3282 semper
2415 3228 2551 3265 usus
2595 3216 2679 3265 est
2728 3212 2940 3282 eloquii
2975 3212 3227 3267 intonuit
3269 3213 3529 3269 libertate
3564 3231 3577 3269 :
3614 3222 3844 3286 aposto—

2142 3302 2333 3355 lorum
2380 3300 2701 3370 principem
2748 3299 2997 3353 lenitatis
3043 3300 3350 3367 incessens,
3385 3303 3540 3372 quod
3569 3304 3739 3357 ﬂuxis
3788 3310 3844 3358 et

2143 3388 2465 3459 proﬂigatis
2519 3387 2805 3441 mentibus
2858 3388 3110 3458 parentis
3168 3390 3353 3443 adhuc
3403 3396 3653 3445 servaret
3710 3394 3840 3448 affe-

2144 3482 2298 3530 ctum
2326 3492 2338 3529 :
2374 3492 2479 3530 nec
2509 3475 2569 3529 in
2596 3477 2945 3546 profundum
2980 3478 3158 3531 ductis
3176 3479 3463 3534 ulceribus
3487 3480 3637 3535 ferro
3660 3482 3842 3536 medi-

2143 3572 2304 3619 cante
2330 3570 2686 3618 succurreret
2716 3566 3087 3623 rescindenda
3111 3568 3319 3622 docens
3353 3569 3591 3623 lanienis
3622 3576 3843 3625 secreta

2143 3653 2497 3715 morborum,
2560 3660 2615 3707 et
2669 3656 2990 3710 manifestae
3038 3657 3423 3727 desperationi
3479 3659 3838 3714 salutiferum

2141 3760 2263 3797 esse
2295 3744 2500 3796 vulnus
2533 3743 2961 3799 adhibendum:
2996 3763 3065 3799 ne
3096 3747 3232 3801 dum
3266 3764 3467 3801 manus
3494 3748 3694 3803 medici
3733 3766 3841 3820 per

2139 3831 2410 3902 pietatem
2461 3848 2491 3885 a
2521 3833 2769 3886 sectione
2800 3833 2985 3887 carnis
3016 3839 3296 3905 corruptae
3328 3837 3721 3907 suspenditur,
3766 3839 3840 3894 de

2140 3922 2483 3976 abstinentia
2513 3922 2611 3976 teli
2668 3923 2941 3977 invitetur
2971 3924 3210 3980 exitium
3241 3941 3253 3979 :
3289 3925 3425 3996 quia
3472 3927 3609 3981 dum
3650 3929 3840 3998 parcit

2138 4010 2306 4078 aegris
2350 4010 2601 4075 dextera,
2650 4011 2929 4064 curandos
2982 4011 3280 4081 interﬁcit;
3332 4030 3434 4067 nec
3483 4015 3719 4085 grandis
3750 4021 3839 4071 est

2134 4096 2481 4166 differentia,
2506 4103 2700 4152 utrum
2732 4100 2949 4153 lethum
2984 4099 3217 4169 inferas,
3251 4118 3322 4155 an
3354 4102 3658 4157 admittas:
3687 4120 3841 4159 mor-

2134 4188 2250 4238 tem
2287 4187 2711 4255 languentibus,
2761 4187 2860 4258 qui
2901 4204 3030 4243 cum
3063 4189 3239 4260 possit
3270 4206 3388 4245 non
3433 4192 3702 4259 excludit,
3749 4194 3839 4248 in-

2135 4274 2301 4329 tlixit.
2351 4274 2447 4329 His
2481 4291 2618 4346 ergo
2676 4276 2943 4332 adversus
2989 4294 3084 4334 eos
3136 4279 3250 4333 oris
3293 4279 3532 4351 januam
3566 4283 3839 4353 patefecit

324 4370 625 4425 mendaces
656 4368 900 4425 sumus?
930 4370 1052 4423 Non
1091 4370 1278 4423 solum
1310 4370 1538 4435 divinas,
1573 4371 1669 4424 sed
1703 4370 1874 4425 etiam
1905 4372 2020 4425 hu-
2058 4356 2103 4410 D
2133 4363 2414 4434 alloquiis.

325 4476 512 4515 mante
568 4459 805 4513 rationis
863 4458 1071 4529 ignari,
1132 4458 1232 4529 qui
1294 4457 1593 4511 veritatem
1654 4475 1767 4512 non
1825 4459 2017 4527 habet,

325 4549 571 4602 mendax
599 4553 749 4601 recte
770 4552 1071 4600 censetur:
1104 4562 1208 4599 nec
1239 4547 1349 4599 alia
1379 4561 1441 4599 re
1474 4546 1581 4598 nisi
1612 4546 1857 4601 falsitate
1900 4548 2020 4618 ple-

325 4652 432 4689 nus
461 4639 565 4699 est,
601 4634 698 4704 qui
727 4633 1059 4703 integritate
1092 4650 1302 4687 vacuus
1333 4632 1654 4687 innotescit.
1689 4635 1793 4689 Sed
1820 4635 2019 4689 haecin

324 4721 479 4776 vobis
512 4739 625 4776 non
665 4723 916 4777 curanda
950 4727 1083 4776 sunt
1112 4722 1324 4792 linguze
1371 4721 1647 4789 oratione,
1692 4724 1789 4777 sed
1834 4724 2017 4793 gemi-

321 4815 485 4863 tuum
529 4827 542 4863 :
577 4826 680 4863 nec
712 4810 891 4880 magis
923 4817 1056 4865 sunt
1096 4811 1253 4865 vobis
1285 4811 1605 4866 exhibenda
1622 4812 1812 4877 verba,
1839 4828 2015 4881 quam

322 4908 629 4969 lacrymte:
688 4901 822 4970 quia
870 4900 1087 4969 liquido
1132 4916 1344 4952 nocens
1394 4904 1498 4965 est,
1547 4899 1645 4969 qui
1689 4899 2013 4953 insontibus

322 4992 419 5041 aut
449 4988 717 5042 meritum
751 4990 1073 5059 culpabilis,
1102 4992 1199 5041 aut
1230 5005 1440 5042 nomen
1476 4987 1734 5059 opponit.
1772 4987 2013 5058 Reliqua

320 5076 706 5146 objectionum
736 5083 1049 5131 vestrarum
1082 5077 1267 5147 capita
1297 5094 1414 5131 non
1444 5078 1758 5131 revolvam:
1780 5080 2014 5147 praestat

318 5166 544 5221 silentio
578 5166 901 5220 damnanda
925 5164 1173 5235 sepeliri.
1209 5164 1581 5219 Nobilitatem
1612 5166 1707 5219 dat
1738 5165 2011 5219 facinori-

391 5310 404 5343 ¹
429 5310 585 5377 Ergo
612 5308 751 5380 quia
773 5305 1063 5377 dixerunt]
1084 5308 1272 5380 AVerba
1303 5307 1501 5378 synodi
1527 5323 1539 5361 :
1580 5310 1861 5363 Senatum
1880 5326 2007 5364 am-

310 5378 645 5451 plissimum
674 5382 965 5433 monentes
992 5385 1047 5431 et
1071 5378 1654 5451 instruentesgcausas
1690 5380 1797 5433 Dei
1826 5380 2010 5451 ipsius

307 5449 526 5518 judicio
562 5468 685 5505 esse
713 5450 1173 5522 committendas,
1210 5449 1309 5520 qui
1340 5449 1493 5504 valet
1516 5467 1725 5522 corpus
1753 5449 2010 5507 occidere

310 5527 367 5574 et
408 5524 668 5577 animam
696 5521 924 5576 mittere
950 5522 1015 5578 in
1038 5522 1384 5593 gehennam.
1434 5522 1542 5585 Qui
1572 5521 1632 5576 in
1682 5524 1771 5577 bis
1820 5524 2007 5578 verbis

310 5592 558 5665 haeresin
590 5594 952 5665 astruebant,
990 5592 1105 5647 nOn
1154 5592 1219 5665 in,
1254 5592 1488 5665 beatum
1533 5593 1741 5649 Lucam
1778 5594 2003 5665 injurii,

310 5663 407 5719 sed
461 5664 521 5718 in
571 5663 855 5720 Christum
889 5664 1077 5734 ipsum
1125 5664 1226 5735 qui
1270 5664 1422 5735 apud
1468 5665 1676 5723 Lucam
1724 5663 2001 5735 loquitur,

2204 4451 2401 4506 Omnis
2424 4452 2525 4523 qui
2551 4452 2805 4523 judicas,
2834 4453 2897 4508 in
2920 4469 3029 4526 quo
3053 4453 3239 4509 alium
3264 4454 3511 4525 iudicas,
3558 4460 3612 4511 te
3634 4455 3835 4529 ipsum

2128 4542 2506 4596 condemnas:
2551 4542 2750 4595 eadem
2797 4544 2949 4595 enim
2978 4541 3108 4613 agis
3144 4560 3266 4613 qua
3305 4543 3555 4613 judicas.
3598 4544 3838 4599 Scimus

2127 4634 2317 4685 autem
2328 4629 2467 4700 quia
2471 4629 2753 4697 judicium
2779 4630 2885 4684 Dei
2894 4634 2979 4684 est
2997 4632 3306 4686 secundum
3317 4632 3616 4687 veritatem
3634 4637 3695 4687 in
3707 4650 3829 4698 eos,

2124 4718 2225 4789 qui
2264 4717 2410 4772 talia
2440 4720 2621 4787 agunt
2649 4718 2838 4787 (Rom.
2886 4736 2946 4784 11,
2983 4720 3054 4790 t).
3092 4722 3154 4774 Et
3192 4721 3401 4775 iterum
3436 4738 3449 4774 :
3483 4722 3699 4776 Beatus
3728 4722 3835 4793 qui

2123 4823 2239 4861 non
2270 4806 2528 4875 judicat,
2575 4806 2636 4860 in
2666 4822 2775 4877 quo
2798 4808 3005 4878 probat
3043 4808 3296 4881 seipsum
3328 4809 3512 4879 (Rom.
3546 4827 3657 4877 xiv,
3702 4814 3827 4883 22).

2125 4894 2261 4958 Qua:
2293 4895 2508 4949 malum
2539 4896 2683 4949 ratio
2714 4901 2814 4959 est,
2853 4903 2915 4951 ut
2942 4899 3343 4967 przrdicetnon
3366 4900 3698 4967 furandum,
3724 4903 3829 4972 qui

2121 4982 2347 5036 furatur
2380 4999 2394 5037 :
2427 4989 2483 5039 et
2520 4983 2829 5053 prodigum
2862 4986 3219 5039 verecundiae
3252 4986 3501 5041 frontem
3544 4987 3695 5041 nube
3727 5005 3828 5042 ve-

2122 5071 2256 5126 stiat
2301 5072 2754 5143 impugnationis
2801 5075 3041 5129 alienae?
3092 5077 3269 5129 Nemo
3321 5082 3473 5131 recte
3522 5078 3828 5132 monitoris

2118 5178 2427 5233 personam
2472 5162 2731 5233 suscipit,
2783 5164 2895 5218 nisi
2925 5164 3023 5235 qui
3068 5164 3285 5220 actibus
3316 5164 3433 5220 suis
3463 5171 3648 5222 errata
3694 5183 3828 5223 con-

2117 5306 2282 5363 imnii
2313 5312 2499 5363 erant.

2188 5326 2194 5360 |
2242 5324 2282 5360 ιι
2313 5323 2499 5363 erant.

2188 5323 2496 5459 ’pdgannis
2542 5377 2791 5459 apostoli
2816 5379 3037 5459 scripta
3061 5379 3284 5449 violari]
3320 5382 3443 5435 Non
3489 5384 3609 5459 tam
3644 5382 3825 5439 verba

2115 5449 2253 5521 ipsa
2282 5450 2515 5504 Joannis
2551 5449 2755 5503 citarat
2798 5451 3069 5521 synodus,
3120 5468 3292 5521 quam
3341 5468 3407 5505 ex
3454 5454 3640 5508 verbis
3690 5472 3824 5509 sen-

2115 5519 2372 5597 tentiam.
2401 5522 2489 5597 Sic
2519 5519 2910 5597 e_nir_n_habet:
2932 5519 3204 5587 Quamvis
3226 5523 3424 5597 nullus
3446 5529 3555 5592 est,
3574 5524 3689 5597 qui
3719 5526 3822 5580 de-

2114 5591 2247 5667 licto
2262 5595 2477 5667 careat,
2499 5591 2647 5646 sicut
2664 5593 2924 5667 Joannes
2944 5597 3187 5649 testatur
3200 5596 3512 5667 apostolus,
3521 5591 3582 5655 Si
3593 5591 3820 5665 dicam,

2113 5662 2252 5735 quia
2275 5666 2575 5735 peccatum
2599 5678 2718 5721 non
2748 5663 2944 5737 habeo,
2973 5662 3395 5728 mendax—sum.
