4060 6174
228 323 331 376 205

1281 295 1612 377 LIBELLUS
1651 320 2177 379 APOLOGETICUS
2217 321 2355 379 PRO
2395 319 2694 378 SYNODO.

3620 326 3725 381 206

223 458 482 526 demnat,
517 461 571 513 et
595 473 850 512 amorem
872 457 1215 512 innocentiae
1236 459 1666 513 conversatione
1687 459 1920 513 demon-
1954 458 2221 552 Amina;
2285 474 2458 529 quam
2526 457 2826 529 religiosus
2885 458 3158 514 reddebat
3216 460 3371 515 varia
3425 460 3728 515 devotione

223 551 387 602 strat.
426 548 570 602 Nam
614 548 836 617 adjacet
865 547 1037 601 etiam
1069 546 1408 617 publicanis,
1453 548 1635 601 amica
1667 547 1922 602 moribus

224 638 363 690 vitia
424 638 698 691 damnare
748 652 1031 702 sermone,
1093 641 1148 690 et
1206 638 1659 691 sceleratioribus
1708 638 1923 709 linguae

225 724 435 778 ofﬁciis
484 723 690 794 punire
735 726 891 794 quod
941 724 1203 794 diligant.
1263 726 1432 789 Quasi
1472 742 1588 779 non
1638 725 1922 795 quoddam

227 830 409 883 genus
467 814 541 866 sit
588 814 872 883 majorum
932 829 1284 881 excessuum,
1343 815 1477 868 dare
1544 814 1626 869 rei
1659 814 1924 868 affectum

226 900 415 969 labiis,
454 917 631 972 quam
665 906 858 954 mente
891 901 1186 971 despicias,
1221 907 1276 956 et
1305 901 1525 972 ingenii
1557 902 1713 955 virus
1744 903 1925 957 collo—

222 992 338 1061 qnii
379 992 558 1045 melle
592 990 818 1044 vestire.
857 990 986 1045 Haec
1022 990 1101 1043 sic
1135 1007 1260 1060 ago,
1301 991 1464 1061 quasi
1494 990 1542 1044 si
1588 991 1747 1045 vobis
1778 996 1927 1047 esset

224 1080 427 1149 pudor,
468 1079 769 1150 pudicitia,
804 1085 1070 1133 venustas
1103 1079 1367 1146 alfectui;
1421 1080 1616 1134 liceret
1662 1097 1926 1136 accusare

222 1169 543 1235 doctorem,
597 1174 652 1222 et
704 1169 974 1222 adversus
1030 1168 1276 1223 electum
1326 1169 1441 1222 oris
1490 1168 1653 1223 lividi
1700 1185 1926 1225 morsus

220 1270 459 1329 aptare:
511 1273 643 1312 cum
682 1263 814 1312 ante
846 1258 1025 1312 futuri
1068 1258 1341 1328 praescius
1386 1274 1489 1328 per
1526 1258 1824 1328 epistolam
1856 1260 1923 1314 ad

224 1366 313 1401 vos
347 1349 552 1401 datam
585 1348 756 1418 plena
777 1363 912 1401 voce
940 1348 1327 1402 monuissem:
1358 1348 1492 1419 Quis
1516 1350 1806 1403 accusabit
1830 1350 1929 1404 ad-

218 1452 415 1490 versus
429 1435 645 1490 electos
668 1434 773 1489 Dei
786 1440 815 1491 ?
836 1438 989 1490 Deus
1000 1436 1101 1508 qui
1105 1437 1134 1505 j
1140 1437 1389 1505 usti/icat
1412 1455 1424 1492 :
1445 1438 1573 1509 quis
1584 1442 1669 1493 est
1684 1441 1783 1509 qui
1802 1456 1929 1494 con-

217 1525 447 1580 demnet
493 1528 674 1595 (Rom.
702 1542 819 1593 vm,
862 1526 1000 1595 33)?
1024 1528 1090 1580 Et
1130 1526 1369 1581 iterum:
1406 1528 1451 1581 Ο
1487 1528 1670 1595 Ιιοπιο,
1698 1527 1798 1599 qui
1830 1530 1925 1597 ju-

217 1615 378 1670 dicas
408 1631 509 1669 eos
538 1614 639 1685 qui
662 1615 811 1671 talia
833 1618 1031 1686 agunt,
1061 1618 1114 1669 et
1136 1616 1285 1669 facis
1299 1615 1429 1683 illa,
1455 1619 1628 1687 putas
1658 1616 1927 1688 quoniam

216 1705 462 1775 eﬁugies
486 1704 781 1773 judicium
822 1703 977 1759 Dei?
999 1708 1096 1758 An
1120 1703 1355 1760 divitias
1387 1705 1660 1760 bonitatis
1695 1708 1842 1777 ejus,
1873 1709 1929 1761 et

2032 546 2375 615 mendicam,
2427 564 2599 619 quam
2643 552 2862 618 egestas
2916 554 3281 620 oppresserat
3328 550 3652 621 frequentia
3697 567 3730 604 a

2033 636 2143 690 diis
2198 637 2313 691 suis
2362 636 2642 691 beneﬁcia
2683 638 3111 708 postulantem:
3163 656 3289 710 qua),
3323 639 3547 707 Curios,
3596 640 3730 694 Tor-

2032 731 2258 797 quatos,
2300 726 2585 792 Camillos,
2622 744 2765 797 quos
2811 727 3056 781 Ecclesia
3104 745 3218 782 non
3262 728 3643 798 regeneravit,
3674 732 3732 783 et

2031 815 2286 881 reliquos
2337 814 2466 871 misi
2510 814 2775 885 plurimm
2830 815 3008 885 prolis
3065 815 3374 871 infecunda
3419 823 3606 872 mater
3660 817 3730 872 ad

2031 900 2352 969 Tartarum,
2386 902 2524 956 dum
2558 902 2848 957 exhaustis
2880 904 3132 958 emarcui
3172 906 3320 959 male
3348 905 3461 960 feta
3498 906 3728 960 visceri-

2033 989 2181 1044 bus:
2226 989 2361 1061 quia
2390 992 2589 1045 Fabios
2618 996 2840 1046 servata
2868 993 3053 1063 patria
3088 1010 3204 1047 non
3243 994 3511 1063 redemit,
3547 994 3732 1049 Deciis

2033 1080 2217 1133 multo
2249 1080 2456 1133 sudore
2479 1081 2661 1150 gloria
2682 1086 2847 1151 parta
2874 1082 2952 1135 nil
2983 1082 3248 1153 prmstitit
3272 1100 3283 1137 :
3308 1082 3614 1154 proﬂigata
3646 1087 3731 1137 est

2036 1183 2279 1237 operum
2321 1168 2443 1222 sine
2491 1168 2604 1223 ﬁde
2635 1170 2996 1224 innocentia:
3030 1170 3354 1225 criminosis
3378 1172 3615 1242 junctus
3648 1176 3733 1225 est

2034 1256 2188 1327 aequi
2243 1256 2804 1325 observantissimus,
2875 1259 3010 1330 quia
3066 1259 3353 1314 Christum
3424 1260 3729 1332 ignoravit,

2035 1344 2245 1416 Scipio.
2298 1348 2403 1400 Per
2451 1352 2629 1401 totam
2670 1348 2874 1401 vellem
2923 1347 3131 1418 stylum
3176 1349 3403 1417 ducere,
3438 1350 3482 1403 si
3518 1351 3732 1405 orbata:

2034 1440 2231 1506 pectus
2252 1440 2565 1505 pateretur,
2599 1435 2921 1490 infantiam.
2951 1436 3059 1491 Sed
3082 1436 3343 1509 quisquis
3378 1439 3733 1494 lamentatio-

2036 1524 2125 1577 nis
2168 1529 2449 1579 transacta
2497 1526 2721 1596 relegit,
2774 1526 3155 1597 lacrymarum
3202 1531 3465 1597 tempora
3512 1528 3735 1583 videtur

2037 1619 2257 1685 optare.
2286 1614 2464 1669 Nemo
2498 1616 2752 1669 creditur
2782 1632 2898 1669 non
2926 1615 3137 1682 odisse,
3173 1633 3423 1688 quorum
3455 1617 3733 1672 relatione

2038 1719 2155 1756 non
2185 1702 2413 1757 laeditur
2445 1704 2798 1775 :quisiccam
2823 1705 3023 1759 faciem
3050 1706 3118 1759 de
3162 1704 3415 1760 ﬁliorum
3436 1706 3733 1761 funeribus

218 1794 536 1864 mlieritiz,
568 1798 624 1848 et
657 1794 1115 1865 Ionganimitatis
1140 1796 1461 1851 contemnis
1487 1798 1684 1865 (Rom.
1720 1813 1778 1863 ιι,
1822 1799 1874 1868 3)
1896 1796 1923 1851 ?
1962 1796 2007 1852 B
2036 1790 2292 1846 referens
2330 1798 2535 1860 servat,
2568 1799 2720 1849 certo
2750 1797 2893 1848 teste
2923 1794 3277 1849 crudelitatis
3311 1795 3595 1866 arguitur,
3631 1796 3734 1849 Illa

220 1884 515 1937 .tccusatis
564 1884 846 1938 malitiam
889 1883 1097 1955 repleti
1143 1883 1472 1955 iniquitate,
1516 1884 1922 1954 fornicatione,

217 1970 495 2037 avaritia,
509 1971 793 2043 nequitia,
809 1970 1049 2039 invidia,
1062 1972 1415 2040 homicidiis,
1430 1973 1925 2045 condemnatione,

218 2058 774 2131 dolo,malignitate,
804 2060 1053 2130 superbi,
1078 2061 1238 2129 elati,
1263 2062 1585 2117 inventores
1614 2063 1923 2131 malorum,

216 2148 449 2217 parenti
470 2166 589 2204 non
619 2149 958 2217 obedientes,
992 2150 1354 2221 insipientes,
1386 2151 1772 2222 incompositi,
1801 2153 1929 2207 sine

220 2238 616 2295 misericordia
674 2240 844 2310 (Rom
916 2256 953 2308 ι,
1019 2241 1150 2311 29).
1225 2241 1448 2295 Docetis
1510 2240 1926 2297 fornicantibus

224 2329 522 2384 neminem
555 2346 679 2384 esse
701 2330 1080 2397 miscendum,
1115 2330 1359 2384 adulteri
1394 2332 1685 2385 Laurentii
1714 2335 1814 2385 aut
1838 2348 1926 2386 se-

225 2435 453 2489 quaces,
502 2426 606 2473 aut
653 2418 889 2489 praevii:
923 2435 1027 2489 per
1056 2435 1199 2490 quos
1252 2420 1348 2473 ille
1378 2424 1477 2474 aut
1508 2420 1757 2474 exseruit
1796 2436 1927 2491 quae

228 2508 473 2562 habebat
504 2509 715 2576 toxica,
753 2512 854 2562 aut
880 2524 1009 2578 qua:
1050 2506 1349 2562 effundens
1380 2507 1733 2575 monstravit,
1769 2524 1924 2562 acce-

222 2599 320 2665 pit.
378 2598 523 2652 Post
570 2598 728 2651 illam
772 2597 1118 2651 illecebrosas
1164 2597 1587 2651 communionis
1617 2598 1921 2665 maculam,

221 2692 277 2739 ct
318 2691 553 2757 pestem
598 2690 722 2740 toto
770 2686 909 2740 orbe
962 2685 1391 2746 exsecrabilem,
1433 2686 1753 2740 sacerdotes
1794 2686 1924 2755 Dei,

222 2778 380 2846 quasi
432 2775 695 2830 obsoleta
750 2780 1106 2845 comparatos
1155 2774 1587 2843 communione,
1639 2774 1919 2845 culpatis:

222 2880 344 2919 reos
377 2865 605 2936 putatis
633 2880 774 2931 esse,
809 2864 913 2935 qui
942 2864 1164 2918 subiere
1204 2864 1560 2918 consortium
1590 2864 1752 2918 nullo
1783 2869 1923 2919 teste

220 2956 502 3009 convicti:
556 2960 614 3009 et
667 2954 964 3009 sectamini
1014 2954 1309 3009 hominem
1357 2958 1477 3008 toto
1531 2954 1921 3008 ecclesiasticae

224 3043 640 3114 inscriptionis,
674 3059 790 3097 non
835 3042 1020 3097 dicam
1054 3043 1221 3114 stylo,
1255 3042 1353 3095 sed
1396 3057 1529 3095 ense
1578 3040 1919 3111 perfossum.

2037 1881 2339 1951 posteritas
2378 1884 2509 1953 puls
2538 1883 2799 1937 maeroris
2831 1883 3021 1938 attulit
3048 1883 3291 1954 perdita,
3326 1900 3502 1954 quam
3522 1885 3731 1954 jucun-

2038 1969 2230 2023 ditatis
2270 1972 2570 2041 acquisita.
2620 1972 2963 2043 Relegamus
3002 1977 3195 2027 tamen
3252 1972 3461 2044 quibus
3515 1978 3734 2027 mutata

2038 2058 2154 2112 sint
2187 2059 2295 2114 ista
2324 2062 2695 2115 successibus.
2730 2063 2866 2116 Ecce
2890 2062 3013 2131 jam
3043 2061 3102 2115 in
3143 2061 3239 2116 illo
3280 2061 3525 2117 sacrario
3557 2062 3730 2117 liber-

2036 2146 2170 2201 tatis
2192 2148 2335 2203 nihil
2358 2151 2560 2205 servile
2583 2150 2652 2204 de
2670 2150 2957 2205 idolorum
2978 2151 3223 2205 cultibus
3254 2150 3547 2206 invenitur
3567 2171 3580 2206 :
3607 2166 3733 2207 ecce

2036 2235 2324 2291 honorum
2372 2254 2603 2307 corona,
2662 2239 2814 2293 orbis
2844 2240 3050 2310 genius
3107 2239 3209 2295 flos
3252 2241 3569 2311 Romanus,
3602 2258 3730 2313 qua:

2038 2324 2137 2379 diu
2172 2332 2438 2382 venerata
2480 2335 2565 2383 est
2594 2328 2764 2399 plena
2795 2330 3090 2384 sanctitate
3123 2330 3300 2385 calcat
3332 2330 3552 2386 altaria.
3594 2332 3731 2387 Ecce

2033 2413 2153 2484 jam
2187 2417 2345 2470 curia
2378 2433 2509 2471 mea
2536 2418 2607 2472 ad
2645 2419 2854 2473 caelum
2903 2424 3158 2485 vocatur,
3205 2419 3496 2487 laudatur,
3522 2420 3733 2491 accipi-

2037 2507 2166 2559 tur:
2197 2521 2300 2559 nec
2334 2523 2565 2577 possum
2596 2508 2802 2576 dicere,
2835 2508 3150 2580 perdidisse
3180 2526 3271 2563 me
3314 2509 3569 2564 sobolem
3598 2513 3732 2581 post

2035 2596 2279 2666 gratiam
2307 2595 2599 2666 baptismi,
2633 2613 2808 2669 quam
2839 2599 2926 2651 vel
2957 2598 3259 2669 repentina
3288 2614 3443 2653 mors
3474 2598 3727 2653 abstulit.

2035 2684 2246 2741 Multos
2294 2686 2623 2739 trabearum
2671 2687 2752 2739 vel
2806 2686 3094 2740 curulium
3137 2703 3491 2757 possessores
3537 2703 3733 2758 supre-

2034 2788 2165 2827 mus
2204 2778 2476 2844 regnator
2504 2774 2626 2828 sine
2674 2774 2975 2845 dispendio
3014 2775 3221 2838 cultus,
3271 2780 3371 2829 aut
3423 2775 3724 2845 dignitatis

2033 2863 2421 2932 amplectitur.
2451 2864 2604 2917 Pene
2624 2864 2747 2934 jam
2779 2863 2991 2917 terreni
3022 2863 3415 2917 muniﬁcenﬁa
3446 2863 3727 2934 triumphi

2035 2950 2290 3005 divinum
2350 2956 2638 3006 mercatur
2682 2951 2977 3019 affectum;
3007 2956 3062 3005 et
3090 2952 3198 3005 hoc
3240 2952 3313 3005 ad
3360 2951 3569 3007 Christi
3600 2969 3727 3023 gra-

2033 3040 2180 3095 tiam
2211 3041 2454 3111 proﬁcit,
2487 3040 2640 3112 quod
2681 3041 2896 3095 mundo
2927 3040 3164 3095 studetis
3194 3057 3316 3095 esse
3342 3041 3717 3096 venerabiles.

219 3133 381 3195 Quod
394 3106 577 3197 dicet,
612 3106 727 3185 non
750 3132 915 3199 licet;
946 3137 1001 3185 et
1028 3106 1185 3202 quod
1208 3106 1331 3185 non
1358 3130 1509 3199 licet,
1541 3106 1691 3185 licet.
1722 3132 1922 3197 Quem-
1965 3106 2006 3162 Ο
2035 3106 2292 3197 Mentior,
2327 3129 2437 3184 nisi
2464 3106 2644 3200 egena
2665 3129 2899 3201 agmina
2922 3130 3254 3184 consulatus
3274 3129 3445 3184 vestri
3466 3130 3525 3184 in
3548 3130 3731 3185 subsi-

220 3220 536 3277 admodum
551 3222 800 3275 Jamnes
814 3225 869 3274 et
890 3220 1184 3275 Mambres
1206 3219 1541 3275 restiterunt
1567 3220 1827 3285 veritati;
1845 3224 1930 3277 sic

220 3314 272 3363 τι
289 3328 386 3365 vos
409 3312 612 3364 mente
641 3308 889 3380 reprobi,
911 3307 1075 3363 circa
1089 3308 1269 3378 fidem
1290 3306 1632 3379 proditores,
1652 3311 1927 3379 protervi,

222 3401 237 3451 ί
244 3399 431 3469 nﬂali,
439 3402 711 3454 amantes
724 3397 1074 3470 voluptatem
1094 3400 1283 3469 magis
1296 3413 1468 3469 quam
1490 3398 1669 3451 Deum
1682 3415 1703 3459 ;
1723 3396 1931 3453 haben-

222 3495 302 3543 tes
317 3489 582 3561 speciem
598 3488 831 3559 quidem
850 3487 1104 3559 pietatis,
1119 3486 1389 3541 virtutem
1420 3489 1607 3540 autem
1632 3484 1815 3557 ipsius
1833 3484 1931 3540 ab-

216 3580 611 3651 negantssal
642 3578 787 3632 Tim.
817 3593 907 3643 ιιι,
941 3581 991 3644 8,
1012 3582 1067 3630 et
1094 3578 1195 3647 ιν).
1230 3576 1272 3630 Ο
1294 3577 1409 3630 vim
1443 3575 1653 3629 doloris
1681 3572 1926 3629 internil

219 3671 317 3739 qui
345 3669 563 3738 nequit
584 3666 849 3738 expedire
881 3665 1035 3736 quod
1057 3665 1319 3735 concepit
1344 3684 1359 3731 ;
1390 3663 1493 3736 qui
1520 3663 1823 3734 profundis
1847 3663 1933 3717 in-

220 3764 456 3827 gestum
476 3757 797 3811 visceribus
819 3755 1097 3826 loquendi
1119 3754 1385 3808 affectum
1408 3769 1581 3825 quem
1600 3753 1927 3823 imperavit,

222 3848 523 3919 irrumpit.
578 3846 728 3900 Nihil
781 3844 942 3899 vobis
977 3846 1127 3897 ultra
1160 3843 1289 3914 plus
1323 3844 1601 3913 eloquar:
1653 3842 1809 3914 quod
1858 3842 1929 3897 de

219 3938 490 3991 oratione
522 3940 805 4001 remanet,
834 3934 1087 3987 lamenta
1115 3931 1485 4001 supplebunt.

285 4028 432 4081 Post
486 4025 616 4079 haec
674 4023 721 4077 si
777 4023 930 4077 inter
986 4037 1194 4076 manus
1226 4020 1581 4074 medicorum
1633 4018 1930 4073 curatione

219 4114 570 4186 mgrescitis,
617 4128 722 4167 nec
768 4113 966 4183 aliqua
1013 4126 1047 4164 a
1092 4114 1275 4181 coapto
1306 4109 1507 4163 salutis
1550 4108 1929 4163 consideratio

220 4222 317 4259 vos
368 4202 645 4268 reducit;
679 4202 877 4256 saltem
928 4199 1082 4254 orbis
1111 4202 1410 4269 parentem
1438 4198 1641 4251 urbem
1683 4202 1929 4252 vestram

221 4292 541 4363 respicite:
589 4291 714 4361 ipsa
760 4304 858 4345 vos
905 4292 1035 4359 post
1089 4286 1416 4341 defensores
1465 4300 1596 4338 suos
1645 4286 1932 4356 apostolos

221 4397 484 4438 moerens
529 4378 884 4451 aggreditur,
930 4376 1055 4449 ipsa
1105 4376 1439 4446 compellat;
1486 4378 1541 4428 et
1570 4374 1616 4427 si
1660 4374 1802 4445 quid
1846 4379 1932 4430 est

220 4472 463 4542 pietatis
491 4471 555 4525 in
585 4469 897 4541 reliquum,
925 4466 1149 4520 orditur
1180 4466 1557 4536 impetratum
1587 4478 1927 4518 sermonem.

286 4564 413 4626 Me,
438 4574 620 4632 quam
660 4558 762 4613 Dei
791 4555 1003 4611 summi
1034 4556 1269 4626 templa,
1304 4553 1619 4623 repudiatis
1666 4552 1934 4607 fanorum

217 4653 505 4716 cultibus,
558 4653 619 4703 et
654 4662 816 4702 novae
867 4646 1009 4700 lucis
1052 4644 1241 4699 nitore
1279 4642 1647 4714 gaudentem,
1679 4642 1937 4696 fecerunt

220 4758 343 4796 esse
397 4737 815 4809 conspicuam:
874 4750 1049 4806 quam
1093 4738 1225 4803 post
1262 4733 1467 4786 sacella
1517 4730 1831 4797 sordentia,
1882 4733 1937 4783 et

220 4833 413 4885 multo
461 4827 753 4899 pecudum
785 4824 919 4878 tabo
960 4824 1202 4894 polluta,
1245 4821 1315 4875 ab
1360 4820 1679 4875 hostiarum
1711 4834 1934 4885 cruore,

222 4918 516 4975 dominici
536 4931 592 4972 et
608 4913 905 4988 apostolici
924 4912 1217 4985 sanguinis
1235 4908 1435 4966 effusio
1449 4908 1747 4981 purgavit:
1763 4922 1939 4979 quam

221 5009 472 5065 reducta
510 5006 917 5077 post'longum
974 5004 1186 5057 sanitas
1232 5000 1480 5055 febrium
1528 4997 1662 5053 fecit
1702 4997 1938 5052 delubra

222 5105 612 5153 contemnere
638 5110 653 5161 ;
687 5109 863 5164 quam
892 5110 923 5145 a
966 5090 1211 5146 victimis
1233 5088 1497 5144 liberavit
1521 5085 1734 5142 oblatio
1761 5104 1774 5153 ;
1810 5103 1939 5157 quae

225 5202 436 5258 pacem
499 5181 712 5238 Christi
763 5197 868 5253 per
913 5179 1195 5235 idolorum
1244 5176 1575 5232 inimicitias
1624 5174 1936 5245 acquisivi;

221 5275 316 5329 cui
352 5289 482 5329 non
520 5271 760 5326 fuerunt
800 5284 949 5341 pene
980 5266 1380 5323 numerosiora
1418 5265 1587 5327 dona,
1626 5279 1802 5335 quam
1831 5279 1941 5318 nu-

296 5419 312 5451 ¹
362 5412 737 5497 Propejam
772 5408 1003 5497 iterum]
1041 5408 1355 5465 Consulum
1404 5406 1541 5461 olim
1586 5421 1723 5497 mos)
1757 5405 1944 5497 fuerpt

226 5478 516 5561 pecunias
574 5478 633 5539 in
671 5485 961 5561 populum,
986 5478 1292 5561 :spargere,
1335 5495 1465 5561 cum
1497 5478 1941 5561 Aprocedebatit:

223 5542 369 5616 iam,
401 5572 631 5613 morem
662 5542 1321 5627 abrogarat‘blarcivanus,
1352 5552 1477 5621 lege
1496 5542 1533 5603 2'
1560 5550 1684 5605 cod.
1707 5548 1777 5627 de
1799 5542 1945 5603 CG]-

221 5633 481 5691 sulibus.
528 5630 734 5701 Itaque
762 5619 1013 5685 Eunodii
1040 5630 1304 5697 tempore
1350 5619 1469 5682 non
1497 5619 1938 5692 spargebautur.

2036 3219 2129 3273 dio
2151 3218 2512 3272 miseriarum
2538 3220 2946 3289 praestolamur
2973 3220 3303 3273 adventum.
3338 3219 3561 3273 Etenim
3589 3235 3725 3290 pur—

2036 3324 2183 3379 pura
2228 3312 2412 3361 vestra
2442 3324 2555 3379 qua
2584 3308 2723 3361 anni
2762 3308 3101 3361 vocabulum
3148 3307 3486 3375 nobilitatis,
3536 3308 3731 3363 subri-

2036 3396 2291 3467 pientem
2324 3396 2549 3451 miseris
2584 3396 3056 3451 vestimentorum
3090 3396 3353 3467 largitate
3379 3397 3544 3466 pellit
3570 3398 3728 3467 algo-

2036 3486 2233 3540 rem.‘
2284 3488 2469 3556 Prope
2531 3485 2652 3556 jam
2726 3485 2934 3539 iterum
3004 3485 3440 3539 necessitatibus
3497 3484 3731 3541 fuerunt

2037 3573 2315 3628 auxilium
2345 3575 2549 3628 decora
2576 3574 2851 3628 fastorum
2873 3590 2886 3641 ;
2906 3578 2963 3627 et
2982 3574 3158 3628 veteri
3181 3573 3520 3628 inﬁdelitate
3551 3574 3729 3646 depo-

2037 3660 2165 3728 sita,
2198 3661 2256 3716 in
2287 3662 2388 3716 tali
2418 3661 2835 3733 praeparatione
2856 3678 3059 3717 census
3083 3662 3381 3734 dispendia
3401 3662 3731 3717 efﬁciuntur

2036 3751 2194 3805 lucra
2239 3751 2583 3806 animarum.
2635 3752 2773 3806 Ecce
2819 3768 2975 3806 nunc
3018 3751 3088 3806 ad
3119 3752 3488 3822 gestatoriam
3528 3754 3729 3807 sellam

2037 3840 2367 3910 apostolica:
2401 3840 2778 3895 confessionis
2812 3841 2927 3895 uda
2958 3840 3189 3894 mittunt
3222 3841 3424 3895 limina
3453 3842 3729 3897 candida-

2036 3933 2148 3995 tos,
2181 3934 2238 3983 et
2266 3930 2537 3984 uberibus
2569 3930 2782 4001 gaudio
2814 3934 3071 3984 exactore
3117 3929 3346 3984 ﬂetibus
3390 3932 3597 3985 collata
3627 3931 3727 3986 Dei

2035 4016 2316 4071 beneﬁcio
2363 4018 2513 4072 dona
2550 4019 2936 4089 geminantur.
2976 4017 3113 4083 Quis
3142 4022 3401 4088 tempore
3442 4034 3557 4089 quo
3593 4035 3727 4091 pre-

2036 4107 2200 4162 tiosis
2229 4107 2507 4161 siccamus
2537 4106 2713 4161 ubera
2741 4106 3039 4177 partubus,
3072 4122 3188 4177 quo
3220 4107 3442 4178 prolem
3476 4114 3730 4162 nostram

2037 4200 2251 4251 interna
2288 4194 2535 4267 genitrix
2564 4211 2755 4249 rursus
2786 4194 3043 4265 paritura
3086 4210 3240 4249 nunc
3270 4194 3523 4266 suscipit,
3570 4196 3734 4265 cujus

2038 4292 2170 4354 post
2201 4284 2447 4356 primam
2471 4284 2828 4339 nativitatem
2852 4282 3173 4353 grandaevis
3202 4282 3413 4337 fetibus
3437 4284 3595 4337 alvus
3625 4284 3731 4338 im-

1966 4409 2012 4463 D
2044 4373 2250 4445 pietur,
2287 4390 2416 4445 qua:
2445 4372 2854 4463 mihiprolem
2876 4371 3291 4463 regenerando
3326 4372 3551 4463 dulcem
3592 4372 3731 4463 facit

2046 4478 2188 4528 esse,
2216 4478 2389 4532 quam
2417 4462 2636 4532 peperi,
2667 4477 2795 4531 quae
2825 4460 2897 4515 ad
2925 4476 2983 4513 se
3022 4459 3319 4514 venientes
3347 4459 3571 4514 senium
3602 4460 3736 4515 facit

2045 4566 2271 4617 exuere,
2305 4554 2362 4605 et
2408 4549 2481 4604 ad
2527 4551 2658 4604 vita:
2686 4548 2971 4620 principia
3015 4548 3201 4603 redire
3232 4552 3572 4617 contractos,
3608 4549 3739 4620 quis

2044 4638 2192 4694 hanc
2228 4638 2581 4704 felicitatem,
2641 4653 2804 4708 rogo,
2859 4637 3323 4708 interpellatione
3370 4636 3737 4692 commutat?

2048 4727 2185 4793 Quis
2212 4744 2315 4799 per
2345 4728 2688 4783 discordiam
2713 4727 2969 4796 viperina
2997 4730 3188 4781 mente
3221 4727 3600 4797 compositam
3638 4742 3740 4781 au-

2046 4817 2131 4872 rei
2162 4818 2305 4872 mihi
2334 4817 2525 4871 seculi
2551 4817 2721 4887 jubet
2739 4816 2929 4886 perire
2957 4816 3286 4871 beneﬁcia?
3316 4816 3443 4887 quis
3482 4816 3542 4871 in
3581 4832 3742 4871 reno-

2047 4906 2273 4961 vatione
2319 4922 2449 4960 mea
2493 4920 2756 4960 occasum
2804 4905 3193 4960 clandestinus
3233 4905 3497 4975 inspirat,
3547 4910 3603 4960 et
3639 4922 3743 4977 per

2044 4995 2271 5051 blandas
2318 4993 2523 5049 frontis
2572 4993 2821 5064 speciem
2870 4993 3189 5047 inimicitiis
3251 4994 3396 5048 vires
3444 4992 3739 5064 acquirit?

2051 5084 2397 5140 Generosam
2427 5083 2488 5137 in
2516 5082 2618 5137 tali
2665 5082 2901 5153 negotio
2953 5082 3279 5154 prosapiem
3318 5098 3436 5136 non
3468 5098 3735 5152 agnosco.

2049 5173 2109 5228 Si
2151 5174 2251 5244 qui
2299 5178 2431 5227 sunt
2459 5176 2655 5226 tamen
2686 5188 3067 5239 summorum,
3100 5187 3245 5243 quos
3274 5170 3486 5225 vilibus
3515 5175 3745 5241 tempe-

2052 5262 2211 5317 statis
2244 5262 2415 5332 hujus
2435 5260 2692 5333 procella
2718 5262 2975 5331 sociavit,
3009 5261 3135 5315 aliis
3164 5260 3492 5315 auctoribus
3524 5259 3745 5315 facino-

2054 5404 2164 5461 Sed
2210 5402 2347 5474 quia
2376 5402 2501 5473 ejus
2533 5401 2639 5456 aevi
2683 5401 2973 5474 consules,
2996 5400 3057 5474 i_n
3098 5399 3452 5474 honoris‘sui
3481 5402 3751 5474 auspiciis

2051 5470 2245 5555 multa
2252 5474 2313 5527 in
2333 5470 2877 5555 pauperes‘erogare
2898 5470 3510 5555 sol.ebanlt_,.pristinum
3526 5470 3749 5555 morem

2096 5542 2501 5673 ugdainmodo,
2543 5545 2643 5600 sed
2680 5542 2921 5600 feliciori
2951 5542 3315 5611 liberalitate,
3344 5558 3621 5601 renovare
3658 5546 3751 5599 vi-

2093 5634 2123 5673 e
2168 5633 2240 5672 an
2273 5632 2360 5672 ur.
