4060 6174
322 380 427 432 207

1540 380 1824 437 ENNODII
1863 379 2183 439 EPISCOPI
2216 379 2608 436 TICINENSIS

3706 381 3807 434 208

322 525 450 563 rum
504 508 941 580 participatione
970 511 1347 565 maculantur.
1396 509 1678 581 Splendor
1708 512 2025 583 sanguinis,
2064 512 2304 583 Agionis
2352 510 2615 582 gaudetis
2642 508 2986 581 impunitate
3019 508 3324 564 vitiorum:
3375 525 3625 581 quorum
3668 510 3813 565 labia

322 604 381 653 et
408 599 455 652 si
512 600 979 653 communionem
1009 599 1264 653 criminis
1312 599 1569 668 incurrit,
1612 602 1792 655 nescit
1820 607 2013 657 tamen

324 688 527 742 ducem
556 705 613 742 se
644 689 901 758 prabere
936 689 1318 758 peccantibus.
1370 690 1546 743 Habet
1592 690 1830 745 forsitan
1879 710 2010 747 rea-

323 781 444 830 tum
475 777 543 831 de
575 779 829 847 neglecta
858 777 1142 843 cautione,
1175 793 1291 831 non
1316 778 1485 831 habet
1520 778 1761 848 dignum
1790 781 2006 851 suppli-

323 866 475 919 cium
508 866 576 920 de
599 868 873 919 scelerum
896 865 1242 936 principatu.
1270 866 1384 920 Sub
1405 868 1652 937 quadam
1672 871 2013 925 verecundia

318 954 581 1025 jungitur
606 955 1089 1025 delinquentibus,
1136 954 1235 1026 qui
1265 957 1335 1009 ad
1365 956 1771 1027 adultajurgia
1793 975 2008 1013 convo-

320 1047 514 1097 catur:
571 1059 687 1096 non
722 1047 973 1096 meretur
1004 1043 1462 1113 desperationem
1492 1046 1725 1114 perditi,
1781 1047 1841 1100 in
1896 1064 2009 1119 quo

319 1129 494 1182 facilis
517 1135 738 1183 tantum
760 1132 1067 1185 crudelitas
1089 1133 1467 1203 improbatur.
1492 1134 1596 1187 Vos
1616 1136 1807 1204 potius
1824 1136 2005 1203 video,

319 1218 622 1273 triviorum
653 1219 937 1290 germina,
986 1238 1085 1275 vos
1118 1238 1363 1291 agnosco
1399 1239 1410 1277 :
1448 1222 1507 1276 in
1550 1224 1758 1294 quibus
1791 1230 2008 1280 natura

316 1306 501 1360 vilitas
530 1308 931 1362 convenientes
979 1310 1085 1363 sibi
1135 1326 1321 1365 mores
1370 1313 1591 1382 peperit
1619 1333 1632 1379 ;
1660 1330 1802 1384 quos
1834 1315 2005 1384 dege-

318 1410 541 1448 nerasse
565 1395 791 1449 claritas
814 1394 1025 1449 fuerat:
1062 1396 1162 1466 qui
1194 1413 1295 1466 per
1328 1400 1587 1450 mentita
1619 1398 1851 1453 titulum
1878 1400 2006 1453 reli-

2122 614 2417 673 nunquam
2444 605 2542 655 aut
2573 600 2859 654 honorum
2890 616 3061 669 sapor
3090 598 3299 670 tetigit,
3323 604 3420 654 aut
3447 599 3657 670 quietis
3681 615 3695 653 :
3716 599 3813 670 qui

2120 692 2203 745 fas
2235 706 2404 745 omne
2436 689 2647 760 origini
2678 690 2929 759 parendo
2962 690 3206 755 violatis,
3240 706 3383 760 quos
3413 689 3481 743 de
3508 688 3739 743 latebris
3761 693 3815 742 et

2121 780 2403 851 specubus
2447 780 2756 850 productos
2788 795 3039 847 prasens
3074 794 3246 833 causa
3277 778 3639 833 monstravit.
3680 777 3813 842 Quis

2120 873 2250 922 ante
2276 868 2777 922 concinnationem
2795 867 2934 921 mali
2958 868 3150 937 hujus,
3175 866 3276 937 qui
3297 868 3515 933 essetis,
3540 866 3814 937 agnovit?

2120 957 2218 1011 diu
2259 957 2479 1012 fovistis
2532 962 2767 1022 secreta,
2830 957 3037 1027 quibus
3103 974 3200 1010 vos
3260 973 3367 1011 nox
3426 956 3815 1027 generationis

2120 1045 2437 1100 abdiderat.
2488 1045 2687 1100 Redite
2722 1046 2912 1116 potius
2942 1046 3010 1099 ad
3046 1045 3287 1100 amicam
3330 1047 3678 1099 cacitatem:
3712 1060 3811 1098 no-

2118 1134 2205 1188 bis
2233 1151 2494 1188 serenam
2525 1140 2582 1188 et
2613 1135 2946 1188 diuturnam
2976 1135 3163 1188 lucem
3201 1134 3544 1206 relinquite:
3579 1149 3813 1188 concor-

2117 1223 2269 1277 diam
2316 1222 2596 1289 Ecclesia,
2629 1229 2725 1277 aut
2785 1223 3061 1291 absentia,
3108 1228 3208 1277 aut
3254 1223 3607 1278 correctione
3664 1239 3813 1293 pra-

2115 1316 2281 1367 state.
2328 1312 2381 1366 Si
2415 1318 2609 1366 tamen
2644 1312 2814 1366 vultis
2858 1328 2952 1366 vos
2984 1312 3278 1366 numerari
3310 1312 3461 1366 inter
3488 1312 3813 1383 splendidas

2114 1401 2428 1471 prosapies,
2463 1406 2694 1456 actuum
2725 1401 3126 1456 emendatione
3148 1417 3508 1473 cognoscam.

1438 1606 2139 1697 OPUSCULUM
2197 1612 2728 1699 TERTIUM.

752 1764 772 1800 ί
816 1771 988 1823 vna
1024 1772 1472 1825 beatissimi
1511 1776 1667 1827 viri
1705 1778 2119 1838 eplphanii
2157 1779 2507 1840 episcopi
2546 1779 3377 1833 iiclnensiseccle-iae.

1930 1906 2216 1918 ———_

386 1973 652 2038 Quamvis
695 1989 786 2027 me
817 1978 1021 2044 urgeat
1045 1973 1393 2044 suscipiendi
1426 1975 1614 2046 operis
1660 1992 1867 2048 anceps
1903 1994 2011 2032 ne-
2051 1980 2092 2033 B
2126 1984 2187 2035 ut
2212 1980 2470 2053 plerique
2499 1983 2699 2049 solent,
2724 1981 2895 2035 vividi
2920 1980 3201 2035 sermonis
3232 1980 3596 2051 ampliﬁcem.
3625 1982 3817 2036 Testes

316 2063 566 2130 cessitas,
600 2067 655 2116 et
684 2079 713 2117 e
745 2062 981 2133 regione
1026 2062 1325 2132 impositus
1368 2064 1456 2131 sit,
1506 2081 1611 2119 nec
1659 2082 1787 2120 meo
1820 2067 2013 2122 labore

314 2169 546 2221 vacuus,
580 2168 683 2205 nec
718 2151 1128 2206 maledicorum
1152 2152 1561 2223 disceptatione
1602 2158 1916 2222 tractatus;
1951 2156 2011 2211 in

314 2258 427 2313 quo
464 2241 697 2311 gemina
726 2240 912 2294 cautio
951 2240 1237 2307 dictionis,
1272 2242 1404 2295 hinc
1446 2243 1767 2297 ubertatem
1810 2261 2009 2315 exspe-

314 2335 427 2384 ctet
452 2330 694 2400 ingenii,
730 2330 863 2383 inde
894 2329 1065 2383 etiam
1101 2330 1296 2400 lingua
1316 2330 1588 2385 divitibus
1611 2333 1882 2386 narrandi
1904 2333 2011 2386 fre-

310 2434 415 2472 nos
441 2420 700 2488 imponat
726 2436 738 2485 ;
761 2435 889 2473 cum
918 2419 1068 2489 ipsas
1089 2419 1595 2487 eminentissimas,
1620 2426 1685 2475 ut
1706 2427 2006 2491 putentur,

311 2508 373 2561 in
393 2509 599 2562 saculo
659 2524 804 2561 vana
835 2507 1131 2561 inﬂatione
1163 2524 1437 2578 personas
1481 2509 1527 2561 si
1589 2511 1716 2579 quis
1768 2516 2007 2564 ventoso

312 2596 557 2650 nimium
588 2596 873 2650 studuerit
918 2598 1140 2651 elevare
1174 2597 1479 2667 praeconio,
1516 2604 1615 2652 aut
1646 2599 1797 2652 intra
1828 2605 2010 2670 gesto-

312 2702 441 2739 rum
490 2686 803 2740 terminum
833 2685 1032 2756 inopia
1086 2687 1296 2757 eloquii
1350 2687 1664 2753 continere,
1701 2693 2007 2760 utrumque

312 2775 463 2845 apud
497 2790 591 2828 eas
618 2774 908 2845 judicetur
936 2774 1247 2844 ingratum.
1276 2778 1341 2829 In
1373 2777 1637 2831 laudibus
1674 2777 1829 2831 enim
1868 2779 2008 2847 ipsis

311 2867 476 2934 turpe
512 2868 594 2917 est
619 2864 714 2917 illa
738 2864 965 2931 cudere,
996 2881 1122 2935 qua
1158 2880 1259 2918 nec
1290 2866 1386 2919 ille
1419 2866 1487 2919 de
1520 2882 1633 2937 quo
1682 2874 2003 2936 narrantur,

312 2957 579 3022 agnoscat
612 2970 622 3007 :
661 2953 738 3006 sic
769 2952 1113 3023 injuriosum
1145 2958 1203 3007 et
1233 2953 1429 3007 dolore
1474 2954 1717 3024 dignum
1749 2959 2003 3024 putatur,

309 3043 448 3097 illud
474 3043 765 3113 praeterire
788 3042 1034 3105 silentio,
1059 3044 1213 3114 quod
1243 3043 1442 3097 relatio
1464 3060 1593 3097 vera
1624 3044 1804 3115 possit
1834 3045 2006 3098 attol—

310 3132 447 3185 lere.
488 3132 709 3185 Etenim
742 3148 830 3185 res
853 3132 996 3186 bene
1023 3136 1195 3202 gesta:
1236 3137 1495 3186 veterum
1536 3138 1863 3187 nostrorum
1904 3150 2007 3204 pro

308 3221 608 3274 referentis
638 3221 793 3290 apud
816 3237 917 3274 nos
938 3222 1227 3291 accipiunt
1253 3220 1523 3276 facultate
1551 3222 1841 3276 virtutem.
1865 3224 2005 3277 Nam

310 3324 459 3362 vera
503 3313 602 3363 aut
653 3281 803 3378 perit
850 3281 1089 3376 notitia,
1140 3313 1238 3363 aut
1295 3313 1656 3367 attenuatum
1689 3311 1895 3364 transit
1932 3312 2004 3366 ad
2045 3281 2085 3337 Ο

312 3401 564 3467 posteros
586 3397 740 3467 quod
765 3396 835 3450 ad
855 3398 1255 3467 explicandum
1276 3414 1496 3468 pauper
1527 3399 1835 3453 verborum
1863 3416 2007 3455 vena

310 3486 659 3556 susceperit:
693 3490 747 3540 et
775 3486 872 3539 illa
904 3486 1056 3541 haud
1081 3487 1237 3557 justo
1274 3489 1294 3520 ²
1322 3487 1556 3541 liberior
1586 3488 1838 3542 laudatio
1872 3493 2007 3543 tan-

308 3576 434 3626 tum
491 3573 743 3642 decerpit
776 3573 994 3643 gloria,
1051 3580 1333 3643 quantum
1392 3575 1654 3628 falsitatis
1710 3576 2001 3646 adjecerit.

314 3662 398 3715 Fit
426 3677 558 3715 vero
604 3662 963 3732 plerumque,
1012 3665 1075 3715 ut
1104 3662 1213 3716 ﬁde
1248 3680 1447 3717 carens
1488 3665 1752 3717 cumulus
1784 3664 2007 3721 minuat

311 3750 487 3820 probe
516 3750 661 3804 facta
696 3752 1030 3815 multorum,
1069 3756 1124 3805 et
1149 3752 1223 3805 sit
1254 3769 1399 3806 vana
1431 3754 1681 3807 narratio
1722 3771 1852 3825 qua
1883 3771 2004 3810 cre-

310 3839 411 3893 scit
444 3856 509 3893 ex
540 3840 890 3893 mendaciis:
924 3840 1326 3910 intempestiva
1367 3848 1422 3895 et
1450 3843 1713 3896 mendica
1738 3844 2004 3912 nimium,

312 3945 439 3999 qua
470 3946 584 3983 non
635 3929 949 3999 pertransit
1006 3930 1077 3983 ad
1136 3931 1472 3985 terminum.
1510 3934 1787 3996 Quocirca
1823 3935 2001 3989 vitam

309 4018 624 4072 beatissimi
655 4018 964 4088 Epiphanii
996 4019 1309 4073 Ticinensis
1338 4021 1607 4075 antistitis
1640 4028 1998 4089 narraturus,

310 4107 487 4161 invito
515 4107 789 4177 Spiritum
816 4112 1074 4161 sanctum
1098 4113 1303 4162 testem
1328 4112 1572 4179 jactuum
1599 4112 1722 4180 ejus
1754 4116 1807 4164 et
1829 4112 2005 4165 comi-

307 4200 443 4262 tem,
494 4200 557 4249 ut
601 4195 779 4265 ipsius
820 4196 1033 4250 auxilio
1085 4196 1330 4265 gloriam
1381 4198 1741 4253 conscientia
1772 4201 2005 4253 serenis-

308 4286 465 4339 sima
504 4301 677 4355 quam
708 4284 895 4339 eidem
941 4286 1237 4353 concessit,
1273 4288 1493 4341 tradam
1523 4288 1733 4342 chartis
1773 4288 2003 4343 victuris

305 4374 364 4427 in
397 4375 635 4441 saculo;
690 4378 754 4427 ut
796 4374 1126 4444 exemplum
1158 4376 1473 4446 prabitura
1517 4376 1795 4430 virtutum
1846 4393 2004 4431 nun-

305 4479 479 4533 quam
514 4463 667 4517 fama
697 4462 992 4519 moriatur.
1030 4465 1092 4518 In
1124 4481 1238 4535 quo
1268 4470 1461 4518 tamen
1481 4481 1673 4534 opere,
1709 4465 1757 4518 si
1781 4482 1871 4519 me
1900 4483 2002 4520 an-

2123 2072 2339 2127 etenim
2367 2072 2677 2126 calentium
2696 2071 2881 2125 citabo
2914 2071 3296 2141 negotiorum,
3331 2075 3387 2125 et
3418 2076 3635 2141 tropaa
3658 2071 3816 2126 illius

2123 2159 2307 2214 adhuc
2355 2160 2652 2223 fumantia,
2683 2165 2739 2214 et
2778 2165 3051 2215 exornata
3089 2159 3157 2214 de
3198 2159 3485 2213 manubiis
3518 2159 3816 2214 diabolica

2124 2248 2397 2303 nuditatis
2428 2250 2745 2303 ostendam.
2773 2252 2948 2303 Nemo
2980 2249 3132 2301 enim
3166 2248 3270 2302 sub
3303 2248 3481 2302 oculis
3521 2250 3825 2319 prasentia

2120 2353 2265 2407 pene
2301 2343 2358 2392 et
2389 2338 2634 2393 nimium
2664 2342 2798 2393 nota
2832 2344 3265 2402 commemorat,
3304 2338 3414 2392 nisi
3442 2339 3540 2409 qui
3570 2341 3639 2393 de
3672 2339 3820 2393 veri-

2118 2430 2231 2479 tate
2273 2427 2548 2481 conﬁdit:
2601 2432 2664 2482 ut
2711 2444 2855 2499 quos
2893 2428 3133 2481 forsitan
3178 2428 3307 2482 ﬁcta
3350 2428 3630 2494 dicturus,
3660 2428 3821 2482 velut

2120 2514 2496 2585 impudentia
2527 2533 2670 2571 mea
2702 2517 2984 2583 conscius,
3018 2517 3315 2583 evitarem,
3348 2534 3547 2572 corum
3580 2516 3815 2572 auribus

2118 2605 2373 2675 relegam
2406 2606 2503 2659 illa
2536 2622 2664 2677 qua
2694 2607 2963 2677 cognovit
2989 2612 3269 2676 aspectus.

2188 2694 2368 2764 Igitur
2419 2695 2690 2765 prafatus
2736 2696 2823 2749 vir
2871 2694 3111 2766 insignis
3162 2695 3515 2766 Epiphanius
3569 2695 3815 2749 oriundo

2117 2784 2428 2837 Ticinensis
2451 2784 2648 2855 oppidi
2678 2784 2953 2855 indigena
2982 2785 3109 2850 fuit,
3139 2789 3299 2855 patre
3331 2785 3523 2839 Mauro
3564 2789 3832 2855 genera-'

2118 2876 2209 2926 tus
2255 2877 2311 2927 et
2341 2877 2525 2927 matre
2576 2873 2807 2928 Focaria
2839 2874 3046 2939 editus,
3080 2890 3205 2945 qua
3239 2878 3259 2909 ³
3303 2874 3481 2927 sancti
3518 2874 3688 2927 etiam
3726 2872 3822 2928 Mi-

2117 2961 2345 3015 rocletis
2393 2962 2729 3017 confessoris
2777 2967 2832 3017 et
2882 2963 3136 3033 episcopi
3168 2963 3440 3032 tangebat
3488 2962 3822 3033 prosapiem

2116 3050 2444 3105 hominibus
2480 3069 2548 3106 ex
2580 3052 2796 3122 liquido
2836 3051 3209 3123 ingenuitatis
3243 3052 3396 3105 fonte
3428 3052 3814 3106 venientibus.

2115 3139 2224 3194 Sed
2253 3140 2390 3209 quid
2440 3140 2672 3195 illorum
2713 3145 2969 3196 retexam
3018 3141 3315 3212 sanguinis
3348 3141 3813 3210 prarogativam,

2116 3245 2361 3300 quorum
2382 3230 2613 3285 familia
2641 3235 2697 3286 et
2720 3230 3034 3285 nobilitatis
3054 3235 3225 3300 caput
3246 3235 3331 3285 est
3353 3230 3504 3283 ﬁlius
3520 3228 3547 3282 ?
3575 3229 3683 3294 Qui
3711 3230 3819 3283 sub

2117 3319 2410 3373 decessore
2460 3337 2560 3374 suo
2602 3320 2724 3374 viro
2771 3321 3142 3390 integerrimo
3174 3324 3195 3356 ‘
3232 3319 3491 3390 Crispino
3537 3318 3815 3389 pontiﬁce

2115 3408 2357 3463 coelestis
2393 3410 2615 3464 militia
2646 3410 2977 3463 tirocinium
3012 3409 3272 3473 sortitus,
3306 3424 3592 3462 annorum
3630 3409 3812 3464 ferme

2115 3503 2238 3551 octo
2272 3498 2498 3551 lectoris
2531 3496 2892 3552 ecclesiastici
2922 3498 3158 3567 suscipit
3179 3498 3455 3566 ofﬁcium,
3488 3498 3651 3567 signo
3680 3504 3817 3553 ante

2114 3586 2332 3640 coalitus
2379 3587 2788 3640 demonstrato.
2838 3587 2978 3640 Nam
3023 3586 3162 3639 dum
3203 3591 3352 3639 esset
3391 3584 3451 3639 in
3482 3586 3817 3657 crepundiis

2116 3674 2381 3729 lactentis
2435 3676 2714 3743 infantia,
2765 3674 2988 3729 fulsisse
3034 3675 3157 3744 ejus
3221 3674 3507 3729 cunabula
3563 3690 3819 3745 superno

2113 3762 2331 3816 lumine
2378 3763 2569 3817 videre
2618 3763 3014 3834 complurimi:
3055 3770 3117 3817 ut
3179 3764 3430 3819 futuram
3462 3765 3672 3818 mentis
3700 3765 3818 3818 cla-

2114 3851 2339 3904 ritatem
2374 3852 2619 3905 lustrans
2651 3869 2781 3906 eum
2809 3855 3210 3923 etpracedens
3238 3854 3427 3924 fulgor
3462 3853 3816 3923 ostenderet,

2115 3945 2563 4011 secuturumque
2608 3942 2979 4013 splendoaem
3004 3943 3063 3996 in
3092 3943 3350 3997 moribus
3379 3943 3498 4013 jam
3542 3947 3676 3996 tunc
3726 3947 3819 4013 ty-

2113 4031 2242 4100 pica
2267 4031 2389 4083 luce
2416 4032 2684 4101 signaret.
2716 4032 2989 4085 Notarum
3023 4031 3081 4085 in
3122 4032 3422 4085 scribendo
3453 4030 3817 4102 compendia,

2113 4124 2168 4171 et
2198 4117 2415 4188 ﬁguras
2450 4118 2629 4172 varias
2659 4119 2967 4172 verborum
2990 4118 3420 4174 multitudinem
3443 4120 3823 4190 comprehen-

2112 4207 2310 4260 dentes
2354 4207 2509 4261 brevi
2557 4213 2868 4275 assecutus,
2917 4207 2979 4261 in
3019 4209 3393 4278 Exceptorum
3439 4222 3680 4261 numero
3715 4208 3820 4262 de-

2112 4296 2331 4350 dicatus
2364 4296 2594 4364 enituit,
2636 4297 2920 4367 capitque
2957 4298 3078 4367 jam
3122 4297 3250 4351 talis
3292 4296 3571 4366 excipere,
3626 4296 3821 4367 qualis

2112 4385 2292 4455 possit
2318 4385 2441 4439 sine
2472 4386 2759 4441 bonorum
2800 4387 3161 4441 oblocutione
3195 4386 3428 4440 dictare.
3463 4386 3643 4457 Igitur
3669 4401 3821 4455 pro-

2112 4490 2266 4527 cessu
2314 4475 2592 4546 temporis
2652 4480 2708 4529 et
2749 4475 2958 4529 laboris
3012 4476 3083 4529 ad
3137 4480 3359 4528 sextum
3413 4479 3468 4528 et
3518 4474 3815 4529 decimum

306 4553 500 4623 gustia
530 4568 645 4605 non
700 4554 1069 4608 coarctaverit
1127 4554 1473 4625 eloquentia
1531 4554 1649 4606 sub‘
1687 4558 1839 4608 certa
1878 4556 2001 4626 lege
2041 4582 2084 4634 D
2116 4563 2299 4617 atatis
2330 4579 2547 4617 annum
2581 4564 2771 4617 divino
2803 4564 2994 4617 favore
3024 4563 3354 4634 perductus,
3396 4578 3537 4617 cana
3570 4562 3817 4616 consilia

305 4642 607 4707 currentis,
639 4645 703 4695 ut
731 4642 928 4696 saltem
960 4643 1133 4697 cruda
1153 4659 1256 4713 per
1273 4643 1532 4696 ordinem
1567 4642 1824 4713 digeram
1856 4644 2002 4700 facta

305 4732 681 4785 meritorum:
718 4731 861 4785 nihil
912 4736 1104 4786 tamen
1153 4733 1221 4787 de
1250 4732 1542 4786 laboribus
1574 4733 1697 4803 ejus
1729 4739 1843 4787 tam
1876 4750 1997 4789 me-

304 4821 495 4875 diocre
516 4822 603 4875 vel
629 4821 844 4875 humile
866 4822 1173 4888 inveniam,
1200 4822 1612 4876 ntnecessariis
1636 4823 1777 4877 illud
1804 4824 1995 4889 bullis,

376 4965 394 4999 ί
445 4964 583 5019 Vita
607 4962 925 5018 beatissimi
953 4961 1285 5033 Epiphanii]
1318 4964 1496 5033 Hujus
1527 4964 1669 5025 Vita,
1697 4963 1797 5017 vix
1828 4965 2000 5033 tertia

304 5050 433 5104 pars
464 5042 588 5089 erat
618 5035 675 5087 in
719 5035 968 5089 editione
998 5034 1292 5088 Basiliensi
1319 5050 1331 5086 :
1368 5052 1472 5088 nos
1502 5036 1725 5105 reliqua
1758 5036 1991 5105 supple-

302 5106 487 5159 vimus
543 5123 607 5159 ex
644 5105 1065 5173 manuscriptis.
1121 5107 1195 5156 Ac
1247 5120 1383 5157 sane
1435 5106 1711 5159 intererat
1782 5107 1997 5176 publici

294 5177 443 5246 juris
487 5177 612 5230 ﬁeri
644 5182 824 5230 totum
874 5176 1379 5246 hocopusculum,
1428 5178 1581 5243 quod
1628 5176 1777 5231 inter
1807 5179 1997 5232 Enno-

300 5244 491 5313 diana,
525 5254 589 5301 ut
615 5248 952 5310 maximum,
988 5244 1067 5298 ita
1096 5245 1380 5314 optimum
1412 5248 1655 5310 videtur,
1692 5254 1745 5303 et
1776 5249 1995 5303 variam

301 5335 362 5373 ac
396 5319 772 5388 multiplicem
800 5318 1028 5370 illorum
1060 5321 1382 5385 temporum
1414 5316 1713 5373 historiam
1742 5320 1994 5389 comple-

299 5392 490 5444 ctitur.

368 5462 389 5495 ²
434 5462 495 5514 ln
552 5460 686 5514 edit.
720 5458 956 5531 Schotti,
989 5456 1303 5531 liberiqlor,
1330 5457 1673 5531 Eollandus,
1708 5460 1813 5515 illa
1834 5462 1993 5531 justo

299 5531 548 5589 liberior.
588 5532 752 5585 Forte
783 5530 895 5584 illa
944 5531 1101 5598 justo
1134 5527 1451 5583 liberalior.

369 5604 390 5637 ³
430 5605 493 5658 S.
522 5600 864 5669 Mirocletis]
900 5599 1156 5670 Episcopi
1190 5598 1641 5666 Mediolanensis,
1678 5601 1777 5671 qui
1812 5601 1989 5672 judex

296 5674 445 5729 inter
474 5673 613 5726 alios
644 5673 788 5726 sedit
816 5675 873 5725 in
904 5688 1074 5724 causa
1114 5671 1420 5738 Caciliani,
1456 5673 1810 5741 temporibus
1842 5676 1987 5728 Con-

297 5742 555 5807 stantini,
586 5746 652 5797 ut
698 5746 897 5797 narrat
939 5742 1173 5812 Optatus
1225 5742 1322 5797 lib.
1373 5758 1411 5797 1.
1462 5742 1766 5797 Mirocletis
1795 5745 1989 5800 saculi

294 5814 434 5870 vitio
459 5814 699 5883 dictum,
729 5830 833 5883 pro
863 5812 1120 5882 Miroclis,
1156 5829 1270 5885 quo
1301 5830 1438 5870 usus
1468 5818 1552 5870 est
1577 5813 1830 5871 Mirocles
1863 5816 1985 5885 ipse

2111 4652 2170 4707 in
2202 4653 2369 4705 annis
2397 4652 2715 4723 puerilibus
2746 4653 3151 4707 meditabatur.
3185 4651 3469 4706 Vernabat
3490 4652 3550 4706 in
3576 4652 3672 4706 illo
3695 4668 3818 4721 pra

2109 4742 2324 4795 cateris
2358 4746 2539 4795 mater
2558 4742 2837 4795 bonorum
2869 4757 3108 4811 operum
3131 4741 3494 4795 verecundia.
3528 4743 3607 4794 lta
3628 4740 3818 4794 famn-

2109 4830 2333 4884 labatur
2365 4831 2605 4884 antistiti
2639 4830 2841 4895 libens,
2876 4830 3004 4884 utsi
3029 4830 3169 4901 quid
3196 4829 3387 4901 operis
3412 4834 3710 4899 gereretur
3737 4830 3815 4883 ab

2107 4976 2169 5028 in
2218 4975 2653 5044 epigrammate,
2712 4975 2865 5044 quod
2916 4975 3105 5046 beato,
3138 4973 3489 5046 Anatholoni
3539 4972 3818 5046 episcopo

2106 5046 2507 5115 pradecessori
2536 5062 2637 5098 suo
2679 5050 2888 5115 posuit,
2938 5045 3252 5115 clausitque
3295 5044 3404 5098 hoc
3434 5044 3717 5101 disticho:

2262 5152 2354 5199 llic
2382 5151 2595 5209 ttulum,
2622 5154 2674 5199 et
2700 5152 2840 5213 picto
2863 5151 3193 5213 venerandos
3224 5152 3420 5213 pariete
3443 5150 3623 5199 vultus

2354 5213 2584 5261 Miroclis
2611 5213 2784 5261 reddit
2814 5213 3065 5260 Prastitis
3096 5212 3235 5259 alma
3265 5212 3417 5261 ﬁdes.

2576 5275 2916 5324 MIROCLES
2948 5274 3326 5324 EPISCOPUS.

2172 5371 2195 5405 ’³
2236 5371 2494 5443 Crispino
2522 5370 2811 5443 pontiﬁce]
2845 5370 3153 5443 Ticinensi,
3183 5372 3347 5441 cujus
3375 5386 3590 5443 nomen
3621 5376 3815 5427 exstat

2101 5442 2249 5496 inter
2279 5442 2689 5497 cateros’illins
2710 5442 3023 5512 provincia
3044 5444 3363 5513 episcopos,
3392 5442 3491 5513 qui
3515 5443 3805 5511 synodica

2103 5513 2327 5568 Eusebii
2377 5514 2631 5585 episcopi
2676 5513 3115 5585 Mediolanensis
3145 5514 3215 5568 ad
3251 5514 3809 5585 LeonemVMagnum

2100 5585 2358 5654 epistola
2401 5583 2879 5653 subscripserunt.
2910 5583 3169 5638 Meminit
3212 5584 3471 5639 eiusdem
3502 5584 3807 5638 Ennodius

2097 5656 2365 5735 carmine.
2406 5660 2456 5722 9,
2486 5655 2705 5735 “eique.
2744 5660 3043 5735 acceptum
3100 5656 3545 5735 fert_quidqui_d
3614 5655 3804 5709 laudis

2098 5728 2205 5783 fuit
2234 5727 2294 5783 in
2317 5727 2438 5798 ejus
2470 5726 2747 5797 discipulo
2781 5731 2836 5782 et
2864 5726 3189 5785 successore
3218 5726 3562 5797 Epiphanio.
