4008 6170
216 224 318 275 209

1232 225 1388 279 VITA
1432 227 1495 280 Β.
1540 226 1899 283 ΕΡΙΡΗΑΝΙΙ
1940 226 2260 286 EPISCOPI
2302 228 2707 286 TIClNENSIS.

3616 236 3720 290 210

209 358 408 425 altero,
443 355 698 426 graviter
756 355 934 411 ferret
985 355 1324 427 subreptum
1380 358 1486 412 sibi
1518 359 1691 414 fuisse
1725 361 1904 414 servi-
1944 364 1989 416 A
2024 362 2412 432 corripiendos
2469 362 2725 433 singulos
2779 362 3117 417 auctoritate
3143 364 3369 435 plenus,
3419 364 3493 418 ad
3518 364 3719 420 exhor-

210 446 371 500 tium.
407 446 745 516 Accipiebat
769 462 933 501 senes
982 446 1251 517 graviter,
1302 448 1540 518 juvenes
1563 449 1819 514 comiter,
1856 454 1912 503 et

205 535 507 589 coercebat
534 537 655 606 jam
685 539 823 590 tunc
841 536 1189 590 facinorosos
1212 537 1483 591 audacter
1510 554 1523 591 :
1559 542 1679 591 erat
1710 538 1912 608 primis

203 625 819 695 subjectus,prioribus
833 631 1024 678 sancta
1042 625 1477 696 injungentibus
1490 627 1908 693 obsecundans,

202 714 532 784 aequalibus
564 714 811 767 blandus
834 714 1323 785 atqueofﬁciosus,
1356 716 1910 785 sequentibusfmera

201 804 439 857 caritate
471 802 802 856 communis
834 820 846 857 :
883 804 1023 857 nulli
1048 820 1105 858 se
1128 805 1461 874 praeferens,
1487 824 1616 860 cum
1640 807 1909 878 religioso

201 909 363 947 cursu
389 910 500 964 per
531 895 824 948 caelestem
857 895 1146 947 tramitem
1179 895 1448 948 omnibus
1478 894 1742 959 anteiret,
1792 896 1911 949 lau-

203 982 450 1037 dationis
484 999 686 1037 amore
712 1000 940 1049 vacuus,
976 999 1104 1037 cum
1138 984 1392 1054 quotidie
1425 983 1481 1037 in
1512 1001 1577 1038 eo
1624 984 1910 1038 laudanda

200 1070 601 1125 adolescerent
633 1089 646 1125 :
682 1088 926 1143 cumque
950 1089 1037 1126 res
1059 1072 1257 1142 gloriae
1276 1074 1478 1143 dignas
1494 1090 1597 1144 per
1632 1074 1908 1128 horarum

198 1166 499 1214 momenta
530 1166 982 1229 consummaret,
1006 1161 1194 1232 perire
1210 1163 1459 1217 fructum
1479 1163 1677 1234 gloriae
1697 1164 1907 1233 opina-

195 1249 362 1303 batur
394 1254 576 1320 atque
608 1250 953 1316 mercedem,
972 1250 1017 1303 si
1040 1251 1426 1320 prmtulissent
1442 1252 1727 1319 homines,
1752 1252 1903 1322 quod

196 1338 297 1391 soli
314 1340 435 1393 Deo
455 1338 765 1393 exhibebat
777 1340 1126 1393 abscondite.
1148 1342 1210 1394 In
1223 1342 1777 1411 summa,apostolici
1797 1358 1906 1394 me-

193 1443 321 1480 mor
332 1427 583 1493 oraculi,
603 1428 1020 1482 assentationes
1038 1445 1333 1499 respuens,
1348 1429 1402 1482 in
1419 1430 1747 1500 semetipso,
1763 1434 1905 1485 teste

193 1516 575 1578 conscientia,
599 1534 705 1588 pro
732 1517 871 1571 boni
896 1518 1084 1589 operis
1124 1519 1521 1589 recognitione
1569 1519 1899 1590 plaudebat.

264 1608 415 1661 Illud
453 1623 591 1661 vero
615 1607 915 1661 libandum
964 1624 1085 1661 esse
1111 1624 1226 1661 non
1257 1608 1472 1674 abnuo,
1508 1610 1657 1679 quod
1682 1609 1903 1663 formo-

192 1696 329 1750 sitas
361 1696 424 1749 in
458 1695 560 1749 illo
585 1694 729 1749 lucis
761 1711 1049 1766 corporeae
1076 1697 1244 1750 index
1280 1698 1488 1751 animas
1534 1698 1665 1763 fuit,
1694 1703 1748 1751 et
1778 1703 1903 1751 tan-

192 1790 315 1839 tum
348 1789 563 1839 contra
594 1784 847 1838 studium
869 1785 1021 1839 illius
1047 1786 1243 1839 formas
1268 1787 1437 1840 decus
1457 1786 1683 1853 enituit,
1716 1790 1779 1840 ut
1801 1802 1905 1840 nec

192 1874 323 1928 forti
354 1874 483 1927 viro
501 1878 693 1943 posset
711 1880 1083 1944 oppugnante
1101 1875 1367 1929 subverti.
1394 1876 1679 1929 Ridebant
1714 1892 1898 1945 genas,

193 1963 367 2017 etiam
401 1978 537 2015 cum
599 1962 826 2016 animus
872 1963 1262 2017 moestitudine
1322 1964 1664 2035 torpuisset:
1719 1964 1903 2019 nitida

193 2053 362 2106 simul
424 2052 578 2105 labia
622 2052 1099 2106 commendabant
1132 2052 1439 2121 dupliciter
1482 2054 1649 2107 mella
1676 2069 1898 2107 sermo-

192 2158 332 2195 num
367 2158 381 2194 :
416 2157 644 2194 necnon
659 2156 1004 2211 quocunque
1023 2140 1282 2195 vertisset
1303 2143 1516 2207 oculos,
1535 2142 1900 2196 serenitatem

193 2228 405 2282 mentis
452 2227 759 2281 nuntiabat
797 2233 1057 2297 aspectus
1092 2244 1105 2281 :
1152 2228 1310 2281 frons
1353 2244 1529 2281 cerea:
1579 2229 1899 2298 pulchritu-

192 2318 364 2383 dinis,
405 2321 462 2370 et
494 2316 761 2370 candoris
792 2316 946 2369 illius
979 2333 1105 2387 quas
1159 2318 1289 2370 solis
1317 2333 1482 2387 passa
1514 2318 1701 2371 radios
1741 2319 1897 2371 colo-

192 2422 313 2459 rem
374 2405 553 2459 traxit
604 2405 675 2457 ab
729 2405 975 2458 aethere:
1034 2421 1197 2458 nares
1256 2406 1315 2459 in
1366 2411 1528 2459 tanto
1561 2407 1900 2460 naturaliter

194 2496 507 2565 splendore
542 2494 822 2561 formatae,
858 2498 921 2547 ut
944 2494 1070 2547 illas
1100 2494 1365 2565 nequiret
1397 2496 1743 2565 imaginibus
1773 2512 1899 2550 cor-

192 2600 334 2653 pora
376 2586 806 2653 repraesentans
853 2583 1038 2653 pictor
1092 2584 1378 2637 aemulari:
1416 2601 1619 2638 manus
1669 2589 1895 2652 teretes,

189 2672 399 2742 prolixi
424 2671 618 2741 digiti,
640 2671 707 2737 d_e
728 2671 937 2741 quibus
958 2671 1177 2742 aliquid
1201 2677 1254 2725 et
1276 2672 1600 2742 alienigena
1620 2673 1899 2743 gauderet

192 2762 467 2831 accipere.
506 2761 754 2814 Statura:
786 2760 1096 2828 proceritas
1114 2760 1342 2827 decens,
1364 2776 1491 2830 quae
1514 2761 1887 2813 eminentiam

190 2855 477 2903 secutura
536 2848 833 2917 dignitatis
890 2848 1286 2919 praetiguraret
1333 2848 1391 2901 in
1434 2849 1741 2915 membris;
1796 2864 1896 2902 nec

186 2944 385 2993 tamen
406 2938 649 2991 modum
676 2936 1055 2990 ornatissimas
1087 2936 1429 3007 prolixitatis
1478 2940 1793 2992 excederet.

257 3027 367 3081 Sed
398 3044 472 3080 ne
494 3026 627 3097 quis
659 3026 902 3079 forsitan
933 3026 1252 3079 malitiosus
1279 3026 1562 3096 interpres
1602 3026 1891 3097 intempe-

188 3116 331 3168 stive
362 3116 620 3185 positum
652 3114 846 3183 jactet,
914 3113 974 3173 in
1030 3114 1152 3166 viro
1184 3118 1472 3167 tantarum
1511 3114 1787 3168 virtutum
1822 3116 1891 3169 de

185 3205 384 3275 lepore
418 3203 608 3257 carnis
630 3202 835 3256 factam
876 3218 995 3256 esse
1026 3202 1400 3268 mentionem,
1433 3218 1561 3256 cum
1584 3204 1642 3257 in
1674 3204 1770 3257 illa
1800 3220 1891 3258 ve-

188 3293 298 3347 teri
320 3293 727 3346 mandatorum
763 3291 1080 3344 coslestium
1111 3290 1300 3343 radice
1334 3290 1677 3355 sitinsitum,
1704 3308 1882 3344 sacer-

186 3381 388 3436 dotum
420 3396 664 3450 corpora
708 3379 895 3449 sagaci
953 3379 1159 3433 debere
1199 3378 1583 3434 insinuatione
1611 3381 1838 3433 lustrari
1874 3396 1886 3433 :

183 3487 253 3526 ne
286 3470 427 3541 quid
485 3469 695 3535 debile,
742 3470 827 3521 vel
854 3468 1148 3534 deforme,
1178 3485 1249 3521 ne
1275 3468 1413 3539 quid
1445 3470 1573 3539 plus
1620 3469 1884 3523 minusve

187 3576 307 3614 esse
339 3558 666 3628 contingat,
701 3573 840 3609 neve
868 3556 1127 3610 inolitam
1174 3556 1413 3609 maculis
1469 3562 1657 3611 cutem
1682 3574 1885 3628 super-

185 3647 337 3701 ﬁcies
370 3646 531 3699 fceda
564 3644 869 3697 dedecoret
901 3642 1259 3714 (Lev.'xvm,
1314 3646 1374 3697 2t
1424 3644 1601 3715 seq.);
1664 3662 1736 3699 ne
1766 3645 1885 3698 fra-

185 3742 345 3789 ctura
368 3748 600 3796 manus,
636 3738 734 3786 aut
763 3732 1007 3786 fractura
1032 3732 1196 3802 pedis
1227 3737 1327 3786 aut
1348 3732 1555 3803 gibbus
1583 3733 1885 3803 indignum

186 3824 463 3878 altaribus
486 3821 689 3874 reddat
749 3819 1097 3874 antistitem:
1153 3825 1209 3873 et
1262 3822 1469 3874 clamet
1525 3822 1723 3875 doctor
1746 3838 1885 3891 gen-

184 3913 329 3967 tium
362 3918 419 3965 et
454 3909 754 3964 electionis
781 3925 879 3962 vas
912 3910 1105 3977 (Rom.
1138 3926 1248 3977 xiv,
1283 3912 1361 3980 2),
1397 3911 1692 3963 hominem
1713 3928 1883 3964 mun-

184 4001 321 4055 dum
349 4000 420 4053 ad
480 3998 763 4069 ejusmodi
792 3998 1001 4051 debere
1037 3998 1291 4052 ofﬁcium
1333 3999 1671 4068 pervenire:
1735 3999 1884 4068 quod

182 4106 301 4145 non
327 4090 518 4143 solum
550 4087 620 4141 de
654 4087 884 4151 animm,
920 4088 1016 4139 sed
1050 4088 1223 4141 etiam
1248 4088 1316 4141 de
1345 4087 1603 4157 corporis
1635 4088 1884 4141 creditur

183 4182 367 4233 nitore
410 4177 641 4231 dixisse.
675 4176 784 4241 Qui
831 4176 1145 4230 deformem
1180 4193 1241 4229 ac
1291 4177 1537 4230 debilem
1594 4192 1626 4229 a
1657 4177 1879 4230 libami-

2024 452 2226 505 tandos
2259 468 2517 523 quosque
2578 452 2894 506 necessario
2927 454 3119 523 lepore
3170 454 3534 509 dulcissimus
3568 469 3580 508 :
3611 471 3716 509 vox

2022 558 2250 610 sonora,
2276 557 2440 607 succo
2494 540 2674 594 virilis
2723 542 3022 612 elegantiae
3070 544 3321 611 condita,
3357 560 3461 598 nec
3519 549 3715 599 tamen

2021 630 2260 700 agrestis
2292 647 2354 683 ac
2379 631 2609 696 rustica,
2644 646 2747 684 nec
2806 629 3047 685 infracta
3090 634 3489 703 gradatimque
3522 650 3555 686 a
3584 650 3713 687 ma-

2020 720 2173 773 scula
2196 719 2479 789 soliditate
2510 720 2790 790 deposita.
2838 721 3005 774 Illum
3037 721 3365 792 quicunque
3398 722 3556 790 vidit,
3581 739 3713 777 cum

2019 810 2263 863 necdum
2290 809 2635 878 dignitatum
2687 810 2917 879 aliquod
2978 810 3156 862 limen
3200 810 3485 878 intrasset,
3520 812 3716 866 omnia

2020 913 2151 952 eum
2175 897 2442 951 transisse
2474 898 2734 965 credidit,
2773 914 2901 967 quas
2935 899 3321 969 sequebantur
3352 900 3622 971 insignia.

2087 987 2233 1039 Talis
2254 988 2372 1058 jam
2405 986 2475 1039 ad
2507 986 2793 1040 decimum
2816 990 3075 1040 octavum
3097 987 3280 1041 astatis
3304 1004 3417 1041 suae
3450 989 3713 1059 pervenit

2017 1091 2258 1129 annum.
2302 1078 2361 1129 In
2396 1092 2531 1146 quo,
2570 1076 2817 1129 secundo
2844 1092 2876 1127 a
2918 1077 3103 1129 levitis
3134 1093 3373 1130 numero
3396 1079 3706 1147 dedicatus,

2017 1181 2217 1218 senum
2250 1165 2485 1219 coetibus
2536 1181 2681 1235 puer
2712 1165 3010 1233 adjunctus
3057 1170 3159 1219 est.
3202 1166 3557 1237 Stupuerunt
3588 1168 3711 1237 plu-

2016 1253 2170 1320 rimi,
2202 1254 2298 1307 Sed
2327 1254 2569 1321 externi,
2602 1252 2699 1323 qui
2731 1266 2916 1305 mores
2950 1252 3104 1306 illius
3132 1269 3259 1306 cum
3292 1254 3473 1308 aetatis
3496 1254 3708 1308 imma—

2014 1342 2250 1396 turitate
2275 1342 2595 1412 jungebant
2633 1357 2644 1394 :
2670 1357 2851 1393 seram
2877 1341 3184 1394 credebant
3210 1342 3545 1411 dignitatem
3566 1345 3709 1397 lianc

2015 1431 2299 1484 redditam
2330 1447 2483 1497 esse;
2520 1430 2620 1501 qui
2650 1435 2949 1483 noverant.
2984 1431 3058 1484 At
3085 1427 3181 1483 ille
3212 1432 3553 1485 venerabilis
3584 1432 3706 1486 Cri-

2016 1520 2215 1589 spinus
2256 1519 2583 1589 episcopus,
2626 1518 2830 1572 favoris
2887 1519 3131 1585 nescius,
3177 1519 3450 1589 pertinaci
3507 1525 3708 1574 tenens

2015 1607 2367 1662 districtione
2396 1624 2716 1675 censuram,
2753 1612 2807 1660 et
2839 1624 3012 1678 quem
3065 1624 3361 1678 nunquam
3415 1608 3523 1661 nisi
3560 1609 3708 1662 bona

2014 1696 2363 1751 conscientia
2394 1698 2552 1751 duxit
2581 1698 2645 1750 ad
2682 1697 2947 1767 gratiam,
3004 1696 3080 1750 sic
3111 1713 3241 1750 eum
3284 1697 3566 1751 mulcebat
3587 1714 3708 1751 sen-

2012 1786 2187 1851 sibus,
2222 1789 2281 1838 ut
2320 1786 2609 1839 morderet
2630 1786 2861 1852 obtutu;
2898 1789 2953 1838 et
2984 1785 3088 1839 sub
3128 1785 3310 1855 specie
3341 1786 3542 1839 frontis
3570 1786 3707 1857 rigi-

2011 1876 2097 1929 dm
2119 1875 2534 1929 clandestinum
2551 1875 2699 1928 circa
2722 1874 3069 1943 discipulum
3101 1874 3391 1928 nutriebat
3414 1874 3703 1930 affectum.

2012 1964 2357 2019 Pascebatur
2379 1963 2597 2017 alumni
2631 1964 2717 2017 sui
2752 1963 2989 2034 optabili
3049 1964 3485 2017 conversatione
3518 1971 3704 2033 pater,

2011 2053 2354 2107 etomnibus
2386 2053 2509 2122 ejus
2572 2053 2788 2105 actibus
2845 2052 3039 2104 oculos
3084 2052 3425 2106 amoenabat.
3487 2054 3550 2106 In
3590 2069 3705 2123 quo

2008 2146 2203 2195 tamen
2259 2142 2351 2194 ille
2394 2141 2728 2195 subdiaconi
2786 2141 2984 2193 ordine
3042 2141 3185 2194 nihil
3243 2141 3489 2212 amplius
3518 2142 3705 2212 'quam

2007 2228 2246 2283 biennio
2300 2234 2707 2293 commoratus,
2757 2227 3097 2281 meritorum
3159 2244 3397 2281 suorum
3469 2229 3705 2282 saltibus

2009 2322 2236 2371 evectus
2292 2317 2537 2383 exsiluit,
2599 2332 2702 2369 nec
2746 2331 2803 2369 se
2831 2316 2929 2369 diu
2958 2316 3123 2369 intra,
3156 2315 3449 2385 angustias
3493 2316 3706 2370 modici

2009 2407 2245 2462 honoris
2274 2406 2466 2459 anima
2488 2409 2571 2460 est
2623 2406 2777 2459 dives
2826 2422 2989 2475 passa
3042 2404 3342 2459 refrenari.
3379 2404 3705 2459 Festinabat

2008 2498 2079 2550 ad
2115 2496 2395 2550 leviticem
2428 2495 2766 2565 dignitatem
2790 2494 3155 2561 conscientia,
3199 2509 3373 2564 quam
3405 2510 3701 2563 nunquam

2006 2591 2136 2638 vota
2158 2590 2641 2655 praesumpserant
2673 2600 2685 2636 :
2712 2583 2971 2653 exigebat
3000 2583 3372 2650 conversatio,
3417 2583 3571 2653 quod
3603 2583 3700 2637 de-

2008 2675 2213 2728 sideria
2242 2674 2472 2743 penitus
2499 2673 2861 2744 ignorabant.

2077 2763 2236 2817 Circa
2265 2768 2445 2817 metas
2471 2767 2664 2816 tamen
2720 2761 2944 2831 prmfati
2994 2760 3228 2815 honoris
3278 2764 3331 2814 et
3362 2760 3697 2827 terminum,

2004 2868 2185 2905 unum
2219 2852 2336 2921 ejus
2370 2852 2709 2920 opusculum
2748 2866 2976 2903 summo
3018 2853 3186 2903 tenus
3222 2849 3360 2903 libet
3392 2849 3693 2919 attingere.

1935 2946 1976 3000 C
2006 2938 2030 2972 ²
2061 2957 2073 2994 :
2110 2938 2395 2993 Summias
2425 2937 2705 2991 vocitatur
2734 2953 2893 3002 ager,
2926 2936 3101 3007 quiin
3118 2953 3184 2989 eo
3207 2936 3316 3001 loci
3340 2936 3480 2989 situs
3507 2940 3607 3002 est,
3633 2936 3691 2989 in

2003 3045 2116 3099 quo
2135 3034 2425 3081 terrenum
2444 3026 2764 3096 marginem
2787 3026 3020 3097 gulosus
3045 3024 3255 3078 Padani
3277 3024 3523 3094 gurgitis
3544 3040 3694 3078 mor-

2004 3133 2099 3171 sus
2134 3116 2375 3182 arrodtt,
2428 3120 2484 3169 et
2526 3114 2777 3168 ﬂexuose
2824 3130 3055 3183 serpens
3104 3112 3309 3167 ﬂuvius
3362 3112 3605 3183 largitur
3635 3113 3693 3167 in

1999 3205 2340 3276 compendio
2360 3204 2611 3269 alterius,
2632 3203 2782 3273 quod
2812 3203 3036 3257 furatur
3067 3202 3135 3256 ab
3159 3202 3373 3269 altero;
3409 3201 3695 3273 simulque

1999 3297 2063 3349 tit
2094 3297 2317 3348 lucrum
2350 3293 2579 3347 ﬁnitimi
2608 3292 2794 3347 aliena
2816 3291 3126 3346 calamitas.
3172 3292 3250 3345 De
3272 3290 3444 3361 hujus
3491 3291 3694 3361 praedii

1997 3384 2209 3438 finibus
2232 3383 2465 3454 antiqua
2497 3398 2627 3435 cum
2660 3381 2880 3435 clericis
2902 3383 3099 3447 :Burco
3146 3380 3381 3451 quidam
3436 3379 3534 3433 lite
3565 3396 3692 3433 cer-

1998 3474 2152 3528 tabat
2185 3488 2198 3525 :
2230 3472 2299 3526 ad
2327 3472 2477 3542 quod
2508 3471 2766 3542 jurgium
2797 3470 3184 3523 dirimendum
3215 3470 3390 3522 senile
3410 3469 3605 3535 nimis,
3642 3474 3698 3522 et

1998 3566 2208 3633 prmter
2255 3577 2428 3632 quam
2478 3560 2682 3631 conjici
2737 3559 2917 3630 possit
2947 3574 3251 3623 annosum,
3312 3558 3495 3612 adhuc
3550 3574 3696 3628 puer

1995 3653 2101 3705 iste
2143 3650 2430 3720 dirigitur.
2456 3650 2680 3703 Electus
2714 3654 2797 3702 est
2830 3648 3002 3711 enim,
3047 3648 3142 3717 qui
3173 3651 3229 3701 et
3280 3647 3543 3701 fortiter?
3569 3647 3694 3700 illas

1995 3739 2344 3794 intentiones
2375 3738 2681 3809 exciperet,
2713 3742 2767 3790 et
2802 3737 3129 3791 maturitate
3183 3735 3404 3789 consilii
3450 3736 3696 3789 inferen-

1997 3831 2095 3884 das
2127 3831 2497 3898 temperaret.
2546 3826 2752 3883 Attulit
2812 3832 3025 3892 tamen,
3080 3826 3228 3894 quod
3264 3826 3407 3880 solet
3429 3827 3691 3879 omnium

1994 3922 2178 3971 mater
2205 3916 2467 3970 intentio.
2518 3917 2657 3970 Nam
2690 3931 2962 3986 processu
2989 3913 3291 3981 sermonis,
3324 3918 3379 3968 et
3420 3914 3690 3979 scandali,
3750 3958 3754 3965 .

1992 4007 2112 4077 ipse
2148 4008 2324 4059 Burco
2358 4004 2458 4075 qui
2489 4004 2724 4058 malitiae
2758 4020 2872 4057 sum
2902 4003 3133 4057 sordido
3167 4002 3592 4056 lenocinaretur
3608 4018 3695 4055 as-

1994 4112 2185 4161 sensu,
2220 4108 2505 4146 summum
2527 4092 2746 4145 facinus
2777 4091 2899 4144 sine
2928 4090 3119 4161 aliquo
3140 4091 3347 4144 timore
3368 4090 3689 4143 commisit:

1994 4200 2129 4238 nam
2162 4187 2422 4236 sanctum
2457 4180 2642 4233 virum
2693 4180 2771 4233 ita
2826 4180 2973 4233 fuste
3018 4179 3317 4247 percussit,
3356 4184 3419 4231 ut
3458 4178 3691 4247 sanguis

182 4269 351 4323 nibus
403 4267 522 4320 suis
569 4266 807 4319 mandat
855 4266 1050 4331 arceri,
1087 4264 1375 4319 invenitur
1430 4282 1526 4318 eos
1558 4265 1655 4336 qui
1690 4266 1880 4319 multi-
1919 4246 1961 4297 θ
1996 4272 2259 4345 protinus
2288 4270 2572 4324 ebulliret.
2602 4272 2672 4322 At
2706 4269 2794 4320 ills
2818 4267 3379 4338 paratissimusiram
3400 4266 3687 4336 repressit,

182 4357 411 4427 pliciter
436 4355 585 4425 grati
617 4356 768 4421 sunt,
804 4353 1108 4407 admittere
1152 4354 1398 4408 libenter
1430 4368 1442 4407 :
1478 4354 1885 4424 prmsertim‘in

186 4461 300 4516 quo
328 4446 520 4499 lucem
551 4444 945 4497 membrorum
979 4442 1187 4496 animae
1210 4443 1399 4514 fulgor
1430 4448 1733 4513 exsuperat
1754 4459 1887 4509 ;nec

187 4534 533 4587 naturaliter
559 4533 698 4585 illud
731 4537 1023 4585 terrenum
1089 4532 1257 4585 decus
1317 4532 1602 4603 aliquibus
1632 4532 1886 4586 artificiis

190 4623 515 4691 adjuvetur.

261 4708 599 4763 Praestrictis
630 4723 765 4777 ergo
821 4706 911 4761 his
968 4723 1096 4778 qua:
1146 4707 1403 4778 oportuit
1431 4724 1547 4761 non
1582 4708 1786 4776 omitti,
1823 4715 1885 4764 ut

191 4798 283 4853 cui
315 4800 696 4851 innotesceret
728 4812 902 4866 opere
935 4796 1020 4850 vir
1070 4797 1406 4861 immensus,
1442 4803 1887 4867 praesentaretur

192 4892 250 4942 et
282 4888 432 4939 vultu
460 4902 473 4939 :
511 4892 796 4940 transeam
819 4886 890 4939 ad
921 4886 1019 4939 illa
1053 4901 1180 4956 quae
1200 4886 1267 4939 de
1295 4887 1607 4939 cultoribus
1638 4888 1735 4940 Dei
1769 4904 1883 4941 non

192 4974 556 5028 mediocriter
584 4974 875 5027 laudanda
905 4974 1093 5028 fronte
1124 4979 1451 5029 narrantur.
1508 4975 1644 5029 Erat
1689 4976 1749 5029 in
1784 4992 1882 5030 eo-

196 5065 326 5118 dem
356 5080 542 5117 sermo
596 5063 664 5116 ad
722 5062 1044 5117 doctrinam
1104 5080 1411 5134 congruus,
1444 5064 1755 5118 fabricatus
1814 5066 1883 5119 ad

195 5152 518 5220 blanditias,
554 5154 569 5189 ³
604 5152 673 5205 ad
728 5152 1167 5207 intercessiones
1212 5153 1331 5223 jam
1361 5159 1497 5207 tunc
1554 5153 1774 5217 artifex,
1810 5155 1879 5208 ad

275 5295 293 5327 ⁸
318 5295 404 5352 Ad
448 5295 886 5351 intercessiones
905 5298 1031 5365 jam
1051 5295 1289 5365 artifex]
1326 5295 1406 5349 Ad
1451 5294 1883 5364 deprecationes

202 5383 339 5438 quas
361 5383 463 5437 pro
492 5367 720 5421 miseris
752 5372 809 5420 et
838 5366 1126 5438 Oppressis
1165 5368 1314 5436 apud
1348 5367 1699 5437 potentiores
1721 5366 1881 5438 adhi-

201 5437 332 5491 bere
361 5439 577 5493 solebat
609 5438 872 5505 Ecclesia,
925 5442 989 5491 ut
1047 5437 1264 5491 dictum
1296 5444 1381 5491 est
1418 5438 1517 5491 lib.
1552 5454 1588 5504 ι,
1639 5437 1803 5508 epist.
1828 5443 1878 5503 7,

203 5510 501 5589 ἀεᾼᾳξιίὸηε
526 5510 707 5589 semel
738 5509 1146 5589 atqueiterum
1166 5510 1339 5589 paulo
1369 5508 1629 5589 inferius.

274 5578 607 5638 2Summias
648 5578 832 5651 agerI
870 5580 1062 5634 Ticine
1079 5578 1316 5635 vicinus.
1371 5579 1508 5635 Padi
1564 5578 1882 5635 alluviones

1995 4374 2098 4411 nec
2125 4356 2386 4410 vindictae
2413 4372 2511 4425 spe
2557 4360 2893 4425 provocatus
2951 4354 3246 4408 efferbuit:
3280 4353 3691 4422 turbatumque

1992 4445 2186 4515 potius
2218 4450 2273 4497 et
2294 4445 2600 4498 attonitum
2634 4458 3027 4513 percussorem
3062 4441 3435 4495 blandissimo
3485 4440 3687 4495 delini-

1994 4534 2090 4587 bat
2122 4534 2315 4587 aifatu.
2364 4534 2519 4588 Illico
2586 4535 2853 4586 miseram
2909 4548 2966 4584 se
3020 4531 3295 4595 clamans,
3330 4535 3386 4583 et
3427 4531 3690 4584 orbatam

1994 4619 2112 4676 ﬁlio
2140 4623 2210 4675 ob
2240 4623 2592 4676 atrocitatem
2643 4621 2794 4687 facti,
2851 4619 3121 4690 Capraria
3160 4619 3447 4687 ,Burconis
3506 4625 3692 4673 mater

1995 4712 2256 4765 occurrit.
2292 4711 2535 4765 Credere
2595 4726 2718 4763 eam
2768 4708 2916 4761 circa
2964 4709 3135 4761 funus
3172 4708 3425 4778 pignoris
3471 4708 3560 4761 sui
3592 4708 3690 4761 illa

1995 4816 2107 4871 qua
2145 4800 2373 4870 fugatur
2414 4815 2583 4851 omne
2624 4797 2925 4851 consilium
2966 4796 3026 4850 in
3085 4813 3350 4850 carorum
3383 4796 3686 4862 mortibus,

1992 4887 2401 4943 lamentatione
2464 4886 2685 4956 jactari.
2751 4885 3058 4938 Lambebat
3085 4883 3323 4954 vestigia
3348 4884 3689 4938 sanctissimi

1987 4976 2212 5048 juvenis
2235 4976 2455 5045 ejulans
2488 4979 2690 5041 mater,
2726 4978 2800 5038 et,
2822 4975 3014 5039 Parce,
3036 4974 3336 5040 clamabat,
3374 4973 3481 5040 illi,
3516 4990 3683 5044 quem

1994 5081 2290 5136 nunquam
2316 5065 2386 5118 ad
2406 5064 2863 5134 indignationem
2904 5063 2987 5116 vis
3045 5064 3165 5118 ulla
3209 5063 3582 5133 compulerat.
3616 5065 3688 5117 At

1990 5156 2087 5209 ille
2109 5154 2527 5224 supplicantem
2567 5153 2929 5223 prohibebat,
2979 5168 3052 5206 ne
3108 5152 3215 5207 sibi
3264 5152 3541 5206 invidiam
3587 5167 3686 5204 ro-

1992 5294 2126 5349 scite
2156 5293 2426 5348 describit
2457 5295 2560 5348 :de
2592 5294 2798 5366 quibus
2829 5300 2884 5348 et
2913 5295 3169 5349 Lucanus
3199 5310 3212 5347 :

2117 5408 2237 5472 Illos
2267 5412 2405 5458 terra
2432 5408 2567 5472 fugit
2591 5409 2854 5472 dominos,
2882 5409 2963 5458 his
2991 5423 3113 5459 rura
3136 5408 3339 5458 colonis

2114 5471 2385 5521 Accedunt
2408 5471 2639 5522 donante
2672 5472 2832 5523 Pado.

2061 5580 2083 5613 ³
2113 5578 2382 5634 Schottus
2410 5583 2466 5635 et
2489 5579 2818 5647 Bollandus,
2849 5576 3070 5632 illatas.
