4060 6174
336 277 438 331 211

1543 266 1839 326 ENNODII
1878 266 2189 325 EPISCOPI
2228 265 2610 324 TlClNENSIS

3732 265 3837 317 212

339 409 529 481 gando
558 407 889 477 concitaret,
924 423 994 462 ne
1024 422 1082 461 se
1112 421 1230 460 non
1252 405 1565 458 merentem
1587 401 1762 457 delati
1790 400 2027 455 honoris
2065 402 2110 455 A
2134 399 2428 471 Scriptura
2481 399 2649 453 index
2705 396 3030 464 revelasset,
3085 394 3359 449 continuo
3417 410 3485 449 ex
3526 409 3623 448 ore
3656 394 3839 465 ipsius

340 498 576 553 sarcinis
598 496 924 567 impediret.
959 495 1206 551 Turbata
1236 497 1319 546 est
1373 495 1606 563 repente
1630 490 1825 544 civitas
1854 506 1866 545 :
1900 505 2029 543 om-

338 589 497 643 nium
528 587 984 642 Christianorum
1018 585 1076 638 in
1104 584 1358 637 furorem
1381 580 1813 649 verszefmentes.
1850 580 2029 633 Burco

338 678 407 731 ad
434 677 669 731 exilium
700 676 1057 747 poscebatur,
1100 677 1155 726 et
1180 671 1239 725 in
1290 675 1449 724 tanta
1494 670 1795 724 hominum
1830 668 2030 723 multi-

337 767 535 822 tudine
555 782 723 819 nemo
754 763 1029 833 placidus,
1055 760 1162 814 nisi
1194 760 1293 832 qui
1316 760 1586 829 injuriam
1608 760 2026 828 fueratpassus,

336 857 599 909 inventus
630 856 728 906 est.
772 852 965 905 Flebat
987 848 1251 919 egregius
1290 848 1569 918 pontifex,
1622 847 1692 901 de
1737 848 2031 902 infirmiti-

338 943 490 997 tibus
518 942 634 996 suis
665 946 721 994 et
752 939 1027 993 molestiis
1049 938 1352 1008 gaudente:
1382 937 1683 1007 discipulo.
1749 940 1887 992 Nam
1954 937 2033 992 ita

337 1029 719 1085 satisfaciebat
746 1044 849 1099 pro
882 1045 948 1081 eo
980 1027 1078 1098 qui
1106 1027 1417 1097 putabatur
1449 1026 1733 1093 inimicus,
1760 1028 2027 1097 singulis,

340 1125 400 1174 ut
437 1136 540 1173 nec
582 1118 825 1189 gloriam
872 1118 1153 1187 parcendo
1222 1117 1509 1187 jactanter
1564 1121 1869 1187 quaereret,
1929 1134 2032 1171 nec

339 1208 675 1263 vindicando
708 1207 973 1260 mandata
1008 1206 1256 1259 coelestia
1288 1205 1624 1276 prmtcriret.

411 1296 573 1352 Brevi
602 1301 732 1367 post
761 1295 827 1349 ad
879 1294 1122 1348 diaconii
1174 1299 1397 1347 evectus
1444 1294 1670 1360 infulas,
1697 1293 2031 1349 vicesimum

336 1399 555 1438 annum
578 1382 763 1436 aetatis
794 1382 1065 1447 ascendit,
1096 1381 1237 1435 facie
1270 1398 1372 1435 nec
1404 1382 1541 1435 dum
1600 1382 1747 1435 bene
1771 1382 2025 1437 barbata.

336 1470 955 1540 Turbabatursuscepti
988 1470 1221 1523 honoris
1254 1470 1519 1525 tirocinio
1542 1471 1732 1538 homo,
1787 1472 1885 1543 qui
1910 1472 2027 1543 jam

342 1561 543 1615 ducem
579 1559 1057 1631 poteratimplere
1089 1559 1508 1614 Christianum:
1541 1561 1902 1632 singulorum
1928 1579 2030 1632 pro

341 1648 561 1719 pudore
593 1648 914 1702 declinabat
972 1651 1250 1717 aspectus,
1285 1664 1456 1719 quem
1503 1649 1765 1703 universa
1813 1650 2030 1717 civitas,

341 1736 501 1807 quasi
532 1737 729 1789 salutis
749 1736 976 1807 signum
996 1737 1222 1808 aliquod
1243 1737 1593 1791 attendebat.
1622 1740 1842 1793 Interea
1860 1756 2035 1809 supra

339 1825 522 1880 dictus
553 1825 787 1878 antistes
837 1842 1066 1878 omnem
1129 1826 1521 1880 ecclesiasticae
1585 1829 2035 1883 conversationis

341 1914 716 1969 substantiam
748 1918 802 1967 et
826 1915 1051 1968 divitias
1077 1931 1392 1985 pauperum
1430 1932 1667 1971 suorum
1700 1918 1755 1971 in
1777 1918 1899 1987 ejus
1926 1935 2033 1988 po-

339 2006 543 2056 testate
592 2002 917 2069 committit,
978 2003 1175 2056 volens
1229 2008 1359 2057 ante
1394 2005 1788 2075 episcopatum
1814 2023 2035 2077 cogno-

342 2108 518 2157 scere,
552 2093 781 2163 qualem
806 2091 1012 2145 futuris
1050 2094 1406 2163 temporibus
1437 2101 1783 2165 praepararet
1815 2096 2037 2166 cpisco-

343 2197 501 2251 pum.
524 2182 591 2234 Et
617 2198 746 2235 cum
777 2182 867 2234 vix
894 2181 983 2247 sit,
1016 2188 1080 2235 ut
1102 2184 1171 2236 ab
1198 2184 1420 2249 feorum
1478 2185 1752 2253 personis,
1808 2186 1876 2239 de
1918 2185 2041 2258 qui-

344 2271 449 2323 bus
518 2272 889 2325 successionis
942 2273 1150 2326 seritur
1211 2275 1715 2345 quantulacunque
1765 2275 2036 2345 suspicio,

346 2360 560 2413 invidia
619 2364 1008 2431 temperetur;
1079 2364 1139 2415 in
1202 2362 1366 2416 istius
1398 2363 1580 2433 gratia
1610 2364 1718 2417 sibi
1771 2365 2040 2419 credebat

345 2449 533 2521 perire
568 2451 582 2485 ι
614 2454 838 2503 sanctus
870 2455 1054 2520 pater,
1097 2450 1380 2523 quidquid
1416 2452 1617 2506 fuisset
1676 2452 1865 2506 minus
1889 2454 2042 2507 exhi-

346 2538 528 2592 bitum
564 2554 576 2591 :
620 2539 883 2608 quaedam
935 2540 993 2593 in
1046 2540 1144 2593 illo
1202 2556 1324 2604 sua,
1358 2542 1620 2610 quaedam
1661 2542 1886 2595 volebat
1918 2560 2039 2596 esse

348 2629 584 2696 majora.
622 2630 687 2681 At
716 2628 820 2681 iste
864 2628 1212 2698 quotidianis
1266 2630 1630 2699 profectibus,
1665 2632 1837 2684 etiam
1888 2633 2041 2703 cupi-

347 2716 567 2769 dissimi
590 2716 647 2768 in
681 2717 937 2769 oratione
957 2717 1229 2787 genitoris
1264 2722 1394 2770 voto
1424 2719 1870 2772 transcenderat.
1911 2722 2042 2774 Erat

348 2805 502 2857 enim
534 2804 781 2874 genitor,
818 2805 979 2875 cujus
1008 2822 1139 2859 eum
1172 2822 1274 2876 per
1293 2808 1657 2878 Evangelium
1700 2815 2041 2879 conceptum

350 2893 507 2946 verbi
556 2894 797 2947 caelestis
846 2894 1061 2948 semine
1096 2895 1213 2948 feta
1252 2896 1409 2949 alvus
1464 2896 1760 2951 effuderat.
1797 2899 1935 2951 Nam
1972 2899 2039 2953 de

2139 490 2389 545 dulciora
2422 488 2560 542 favis
2593 486 2763 541 verba
2792 487 3102 540 fluxerunt.
3160 487 3453 539 Postremo
3504 484 3644 555 quid
3699 484 3833 539 libri

2140 578 2485 644 docuissent,
2517 577 2633 631 vita
2663 575 2963 647 signabatu
2976 592 3019 628 r.

2212 670 2455 721 Domum
2486 667 2677 720 taliter
2710 664 2945 735 regebat
2966 661 3247 732 Ecclesiae,
3275 666 3341 717 ut
3368 678 3471 716 nec
3501 661 3839 733 profusione

2136 756 2519 812 immoderata
2537 755 2901 809 commissam
2930 770 3145 823 penum
3180 752 3531 818 exhauriret,
3568 769 3672 807 nec
3704 752 3840 806 odia

2138 845 2389 901 sordenti
2422 846 2691 915 parcitate
2715 843 3097 897 contraheret.
3145 842 3625 896 lntercessionum
3662 841 3838 895 etiam

2138 939 2275 988 tunc
2306 933 2617 987 certamina
2640 931 2997 1003 proludebat.
3044 933 3183 985 Nam
3216 930 3546 1002 ubicunque
3577 932 3695 1000 'pro
3749 946 3840 983 re-

2142 1022 2341 1076 mediis
2366 1022 2703 1076 miserorum
2736 1019 2986 1092 episcopi
3016 1019 3353 1073 mittebatur
3376 1018 3637 1089 imperio,
3680 1021 3842 1071 tanta

2140 1111 2402 1180 exigebat
2452 1109 2798 1163 beneficium
2860 1112 2979 1161 arte
3037 1107 3422 1178 supplicandi,
3481 1114 3543 1161 ut
3564 1107 3843 1161 sentirent

2139 1200 2245 1253 sibi
2274 1200 2334 1252 in
2389 1199 2573 1252 causis
2630 1197 2919 1269 profuisse
2976 1196 3365 1267 complurimi,
3416 1196 3605 1266 ipsum
3649 1213 3754 1266 per
3782 1212 3839 1249 se

2140 1289 2475 1360 episcopum
2504 1305 2620 1341 non
2650 1288 2889 1341 venisse.
2923 1286 3256 1357 Augebatur
3281 1286 3429 1340 circa
3453 1302 3583 1339 eum
3605 1302 3706 1355 per
3720 1285 3842 1338 dies

2141 1386 2399 1456 singulos
2437 1383 2734 1455 popularis
2789 1382 3021 1435 affectus
3073 1385 3131 1434 et
3184 1381 3410 1451 magnis
3485 1380 3842 1435 successibus

2142 1473 2544 1526 cumulabatur
2574 1486 2753 1534 amor,
2790 1469 2887 1540 qui
2923 1486 2991 1523 ex
3032 1468 3249 1539 judicio
3305 1469 3702 1523 descendebat.
3741 1470 3841 1524 De-

2141 1561 2583 1633 siderabaturjn
2616 1576 2683 1613 eo
2716 1558 3126 1624 sacerdotium,
3165 1574 3294 1611 cum
3340 1574 3508 1612 nemo
3540 1558 3843 1613 nutritoris

2144 1651 2230 1703 sui
2257 1654 2481 1721 optaret
2510 1648 2826 1702 interitum.
2891 1648 3081 1717 Ipsum
3129 1651 3321 1700 tamen
3346 1664 3415 1700 ne
3447 1648 3589 1701 odor
3607 1649 3840 1718 quidem

2144 1740 2315 1810 hujus
2339 1738 2629 1809 opinionis
2662 1739 2955 1791 efflaverat
2978 1753 2989 1789 :
3015 1736 3396 1789 arbitrabatur
3418 1737 3486 1789 ad
3520 1738 3842 1806 profectum

2142 1844 2310 1882 suum
2350 1828 2633 1895 sufficere,
2665 1827 2711 1879 si
2733 1842 2863 1880 cum
2891 1826 3042 1880 bona
3064 1840 3290 1896 semper
3312 1824 3688 1878 aestimatione
3721 1841 3842 1878 ser-

2143 1917 2306 1970 viret.
2334 1918 2639 1988 Postquam
2697 1921 2889 1970 tamen
2938 1915 3185 1969 invalida
3216 1921 3496 1981 senectus,
3531 1920 3587 1968 et
3614 1931 3845 1985 semper

2144 2007 2212 2061 de
2239 2006 2668 2059 infirmitatibus
2699 2006 2941 2077 querula
2974 2004 3357 2057 venerabilem
3389 2004 3578 2057 virum
3628 2004 3843 2075 Crispi-

2144 2112 2283 2149 num
2319 2096 2647 2165 pontificem
2683 2094 3002 2165 occupavit,
3029 2093 3192 2146 istius
3252 2094 3678 2149 sustentabatur
3717 2109 3842 2147 ma-

2146 2184 2334 2250 nibus,
2394 2183 2453 2236 in
2505 2184 2674 2253 hujus
2733 2183 2920 2236 nitens
2979 2182 3307 2251 erigebatur
3361 2182 3681 2251 amplexus,
3739 2199 3845 2252 pes

2146 2272 2301 2326 illius
2330 2276 2473 2337 erat,
2506 2273 2722 2338 oculus,
2760 2272 3025 2337 dextera;
3086 2272 3247 2340 cujus
3294 2270 3633 2339 ministerio,
3669 2272 3844 2342 quid-

2148 2361 2284 2432 quid
2340 2365 2589 2431 optasset
2636 2360 2782 2429 fieri,
2843 2364 2976 2415 ante
3026 2360 3343 2430 jussionem
3395 2375 3556 2411 suam
3613 2359 3845 2413 videbat

2147 2450 2469 2521 impletum.
2527 2449 2903 2503 Praesentiunt
2956 2449 3111 2501 enim
3166 2449 3332 2502 boum
3388 2453 3607 2501 mentes
3638 2464 3843 2501 eorum

2150 2539 2450 2603 desideria,
2484 2538 2694 2608 quibus
2723 2554 2854 2592 cum
2907 2538 3233 2607 integritate
3281 2537 3650 2590 famulantur.
3693 2538 3845 2590 Talis

2147 2628 2204 2683 in
2253 2629 2578 2693 diaconatu,
2621 2644 2653 2681 a
2685 2628 2959 2695 vigesimo
3014 2626 3313 2697 incipiens,
3369 2632 3495 2679 octo
3545 2642 3724 2680 annos
3755 2643 3848 2681 ex-

2148 2715 2366 2787 plevit:
2401 2720 2455 2768 et
2508 2717 2743 2787 quidem
2801 2720 2934 2771 tunc
2960 2719 3139 2769 status
3207 2716 3467 2769 Ecclesia:
3519 2714 3847 2781 iTicincnsis

2153 2806 2301 2858 bona
2333 2804 2667 2858 clericorum
2702 2805 2863 2875 fruge
2895 2805 3163 2876 pollebat.
3200 2804 3373 2857 Erant
3429 2803 3681 2857 ccelestes
3713 2804 3843 2872 viri,

2157 2910 2298 2965 quos
2330 2894 2435 2948 iste
2476 2912 2504 2948 a
2537 2895 2887 2965 perfectione
2926 2893 3205 2965 incipiens
3236 2897 3257 2929 ²
3286 2894 3513 2947 amabat
3543 2910 3554 2947 :
3590 2895 3697 2949 fuit
3732 2894 3847 2948 Sil-

348 2982 628 3051 pudicitia
669 2982 892 3053 juvenis
954 2983 1065 3037 mei
1096 2984 1235 3054 quid
1279 2984 1523 3055 loquar?
1555 2985 1611 3039 in
1644 3003 1756 3056 quo
1802 2987 2040 3042 domum
2081 2994 2120 3048 C
2152 2988 2331 3037 vester
2364 2984 2798 3037 archidiaconus
2855 3000 2921 3037 ea
2951 2987 3307 3053 tempestate,
3337 2983 3507 3036 homo
3533 2982 3589 3035 in
3626 2988 3846 3037 vetusta

349 3070 751 3125 sibistatuerat
778 3072 1021 3137 castitas,
1056 3078 1111 3127 et
1167 3074 1519 3128 continentia
1586 3076 1802 3131 radices
1846 3078 2042 3131 fixerat

350 3159 407 3212 iu
439 3160 833 3229 profundum?
856 3161 1051 3213 Virum
1083 3178 1140 3214 se
1158 3179 1299 3229 esse,
1330 3162 1437 3215 nisi
1469 3180 1570 3232 per
1598 3165 1807 3218 laboris
1827 3166 2042 3235 patien-

349 3247 508 3312 tiam,
543 3248 843 3317 ignorabat
867 3265 878 3301 :
913 3265 1143 3303 carnem
1166 3250 1522 3318 habere,nisi
1546 3268 1672 3305 cum
1695 3253 2036 3308 moriturum

349 3352 407 3389 se
439 3352 559 3389 esse
604 3337 963 3404 meminerat,
1025 3339 1333 3393 nesciebat.
1396 3340 1631 3403 Quoties
1671 3342 2038 3397 tamenillum

350 3440 655 3494 corporeus
703 3426 1011 3497 appetitus,
1078 3427 1221 3481 sicut
1268 3429 1338 3483 ab
1395 3428 1519 3499 ipso
1566 3429 1759 3497 didici,
1813 3431 2042 3486 ludebat

350 3513 696 3585 imaginibus
757 3516 1136 3584 somniorum,
1196 3517 1347 3570 illico
1379 3519 1448 3571 ad
1506 3518 1725 3587 vigilias
1794 3525 2037 3587 sanctas,

350 3603 683 3656 continuata
725 3603 969 3673 jejunia,
1026 3605 1210 3659 standi
1255 3605 1574 3660 diutissime
1642 3609 2039 3663 necessitatem

349 3692 520 3762 plena
548 3692 815 3746 aviditate
838 3693 1135 3760 currebat;
1168 3695 1455 3766 talemque
1487 3696 1750 3751 bellatrix
1807 3698 2041 3753 dextera

351 3780 558 3835 animae
606 3781 722 3833 suis
775 3781 1179 3835 certaminibus
1217 3783 1492 3837 reddebat
1547 3801 1796 3853 carnem,
1849 3792 1911 3839 ut
1956 3788 2038 3841 illi

352 3882 494 3936 Opus
525 3872 673 3921 esset
703 3875 899 3939 postea
924 3886 1025 3941 pro
1057 3873 1393 3925 necessitate
1422 3875 1690 3928 succurri.
1719 3876 1827 3929 Nec
1847 3880 2041 3929 tamen

350 3955 562 4009 refecto
585 3959 921 4027 corpusculo
943 3959 1274 4030 indulgebat
1308 3962 1426 4015 otio
1466 3980 1478 4017 :
1509 3964 2040 4021 utebaturlectione

349 4059 454 4114 pro
486 4046 701 4116 requie,
745 4046 1021 4100 librorum
1053 4050 1462 4104 venerabilium
1501 4068 1604 4121 pro
1633 4052 2039 4107 blandimentis

354 4131 733 4187 instrumenta
759 4135 1071 4205 suscipiens
1098 4152 1109 4189 :
1144 4139 1469 4192 memoriter
1499 4141 1673 4193 semel
1716 4144 2040 4196 transcursa

353 4220 623 4276 reddebat
657 4239 669 4276 :
700 4227 753 4276 et
782 4239 852 4277 ne
892 4224 1220 4278 crederetur
1238 4225 1659 4295 Scripturarum
1712 4229 2037 4283 divinarum

350 4311 642 4366 tramitem
675 4313 975 4367 verborum
1010 4315 1405 4368 tantummodo
1442 4316 1728 4370 celeritate
1788 4322 2042 4373 transvo-

350 4399 516 4465 lasse,
548 4400 824 4472 pingebat
854 4402 1072 4456 actibus
1091 4403 1209 4457 suis
1248 4406 1518 4475 paginam
1547 4421 1720 4475 quam
1788 4406 2038 4477 legisset.

353 4489 409 4542 Si
439 4490 1000 4559 prophetafuissetin
1029 4493 1311 4559 manibus,
1331 4493 1769 4563 prophetantem
1820 4495 2041 4549 videres

349 4577 542 4629 codice
603 4579 812 4632 amisso
864 4580 1173 4634 lectorem:
1227 4581 1275 4634 si
1323 4582 1671 4635 Testamenti
1713 4583 1927 4636 Veteris
1954 4600 2041 4637 re-

350 4665 661 4720 censuisset
688 4668 998 4734 volumina,
1030 4670 1203 4740 Moysi
1234 4669 1440 4742 dignus
1472 4672 1773 4725 aemulator
1813 4672 2042 4726 incede-

349 4751 494 4806 bat:
537 4753 729 4807 taliter
783 4771 848 4808 ac
916 4756 963 4809 si
1020 4756 1185 4810 illum
1238 4758 1543 4812 Israelitica
1592 4775 1697 4829 per
1752 4760 2042 4813 desertum

351 4841 581 4910 agmina
610 4848 1007 4913 sequerentur.
1043 4845 1101 4901 Si
1124 4846 1500 4915 apostolicum
1532 4848 1615 4900 lac
1641 4848 1961 4909 [verborum
1991 4854 2044 4903 et

350 4930 465 4985 mel
495 4931 798 4986 dominicae
822 4933 1104 5003 passionis
1162 4936 1519 4989 severitatem
1569 4936 1712 5005 legis
1766 4937 2042 4991 condiens

426 5059 719 5130 {Sanctus
751 5058 955 5130 pater]
1008 5058 1344 5113 Basilienses
1374 5061 1609 5112 sanctus
1660 5076 1837 5130 papa,
1892 5060 2041 5129 quod

349 5128 457 5201 etsi
487 5130 547 5181 in
575 5129 713 5201 aliis
738 5129 874 5183 ferri
907 5137 1119 5198 posset,
1143 5130 1279 5199 quia
1307 5145 1471 5198 papae
1502 5128 1714 5183 nomen
1738 5128 2043 5201 quibusvis

349 5199 635 5270 episcopis
664 5200 928 5269 plerique
982 5201 1332 5265 tribuebant,
1390 5200 1647 5270 Ennodio
1692 5199 1883 5255 tamen
1930 5218 2044 5255 non

346 5269 629 5341 convenit,
714 5272 812 5341 qui
872 5276 935 5324 ut
994 5271 1065 5341 ad
1116 5271 1386 5340 epistolas
1437 5269 1755 5336 docuimus,
1806 5273 2043 5326 unicum

347 5340 622 5397 Romanae
667 5340 814 5397 sedis
842 5340 1174 5413 pontificem
1210 5356 1420 5413 papam
1453 5348 1629 5396 vocat.
1692 5343 1830 5396 Nam
1890 5343 2046 5412 quod

349 5413 523 5482 objici
550 5420 755 5483 posset,
812 5412 1476 5483 Epiphaniumiquoque
1527 5429 1731 5483 papam
1783 5414 1931 5467 infra
1983 5415 2045 5467 in

347 5483 456 5537 hoc
478 5482 752 5554 opusculo
787 5482 1083 5554 appellari,
1114 5484 1172 5536 id
1219 5483 1360 5536 nihil
1419 5482 1615 5549 efficit,
1664 5485 1799 5553 quia
1858 5486 2043 5538 Eurici

349 5554 519 5608 verbo
570 5561 705 5608 sunt
757 5570 886 5624 qua:
941 5571 1008 5609 eo
1068 5556 1190 5608 loco
1240 5554 1571 5620 recitantur,
1602 5571 1715 5609 non
1776 5556 2037 5610 Eunodii.

348 5626 622 5695 Idemque
647 5624 934 5694 judicium
968 5625 1036 5679 de
1071 5625 1216 5681 Vitas
1249 5625 1438 5691 titulo,
1491 5624 1583 5679 ubi
1635 5641 1783 5695 papa
1830 5626 2040 5681 dicitur

348 5694 701 5765 Epiphanius
736 5712 748 5749 :
792 5711 926 5749 nam
979 5695 1290 5751 ascititium
1356 5697 1597 5753 videtur.
1632 5694 1828 5767 Itaque
1858 5697 2037 5768 patris

2153 3073 2583 3144 disciplinarum
2640 3072 3017 3127 instructione
3046 3072 3523 3142 probattssimus;
3592 3074 3847 3127 Bonosus

2151 3163 2466 3232 presbyter,
2509 3168 2625 3216 tam
2681 3161 2889 3215 nobilis
2936 3162 3233 3214 sanctitate
3291 3177 3463 3231 quam
3531 3163 3845 3231 sanguine;

2151 3252 2341 3305 Gallus
2361 3250 2593 3321 quidem
2619 3251 2902 3321 prosapia,
2941 3250 3039 3303 sed
3080 3250 3319 3303 caelestis
3350 3250 3623 3320 indigena
3646 3267 3664 3304 :
3686 3251 3848 3303 fuere

2150 3339 2321 3395 aliiet
2346 3356 2584 3393 numero
2614 3340 2807 3409 plures
2853 3345 2907 3393 et
2944 3338 3152 3399 virtute
3208 3345 3565 3409 praestantes,
3601 3355 3849 3409 quorum

2150 3428 2361 3482 idcirco
2393 3429 2536 3482 facio
2587 3429 2961 3494 mentionem,
3021 3428 3157 3498 quia
3212 3444 3387 3497 parva
3440 3429 3604 3481 laude
3638 3428 3851 3499 dignus

2151 3522 2253 3584 est,
2284 3518 2383 3588 qui
2416 3522 2636 3571 tantum
2670 3516 2892 3571 miseris
2923 3506 3256 3571 antefertur.

2221 3605 2380 3660 Circa
2412 3604 2584 3659 finem
2627 3610 2821 3659 tamen
2868 3606 2996 3659 vitae
3050 3622 3222 3677 quem
3271 3605 3474 3675 spiritu
3501 3605 3852 3675 praevidebat

2150 3699 2377 3749 sanctus
2439 3694 2691 3760 antistes,
2755 3692 3132 3747 Mediolanum
3194 3691 3437 3745 vicinam
3470 3692 3685 3761 expetit
3713 3694 3851 3746 civi-

2148 3786 2347 3850 tatem,
2376 3783 2474 3837 ubi
2506 3782 2787 3836 nobilium
2814 3781 3071 3852 germina
3088 3798 3270 3835 messe
3310 3782 3557 3851 quadam
3618 3782 3852 3835 munda:

2150 3872 2522 3944 ingenuitatis
2558 3876 2947 3925 excreverant.
2978 3870 3130 3934 Quos
3161 3870 3506 3923 visitationis
3534 3870 3715 3940 gratia
3752 3887 3849 3924 re-

2151 3963 2414 4034 quisitos,
2444 3961 2653 4014 talibus
2676 3960 2760 4013 vir
2779 3960 2877 4013 Dei
2911 3960 3271 4013 sermonibus
3293 3960 3617 4030 appellavit.
3637 3982 3655 4007 ι
3689 3961 3848 4023 Ecce,

2150 4053 2274 4121 filii,
2301 4053 2419 4121 jam
2454 4066 2542 4103 me
2570 4055 2708 4103 ictas
2739 4049 3036 4119 compellit
3057 4048 3127 4101 ad
3147 4049 3471 4102 transitum.
3506 4048 3629 4102 Jam
3668 4046 3851 4117 origi-

2149 4140 2372 4193 nariam
2405 4140 2472 4193 ad
2495 4139 2591 4209 jus
2620 4154 2788 4192 suum
2849 4143 3074 4190 revocat
3107 4143 3256 4190 terra
3286 4138 3646 4208 particulam.
3681 4137 3852 4191 Com-

2154 4230 2362 4283 mendo
2393 4228 2702 4295 civitatem,
2754 4228 3095 4281 commendo
3131 4228 3458 4290 Ecclesiaru,
3506 4226 3853 4281 commendo

2156 4317 2326 4384 hunc,
2361 4318 2523 4387 cujus
2554 4316 2736 4370 labori
2768 4322 2823 4369 et
2862 4315 3061 4386 gratiae
3110 4316 3313 4383 debeo,
3374 4315 3523 4385 quod
3565 4330 3747 4385 usque
3781 4314 3852 4367 ad

2151 4406 2260 4460 hoc
2279 4410 2505 4476 tempus
2533 4405 2668 4472 vixi,
2693 4410 2749 4460 et
2778 4404 3117 4476 grandaevus
3147 4409 3203 4457 et
3227 4404 3448 4457 debilis.
3480 4403 3502 4437 ³
3562 4402 3855 4473 Corporea

2154 4496 2405 4548 soliditas
2440 4501 2495 4547 et
2519 4496 2693 4548 virtus
2725 4494 2933 4547 animae
2980 4492 3432 4546 imbecillitatem
3489 4508 3674 4546 meam
3705 4509 3853 4563 por-

2152 4582 2291 4635 tavit
2320 4583 2439 4635 sine
2474 4583 2745 4636 fastidio:
2804 4585 2965 4653 cujus
3017 4582 3303 4635 ambulavi
3364 4581 3625 4651 pedibus,
3686 4582 3854 4635 tenui

2152 4670 2366 4740 aliquid
2398 4670 2680 4734 manibus,
2720 4670 2835 4725 vidi
2864 4670 3064 4738 oculis,
3089 4670 3350 4724 ordinavi
3380 4686 3645 4723 sermone
3674 4688 3691 4723 :
3732 4670 3852 4724 duo

2151 4758 2488 4812 videbamur
2514 4759 3030 4827 intuentibus,cum
3055 4776 3202 4812 unus
3226 4759 3708 4829 peqconcordiam
3739 4759 3851 4813 fie-

2151 4852 2238 4899 ret
2268 4864 2334 4900 ex
2382 4848 2624 4901 duobus.
2667 4870 2686 4895 ι
2755 4851 2901 4914 Ηωο,
2932 4847 2955 4881 ’⁸
3000 4848 3232 4902 Rustico
3289 4847 3499 4900 illustri
3542 4847 3661 4900 viro
3698 4847 3855 4900 dicta

2152 4935 2378 5005 penitus
2402 4936 2753 5003 insederunt,
2788 4936 2887 5007 qui
2919 4936 2978 4989 in
3009 4936 3168 4988 omni
3200 4935 3426 4989 dicendi
3456 4951 3666 5006 genere
3699 4951 3855 4989 exer-

2152 5076 2363 5113 nomen
2397 5061 2504 5113 hoc
2533 5061 2657 5113 loco
2702 5060 3056 5115 reddidimus
3084 5075 3097 5113 :
3161 5059 3315 5129 quod
3366 5064 3631 5112 asserunt
3655 5064 3855 5115 vetera

2152 5131 2523 5200 exemplaria,
2550 5137 2606 5185 et
2635 5148 2763 5201 quae
2797 5148 2927 5185 mox
2961 5132 3453 5201 sequuntur,satis
3482 5130 3851 5198 confirmant,

2154 5202 2250 5257 ubi
2281 5202 2506 5267 genitor
2527 5209 2910 5272 nuncupatim

2225 5273 2245 5306 ²
2278 5273 2602 5331 Bollandus,
2625 5273 2900 5326 anteibat.

2226 5347 2247 5378 ³
2271 5343 2483 5397 Schott.
2522 5351 2575 5396 et
2601 5345 2740 5403 Bol.,
2772 5345 2938 5410 cujus
2963 5357 3257 5412 corporea.

2226 5418 2246 5449 ‘
2276 5415 2510 5467 Rustico
2542 5415 2592 5466 I.
2639 5413 2729 5482 V.]
2762 5414 2867 5477 llli,
2902 5411 3126 5482 opinor,
3150 5413 3247 5484 qui
3281 5411 3474 5482 paucis
3508 5417 3638 5465 ante
3681 5411 3854 5466 annis

2155 5486 2350 5537 consul
2408 5486 2594 5539 fuerat
2640 5500 2770 5537 cum
2825 5484 3076 5553 Olybrio,
3127 5500 3277 5537 anno
3332 5484 3543 5537 scilicet
3592 5484 3719 5536 462.
3752 5484 3854 5538 Hic

2158 5555 2420 5609 Rusticus
2481 5555 2936 5621 Mediolanensis,
3015 5556 3156 5609 alter
3228 5555 3431 5609 eodem
3475 5561 3738 5624 tempore
3785 5555 3849 5609 in

2157 5626 2336 5680 Gallia
2354 5627 2613 5681 Rusticus
2636 5626 3080 5697 Burdigalensis.
3130 5626 3201 5681 ad
3242 5642 3419 5697 quem,
3446 5624 3645 5679 scribit
3672 5624 3847 5697 Sido,-

2154 5698 2283 5751 nius
2300 5698 2395 5752 lib.
2433 5714 2493 5765 ιι,
2526 5700 2582 5751 et
2610 5697 2677 5750 de
2699 5695 2855 5769 quod
2884 5697 3023 5754 item
3048 5697 3149 5752 lib.
3182 5695 3298 5765 vui,
3334 5696 3499 5768 epist.
3540 5699 3596 5751 ll
3636 5710 3649 5751 :
3678 5695 3846 5751 Satis
