4060 6174
281 200 386 254 213

1296 201 1457 255 νΙΤΑ
1498 203 1557 255 Β.
1601 202 1959 258 EPIPHANII
1999 201 2320 260 EPISCOPI
2360 201 2770 261 TICINENSIS.

3673 211 3777 264 214

275 327 664 395 citatissimus,
709 326 810 383 tali
840 331 924 384 est
954 343 1113 384 orsus
1142 329 1385 403 eloquio.
1426 354 1448 382 ι
1493 332 1730 403 Scimus,
1766 339 1957 388 sancte
1995 336 2042 389 A
2072 334 2229 389 vobis
2271 335 2739 390 communionem
2799 336 3145 393 servandam
3179 352 3311 393 cum
3359 338 3516 394 omni
3546 338 3778 396 humili‘

274 419 464 484 Pater,
515 417 747 483 scimus,
782 422 838 472 et
877 417 1163 489 profunda
1194 421 1649 478 consideratione
1692 422 1978 492 perspexi-

256 524 422 577 .pius,
447 508 724 577 juvenem
756 508 929 562 istum
970 524 1081 562 non
1115 514 1379 579 oportere
1409 527 1514 583 pro
1548 512 1728 565 atatis
1763 512 1974 566 imma-

272 598 505 650 turitate
538 596 776 663 censeri,
811 613 915 650 nec
945 598 1149 652 debere
1182 600 1371 670 gravis
1400 600 1625 654 concilii
1647 601 1978 655 hominibus

272 692 507 740 teneros
537 702 639 757 pro
672 687 920 757 quadam
951 687 1112 741 obice
1145 705 1323 742 annos
1355 690 1581 744 afferri:
1615 692 1701 744 vir
1729 706 1977 761 namque

270 792 409 829 cana
456 791 683 829 morum
738 775 1065 846 integritate
1106 778 1421 848 probabilis
1470 780 1762 850 geminata
1807 780 1977 834 laude

270 865 479 935 dignus
531 869 634 931 est,
687 864 733 916 si
780 864 865 917 illi
914 866 983 919 ad
1029 868 1354 921 venerabile
1407 852 1615 922 mentis
1664 869 1976 939 imperium

270 953 495 1024 puerile
557 970 762 1023 corpus
814 954 1187 1024 obtemperet.
1250 957 1383 1011 Vive
1441 962 1503 1011 tu
1558 962 1772 1025 tamen,
1832 958 1975 1023 vive,

270 1042 607 1111 exemplum
653 1046 710 1094 et
740 1041 924 1095 forma
953 1043 1239 1097 bonorum
1280 1061 1542 1115 operum,
1592 1050 1648 1099 et
1677 1045 1972 1099 uberiores

268 1132 326 1184 in
350 1146 439 1197 eo,
480 1130 529 1182 si
561 1130 749 1184 adhuc
780 1136 1021 1201 possunt
1052 1149 1324 1200 crescere,
1363 1134 1567 1188 lucida
1592 1135 1976 1188 conversatio-

268 1220 355 1274 nis
402 1220 628 1274 fructus
672 1220 939 1291 adjunge.
1004 1242 1025 1270 ι
1078 1221 1170 1275 His
1203 1222 1368 1276 dictis
1419 1223 1710 1277 conticuit.
1764 1225 1835 1277 At
1882 1223 1977 1277 ille

266 1309 568 1380 piissimus
603 1309 857 1380 pontifex
883 1310 1298 1365 benevolentia
1326 1312 1448 1383 ejus
1481 1312 1820 1383 impendens
1853 1328 1979 1383 gra-
2016 1336 2019 1339 ·

267 1398 395 1464 tias,
454 1398 610 1468 quod
665 1414 857 1452 secum
923 1399 1047 1469 pari
1102 1400 1171 1453 de
1232 1400 1511 1471 discipulo
1570 1401 1973 1456 exstimatione

268 1487 533 1553 sentiret,
587 1487 736 1541 dicto
774 1490 920 1551 vale,
957 1489 1249 1556 discessit;
1290 1494 1462 1562 atque
1510 1491 1775 1545 Ticinum
1813 1490 1978 1562 quasi

269 1576 335 1630 ad
370 1577 711 1646 sepulcrum
743 1576 1016 1631 festinans
1045 1594 1341 1649 regressus
1374 1584 1457 1634 est
1494 1595 1505 1634 :
1542 1580 1642 1650 qui
1670 1580 1980 1651 aliquantis

270 1665 475 1721 diebus
508 1665 760 1720 emensis
799 1667 1001 1721 morbo
1040 1667 1202 1738 regio
1235 1669 1519 1738 perfusus,
1562 1670 1749 1723 lucem
1789 1670 1982 1724 saculi

270 1754 451 1808 nostri
485 1772 740 1826 superna
770 1756 1120 1811 habitatione
1151 1758 1545 1812 commutavit.

338 1846 619 1915 Exemplo
669 1845 725 1898 in
776 1845 948 1899 istum
996 1846 1283 1899 bonorum
1332 1848 1593 1901 omnium
1637 1863 1980 1903 consensum

268 1918 615 1985 adducitur:
672 1947 917 2001 magnus
959 1931 1112 1986 illico
1167 1932 1230 1986 in
1276 1937 1395 1987 tota
1436 1935 1575 1988 urbe
1620 1951 1977 1990 concursus:

268 2020 499 2090 rapitur
542 2038 574 2073 a
624 2020 1031 2075 lamentatione
1077 2021 1307 2076 funebri
1354 2023 1414 2077 in
1460 2025 1739 2095 gaudium
1782 2025 1980 2095 populi

266 2110 697 2163 consecrandus
761 2110 1014 2163 antistes.
1090 2112 1286 2165 Flebat
1347 2112 1450 2166 iste
1524 2113 1978 2184 intemperanter

268 2198 464 2253 dolore
506 2199 715 2252 mortis
746 2203 1020 2269 paterna,
1054 2199 1146 2253 cui
1185 2200 1347 2255 reddi
1380 2201 1601 2255 debitas
1633 2202 1854 2273 aliquas
1890 2204 1979 2258 la-

266 2303 491 2357 crymas
523 2289 874 2357 promiscua
920 2289 1305 2343 multitudinis
1338 2291 1535 2345 latitia
1566 2308 1682 2345 non
1733 2293 1972 2346 sinebat.

268 2376 597 2429 Resistebat
629 2376 689 2429 in
740 2381 1019 2447 quantum
1052 2382 1291 2448 poterat,
1327 2384 1382 2433 et
1428 2380 1731 2450 indignum
1763 2396 1819 2434 se
1854 2382 1976 2451 jam

264 2466 588 2536 apostolica
631 2465 950 2519 imitatione
980 2467 1346 2522 clamitabat:
1385 2469 1483 2522 sed
1517 2473 1741 2525 tantum
1794 2470 1975 2541 magis

266 2556 547 2625 surgebat
579 2555 639 2609 in
674 2572 740 2609 eo
768 2556 997 2610 dilectio
1028 2562 1383 2626 cunctorum,
1420 2562 1703 2629 quantum
1733 2559 1791 2612 in
1826 2561 1976 2613 mul-

264 2645 512 2698 titudine
539 2661 753 2715 magna
783 2646 939 2699 solus
970 2649 1109 2713 erat,
1137 2646 1237 2717 qui
1261 2663 1319 2700 se
1340 2648 1616 2701 vocitaret
1646 2648 1967 2719 indignum.

262 2733 419 2786 Nunc
454 2733 601 2803 quid
644 2734 910 2803 pluribus
954 2739 1104 2801 utar,
1146 2735 1246 2805 qui
1295 2736 1492 2790 omnia
1531 2736 1815 2807 explicare
1857 2753 1973 2791 non

263 2822 462 2875 valeo?
510 2822 917 2877 Finitimarum
961 2824 1256 2878 civitatum
1300 2824 1626 2895 junguntur
1669 2826 1875 2895 studia,
1916 2830 1973 2880 et

264 2911 580 2964 attrahitur
609 2914 770 2964 tanta
801 2911 1078 2979 collectio,
1113 2929 1176 2966 ac
1206 2913 1253 2966 si
1279 2914 1592 2968 initiandus
1619 2919 1766 2969 esset
1794 2915 1971 2969 totius

260 3000 412 3053 orbis
437 3001 766 3072 episcopus.
795 3001 1033 3055 Ducitur
1050 3002 1437 3056 Mediolanum
1460 3004 1644 3058 adhuc
1666 3005 1967 3073 reluctans,

262 3094 315 3142 et
344 3106 571 3161 magna
599 3090 646 3143 si
680 3090 1067 3163 dimitteretur
1098 3108 1337 3145 munera
1372 3093 1733 3162 promittens,
1779 3095 1876 3163 qui
1908 3098 1973 3148 ut

261 3178 448 3245 fieret,
480 3180 673 3233 noluit
706 3162 988 3250 spondere
1020 3180 1107 3233 vel
1144 3180 1405 3235 minima.
1442 3183 1814 3236 Consecratur
1839 3200 1971 3238 cum

260 3268 419 3321 omni
456 3268 791 3323 celebritate
826 3273 1184 3323 cunctorum.
1230 3270 1561 3324 Exsultabat
1599 3272 1850 3325 mundus
1901 3272 1969 3326 de

261 3364 375 3411 tam
438 3363 656 3411 sancta
713 3357 1095 3412 ordinationis
1151 3358 1493 3428 insignibus.
1558 3362 1970 3416 Extranearum

261 3444 621 3498 habitatores
641 3444 875 3498 urbium
907 3449 1063 3498 tanto
1094 3461 1151 3498 se
1182 3444 1437 3515 tripudio
1457 3444 1770 3515 jactabant,
1808 3446 1970 3516 quasi

261 3533 393 3603 ipsis
457 3533 696 3605 proprie
745 3534 1082 3603 profuturus
1124 3534 1336 3587 infulas
1382 3534 1760 3588 sacerdotales
1804 3550 1970 3588 exce-

261 3623 429 3692 perit.
469 3624 710 3693 Aliquos
740 3627 932 3676 tamen
963 3639 1306 3693 magnarum
1329 3623 1560 3677 urbium
1586 3622 1799 3677 incolas
1830 3623 1972 3677 edax

261 3712 643 3765 consumebat
674 3711 907 3780 invidia,
951 3712 1103 3783 quod
1135 3716 1361 3767 tantum
1402 3712 1602 3782 oppidi
1652 3712 1971 3767 Ticinensis

261 3800 540 3870 angustia
567 3799 779 3853 habere
804 3800 1107 3854 meruisset
1127 3800 1461 3867 antistitem,
1487 3816 1617 3854 cum
1641 3802 1794 3871 apud
1816 3801 1971 3872 ipsos

260 3890 375 3943 sola
445 3890 754 3960 pontiﬁces
816 3890 1271 3961 metropolitana
1331 3890 1620 3961 jactantia
1695 3892 1972 3945 vocabula

260 3984 588 4034 tuerentur.

331 4069 547 4122 Exacto
594 4083 732 4138 ergo
764 4067 1137 4125 dedicationis
1170 4085 1286 4123 sua
1312 4069 1425 4137 die,
1474 4068 1734 4123 Ticinum
1778 4069 1967 4135 rediit,

262 4157 712 4228 convocatisque
754 4157 1042 4212 universis
1080 4157 1428 4229 presbyteris
1459 4174 1523 4212 ac
1550 4158 1849 4223 ministris,
1883 4163 1965 4211 ta-

2086 427 2202 477 tate
2229 425 2559 495 pollicetur;
2598 441 2785 496 neque
2817 426 3071 481 futurum
3118 444 3238 482 esse
3273 445 3645 500 quemquam,
3678 429 3780 500 qui

2087 530 2199 581 me,
2232 514 2341 568 nisi
2362 531 2491 568 cum
2520 517 2632 570 Deo
2664 520 2878 583 nostro,
2913 517 3091 588 possit
3121 518 3407 573 offendere
3433 536 3445 573 :
3478 523 3776 574 auctorem

2086 603 2373 658 bonorum
2401 606 2661 658 omnium
2695 610 2911 659 servate
2944 607 3301 676 pudicitiam,
3342 612 3398 662 et
3429 622 3499 661 ne
3537 606 3781 677 injurio-

2087 709 2213 746 sum
2278 694 2489 763 putetis
2556 695 2707 764 quod
2777 695 3115 765 grandavos
3184 701 3239 749 et
3293 696 3654 766 presbyteros
3711 695 3780 748 de

2086 782 2441 837 continentia
2480 789 2535 839 et
2581 784 2907 855 integritate
2954 786 3231 839 servanda
3279 802 3423 854 puer
3470 784 3727 855 appellat
3764 801 3776 837 :

2085 874 2460 938 conversatio,
2493 889 2611 926 non
2642 874 2798 941 anni,
2840 877 2935 926 aut
2964 873 3404 927 adolescentiam
3441 873 3644 943 aperit,
3678 877 3779 926 aut

2086 966 2393 1013 senectam.
2427 960 2811 1029 Speculamini
2862 977 3002 1013 mea
3034 962 3481 1015 conversationis
3529 962 3778 1026 interna,

2086 1053 2142 1102 et
2171 1050 2216 1102 si
2247 1048 2553 1118 indignum
2584 1050 2801 1119 aliquid
2834 1050 3161 1119 agnoscitis,
3196 1055 3468 1104 coercete.
3506 1051 3685 1103 Nemo
3720 1054 3782 1102 ut

2089 1137 2348 1191 Ecclesia
2390 1136 2714 1207 principem
2751 1138 3060 1191 admonere
3091 1138 3308 1203 timeat,
3359 1138 3405 1191 si
3436 1137 3646 1208 probat
3691 1153 3783 1190 er—

2086 1230 2332 1278 rantem.
2380 1246 2408 1273 n
2444 1224 2536 1277 llis
2568 1225 2649 1278 ita
2685 1225 2870 1291 dictis,
2922 1226 3216 1278 conticuit.
3254 1226 3631 1280 Surrexerunt
3660 1241 3783 1279 om—

2086 1328 2209 1379 nes,
2244 1318 2300 1365 et
2343 1328 2615 1378 consona,
2669 1312 2830 1383 quasi
2875 1329 2939 1365 ex
2971 1312 3212 1382 pristina
3242 1313 3635 1380 meditatione,
3679 1311 3783 1365 sub

2089 1404 2493 1457 momentanea
2528 1406 2719 1454 tamen
2750 1416 2886 1454 voce
2916 1400 3220 1453 dixerunt:
3252 1421 3272 1447 ‹
3299 1401 3436 1463 Ave,
3463 1402 3626 1454 Pater
3658 1416 3785 1470 pro—

2087 1491 2401 1557 batissime,
2430 1506 2530 1543 ave
2562 1488 2817 1560 pontifex
2846 1488 3155 1558 singularis
3180 1504 3192 1541 :
3226 1487 3442 1541 bonum
3463 1492 3518 1542 te
3549 1488 3785 1559 quidem

2092 1581 2489 1635 universorum
2542 1580 2721 1634 sensit
2751 1581 2991 1647 electio;
3034 1579 3132 1633 sed
3165 1578 3449 1649 optimum
3486 1579 3659 1634 etiam
3689 1584 3786 1633 tua

2091 1674 2370 1725 testantur
2444 1671 2716 1741 alloquia.
2787 1668 3000 1724 Crescis
3068 1668 3278 1721 sanctis
3344 1669 3565 1722 meritis
3632 1667 3785 1739 apud

2089 1760 2499 1815 conscientiam
2524 1764 2799 1825 nostram,
2823 1763 2879 1815 et
2908 1757 3147 1828 aperiris
3178 1759 3302 1812 luce
3325 1774 3589 1829 operum,
3612 1773 3786 1827 supra

2090 1866 2264 1922 quem
2314 1849 2722 1920 porrigebatur
2767 1848 2983 1918 opinio.
3035 1868 3057 1896 ι
3108 1847 3323 1911 Quibus
3366 1846 3613 1901 breviter
3653 1863 3785 1917 per-

2089 1938 2317 2004 strictis,
2351 1942 2609 2008 suscepto
2640 1953 2837 1991 omnes
2870 1953 3108 1991 munere
3138 1937 3541 1991 discesserunt.

2158 2026 2279 2080 Mox
2322 2026 2432 2080 sibi
2474 2026 2673 2080 beatus
2704 2025 2936 2079 antistes
2970 2025 3203 2094 proprio
3247 2041 3345 2079 ore
3378 2026 3529 2094 leges
3570 2024 3779 2095 quibus

2087 2131 2145 2169 se
2176 2119 2365 2186 posset
2391 2120 2607 2183 tenere,
2642 2114 2891 2168 dictavit.
2930 2114 3187 2168 Primum
3219 2114 3416 2167 statuit
3440 2130 3554 2167 non
3588 2114 3782 2167 lavan-

2086 2205 2244 2270 dum,
2276 2221 2346 2258 ne
2377 2205 2628 2258 nitorem
2670 2203 2880 2257 anima
2918 2208 2975 2257 et
3005 2203 3297 2257 interioris
3330 2202 3583 2256 hominis
3614 2202 3779 2256 forti-

2086 2294 2348 2347 tudinem
2379 2295 2582 2347 balnea
2616 2293 2798 2363 magis
2825 2293 3089 2348 sordibus
3122 2293 3304 2347 amica
3330 2292 3777 2362 confringerent.

2088 2383 2301 2437 Deinde
2334 2383 2659 2437 decreverat
2707 2398 3005 2453 nunquam
3045 2398 3165 2435 esse
3211 2381 3642 2452 prandendum;
3678 2380 3777 2434 sed

2084 2486 2155 2525 ne
2203 2473 2483 2541 propositi
2536 2472 2880 2526 sententiam
2940 2470 3465 2542 supervenientium
3526 2470 3611 2522 vis
3661 2470 3777 2523 ulla

2081 2566 2407 2628 temeraret,
2432 2566 2489 2615 et
2509 2566 2608 2615 aut
2632 2560 2920 2630 jactantia
2950 2559 3195 2627 nebulis,
3226 2563 3326 2612 aut
3354 2557 3606 2612 avaritia
3629 2558 3781 2612 fama

2085 2649 2407 2715 laderetur,
2458 2649 2725 2703 difﬁnivit
2772 2664 3071 2718 nunquam
3129 2648 3236 2702 sibi
3286 2646 3668 2713 canandum;
3718 2650 3782 2699 ut

2082 2737 2459 2791 commutatio
2492 2737 2788 2805 horarum,
2824 2753 2887 2791 ac
2929 2753 3033 2806 per
3060 2737 3167 2790 hoc
3209 2736 3385 2789 semel
3415 2736 3476 2789 in
3522 2734 3613 2788 die
3648 2734 3780 2787 reii-

2081 2824 2269 2879 ciendi
2316 2829 2543 2894 tempus
2575 2826 2823 2879 afferret.
2874 2825 3043 2879 Cibos
3068 2824 3238 2895 jussit
3286 2823 3395 2878 sibi
3426 2823 3650 2891 placere
3696 2821 3778 2874 vi-

2082 2912 2274 2978 liores,
2336 2912 2597 2983 nihilque
2657 2912 2718 2967 in
2776 2912 3151 2983 apparatione
3201 2912 3555 2966 ferculorum
3610 2925 3777 2963 nares

2083 3017 2463 3072 saporemque
2496 3017 2664 3054 suum
2692 3017 2857 3070 posse
2890 3000 3200 3067 offendere,
3226 2999 3342 3053 nisi
3366 3000 3520 3069 quod
3547 3014 3777 3051 aroma-

2078 3090 2228 3144 tibus
2278 3090 2623 3144 condiretur.
2683 3090 2913 3145 Olerum
2968 3094 3023 3142 et
3075 3088 3383 3159 leguminis
3442 3087 3778 3158 pascebatur

2080 3179 2295 3249 epulis;
2337 3179 2436 3233 sed
2464 3182 2736 3232 neutrum
2768 3178 2978 3231 horum
3009 3193 3192 3248 usque
3224 3175 3298 3230 ad
3329 3176 3650 3231 satietatem
3683 3191 3775 3229 ca-

2078 3267 2243 3338 piens
2269 3285 2280 3321 :
2307 3268 2423 3321 vini
2447 3267 2716 3337 quiddam
2744 3283 2968 3337 parum,
2994 3282 3168 3337 quam
3190 3270 3383 3319 tamen
3405 3265 3774 3335 exiguitatem

2079 3357 2406 3427 apostolica
2431 3356 2839 3411 admonitionis
2859 3372 3080 3410 memor
3111 3356 3374 3409 sumebat
3402 3355 3473 3409 ob
3497 3353 3775 3408 stomachi

2079 3446 2388 3500 cavendam
2412 3446 2784 3500 debilitatem.
2813 3445 3240 3499 Procedendum
3262 3444 3483 3497 censuit
3504 3443 3773 3497 omnibus

2078 3535 2141 3589 in
2168 3536 2428 3607 quolibet
2460 3534 2606 3588 aeris
2642 3540 2859 3588 terrore
2894 3534 3209 3587 maturius:
3255 3532 3335 3587 ita
3360 3537 3424 3586 ut
3449 3532 3772 3603 vigiliarum

2079 3625 2327 3680 formam
2376 3623 2678 3679 lectoribus
2710 3623 3049 3677 antecedens
3097 3622 3166 3677 ad
3211 3622 3506 3676 ecclesiam
3552 3622 3775 3691 prabe-

2080 3718 2168 3768 ret
2225 3713 2546 3783 episcopus.
2612 3714 2923 3782 Postquam
2969 3728 3101 3766 vero
3149 3712 3220 3766 ad
3281 3711 3477 3765 altaris
3524 3710 3775 3764 confinia

2080 3802 2448 3873 pervenisset,
2493 3801 2712 3856 nullam
2746 3800 3083 3854 deliberavit
3129 3800 3381 3854 futuram
3409 3815 3529 3853 esse
3574 3814 3773 3852 neces-

2080 3891 2326 3958 sitatem,
2380 3906 2494 3960 qua
2544 3890 2677 3944 inde
2724 3890 2837 3944 nisi
2894 3888 3145 3959 impletis
3174 3889 3528 3943 solemnibus
3584 3894 3775 3959 posset

2079 3979 2303 4034 abduci.
2355 3979 2573 4033 Junctis
2607 3979 2847 4050 pedibus
2891 3994 3072 4048 usque
3104 3978 3173 4031 ad
3218 3976 3773 4031 consummationem

2079 4068 2304 4139 mystici
2336 4067 2523 4138 operis
2569 4073 2717 4122 stare
2749 4083 2805 4120 se
2842 4066 3047 4121 debere
3093 4067 3389 4120 constituit
3419 4082 3430 4119 :
3467 4066 3542 4119 ita
3573 4070 3636 4119 ut
3667 4065 3773 4117 hu-

2077 4174 2239 4212 more
2285 4158 2662 4227 vestigiorum
2693 4158 2885 4210 locum
2931 4172 3099 4210 suum
3129 4156 3485 4225 depingeret,
3521 4159 3578 4207 et
3606 4154 3776 4222 longe

263 4246 407 4299 libus
438 4262 533 4299 eos
567 4246 832 4299 instruxit
864 4252 921 4299 et
950 4246 1292 4300 confortavit
1319 4246 1601 4317 alloquiis.
1641 4270 1666 4292 «ι
1699 4246 1965 4310 Quamvis
2004 4265 2047 4317 ι)
2076 4247 2480 4317 aspicientibus
2529 4246 2826 4299 indicaret.
2880 4244 3359 4298 Intercessionum
3401 4246 3619 4295 tantam
3668 4241 3772 4295 sibi

263 4351 371 4401 me,
441 4336 649 4388 fratres
706 4334 1007 4400 carissimi,
1065 4336 1217 4389 inter
1283 4336 1599 4405 primordia
1662 4335 1973 4389 immatura

262 4424 617 4478 titubantem
652 4424 859 4494 judicii
894 4424 1062 4477 vestri
1092 4429 1147 4478 et
1186 4430 1462 4495 suscepta
1492 4424 1786 4494 dignitatis
1823 4441 1971 4494 pon-

264 4513 367 4566 dus
416 4513 793 4584 oppresserit,
830 4512 1070 4567 memini
1103 4518 1296 4567 tamen
1338 4514 1476 4584 quid
1526 4513 1723 4584 gratia
1768 4519 1970 4567 vestra

264 4602 530 4667 debeam,
564 4602 654 4655 cui
685 4603 936 4655 maxima
960 4602 1302 4655 contulistis.
1340 4604 1404 4655 Et
1433 4602 1565 4655 licet
1593 4601 1833 4672 parendi
1868 4618 1969 4655 vo-

266 4691 345 4743 bis
377 4692 572 4760 magis
605 4706 778 4760 quam
803 4690 1051 4759 jubendi
1083 4689 1383 4744 habuerim
1423 4691 1805 4758 voluntatem,
1843 4705 1969 4743 mu-

263 4780 374 4833 tavi
408 4784 609 4833 tamen
633 4795 738 4850 per
768 4779 1019 4833 ofﬁcium
1044 4795 1350 4850 personam
1382 4778 1686 4845 serviendi,
1707 4779 1966 4834 animum

268 4885 380 4922 non
442 4868 638 4922 amisi.
685 4870 874 4923 Estote
920 4868 1162 4939 pacifici,
1213 4874 1390 4923 estote
1439 4869 1775 4936 unanimes;
1825 4885 1970 4924 onus

269 4974 465 5011 meum
497 4973 720 5011 mecum
747 4957 985 5012 dividite
1012 4974 1024 5011 :
1060 4958 1124 5012 fit
1145 4957 1301 5012 enim
1319 4960 1388 5011 ad
1418 4959 1763 5029 portandum
1787 4958 1970 5012 facilis

269 5047 512 5113 sarcina,
566 5061 740 5117 quam
788 5046 1100 5100 multorum
1157 5046 1304 5101 colla
1358 5052 1725 5102 sustentant:
1781 5063 1970 5102 meam

270 5204 545 5282 facetum,
573 5204 703 5286 Solo
723 5203 1016 5286 cit-nomine
1040 5203 1807 5286 Bwticum‘uideloawrum
1826 5221 1969 5277 pra-

273 5277 459 5345 cipua
488 5282 639 5330 nota
671 5277 897 5330 codices
928 5277 1035 5331 hoc
1066 5278 1188 5331 loco
1219 5277 1538 5331 Rusticium
1570 5277 1787 5346 legunt.

344 5348 357 5379 ¹
387 5346 1024 5420 AdauresRicemeris]
1047 5348 1764 5420 RicimerAnthemiiAug.
1789 5347 1969 5420 filiam

344 5364 357 5379 ι
387 5364 1024 5420 Αααιιγεειτιεεητεηε]
1047 5364 1764 5418 ιίιοιωθΓΑηιηθιηιιΑυε.
1789 5364 1969 5401 uuam

276 5432 515 5490 uxorem
546 5420 700 5473 duxit
726 5435 879 5472 anno
926 5420 1049 5481 467,
1086 5424 1146 5473 ut
1176 5418 1337 5473 docet
1376 5436 1479 5472 nos
1510 5420 1816 5486 Sidomius,
1867 5418 1969 5490 qui

277 5489 700 5562 snbejusranni
730 5491 908 5545 ﬁnem
940 5490 1179 5545 Romam
1226 5490 1517 5562 ingressus
1547 5492 1763 5561 nuptiis
1788 5489 1964 5562 inter-

273 5560 451 5627 venit,
501 5561 597 5616 lib.
631 5578 668 5631 ι,
703 5562 873 5633 epist.
908 5563 959 5616 5.
1006 5562 1163 5616 Idem
1192 5560 1564 5617 Anthemium
1595 5560 1853 5616 socerum
1886 5561 1964 5615 ci-

2082 4333 2382 4406 proposuit
2411 4348 2627 4399 curam,
2662 4337 2725 4386 ut
2753 4332 2942 4402 ipsum
2982 4348 3039 4385 se
3073 4330 3296 4385 miseris
3325 4330 3535 4382 inferre
3580 4329 3772 4383 crede-

2079 4428 2166 4478 ret
2181 4422 2521 4487 molestiam,
2546 4436 2717 4492 quam
2732 4437 2836 4490 per
2856 4419 3265 4490 negligentiam
3288 4436 3320 4472 a
3340 4418 3776 4489 quibuscunque

2078 4512 2432 4583 permisisset
2480 4511 2703 4565 inferri.
2755 4510 2840 4565 Ad
2872 4510 3207 4580 patientiam
3265 4508 3473 4562 laboris
3515 4514 3776 4579 tempore

2079 4601 2199 4669 otii,
2246 4601 2574 4656 necessitati
2618 4606 2681 4654 ut
2745 4600 3052 4666 sufficeret,
3104 4614 3309 4668 corpus
3367 4597 3601 4668 aptavit.
3659 4600 3777 4653 Hoc

2078 4690 2187 4745 sibi
2218 4689 2442 4744 vivendi
2477 4689 2896 4760 pragmaticum
2934 4689 3022 4741 vel
3051 4688 3368 4758 disciplina
3399 4688 3611 4760 dogma
3637 4703 3771 4759 pro-

2077 4780 2295 4850 posuit,
2324 4794 2626 4849 aggressus
2654 4782 2759 4846 est,
2788 4777 3053 4843 servavit,
3085 4777 3365 4848 implevit.

2148 4870 2269 4924 Mox
2320 4883 2454 4921 vero
2500 4883 2602 4936 per
2631 4866 2964 4921 universum
3007 4867 3287 4921 mundum
3321 4871 3576 4951 sanctam
3620 4866 3775 4921 illius

2077 4957 2570 5011 conversationem
2617 4955 2737 5022 illa,
2792 4972 2921 5026 qua
2966 4955 3099 5009 licet
3146 4955 3206 5009 in
3254 4955 3517 5026 gloriosis
3556 4954 3773 5008 actibus

2077 5045 2296 5101 tardior
2344 5060 2465 5099 esse
2497 5045 2659 5107 solet,
2708 5044 2860 5098 fama
2904 5060 3020 5098 non
3050 5044 3247 5098 tacuit.
3299 5044 3406 5098 Sed
3440 5046 3457 5078 ¹
3492 5043 3563 5097 ad
3607 5058 3771 5097 aures

2075 5206 2174 5259 vili
2219 5204 2369 5260 bello
2401 5205 2630 5258 adortus
2669 5204 2961 5259 interemit
2988 5219 3144 5258 anno
3172 5205 3294 5257 472.
3342 5203 3454 5256 Nec
3483 5202 3772 5272 posterior

2076 5277 2253 5347 igitur
2274 5278 2383 5331 hoc
2408 5292 2579 5343 anno,
2605 5276 2891 5347 necprior
2920 5276 3018 5329 illo
3041 5274 3226 5346 potuit
3257 5290 3376 5347 esse
3402 5274 3633 5347 legatio,
3659 5291 3772 5347 qua

2079 5345 2375 5403 Ricimeris
2424 5348 2655 5401 nomine
2701 5346 2930 5401 functus
2959 5345 3139 5401 estad
3182 5345 3571 5400 Anthemium.
3612 5346 3771 5416 Sigo-

2077 5420 2225 5486 nius,
2272 5424 2329 5473 et
2370 5419 2462 5473 abi
2492 5420 2698 5490 partim
2728 5418 2797 5472 ad
2831 5433 3047 5471 annum
3094 5416 3513 5490 47lgreferunt,
3560 5417 3768 5486 partim

2076 5491 2146 5545 ad
2178 5488 2540 5560 sequentem,
2574 5490 2878 5560 perspicuo
2911 5488 3378 5560 anachronismo.
3398 5490 3586 5560 Novus
3615 5490 3768 5560 enirn

2030 5640 2035 5643 μ
2075 5559 2277 5616 adhuc
2290 5559 2587 5633 episcopus
2618 5559 2741 5617 erat
2768 5560 3141 5632 Epiphanius,
3173 5559 3245 5613 ad
3271 5559 3583 5615 Ticinensis
3612 5559 3767 5614 urbis
