4060 6174
299 135 406 189 215

1504 129 1790 185 ENNODII
1832 125 2147 183 EPISCOPI
2184 124 2577 182 TICINENSIS

3698 121 3802 173 '216

304 264 633 331 Ricemeris,
670 262 771 335 qui
799 265 934 317 tunc
973 261 1239 317 secundis
1286 260 1356 315 ab
1385 260 1691 313 Anthemio
1732 258 1991 328 principe
2030 261 2323 327 Aparcus,
2377 257 2444 311 ad
2496 255 2826 311 Ricencrem
2883 252 3193 324 patricium
3244 250 3543 322 perrexit:
3602 266 3632 302 a
3692 265 3808 319 quo

303 352 543 409 habenis
588 351 1005 423 rempublicam
1042 349 1421 423 gubernabat,
1455 348 1678 403 detulit.
1719 349 1860 402 Nam
1887 348 1998 400 in:-

306 449 568 515 peratore
608 443 804 496 Roma
850 441 1058 511 posito,
1109 438 1483 493 seminarium
1522 437 1677 491 inter
1726 453 1825 490 eos
1866 436 2003 505 jecit

307 531 557 586 scandali
586 531 686 585 illa
735 547 862 602 qua
898 528 1258 583 dominantes
1289 529 1628 597 sequestrat,
1677 525 1911 592 invidia,
1947 530 2004 579 et

306 637 410 691 par
456 620 702 690 dignitas
736 634 903 673 causa
934 615 1243 671 discordia.
1286 615 1618 669 Surrexerat
1664 614 1816 667 enim
1848 618 2004 667 tanta

308 708 494 763 rabies
526 713 697 779 atque
728 703 1024 770 dissensio,
1057 709 1119 757 ut
1158 707 1360 756 mutuo
1402 702 1551 756 bella
1584 707 2000 774 prapararent;

311 804 367 851 et
399 800 784 867 praterquam
812 793 972 862 origo
1003 792 1218 845 irarum
1249 792 1517 862 proprios
1540 792 1883 862 suggerebat
1913 791 2004 844 sti-

308 886 519 952 mulos,
566 885 633 938 lis
662 884 771 936 ista
812 872 1311 935 circumstantium
1357 880 1591 935 consilio
1624 880 2000 935 nutriebatur.

311 973 554 1028 Nutabat
608 976 786 1023 status
844 969 1225 1039 periclitantis
1281 970 1477 1037 Italia,
1539 974 1594 1023 et
1644 969 2008 1041 affligebatur

311 1061 452 1132 ipsis
497 1057 921 1113 discriminibus
950 1058 1197 1129 gravius,
1233 1059 1369 1111 dum
1416 1058 1774 1128 exspectabat
1815 1058 2006 1112 futura

312 1148 660 1203 discrimina.
712 1149 935 1200 Interea
966 1147 1113 1217 apud
1145 1147 1496 1200 Ricemerem
1532 1147 1861 1216 patricium,
1893 1148 2006 1201 Me-

311 1236 527 1323 diolani
569 1252 636 1289 ea
666 1238 1007 1306 tempestate
1039 1234 1407 1299 residentem,
1455 1236 1519 1288 ﬁt
1547 1236 1801 1289 collectio
1838 1236 2007 1306 Ligu-

309 1320 453 1378 rum'
473 1322 787 1376 nobilitatis
814 1338 827 1376 :
865 1320 961 1391 qui
989 1320 1149 1373 flexis
1177 1321 1419 1390 genibus
1446 1322 1681 1391 soloque
1716 1322 2005 1392 prostrati,

310 1427 509 1481 pacem
540 1411 781 1463 orabant
806 1407 1152 1478 principum,
1178 1416 1235 1459 et
1266 1412 1327 1460 ut
1357 1408 1425 1461 ab
1458 1408 1723 1462 seandalo
1756 1413 2010 1480 utraque

309 1502 500 1569 partes
542 1496 888 1564 desinerent,
935 1496 1259 1550 occasiones
1301 1496 1497 1565 gratia
1542 1496 1610 1549 ab
1651 1511 1761 1549 una
1816 1512 2009 1565 preca-

2108 348 2275 400 simul
2308 347 2457 399 visus
2492 351 2546 398 et
2577 346 2788 398 electus
2820 346 2921 397 est.

2179 436 2438 490 Mandato
2485 451 2619 506 ergo
2668 432 2777 487 sibi
2822 430 3124 503 legationis
3157 430 3376 495 ordine,
3427 429 3667 483 Romam
3706 443 3808 498 pe-

2109 525 2214 580 tiit.
2270 526 2333 579 In
2379 540 2493 596 quo
2544 524 2751 577 itinere
2808 521 2946 593 quid
3002 519 3396 574 molestiarum
3454 516 3811 583 sustinuerit,

2112 614 2319 686 quidve
2366 614 2641 667 virtutum
2687 600 2945 682 gesserit,
2996 608 3269 663 festinans
3304 607 3374 661 ad
3410 607 3629 677 majora
3660 622 3811 675 pra-

2114 708 2290 757 tereo.
2346 703 2469 757 Mox
2520 706 2713 755 tamen
2764 702 2825 753 ut
2872 715 3044 768 supra
3087 697 3245 751 dicta
3289 695 3442 750 urbis
3486 699 3678 766 portas
3721 694 3811 747 in-

2111 808 2338 863 gressus
2371 794 2473 857 est,
2509 790 2659 844 fama
2682 804 2810 860 qua
2839 787 3131 841 absentem
3159 785 3321 839 illum
3354 790 3553 838 notum
3580 784 3810 849 fecerat,

2111 880 2291 951 digito
2364 879 2533 949 capit
2604 877 2922 931 ostendere.
2988 874 3256 929 Conversi
3324 874 3478 927 illico
3548 873 3813 927 omnium

2114 969 2285 1036 oculi,
2320 970 2664 1039 stupuerunt
2696 970 2915 1019 mentes
2947 964 3223 1031 attonita,
3258 963 3413 1033 quod
3452 967 3669 1016 tantam
3702 960 3815 1015 sibi

2114 1057 2368 1112 exhiberi
2419 1055 2795 1110 reverentiam
2845 1054 3037 1124 imago
3096 1052 3219 1123 ejus
3277 1052 3449 1105 iudex
3499 1049 3816 1104 sanctitatis

2113 1146 2453 1216 requireret.
2505 1145 2526 1178 ³
2559 1141 2980 1213 Inexplicabilis
3022 1157 3079 1194 se
3122 1141 3303 1210 culpa
3336 1155 3496 1193 reum
3527 1139 3817 1192 fatebatur

2117 1235 2358 1305 quilibet
2394 1237 2715 1303 potentum,
2770 1231 2817 1284 si
2849 1235 3074 1285 tantum
3107 1246 3294 1298 genua
3346 1228 3468 1297 ejus
3519 1228 3819 1297 amplexus

2117 1330 2246 1378 est:
2299 1322 2604 1376 tollebatur
2655 1322 2869 1375 clamor
2901 1319 2960 1373 in
3020 1321 3255 1373 coelum:
3318 1333 3489 1372 nemo
3541 1317 3701 1370 illum
3759 1316 3822 1369 in

2120 1412 2446 1466 mortalium
2489 1426 2732 1464 numero
2777 1408 3166 1479 computabat,
3214 1406 3303 1460 cui
3335 1405 3529 1459 omnia
3573 1404 3822 1461 caelestis

2124 1502 2318 1573 gratiae
2367 1499 2637 1553 videbant
2678 1498 2831 1552 bona
2860 1501 3138 1552 constare.
3175 1496 3464 1549 Perfertur
3494 1494 3559 1548 ad
3614 1493 3826 1565 princi-

312 1565 521 1641 bantur
570 1585 784 1639 offerri.
829 1585 973 1650 Quid
1006 1586 1172 1654 plura
1223 1584 1563 1637 contexam?
1598 1584 1881 1638 mulcetur
1922 1584 2011 1638 Ri-
2051 1565 2091 1619 B
2124 1565 2254 1661 pem
2285 1588 2677 1655 Anthemium,
2704 1585 2891 1640 studio
2914 1583 3214 1656 legationis
3246 1586 3578 1653 episcopum
3601 1582 3825 1636 venisse

313 1692 522 1739 cemer,
575 1679 630 1728 et
688 1674 831 1728 velle
883 1690 940 1727 se
985 1689 1253 1743 reparare
1306 1673 1671 1727 concordiam
1720 1678 2014 1743 permotus

315 1764 629 1817 multorum
664 1763 891 1817 fletibus
914 1763 1237 1832 pollicetur.
1275 1780 1302 1811 «
1334 1762 1438 1815 Sed
1473 1762 1624 1832 quis,
1658 1762 1754 1827 ait,
1790 1761 2016 1829 potissi-

316 1868 477 1905 mum
517 1851 689 1920 hujus
722 1850 1026 1921 legationis
1066 1850 1290 1919 pondus
1322 1849 1601 1919 excipiet?
1633 1866 1803 1920 quem
1844 1854 2013 1903 tanta

317 1939 482 1991 molis
513 1955 649 1991 cura
692 1937 954 1991 maneat?
989 1937 1115 2007 quis
1156 1942 1240 1989 est
1285 1938 1383 2006 qui
1419 1938 1433 1969 1
1470 1937 1723 1991 Galatam
1773 1937 2017 1990 concita-

316 2033 439 2081 tum
470 2044 734 2081 revocare
765 2027 945 2097 possit
968 2032 1023 2080 et
1051 2025 1409 2096 principem?
1442 2028 1579 2080 Nam
1613 2043 1858 2097 semper,
1886 2042 2019 2080 cum

320 2121 553 2187 rogatur
598 2116 887 2182 exuberat,
946 2115 1046 2185 qui
1099 2116 1245 2168 iram
1309 2115 1557 2169 naturali
1621 2115 2017 2169 moderatione

324 2222 442 2258 non
475 2204 765 2258 terminat.
806 2224 828 2251 ι
862 2204 1016 2256 Tunc
1046 2219 1160 2256 uno
1195 2218 1395 2256 omnes
1431 2219 1527 2256 ore
1558 2204 2014 2273 responderunt:

323 2314 349 2344 «
394 2296 587 2347 Vester
612 2292 1010 2347 tantummodo
1041 2293 1109 2345 ad
1140 2308 1337 2362 pacem
1381 2292 1697 2346 declinetur
1732 2308 2015 2347 assensus.

322 2385 413 2437 Est
453 2382 614 2436 nobis
651 2397 897 2451 persona
938 2396 1124 2450 nuper
1173 2381 1243 2433 ad
1283 2380 1661 2434 sacerdotium
1711 2380 2021 2434 Ticinensis

327 2472 485 2525 urbis
524 2470 762 2534 adscita,
806 2468 897 2521 cui
938 2472 993 2521 et
1032 2468 1238 2521 bellua
1281 2469 1493 2521 rabida.
1533 2470 1679 2522 colla
1726 2471 1747 2503 ²
1789 2469 2022 2522 submit-

322 2565 450 2613 tunt
484 2576 494 2612 :
540 2561 629 2611 cui
670 2563 802 2610 ante
843 2572 1039 2626 preces
1078 2557 1349 2610 offeratur
1387 2557 1749 2623 beneﬁcium,
1795 2559 1952 2628 quod
1991 2576 2024 2611 a

324 2648 582 2718 quolibet
619 2650 902 2715 petiturus
937 2645 1270 2699 advenerit:
1314 2646 1405 2698 cui
1437 2649 1521 2698 est
1549 2648 1738 2699 vultus
1779 2647 1905 2699 vita
1947 2647 2022 2699 si-

324 2736 491 2799 milis,
525 2751 698 2805 quem
729 2734 990 2787 venerari
1020 2735 1200 2803 possit
1233 2734 1582 2804 quicunque,
1623 2734 1669 2787 si
1696 2739 1779 2788 est
1817 2737 2024 2789 catho-

324 2826 466 2877 licus
506 2831 561 2877 et
600 2824 924 2889 Romanus;
965 2838 1158 2875 amare
1199 2828 1368 2891 certe,
1413 2823 1460 2875 si
1500 2824 1690 2877 videre
1731 2831 2024 2879 mereatur

326 2918 381 2967 et
418 2912 723 2968 Graculus.
765 2913 888 2965 Jam
928 2912 975 2963 si
1024 2912 1093 2964 ad
1134 2927 1460 2965 sermonem
1503 2912 1655 2966 illius
1703 2914 2021 2985 veniamus,

327 3017 626 3073 nunquam
659 3001 738 3054 sic
768 3000 917 3054 diras
949 3001 1173 3070 aspides
1200 3000 1504 3054 verborum
1538 3002 1730 3072 digitis
1761 3003 2025 3056 incanta-

319 3097 416 3155 tor
465 3090 765 3145 Thessalus
810 3090 1078 3142 violentis
1115 3090 1327 3158 poterit
1367 3106 1601 3143 evocare
1652 3092 2022 3157 carminibus,

328 3180 615 3251 quomodo
663 3177 760 3230 ille
805 3177 1071 3230 effectum
1120 3177 1417 3245 petitionis
1476 3195 1594 3231 sua
1648 3196 1679 3232 a
1732 3181 2026 3251 negaturis

328 3271 646 3337 extorquet.
678 3265 889 3319 Pendet
909 3264 969 3317 in
992 3264 1227 3318 arbitrio
1251 3265 1393 3335 ejus,
1427 3283 1556 3320 cum
1581 3267 1736 3337 loqui
1766 3270 2020 3339 caperit,

327 3355 613 3409 sententia
651 3353 959 3407 audientis.
1004 3354 1220 3407 Pendet
1254 3356 1349 3424 jus
1388 3372 1578 3420 suum,
1622 3357 1723 3426 qui
1762 3373 2026 3411 excusare

328 3445 628 3516 disposuit,
667 3443 713 3496 si
752 3443 836 3496 illi
877 3442 1162 3513 allegandi
1192 3444 1359 3513 copia
1398 3445 1763 3499 concedatur.
1806 3466 1832 3495 »
1872 3448 2027 3500 Tunc

329 3533 601 3605 patricius
650 3532 909 3587 Ricemer
954 3534 1032 3585 ita
1088 3532 1427 3602 respondit:
1480 3552 1505 3583 «
1560 3534 1773 3587 Detulit
1812 3535 1883 3588 ad
1933 3551 2027 3589 me

328 3623 483 3675 hunc
509 3619 801 3674 hominem
835 3635 1009 3689 quem
1039 3620 1342 3689 exponitis,
1380 3621 1531 3674 fama
1576 3622 1891 3691 gloriosum
1925 3638 1936 3675 :
1973 3628 2027 3677 et

330 3710 389 3763 in
422 3711 528 3763 hoc
568 3708 752 3779 magis
787 3708 1155 3761 admirationi
1187 3709 1328 3761 mihi
1365 3714 1466 3771 est,
1502 3710 1657 3778 quod
1690 3726 1891 3764 omnes
1923 3711 2024 3764 ha-

327 3799 459 3852 beat
511 3799 869 3866 laudatores;
924 3798 1109 3851 nullos
1158 3799 1282 3867 ejus
1332 3799 1540 3869 quibus
1590 3815 1695 3869 per
1746 3800 2025 3854 invidiam

328 3886 621 3940 abundare
661 3887 802 3939 solet
842 3886 1081 3953 novitas,
1120 3887 1313 3953 prodit
1340 3886 1619 3939 inimicos.
1663 3889 1742 3941 lte
1777 3904 1933 3959 ergo,
1968 3895 2025 3943 et

327 3980 525 4044 rogate
556 3974 849 4028 hominem
875 3974 996 4042 Dei,
1025 3980 1086 4027 ut
1114 3976 1396 4028 ambulet:
1420 3977 1645 4045 jungite
1674 3978 1845 4030 etiam
1869 3994 2023 4031 meas

327 4080 541 4135 preces.
598 4084 624 4111 ››
674 4063 895 4133 Egressi
942 4066 1012 4117 de
1065 4066 1302 4117 consilio
1343 4064 1439 4134 (an
1488 4056 1787 4135 concilio?)
1829 4067 2021 4121 statim

2126 1678 2389 1749 Liguria,
2441 1677 2735 1729 hominem
2784 1690 2956 1746 quem
3000 1675 3193 1727 nullus
3238 1674 3417 1743 possit
3448 1671 3620 1725 etiam
3664 1671 3826 1725 dives

2123 1766 2354 1837 eloquio
2379 1764 2728 1819 sufﬁcienter
2746 1778 3046 1833 exponere.
3074 1764 3145 1815 At
3165 1762 3275 1828 ille,
3303 1784 3329 1810 «
3357 1761 3566 1814 Callida
3596 1776 3825 1814 mecum

2124 1856 2386 1908 Riccmer
2430 1858 2483 1906 et
2514 1853 2574 1906 in
2608 1851 2987 1923 legationibus
3036 1850 3150 1904 suis
3182 1855 3300 1904 arte
3335 1850 3583 1904 decertat
3619 1866 3631 1902 :
3683 1850 3829 1903 tales

2126 1944 2341 2013 dirigit,
2382 1942 2479 2014 qui
2506 1940 2924 2012 supplicatione
2965 1944 3315 2011 expugnent,
3349 1955 3492 2010 quos
3522 1938 3618 1992 ille
3640 1939 3827 1991 laces-

2126 2032 2200 2086 sit
2247 2031 2511 2102 injuriis:
2546 2030 2839 2101 perducite
2871 2035 3063 2083 tamen
3106 2030 3175 2082 ad
3216 2043 3305 2082 me
3335 2027 3629 2081 hominem
3678 2026 3781 2081 Dei
3811 2042 3826 2079 :

2126 2120 2225 2192 qui
2278 2122 2323 2174 si
2373 2119 2667 2191 possibilia
2718 2122 3003 2188 precatur,
3054 2117 3385 2183 admittam;
3440 2115 3487 2169 si
3543 2115 3829 2180 difﬁcilia,

2127 2209 2458 2279 supplicabo
2494 2224 2562 2260 ne
2595 2206 3016 2260 excusationem
3040 2220 3225 2257 meam
3253 2207 3520 2273 gravetur
3544 2203 3821 2272 accipere.

2129 2298 2334 2352 Dubito
2369 2302 2559 2350 tamen
2592 2312 2663 2348 an
2695 2295 2955 2348 Ricemer
2985 2293 3133 2363 apud
3167 2308 3275 2360 me,
3311 2292 3462 2362 quod
3495 2292 3696 2361 poscit,
3732 2291 3835 2344 ob-

2127 2388 2342 2440 tineat:
2387 2386 2547 2455 cujus
2579 2384 2693 2437 scio
2736 2389 2998 2436 votorum
3029 2383 3507 2450 intemperantem
3539 2396 3660 2434 esse
3698 2396 3831 2449 per-

2132 2491 2353 2540 sonam,
2417 2479 2471 2527 et
2530 2474 2588 2526 in
2655 2472 3078 2526 conditionibus
3138 2469 3532 2540 proponendis
3595 2468 3834 2521 rationis

2131 2564 2443 2617 terminum
2488 2578 2601 2615 non
2639 2566 2853 2614 tenere.
2914 2560 3019 2614 Sed
3055 2559 3248 2613 veniat
3288 2558 3536 2612 directus
3566 2556 3833 2619 autistes,

2133 2658 2190 2705 et
2236 2652 2520 2705 laudatam
2547 2650 2895 2720 jampridem
2944 2653 3251 2719 praesentet
3283 2648 3552 2717 efﬁgiem.
3592 2668 3613 2694 ι
3662 2647 3835 2715 Εετε-

2135 2741 2375 2794 diuutur
2430 2739 2616 2792 officia
2679 2739 2814 2792 urbe
2866 2743 2981 2791 tota
3040 2736 3311 2807 palatina.
3375 2736 3536 2804 Jube,
3606 2734 3836 2805 rogaris

2135 2829 2406 2883 audiebat
2439 2829 2759 2898 episcopus.

2205 2921 2276 2971 At
2306 2917 2646 2970 venerabilis
2687 2920 2744 2969 et
2776 2914 2997 2969 saculis
3031 2914 3295 2968 omnibus
3328 2915 3601 2985 probatus
3630 2913 3835 2983 ponti-

2135 3006 2245 3073 fex,
2281 3012 2654 3076 posteaquam
2700 3005 3083 3074 introgressus
3122 3007 3226 3069 est,
3261 3008 3316 3056 et
3346 3001 3670 3072 proferendi
3710 3015 3836 3052 ser-

2138 3095 2323 3148 monis
2366 3095 2611 3148 donatus
2644 3093 2891 3158 licentia,
2942 3092 3203 3163 quamvis
3241 3091 3493 3162 fugitiva
3533 3088 3838 3160 potestatis

2136 3183 2404 3254 insignia,
2463 3189 2681 3236 ostrum
2731 3198 3105 3252 gemmasque
3154 3182 3451 3235 rutilantes
3500 3178 3837 3232 reverenda

2138 3271 2409 3341 imaginis
2442 3271 2663 3341 fulgore
2696 3269 3095 3340 compresserit
3125 3269 3359 3339 (etenim
3399 3267 3560 3338 quasi
3593 3266 3837 3319 absente

2136 3360 2506 3430 imperatore,
2560 3360 2638 3412 ita
2682 3359 2743 3411 in
2786 3375 2844 3411 se
2891 3357 3086 3411 oculos
3142 3362 3386 3411 traxerat
3445 3354 3837 3426 singulorum)

2137 3450 2236 3503 tali
2286 3448 2614 3501 narratione
2671 3447 2971 3514 incipiens,
3024 3447 3263 3517 januam
3320 3446 3433 3499 oris
3485 3443 3762 3498 reseravit
3824 3459 3837 3497 :

2138 3562 2165 3587 ‹‹
2221 3538 2456 3593 Summa
2503 3537 2746 3591 caelestis
2776 3536 3025 3603 Domini,
3059 3536 3381 3591 venerande
3412 3535 3697 3606 princeps,
3748 3537 3840 3586 est

2137 3628 2499 3682 ordinatione
2536 3627 2896 3697 diapositum,
2932 3630 2995 3679 ut
3024 3626 3113 3679 cui
3140 3631 3313 3679 tanta
3346 3624 3673 3694 reipublica
3697 3638 3841 3677 cura

2138 3716 2537 3782 mandabatur,
2572 3732 2673 3786 per
2698 3715 2993 3768 catholica
3024 3713 3157 3767 ﬁdei
3186 3713 3396 3783 dogma
3425 3714 3602 3766 Deum
3638 3716 3693 3764 et
3723 3726 3834 3762 au-

2136 3810 2350 3859 ctorem
2387 3810 2442 3859 et
2488 3810 2804 3859 amatorem
2835 3803 3061 3875 pietatis
3101 3808 3468 3874 agnosceret;
3500 3818 3604 3873 per
3657 3816 3837 3872 quem

2132 3894 2418 3949 bellorum
2443 3895 2693 3948 furorem
2726 3893 2881 3963 pacis
2912 3908 3071 3946 arma
3100 3892 3491 3961 confringunt,
3526 3896 3581 3945 et
3608 3892 3839 3944 calcans

2133 3984 2278 4037 colla
2308 3984 2591 4053 superbia
2621 3982 2924 4035 concordia
2952 3986 3206 4051 superat,
3240 3981 3386 4052 quod
3416 3981 3687 4034 fortitudo
3717 3996 3839 4033 non

2132 4074 2420 4143 pravalet.
2465 4073 2555 4127 Sic
2585 4087 2834 4142 namque
2880 4071 3052 4125 David
3084 4070 3510 4141 pradicabilem
3556 4069 3835 4140 parcendi

325 4153 585 4207 TiCinum
617 4158 840 4223 Petunt,
880 4168 1108 4205 causam
1144 4160 1396 4216 narrant,
1430 4154 1588 4221 fUSiS,
1626 4159 1687 4207 ut
1724 4156 1896 4208 istum
1933 4156 2014 4208 18-
2053 4195 2097 4248 D
2129 4163 2310 4232 magis
2341 4161 2575 4215 inimico
2605 4160 2832 4214 animus
2862 4160 3131 4226 reddidit,
3162 4176 3334 4230 quam
3366 4160 3606 4212 intentio
3640 4158 3831 4212 vindi-

328 4243 524 4296 borem
566 4241 896 4311 susciperet,
941 4240 1140 4294 beatus
1180 4241 1532 4312 Epiphanius
1571 4247 1805 4313 rogatur
1841 4243 2017 4313 lacry-

326 4329 433 4382 mis
470 4347 481 4383 :
516 4329 615 4401 qui
652 4345 722 4382 ne
754 4333 1089 4382 extenuaret
1122 4329 1487 4399 beneficium,
1522 4332 1568 4384 si
1600 4332 1750 4384 filios
1792 4331 2019 4384 diutina

326 4419 741 4488 supplicatione
787 4422 1098 4489 torqueret,
1152 4421 1454 4473 antecessit
1496 4419 1776 4473 desideria
1822 4424 2017 4490 postu-

325 4509 581 4561 lantum:
616 4522 758 4577 quos
784 4513 976 4560 tamen
1005 4508 1196 4560 taliter
1226 4507 1505 4560 allocutus
1535 4512 1617 4558 est
1646 4522 1657 4559 :
1693 4528 1721 4555 «
1750 4506 2017 4571 Quamvis

323 4600 500 4649 tanta
546 4595 627 4648 rei
670 4596 977 4649 necessitas
1020 4595 1437 4665 probatissima
1487 4610 1749 4665 persona
1790 4596 2018 4666 pondus

326 4684 599 4754 inquirat,
635 4688 691 4737 et
728 4684 933 4738 titubet
967 4684 1071 4737 sub
1102 4684 1262 4753 gravi
1292 4684 1440 4736 fasce
1474 4684 1721 4754 portitor
1752 4684 2019 4738 immatu-

324 4790 442 4841 rus,
467 4774 729 4827 affectum
751 4776 944 4827 tamen
965 4788 1135 4844 quem
1164 4773 1343 4826 debeo
1360 4773 1558 4842 patria
1580 4789 1695 4826 non
1719 4773 1962 4844 negabo.
1990 4795 2015 4819 ι»

326 4863 543 4927 Quibus
593 4863 841 4917 breviter
896 4861 1162 4925 narratis,
1222 4863 1509 4931 quomodo
1568 4868 1690 4916 erat
1741 4862 2020 4933 loquendi

326 4989 655 5047 cathedram
694 5006 878 5059 nuper
907 4989 1172 5060 adscitus.
1224 4987 1407 5060 Quare
1452 5004 1583 5041 cum
1627 4994 1856 5043 octavus
1897 4990 2019 5060 ejus

326 5077 530 5128 annus,
560 5067 624 5116 ut
653 5058 850 5132 postea
878 5060 1114 5125 dicetur,
1150 5058 1419 5112 inciderit
1454 5060 1513 5112 in
1545 5065 1807 5131 tempora
1841 5058 2021 5131 Nepo-

326 5134 421 5205 tis,
460 5131 707 5205 primam
751 5133 899 5186 hanc
927 5131 1271 5201 legationem
1300 5131 1404 5184 sub
1435 5147 1652 5185 annum
1693 5134 1793 5186 468
1835 5133 2017 5185 conti-

327 5204 475 5274 gisse
506 5220 733 5259 necesse
765 5209 869 5255 est.

401 5275 712 5331 ‘Gatalam
730 5271 1099 5344 concitatum]
1118 5271 1483 5327 Anthemium
1505 5288 1676 5344 quem
1698 5274 2019 5330 Graculum

326 5361 460 5400 mox
520 5352 699 5401 vocat.
762 5343 1024 5415 Sidonius
1082 5343 1219 5399 item
1286 5344 1356 5398 de
1408 5343 1669 5399 Arvando
1738 5347 2016 5415 scribens,

327 5421 565 5489 ejusque
617 5415 823 5489 litteris
851 5414 929 5489 ad_
954 5415 1221 5489 Euricum
1244 5415 1347 5489 lib.
1393 5432 1430 5482 ι,
1463 5417 1628 5488 epist.
1661 5421 1691 5470 7
1718 5434 1729 5471 :
1771 5417 1914 5471 Hac
1943 5414 2021 5471 ad

325 5485 514 5559 regem
542 5486 845 5545 Gothorum
873 5485 1077 5542 charta
1103 5487 1403 5544 videbatur
1422 5485 1628 5557 em'itti,
1660 5503 1855 5559 pacem
1884 5506 2014 5544 cum

2126 4252 2312 4304 candi.
2361 4251 2451 4306 Sic
2488 4250 2716 4321 perfecti
2751 4250 3092 4303 saeculorum
3133 4265 3295 4319 reges
3327 4254 3380 4302 et
3414 4248 3653 4316 domini,
3690 4263 3829 4318 sup-

2127 4340 2468 4412 plicantibus
2490 4339 2789 4409 indulgere
2812 4338 3157 4392 calestiarte
3180 4338 3524 4392 didicerunt.
3552 4338 3831 4406 Superna

2128 4446 2378 4500 namque
2417 4427 2821 4482 dominationis
2862 4428 3044 4480 instar
3074 4427 3344 4497 possidet,
3390 4427 3487 4498 qui
3518 4426 3833 4495 imperium

2130 4534 2298 4572 suum
2331 4517 2540 4587 pietate
2587 4516 2875 4570 sublimat.
2931 4515 3049 4570 Hoc
3079 4531 3217 4586 ergo
3264 4516 3428 4569 Italia
3456 4519 3638 4568 vestra
3684 4512 3838 4567 freta

2122 4607 2358 4677 judicio,
2412 4607 2498 4659 vel
2556 4606 2817 4660 Ricemer
2874 4605 3167 4675 patricius,
3229 4605 3568 4675 parvitatem
3614 4618 3833 4674 ‘meam

2128 4701 2150 4732 ‘
2200 4700 2358 4749 oratu
2401 4696 2650 4749 direxit:
2699 4694 3087 4749 indubitanter
3129 4695 3455 4763 conjiciens,
3515 4692 3668 4764 quod
3726 4693 3837 4745 Ro-

2129 4800 2336 4838 manus
2370 4782 2391 4817 5
2440 4786 2554 4837 Deo
2586 4800 2795 4837 munus
2825 4785 3059 4847 tribuat,
3094 4800 3265 4854 quam
3299 4788 3564 4853 precatur
3602 4787 3658 4835 et
3698 4781 3834 4835 bar-

2130 4873 2318 4926 barus.
2350 4872 2463 4925 Erit
2489 4874 2641 4925 enim
2666 4871 2991 4944 triumphus
3015 4872 3214 4925 vestris
3237 4873 3465 4942 proprie
3495 4870 3837 4942 profuturus

2130 4998 2318 5053 Graco
2364 5000 2711 5068 imperatore
2744 4996 3100 5052 dissuadens.
3146 4998 3402 5050 Gracum
3434 5012 3683 5068 namque
3728 4996 3836 5050 im-

2128 5067 2454 5138 peratorem
2482 5070 2751 5138 appellat,
2786 5086 2902 5122 non
2929 5070 3175 5123 Leonem
3209 5068 3527 5137 principem
3556 5067 3831 5133 Orientis,

2129 5140 2220 5192 cui
2252 5140 2335 5192 rei
2385 5140 2529 5193 nihil
2571 5147 2693 5193 erat
2721 5156 2850 5193 cum
2892 5141 3117 5205 Eurico,
3150 5141 3245 5193 sed
3267 5138 3637 5192 Anthemium
3670 5139 3769 5208 qui
3798 5155 3831 5193 θ

2129 5210 2340 5264 Gracia
2368 5227 2553 5279 nuper
2579 5216 2809 5265 exortus
2843 5212 3039 5265 Roma
3069 5211 3363 5278 regnabat.
3686 5238 3699 5249 ο

2198 5283 2220 5315 ²
2251 5282 2527 5345 Bolland.,
2561 5281 2917 5334 submittant.

2200 5355 2219 5386 ³
2249 5351 2432 5422 Schot.
2465 5358 2522 5405 et
2557 5352 2835 5417 Bolland.,
2867 5350 3267 5422 Inexptabilis.

2199 5426 2219 5458 ‘
2249 5421 2438 5475 Schot.
2473 5427 2529 5475 et
2560 5422 2724 5488 Boll.,
2758 5425 3005 5478 oratum.

2197 5494 2218 5529 ⁸
2248 5492 2442 5546 Iidem.
2474 5490 2754 5547 Dominus.
