4060 6174
170 232 260 283 il?
1174 225 1337 281 VITA
1380 225 1439 279 Β.
1483 224 1842 282 EPIPHANII

2045 226 2202 283 COPI
2242 225 2655 282 TIGINENSIS.

3566 227 3675 279 ‘2l8

161 362 477 429 annalibus,
528 363 575 416 si
628 361 747 416 sine
794 361 1075 431 sanguine
1127 359 1393 413 viceritis.
1428 360 1608 414 Simul
1655 362 1843 416 nescio
1885 365 1932 417 Α
1962 364 2380 433 disposueram,
2415 380 2517 435 per
2547 368 2600 417 te
2634 362 2857 433 primus
2893 362 3157 417 exhibeo.
3194 362 3483 417 Profunda
3512 360 3667 416 enim

162 470 281 525 qua:
333 453 551 522 species
590 451 790 506 fortior
837 450 1014 521 possit
1044 466 1163 504 esse
1210 449 1517 518 bellorum,
1554 467 1728 522 quam
1768 452 1853 506 di-

166 542 362 594 micare
412 546 613 594 contra
654 539 1033 605 iracundiam,
1068 543 1125 593 et
1172 538 1507 593 ferocissimi
1546 540 1697 594 Getae
1755 558 1856 611 pu-

168 630 355 684 dorem
404 646 645 683 onerare
695 626 1008 682 beneficiis.
1043 628 1279 682 Gravius
1318 628 1471 681 enim
1503 630 1853 700 percellitur,

168 718 207 770 si
241 719 535 787 postulata
564 718 851 787 impetret,
886 733 1057 787 quem
1088 717 1296 787 puduit
1326 717 1601 771 hactenus
1633 717 1855 788 suppli-

166 822 300 860 care.
332 806 691 860 Tractandus
723 806 929 859 deinde
962 822 1169 877 auceps
1198 806 1452 860 bellandi
1488 811 1759 861 eventus:
1799 806 1859 861 iu

168 912 268 966 quo
310 901 510 949 tamen
557 896 604 949 si
653 895 731 948 ita
780 895 1184 964 praevaluerint
1232 900 1460 965 peccata
1518 896 1851 961 certamine,

168 990 335 1037 vestro
395 1000 575 1053 regno
625 982 1076 1048 defraudabitur,
1136 984 1288 1055 quod
1348 990 1539 1054 partes
1596 986 1856 1056 utraeque

166 1072 533 1143 perdiderint.
595 1073 735 1126 Nam
789 1088 1147 1143 quaecunque
1198 1072 1349 1144 apud
1396 1072 1763 1139 Ricimerem,
1812 1072 1859 1125 si

166 1161 367 1213 amicus
403 1166 507 1227 est,
568 1161 719 1213 salva
777 1166 928 1226 sunt,
988 1177 1118 1214 cum
1158 1162 1281 1231 ipso
1313 1178 1346 1215 a
1399 1162 1560 1216 vobis
1613 1162 1857 1217 Patricio

168 1248 547 1319 possidentur.
588 1248 841 1318 Cogitate
874 1249 1109 1318 pariter,
1162 1249 1298 1319 quia
1338 1249 1483 1303 bene
1523 1266 1708 1304 causa:
1742 1267 1859 1305 sua:

164 1337 417 1390 ordinem
453 1336 673 1405 dirigit,
707 1336 805 1406 qui
839 1352 1038 1405 pacem
1066 1336 1290 1406 primus
1319 1338 1613 1391 obtulerit.

227 1426 517 1479 Hactenus
543 1424 916 1477 admirandus
936 1425 1187 1494 pontifex
1215 1438 1564 1495 prosecutus,
1584 1425 1863 1497 loquendi

166 1514 326 1568 ﬁnem
357 1514 520 1567 fecit.
556 1514 710 1566 Tunc
743 1513 1004 1583 princeps
1048 1514 1279 1584 erigens
1314 1515 1526 1582 oculos,
1569 1516 1861 1571 desertum

165 1620 215 1657 se
242 1603 513 1656 omnium
544 1602 685 1655 vidit
718 1602 1059 1672 aspectibus,
1094 1608 1266 1673 atque
1312 1603 1371 1656 in
1414 1620 1545 1657 eum
1594 1603 1862 1657 invitatos

164 1692 339 1745 vultus
373 1708 500 1744 esse
532 1695 869 1743 cunctorum
898 1707 910 1745 :
942 1707 1113 1761 quem
1168 1690 1439 1745 admirari
1470 1708 1575 1746 nec
1604 1692 1725 1763 ipse
1757 1692 1859 1745 de-

166 1780 400 1833 sinebat.
455 1782 616 1835 Tuuc
647 1780 759 1833 alto
792 1780 1022 1833 trahens
1072 1785 1243 1835 verba
1274 1781 1541 1851 suspirio,
1590 1781 1666 1835 ita
1698 1798 1861 1835 orsus

166 1876 270 1923 est:
319 1891 347 1915 ‹‹
384 1868 662 1932 Quamvis
710 1867 1129 1937 inexplicabilis
1162 1868 1325 1935 mihi,
1381 1875 1570 1922 sancte
1602 1870 1858 1936 antistes,

164 1959 424 2012 adversus
459 1940 804 2012 Ricimerem
860 1973 1029 2011 causa
1079 1957 1293 2012 doloris
1341 1957 1434 2022 sit,
1468 1965 1518 2011 et
1552 1958 1693 2011 nihil
1726 1974 1857 2028 pro-

163 2047 320 2100 fuerit
353 2046 628 2100 maximis
660 2062 790 2099 eum
820 2063 850 2098 a
892 2044 1053 2099 nobis
1094 2046 1371 2100 donatum
1410 2046 1588 2102 fuisse.
1630 2047 1853 2101 beneﬁ-

162 2136 265 2198 ciis,
300 2152 483 2206 quem
522 2135 694 2187 etiam
733 2135 908 2205 (quod
944 2151 1058 2187 non
1085 2135 1208 2188 sine
1261 2135 1477 2205 pudore
1513 2140 1570 2188 et
1601 2135 1764 2205 regni
1798 2138 1855 2188 et

164 2224 447 2294 sanguinis
500 2224 681 2277 nostri
728 2224 1035 2277 dicendum
1081 2224 1183 2293 est)
1217 2223 1275 2276 in
1329 2223 1562 2277 familia:
1614 2230 1861 2277 stemma

163 2314 576 2384 copulavimus,
605 2313 742 2366 dum
770 2312 1114 2366 indulsimus
1138 2312 1317 2365 amori
1349 2312 1681 2382 reipublicae
1704 2313 1859 2384 quod

164 2402 445 2457 videretur
479 2402 555 2455 ad
604 2406 933 2455 nostrorum
967 2400 1163 2455 odium
1197 2402 1485 2471 pertinere
1514 2418 1525 2455 :
1578 2402 1705 2472 quis
1754 2402 1861 2456 hoc

163 2507 405 2561 namque
439 2496 703 2544 veterum
756 2496 910 2544 retro
961 2490 1288 2561 principum
1318 2491 1448 2544 fecit
1480 2507 1755 2563 unquam,
1799 2497 1860 2547 ut

164 2579 297 2633 inter
322 2596 577 2633 munera
602 2596 730 2649 qua:
754 2580 766 2611 ί
790 2578 988 2649 pellito
1012 2580 1165 2633 Gela:
1189 2580 1321 2633 dare
1342 2596 1570 2633 necesse
1588 2585 1728 2648 erat,
1754 2597 1857 2650 pro

162 2669 339 2739 quiete
374 2668 677 2722 communi
711 2668 829 2720 ﬁlia
862 2668 1220 2737 poneretur?
1252 2668 1599 2722 Nescivimus
1621 2686 1854 2739 parcere

160 2759 415 2829 sanguini
475 2763 694 2823 nostro,
727 2758 871 2812 dum
928 2774 1219 2812 servamus
1242 2759 1513 2812 alienum.
1552 2760 1728 2813 Nemo
1773 2766 1863 2813 ta—

163 2863 277 2900 men
310 2848 424 2901 hoc
474 2847 668 2901 credat
698 2847 946 2917 propria:
988 2863 1157 2900 causa
1191 2848 1401 2901 factum
1433 2864 1553 2900 esse
1598 2848 1861 2902 formidi-

1966 454 2377 509 deliberatione
2408 452 2769 524 compendiis
2800 452 3011 507 nostris
3041 452 3100 507 in
3126 452 3231 506 hac
3261 456 3423 523 parte
3454 467 3667 506 consu-

1964 544 2155 610 limus,
2200 543 2247 596 si
2278 544 2336 597 in
2365 542 2597 597 incertis
2628 543 3011 613 procellarum
3040 542 3335 595 erroribus
3366 557 3571 595 navem
3598 556 3664 593 ex

1965 632 2085 687 veri
2116 632 2518 702 gubernatoris
2557 631 2921 685 ordinatione
2960 631 3277 685 flectamus.
3332 630 3469 694 Quis
3508 630 3664 683 enim

1968 721 2072 775 tibi
2126 738 2391 775 excusare
2436 725 2749 792 prmsumat
2796 719 3139 773 beneficium
3191 718 3525 790 postulanti,
3572 718 3662 772 cui

1968 814 2299 880 oportuerat
2331 815 2460 862 ante
2493 825 2688 879 preces
2722 808 2956 861 offerri?
2983 828 3011 856 ››
3056 810 3185 861 Haec
3227 808 3559 878 imperator.
3594 810 3663 860 At

1966 900 2308 954 venerabilis
2339 898 2601 951 sacerdos
2635 914 2648 951 :
2685 916 2711 947 (ι
2753 897 2992 961 Gratias,
3036 895 3244 967 inquit,
3278 896 3661 965 omnipotenti

1972 988 2108 1054 Deo,
2135 987 2232 1058 qui
2264 1002 2461 1058 pacem
2489 1002 2647 1039 suam
2686 985 2959 1056 principis
2982 984 3159 1039 menti
3181 985 3457 1039 inseruit:
3491 1001 3661 1054 quem

1970 1076 2037 1129 ad
2072 1076 2249 1129 instar
2282 1074 2518 1145 superni
2549 1074 2876 1127 dominatus
2918 1073 3194 1127 vicarium
3225 1090 3341 1127 sua:
3369 1074 3663 1143 potestatis

1970 1164 2148 1218 voluit
2179 1181 2298 1218 esse
2334 1162 2691 1217 mortalibus.
2720 1181 2746 1212 »

2041 1254 2257 1318 Quibus
2292 1252 2539 1306 breviter
2568 1250 2833 1316 narratis,
2890 1254 3122 1319 accepto
3168 1250 3343 1303 etiam
3374 1265 3478 1319 pro
3524 1265 3660 1302 con-

1970 1343 2179 1397 cordia:
2211 1341 2482 1396 firmitate
2516 1341 2586 1394 ab
2625 1338 2932 1394 Anthemio
2965 1344 3344 1404 sacramento,
3386 1338 3659 1403 discessit,

1969 1432 2245 1486 festinans
2273 1431 2341 1485 ad
2376 1429 2664 1500 Liguriam
2696 1428 2923 1494 reverti,
2973 1428 3200 1498 quando
3234 1427 3664 1480 resurrectionis

1972 1520 2271 1575 dominicae
2300 1524 2527 1588 tempus
2559 1517 2808 1571 instabat
2839 1532 2979 1587 :per
3009 1516 3164 1587 quod
3198 1515 3495 1568 maceratis
3522 1515 3665 1585 jeju-

1978 1610 2208 1663 niorum
2256 1624 2421 1661 cruce
2457 1607 2815 1677 corporibus,
2845 1622 3014 1659 carne
3059 1604 3266 1674 frigida
3318 1603 3552 1673 spiritus
3582 1602 3666 1656 hi-

1970 1697 2105 1751 laris
2153 1696 2564 1760 recalesceret;
2615 1696 2752 1749 dum
2806 1710 2838 1747 a
2888 1692 3266 1763 Redemptore
3325 1695 3518 1744 nostro
3541 1706 3662 1743 mo-

1969 1785 2171 1839 riendo
2232 1800 2388 1837 mors
2463 1783 2727 1851 vincitur,
2781 1788 2837 1836 et
2886 1782 3071 1836 ﬁdelis
3121 1780 3242 1851 spei
3287 1780 3427 1833 cibis
3474 1778 3667 1832 anima

1968 1873 2282 1944 saginatur.
2337 1872 2611 1926 Vicesimo
2648 1888 2681 1925 a
2712 1889 2788 1937 se,
2824 1888 2955 1925 cum
2990 1870 3229 1923 Romam
3260 1885 3522 1939 egressus
3557 1873 3661 1935 est,

1968 1963 2230 2017 futurum
2264 1961 2475 2035 Pascha
2518 1960 2638 2015 dies
2680 1960 3087 2031 promittebat:
3120 1963 3277 2013 tanta
3318 1963 3513 2011 tamen
3556 1957 3666 2010 iter

1970 2052 2261 2106 celeritate
2307 2050 2567 2115 confecit,
2614 2054 2675 2101 ut
2706 2052 2909 2119 quarto
2942 2047 3162 2101 decimo
3195 2046 3284 2100 die
3322 2045 3666 2117 improvisus

1970 2147 2026 2195 et
2056 2141 2269 2194 famam
2323 2138 2700 2209 prmveuiens,
2732 2138 2990 2192 Ticinum
3022 2136 3446 2206 ingrederetur,
3482 2133 3663 2187 comi-

1969 2230 2123 2284 tibus
2154 2244 2287 2281 sane
2320 2226 2583 2298 plurimis
2612 2227 2670 2279 iu
2700 2225 2791 2279 via
2830 2224 3133 2291 derelictis,
3185 2224 3319 2295 quia
3361 2239 3461 2277 nec
3492 2222 3665 2276 absti-

1972 2318 2226 2372 nentiam
2277 2318 2400 2386 ejus
2448 2315 2729 2369 sustinere
2760 2319 3045 2385 poterant,
3087 2330 3192 2367 nec
3221 2312 3495 2366 laborem.
3534 2313 3667 2365 Ecce

1970 2422 2279 2459 concursus
2326 2403 2783 2475 prazstolantium
2834 2402 2977 2456 tanti
3028 2400 3298 2455 antistitis
3338 2399 3664 2467 adventum,

1968 2493 2124 2547 domi
2152 2492 2404 2563 positum
2438 2491 2655 2557 videre,
2690 2507 2860 2561 quem
2894 2491 3154 2544 nondum
3196 2490 3438 2544 Romam
3468 2504 3666 2559 egres-

1968 2598 2094 2635 sum
2123 2581 2295 2635 fuisse
2325 2584 2738 2649 cognoverant.
2764 2580 2930 2633 Lmtm
2959 2580 3115 2633 urbis
3140 2578 3391 2650 tripudia
3422 2577 3665 2631 attonito

1974 2671 2259 2725 Riccmeri
2291 2670 2654 2723 indicantur:
2688 2686 2887 2739 pacem
2937 2669 3145 2723 factam
3186 2685 3435 2722 consono
3471 2684 3669 2721 omnes

1969 2776 2065 2814 ore
2111 2759 2502 2814 clamitabant.
2568 2759 2873 2812 Exsultatio
2918 2757 3145 2811 infinita
3198 2757 3664 2828 provinciarum:

1970 2855 2027 2902 et
2058 2849 2206 2902 sicut
2234 2848 2535 2902 hominum
2567 2863 2691 2900 mos
2732 2852 2835 2911 est,
2868 2847 3085 2916 gratius
3116 2846 3325 2900 habere
3357 2846 3509 2916 quod
3539 2845 3666 2898 red-

164 2938 262 2989 uis:
298 2953 439 2989 nam
476 2936 538 2988 in
588 2940 748 2989 tanta
792 2936 1297 3005 circumspectione
1345 2937 1542 2990 salutis
1573 2938 1859 3005 omnium,
1901 2964 1941 3019 ρ
1972 2938 2147 3001 ditur,
2201 2953 2376 3007 quam
2429 2936 2474 2989 si
2526 2937 2762 2989 omnino
2826 2951 2942 2988 non
2992 2940 3227 3003 pereat;
3280 2933 3502 2989 dulcior
3548 2937 3669 2986 erat

163 3026 336 3079 solum
400 3042 507 3096 pro
543 3024 705 3078 nobis
759 3024 962 3078 timere
1012 3042 1129 3078 non
1182 3024 1463 3079 novimus.
1522 3026 1670 3080 Bene
1707 3027 1861 3081 enim

162 3115 300 3184 apud
336 3131 445 3169 nos
477 3119 837 3184 compertum
869 3118 974 3179 est,
1020 3114 1209 3183 perire
1255 3114 1592 3183 imperatori
1629 3116 1861 3170 laudem

162 3220 261 3257 suae
310 3203 569 3269 virtutis,
610 3202 709 3271 qui
768 3219 871 3272 pro
919 3204 1164 3256 aliorum
1196 3205 1415 3257 cautela
1460 3220 1574 3257 non
1622 3206 1854 3258 meruit.

161 3291 251 3346 Sed
286 3298 347 3346 ut
397 3297 516 3345 tuae
567 3291 925 3345 venerationi
968 3292 1039 3344 ad
1088 3291 1376 3362 liquidum
1425 3299 1660 3346 conatus
1705 3294 1859 3347 illius

165 3382 486 3451 aperiamus
514 3401 529 3447 ;
564 3381 831 3451 quotiens
863 3398 893 3433 a
926 3381 1089 3433 nobis
1120 3381 1436 3451 majoribus
1468 3382 1633 3435 donis
1666 3398 1864 3441 cumu-

164 3470 305 3543 latus
329 3475 419 3524 est
451 3470 740 3535 Ricemer,
773 3471 982 3523 totiens
1014 3469 1245 3540 gravior
1274 3469 1539 3523 inimicus
1573 3472 1858 3541 apparuit.

161 3560 370 3623 Quanta
402 3566 608 3613 contra
637 3559 1050 3630 rempublicam
1086 3560 1232 3613 bella
1259 3560 1651 3630 praeparavit?
1681 3577 1862 3631 quau-

162 3652 234 3701 tas
265 3655 639 3703 externarum
669 3647 928 3718 gentium
963 3662 1062 3716 per
1109 3647 1275 3701 illum
1323 3647 1468 3711 vires
1504 3647 1665 3701 furor
1697 3664 1863 3701 acce-

163 3737 275 3805 pit?
311 3741 615 3792 Postremo
644 3737 838 3802 etiam,
874 3736 973 3789 ubi
1003 3752 1208 3790 nocere
1237 3752 1352 3790 non
1382 3737 1588 3805 potuit,
1620 3736 1864 3791 nocendi

166 3830 343 3880 tamen
368 3827 633 3880 fomenta
666 3825 965 3894 suggessit.
1003 3824 1143 3878 Huic
1176 3841 1281 3877 nos
1316 3841 1515 3894 pacem
1548 3825 1811 3879 dabimus
1835 3826 1861 3879 '?

164 3914 307 3969 hunc
337 3914 683 3969 inteStinum
735 3914 839 3967 sub
870 3913 1213 3967 indumento
1247 3914 1629 3967 amicitiarum
1669 3914 1864 3967 inimi-

164 4018 285 4057 cum
335 4002 774 4067 sustinebimus,
831 4018 1003 4072 quem
1052 4002 1121 4055 ad
1154 4002 1339 4055 foedus
1394 4003 1714 4055 concordia:
1760 4020 1864 4058 nec

165 4092 457 4146 affinitatis
487 4092 715 4145 vincula
750 4090 1107 4145 tenuerunt?
1135 4091 1373 4145 Grandis
1404 4092 1591 4145 cautio
1621 4098 1724 4157 est,
1761 4094 1861 4147 ad-

167 4182 391 4234 versarii
415 4180 680 4234 animum
712 4179 1039 4249 cognovisse
1065 4195 1077 4232 :
1112 4178 1324 4233 etenim
1352 4180 1575 4233 hostem
1596 4181 1861 4250 protinus

1969 3026 2273 3080 concordia
2305 3042 2429 3096 quae
2476 3030 2606 3094 post
2658 3024 2814 3077 litem
2851 3024 3245 3089 revocabatur,
3280 3028 3353 3076 ‘et
3400 3038 3508 3092 pax
3539 3037 3667 3092 quae

1963 3118 2084 3187 jam
2133 3130 2279 3186 pene
2328 3114 2630 3184 desperata
2678 3112 3014 3181 contigerat.
3078 3112 3138 3164 Et
3172 3111 3480 3164 vocabatur
3510 3126 3663 3164 reve-

1970 3206 2183 3259 rendus
2210 3203 2483 3274 pontifex,
2520 3205 2582 3255 ut
2612 3202 2709 3256 diu
2731 3206 3117 3271 exspectatum
3150 3199 3668 3254 Mediolanensibus

1972 3298 2351 3365 prmsentaret
2389 3295 2703 3361 aspectum.
2754 3294 2826 3344 At
2854 3290 2971 3358 ille,
3000 3306 3071 3343 ne
3102 3290 3257 3343 velut
3284 3289 3503 3343 debitas
3532 3304 3666 3359 gra-

1969 3383 2183 3437 tiarum
2231 3381 2480 3435 actiones
2540 3396 2790 3451 praesens
2846 3379 3136 3433 videretur
3185 3378 3428 3449 exigere,
3486 3377 3669 3430 visita-

1973 3472 2154 3525 tiones
2204 3487 2406 3525 eorum
2440 3470 2543 3523 sub
2601 3470 2850 3523 colorata
2879 3468 3067 3539 specie
3116 3467 3453 3521 declinabat.
3490 3465 3671 3535 Igitur

1969 3577 2238 3631 processu
2274 3559 2548 3630 temporis
2579 3564 2635 3612 et
2661 3558 2893 3625 laboris,
2928 3556 3278 3629 quotidianis
3320 3554 3670 3609 successibus

1974 3650 2105 3703 vitae
2135 3649 2191 3702 in
2220 3665 2355 3703 eum
2389 3648 2657 3701 meritum
2685 3647 3106 3717 geminabatur.
3134 3647 3267 3699 Erat
3290 3644 3373 3698 illi
3396 3660 3672 3715 germana

1970 3738 2343 3807 natuiminor,
2369 3737 2644 3807 religione
2670 3752 2788 3790 non
2826 3736 3035 3806 impar,
3061 3734 3084 3767 ²
3108 3737 3394 3789 llonorata
3440 3733 3669 3787 nomine

1970 3829 2130 3898 cujus
2165 3828 2335 3881 vitam
2376 3843 2477 3896 per
2506 3827 2730 3897 singula
2762 3826 3032 3879 virtutum
3060 3840 3272 3895 genera
3311 3824 3547 3893 longum
3588 3828 3671 3876 est

1972 3916 2187 3986 eloqui.
2241 3915 2490 3969 Sufﬁcit.
2520 3920 2713 3968 tamen
2769 3915 2840 3968 ad
2899 3912 3136 3967 laudum
3195 3912 3317 3981 ejus
3348 3913 3663 3977 cumulum,

1973 4005 2208 4075 dignam
2241 4003 2384 4057 tanti
2413 4003 2512 4056 viri
2549 4019 2804 4057 sororem
2852 4002 3077 4055 dixisse.
3112 4002 3266 4055 Hanc
3295 4000 3354 4054 in
3384 4001 3511 4071 ipso
3553 4017 3667 4071 quo

1971 4094 2039 4148 de
2090 4092 2372 4163 legatione
2423 4092 2612 4156 rediit,
2645 4090 2996 4145 consecravit
3035 4106 3185 4143 anno
3245 4106 3419 4160 quam
3470 4093 3663 4143 tamen

1972 4183 2346 4237 imbuendum
2394 4181 2712 4251 disciplinis
2764 4180 3103 4245 cmlestibus,
3155 4179 3318 4247 quasi
3350 4182 3542 4230 sancta
3588 4177 3671 4230 illi

163 4271 425 4336 sensisse,
462 4285 763 4339 superasse
798 4274 918 4337 est;
964 4269 1212 4338 perdunt
1244 4284 1471 4338 semper
1504 4269 1861 4339 deprehensa
1899 4246 1942 4299 D
1976 4278 2179 4326 natura
2240 4287 2359 4325 non
2422 4270 2727 4336 sufﬁceret,
2785 4268 3103 4322 Luminoszp
3168 4267 3392 4321 cuidam
3441 4265 3671 4319 feminae

165 4357 287 4409 odia
338 4358 628 4421 stimulos,
694 4373 837 4427 quos
878 4357 1159 4411 occultata
1218 4354 1619 4426 conceperant.
1674 4359 1781 4413 Sed
1814 4359 1860 4411 si

163 4444 215 4497 in
249 4446 339 4499 his
387 4444 663 4499 omnibus
714 4445 1036 4498 reverentia
1066 4450 1182 4511 tua,
1217 4450 1273 4499 et
1305 4446 1460 4498 vadis
1494 4452 1549 4499 et
1584 4447 1865 4500 mediator

161 4535 392 4599 accedit,
428 4534 532 4605 qui
563 4540 725 4603 potes
756 4534 1000 4603 spiritali
1031 4534 1304 4603 indagine
1342 4533 1581 4588 consilia
1616 4534 1865 4589 nefanda

160 4620 432 4690 invenire,
494 4628 550 4676 et
596 4622 830 4675 inventa
862 4622 1189 4691 corrigere;
1226 4639 1424 4692 pacem
1481 4640 1654 4693 quam
1708 4628 1763 4678 et
1803 4628 1866 4678 tu

164 4713 359 4777 poscis,
394 4727 612 4781 negare
658 4727 775 4764 non
824 4711 1023 4764 audeo.
1078 4713 1370 4764 Postremo
1418 4711 1463 4765 si
1498 4713 1678 4766 solitae
1709 4713 1865 4765 calli-

165 4797 349 4853 ditatis
378 4801 593 4853 astutia
634 4800 808 4853 etiam
848 4806 901 4853 te
934 4800 1217 4867 fefellerit,
1261 4806 1553 4854 certamen
1579 4801 1699 4871 jam
1742 4802 1864 4855 vul-

162 4896 388 4949 neratus
421 4895 679 4942 assumat
710 4906 722 4942 :
756 4906 845 4942 me
893 4894 1112 4958 tamen,
1155 4894 1481 4960 statumque
1532 4890 1865 4960 reipublicae

165 4979 269 5029 tuis
323 4978 627 5032 committo
675 4984 733 5032 et
778 4978 1143 5033 commiendo
1178 4980 1463 5047 manibus,
1524 4985 1581 5033 et
1619 4980 1865 5049 gratiam

164 5088 333 5139 quam
370 5072 722 5143 supplicanti
750 5078 805 5125 et
838 5074 1073 5143 profuso
1104 5090 1209 5143 per
1248 5090 1307 5127 se
1340 5074 1622 5128 Ricemeri
1654 5090 1865 5144 negare

236 5216 249 5247 ²
298 5215 509 5288 Pellite
548 5218 703 5269 Gelae
733 5216 878 5283 filia]
916 5216 1071 5270 Filia:
1103 5217 1414 5283 Anthemii,
1441 5233 1569 5288 quas
1594 5217 1865 5271 Ricimeri

165 5287 377 5368 nupsit,
402 5303 613 5340 nomen
640 5288 944 5341 incertum.
974 5290 1113 5368 Nam
1151 5290 1302 5368 quod
1327 5287 1571 5342 Ascilam
1601 5289 1865 5368 nonnulli

164 5356 373 5409 dictam
407 5364 703 5426 putarunt,
725 5374 891 5412 error
923 5365 1024 5412 est.
1061 5356 1375 5429 Scripserat
1406 5376 1435 5411 e
1470 5360 1865 5412 consularibus

164 5428 415 5497 antiquis
460 5430 765 5499 Gregorius
813 5431 1165 5484 Turonensis
1214 5431 1311 5484 lib.
1352 5446 1386 5483 ιι
1421 5430 1556 5484 Hist.
1608 5446 1672 5483 ex
1709 5431 1860 5485 Rici-

164 5512 320 5551 mere
342 5505 406 5572 et
448 5502 631 5555 Ascila
662 5508 866 5555 natum
899 5502 1353 5555 Theodemerem
1390 5517 1583 5572 regem
1618 5502 1861 5556 Franco-

166 5583 312 5624 rum.
340 5571 405 5625 Hi
423 5587 598 5628 unum
626 5573 1017 5643 eumdemque
1045 5572 1391 5628 Ricimerem
1419 5571 1539 5628 nati
1555 5579 1705 5641 sunt,
1730 5588 1862 5627 cum

1972 4360 2270 4430 stupendae
2302 4358 2613 4413 sanctitatis
2642 4362 2697 4411 et
2738 4356 3046 4427 singularis
3078 4354 3323 4424 exempli
3356 4350 3668 4406 commisit:

1973 4451 2135 4519 cujus
2162 4454 2456 4519 oporteret
2476 4448 2732 4501 fortassis
2754 4446 3033 4500 natalium
3055 4444 3311 4498 culmina
3333 4440 3531 4510 relegi,
3562 4440 3672 4494 nisi

1973 4538 2257 4608 insignior
2290 4538 2486 4593 fuisset
2515 4537 2629 4590 vita
2659 4552 2834 4607 quam
2873 4534 3174 4605 sanguine.
3218 4533 3350 4588 Haec
3384 4531 3538 4584 enim
3569 4530 3673 4583 fuit

1972 4629 2121 4693 talis,
2166 4629 2234 4682 de
2283 4644 2397 4699 qua
2428 4644 2485 4681 se
2518 4627 2777 4680 crederet
2806 4625 3015 4679 habere
3044 4629 3100 4677 et
3131 4624 3255 4693 ipse
3297 4622 3454 4693 quod
3499 4622 3674 4675 disce-

1969 4723 2076 4783 ret,
2133 4718 2230 4787 qui
2273 4716 2647 4769 erudiendam
2676 4718 3002 4768 consortem
3052 4712 3201 4766 uteri
3246 4711 3665 4766 committebat.

1976 4808 2119 4861 Nam
2168 4806 2327 4860 brevi
2377 4805 2529 4876 apud
2576 4805 2722 4857 hanc
2763 4803 3087 4874 depositum
3145 4802 3417 4856 antistitis
3465 4801 3674 4873 pignus

1974 4896 2242 4961 effloruit,
2305 4899 2361 4948 et
2417 4895 2485 4947 ad
2547 4892 2933 4947 maturitatem
2966 4891 3130 4945 bona:
3161 4890 3342 4961 frugis
3392 4890 3673 4961 plantaria

1976 4990 2179 5038 onusta
2211 4982 2494 5054 perduxit.
2530 4983 2752 5036 Interea
2784 4997 2886 5049 per
2910 4981 3267 5050 propositum
3316 4978 3425 5033 sibi
3468 4980 3671 5033 callem

1974 5074 2101 5127 vitae
2161 5088 2331 5127 cursu
2377 5071 2617 5141 praepeti
2658 5070 2919 5125 sacerdos
2967 5070 3307 5124 venerabilis
3350 5069 3670 5135 incedebat,

1974 5233 2071 5271 eos
2127 5220 2183 5270 et
2226 5220 2551 5285 temporum
2583 5214 2881 5268 intervalla
2930 5214 3310 5285 distinguant,
3353 5218 3408 5266 et
3449 5213 3671 5283 patriae.

1973 5287 2354 5356 Gregorianus
2419 5286 2571 5339 enim
2638 5287 2886 5340 Francus
2942 5285 3087 5355 fuit;
3146 5286 3234 5339 hic
3266 5289 3461 5339 noster
3490 5285 3673 5338 Suevo

1973 5366 2155 5430 patre,
2180 5358 2373 5412 Getica
2404 5363 2585 5430 matre
2617 5362 2809 5430 natus,
2846 5362 2987 5430 teste
3020 5357 3277 5430 Sidonio.

2047 5430 2067 5460 ¹
2104 5430 2432 5497 Honorata]
2478 5429 2654 5499 Hujus
2686 5429 2802 5482 Deo
2834 5428 3051 5482 devotas
3084 5426 3321 5497 virginis
3345 5425 3673 5499 Ticinenses

1975 5500 2312 5556 memoriam
2347 5497 2653 5571 quotannis
2683 5505 2865 5570 agunt
2894 5516 2948 5552 ιιι
2994 5498 3119 5552 idus
3148 5497 3468 5553 ianuarias.
