4060 6174
400 242 511 296 219

1629 244 1920 303 ENNODII
1959 244 2273 305 EPISCOPI
2306 249 2491 305 TICIN
2498 250 2589 307 EN
2598 249 2699 306 SIS

3795 260 3894 312 2'20

398 378 778 451 eleemosynis
820 379 947 435 sine
993 379 1397 435 retractatione
1443 387 1677 451 operam
1709 380 1885 435 dans:
1939 381 2093 453 quod
2133 384 2177 436 Α
2210 386 2471 455 tatesque
2518 400 2636 438 non
2670 384 2889 441 valeam
2936 398 3042 457 per
3073 383 3338 439 ordinem
3368 384 3670 458 digerere;
3719 402 3821 441 nec
3854 388 3896 441 si

406 484 616 523 munus
669 468 1079 540 accipientibus
1144 470 1307 524 vultu
1367 472 1424 523 et
1473 470 1665 524 animo
1719 470 2095 526 blandissima

406 558 846 614 commendabat
874 576 887 613 :
911 560 991 613 ita
1020 564 1083 613 ut
1113 559 1441 630 quicunque
1472 560 1751 613 sermonis
1778 561 1951 614 solius
1972 577 2098 631 gra-

402 648 544 701 tiam
574 649 945 719 praastitisset,
986 664 1355 718 nequaquam
1387 664 1446 701 se
1494 648 1836 703 indonatum
1870 656 2098 720 putaret

406 737 744 791 abscedere:
803 742 927 790 erat
987 736 1140 789 enim
1190 752 1484 789 summum
1538 738 1863 807 praemium,
1920 741 2095 794 talem

408 826 608 880 saltem
646 825 853 879 vidisse
881 824 1229 895 pontiﬁcem.
1267 825 1565 880 Crescebat
1595 827 1655 880 in
1687 827 1808 880 dies
1840 828 2097 899 singulos

408 914 559 967 fama
604 913 867 984 gloriosis
902 914 1273 979 successibus,
1321 919 1375 968 et
1404 920 1589 968 totum
1620 932 1769 986 pene
1819 918 2098 972 mundum

406 1002 561 1055 illius
590 1001 992 1071 praedicatione
1022 1002 1363 1071 complebat.

483 1090 497 1122 ¹
542 1090 814 1143 Defuncto
852 1095 987 1144 tunc
1020 1091 1314 1144 Ricemere
1356 1091 1443 1145 vel
1476 1091 1801 1158 Anthemio,
1833 1095 2101 1149 successit

408 1176 706 1247 Olybrius:
761 1179 859 1249 qui
907 1178 969 1232 in
1010 1179 1148 1249 ipsis
1183 1179 1430 1233 exordiis
1464 1180 1617 1233 diem
1662 1182 1864 1236 clausit
1915 1188 2097 1237 extre-

406 1280 589 1320 mum.
624 1269 757 1320 Post
786 1267 939 1320 hunc
987 1268 1276 1337 Glycerius
1306 1268 1378 1321 ad
1434 1270 1691 1339 regimen
1727 1272 1934 1325 accitus
1975 1276 2094 1326 est:

407 1355 557 1424 apud
583 1371 754 1425 quem
781 1360 995 1426 quanta
1016 1372 1120 1425 pro
1152 1356 1333 1410 salute
1364 1358 1681 1412 multorum
1706 1360 1957 1429 gesserit,
1986 1367 2100 1415 stu-

406 1442 501 1497 dio
531 1443 819 1497 brevitatis
850 1444 1056 1498 incido.
1094 1445 1232 1499 Nam
1265 1451 1459 1500 sancto
1492 1446 1633 1513 viro,
1663 1448 1901 1503 inlatam
1930 1450 2100 1504 matri

409 1549 441 1585 a
485 1532 717 1585 ditionis
767 1549 883 1586 suae
927 1533 1259 1587 hominibus
1299 1536 1578 1588 concessit
1617 1535 1927 1605 injuriam:
1970 1554 2098 1592 cum

407 1622 559 1690 apud
601 1621 765 1675 illum
794 1622 1110 1676 reverentia
1140 1622 1366 1692 praefati
1398 1624 1705 1678 sacerdotis
1746 1632 1896 1681 esset
1925 1627 2097 1680 etiam

2206 470 2347 525 mihi
2387 475 2617 525 centum
2657 472 2987 542 linguarum
3018 472 3357 528 ﬂuminibus
3387 490 3489 544 per
3520 478 3739 528 meatus
3769 474 3891 528 irri-

2206 574 2350 629 guos
2398 560 2569 614 verba
2613 561 2947 616 fundantur.
2997 563 3136 614 Nam
3167 577 3426 632 egressus
3455 561 3740 616 Ticinensi
3793 576 3891 630 op-

2206 648 2359 719 pido,
2418 650 2600 703 donec
2630 650 2699 704 ad
2744 651 3028 705 destinata
3072 652 3191 704 loca
3218 651 3592 721 pertingeret,
3644 652 3745 705 tali
3794 650 3889 704 via‘

2206 753 2324 790 sum
2372 737 2769 808 fatigationem
2815 743 2934 792 arte
2983 738 3316 809 geminavit,
3354 743 3419 793 ut
3464 740 3511 792 si
3562 738 3890 810 temperius,

2197 826 2591 897 jumentorum
2625 828 2907 881 defectum
2930 829 3382 894 considerantes,
3414 828 3475 882 in
3509 829 3714 883 futurae
3734 844 3891 882 man-

2206 914 2382 967 sionis
2440 916 2750 969 diversoria
2818 922 3230 983 successerunt,
3285 920 3495 987 praeter
3554 918 3897 987 psalmorum

2207 1003 2719 1070 continuationem,
2797 1009 3008 1074 praeter
3083 1004 3341 1058 lectionis
3403 1004 3897 1076 perseverantiam,

2209 1108 2454 1162 quorum
2488 1093 2630 1146 nihil
2664 1093 2772 1146 nisi
2803 1094 3004 1148 stando
3030 1093 3290 1161 faciebat,
3326 1094 3571 1163 eligebat
3623 1108 3897 1147 secessum

2207 1196 2511 1235 nemorosa
2549 1182 2745 1236 fronde
2791 1184 3145 1249 conclusum,
3178 1183 3279 1237 ubi
3316 1183 3589 1237 connexis
3634 1182 3901 1235 arborum

2206 1270 2453 1325 brachiis
2482 1287 2593 1324 nox
2641 1271 2952 1325 domestica
3001 1278 3321 1326 texeretur:
3378 1273 3530 1341 quod
3580 1272 3768 1325 solum
3819 1285 3898 1322 re-

2208 1359 2378 1429 fugus
2408 1375 2506 1429 per
2559 1359 2896 1414 umbracula
2938 1377 3114 1431 opaca
3172 1361 3254 1414 sol
3300 1361 3558 1426 nesciret,
3611 1364 3665 1412 et
3710 1363 3901 1412 torum

2210 1446 2482 1501 viridanti
2526 1448 2737 1518 cespite
2767 1449 2953 1519 gratia
3002 1448 3279 1502 naturalis
3321 1450 3620 1502 sterneret.
3652 1446 3737 1499 lbi
3768 1461 3901 1516 pro-

2208 1533 2346 1587 fusis
2390 1534 2449 1587 in
2480 1536 2735 1589 oratione
2776 1536 3064 1589 continuis
3097 1536 3323 1589 ﬂetibus
3360 1540 3640 1589 exsortem
3683 1533 3901 1603 pluvia-

2212 1638 2342 1676 rum
2376 1628 2586 1677 terram
2619 1625 2917 1679 oculorum
2947 1624 3226 1678 imbribus
3251 1624 3542 1694 irrigabat.
3580 1622 3909 1677 Reddeban-

408 1709 702 1764 decessore
745 1711 1065 1765 sublimior.
1121 1714 1254 1767 Post
1296 1729 1469 1783 quem
1523 1715 1592 1768 ad
1622 1730 1865 1785 regnum
1914 1718 2099 1785 Nepos
2136 1684 2180 1738 Β
2214 1715 2307 1764 tur
2338 1728 2471 1765 arva
2502 1712 2600 1765 illa
2647 1712 2893 1767 fecunda
2932 1714 3256 1767 orationum
3286 1714 3469 1784 copia,
3519 1728 3648 1784 quae
3678 1712 3906 1780 frugum

408 1799 660 1863 accessit.
695 1800 849 1853 Tunc
878 1800 1026 1854 inter
1068 1818 1200 1854 eum
1242 1806 1299 1856 et
1326 1805 1349 1838 ³
1390 1803 1606 1856 Tolosa:
1644 1804 1907 1859 alumnos
1939 1806 2104 1859 Getas

410 1902 552 1957 quos
602 1888 785 1942 ferrea
846 1889 1080 1943 Euricus
1135 1906 1233 1945 rex
1292 1890 1687 1946 dominatione
1728 1894 2103 1962 gubernabat,

410 1981 538 2030 orta
567 1977 843 2031 dissensio
874 1983 988 2032 est:
1026 1979 1162 2033 dum
1198 1980 1282 2033 illi
1310 1980 1488 2034 Italici
1518 1981 1662 2035 ﬁnes
1692 1981 1925 2053 imperii
1956 2000 2100 2054 quos

408 2070 565 2119 trans
615 2067 927 2121 Gallicanas
958 2069 1126 2138 Alpes
1174 2074 1530 2140 porrexerat,
1581 2072 1894 2125 novitatem
1944 2088 2102 2143 sper-

410 2160 613 2209 nentes
657 2172 771 2210 non
811 2157 1135 2211 desinerent
1172 2158 1487 2212 incessere:
1538 2175 1569 2212 e
1620 2160 1843 2214 diverso
1893 2162 2101 2231 Nepos,

410 2260 483 2298 ne
522 2244 584 2297 in
612 2261 781 2299 usum
825 2247 1196 2317 praesumptio
1245 2248 1572 2302 malesuada
1607 2250 1931 2315 duceretur,
1984 2252 2105 2304 dis-

408 2334 632 2387 trictius
662 2340 896 2404 cuperet
933 2336 1305 2390 commissum
1337 2336 1445 2390 sibi
1475 2354 1507 2389 a
1532 2339 1645 2391 Deo
1676 2341 1951 2409 regnandi
1990 2346 2106 2394 ter-

411 2422 634 2475 minum
680 2422 989 2477 vindicare.
1043 2425 1181 2478 Hinc
1232 2425 1507 2496 utrinque
1566 2426 1756 2480 litium
1812 2435 2109 2499 coeperunt

410 2510 664 2565 fomenta
694 2528 1055 2582 consurgere.
1110 2514 1175 2566 Et
1226 2513 1363 2567 dum
1410 2520 1626 2567 neutrae
1663 2520 1854 2584 partes
1901 2531 2105 2568 conce-

408 2604 570 2669 ptum
602 2605 887 2653 tumorem
930 2601 1195 2654 vincendi
1245 2602 1433 2655 studio
1468 2602 1786 2672 deponunt,
1821 2602 1900 2656 sic
1930 2619 2105 2657 exsu-

410 2688 650 2757 perabat
681 2704 849 2741 causa
875 2688 1200 2743 discordiae.

479 2776 755 2846 Attigerat
775 2778 896 2847 jam
926 2776 1290 2831 beatissimus
1316 2778 1403 2831 vir
1433 2783 1697 2833 octavum
1742 2780 1802 2833 in
1836 2780 2102 2835 sacerdo-

410 2864 490 2918 tio
534 2881 772 2931 annum,
819 2882 948 2920 cum
992 2871 1231 2937 repente
1274 2868 1505 2937 Nepotis
1538 2868 1793 2922 animum
1846 2885 2109 2922 summo-

2216 1817 2335 1854 esse
2367 1817 2485 1854 non
2514 1806 2798 1871 poterant.

2281 1890 2400 1944 Tali
2461 1890 2728 1944 exercitio
2782 1906 2839 1943 se
2894 1906 3208 1958 macerans,
3269 1891 3611 1945 Tolosanam
3683 1889 3744 1943 in
3804 1905 3912 1959 qua

2213 1979 2447 2033 Euricus
2479 1984 2615 2033 tunc
2645 1995 2744 2032 rex
2774 1980 3033 2049 degebat,
3064 1979 3266 2034 urbem
3290 1980 3575 2049 ingressus
3601 1983 3705 2043 est,
3740 1993 3909 2048 quem

2206 2068 2323 2137 jam
2367 2068 2580 2138 praevia
2622 2068 2817 2138 opinio
2864 2069 3157 2123 Gallorum
3200 2068 3454 2134 auribus,
3501 2068 3687 2139 qualis
3744 2072 3909 2128 esset,

2211 2157 2607 2211 intimaverat:
2656 2158 3040 2212 sacerdotibus
3092 2158 3378 2228 praecipue
3422 2157 3673 2226 ejusdem
3722 2156 3910 2227 regio-

2212 2247 2320 2312 nis,
2390 2263 2533 2316 quos
2564 2247 2831 2300 attonitos
2873 2247 2942 2300 de
2983 2247 3419 2300 advenientibus
3454 2246 3749 2316 inquisitio
3784 2260 3910 2314 pro-

2213 2335 2390 2389 funda
2420 2335 2703 2390 sollicitat.
2734 2338 2865 2389 Erat
2892 2343 3170 2406 praeterea
3195 2353 3260 2389 ea
3290 2339 3628 2405 tempestate
3651 2334 3913 2389 consilio-

2212 2440 2342 2477 rum
2374 2424 2647 2495 principis
2678 2430 2733 2478 et
2764 2425 3094 2478 moderator
3126 2429 3179 2478 et
3228 2423 3439 2478 arbiter
3468 2429 3489 2460 ³
3520 2425 3628 2476 Leo
3656 2423 3910 2480 nomine.

2214 2529 2388 2583 quem
2418 2530 2520 2583 per
2564 2515 2908 2584 eloquentiae
2952 2514 3220 2567 meritum
3253 2530 3369 2566 non
3414 2529 3528 2566 una
3570 2513 3692 2582 jam
3737 2512 3917 2565 decla-

2216 2603 2534 2655 mationum
2557 2604 2747 2672 palma
2768 2607 3127 2672 susceperat:
3159 2601 3258 2672 qui
3288 2617 3418 2654 cum
3446 2616 3671 2654 summo
3700 2599 3911 2669 gaudio

2215 2690 2533 2744 adventum
2578 2690 2865 2760 pontiﬁcis
2897 2691 3167 2744 indicavit
3198 2690 3410 2743 notitiae
3458 2689 3724 2760 publica).
3783 2689 3914 2741 Evo-

2216 2784 2375 2832 catur
2397 2796 2464 2833 ex
2494 2784 2750 2849 tempore
2772 2780 2892 2849 regi
2916 2779 3352 2849 praesentandus
3370 2778 3624 2846 antistes,
3648 2777 3717 2831 ad
3737 2792 3913 2848 quem

2217 2867 2371 2921 illico
2431 2874 2494 2922 ut
2542 2868 2835 2938 ingressus
2892 2868 3054 2935 vidit,
3120 2867 3406 2933 salutavit,
3464 2883 3765 2937 aggressus
3818 2870 3916 2918 est.

412 2952 608 3007 vendae
641 2952 1011 3007 dissensionis
1060 2970 1221 3008 amor
1249 2954 1459 3009 infudit
1486 2971 1499 3008 :
1532 2960 1597 3009 ut
1624 2957 1856 3026 repulso
1900 2957 2108 3010 simul—
2146 2982 2186 3037 ρ
2219 2978 2246 3005 ‹‹
2288 2956 2553 3020 Quamvis
2571 2963 2644 3023 te,
2671 2957 2949 3027 slupende
2976 2962 3261 3009 terrarum
3287 2957 3571 3026 princeps,
3598 2956 3919 3009 multorum

411 3041 544 3095 tatis
573 3058 793 3096 veneno
838 3048 1089 3097 servaret
1118 3043 1267 3097 inter
1312 3060 1474 3114 reges
1505 3044 1728 3111 caritas,
1761 3046 1912 3115 quod
1956 3046 2107 3099 tueri

415 3147 573 3183 arma
616 3131 707 3184 vix
738 3136 1026 3201 poterant.
1067 3134 1382 3186 Evocantur
1413 3133 1481 3187 ad
1528 3134 1831 3187 consilium
1863 3133 2108 3204 Liguriae

413 3219 654 3285 lumina,
679 3219 785 3273 viri
817 3220 1181 3289 maturitatis,
1218 3237 1468 3292 quorum
1498 3221 1679 3291 possit
1697 3222 2108 3277 deliberatione

416 3307 611 3361 labans
655 3308 987 3379 reipublicae
1018 3314 1197 3363 status
1238 3310 1591 3375 reviviscere,
1628 3316 1683 3364 et
1714 3310 1772 3363 in
1805 3311 2108 3382 antiquum

416 3397 682 3451 columen
749 3397 1007 3451 soliditas
1054 3398 1354 3467 desperata
1400 3398 1669 3452 restitui:
1723 3400 1982 3470 tantique
2038 3401 2108 3454 ad

414 3489 718 3539 tractatum
750 3487 935 3540 colere
966 3503 1034 3540 ex
1074 3486 1238 3557 jussu
1266 3487 1567 3557 principis,
1614 3489 1816 3558 quanti
1846 3494 2111 3557 poterant

418 3591 537 3628 esse
568 3580 827 3628 rectores.
865 3576 1084 3630 Seritur
1115 3576 1184 3630 de
1217 3576 1538 3629 ordinanda
1568 3577 1855 3646 legatione
1887 3594 2105 3632 sermo:

417 3662 477 3716 in
523 3663 916 3717 beatissimum
950 3664 1136 3718 virum
1182 3663 1565 3734 Epiphanium
1596 3671 1817 3719 mentes
1848 3668 2109 3721 omnium

417 3757 474 3805 et
502 3752 651 3805 oculi
673 3752 997 3823 diriguntur
1025 3769 1037 3807 :
1065 3753 1563 3806 ﬁuntcunctorum
1592 3756 1914 3821 sententiae,
1945 3756 2109 3825 quasi

416 3840 587 3894 unius
626 3845 681 3894 et
725 3857 822 3894 ore
876 3842 1275 3910 proferrentur
1304 3847 1361 3895 et
1398 3848 1650 3912 pectore.
1709 3843 1856 3907 Quid
1896 3845 2108 3915 plura?

419 3944 550 3982 curn
595 3929 796 3983 laetitia
844 3930 1056 3984 Christi
1108 3931 1273 3985 miles
1324 3932 1680 3985 occasionem
1730 3933 1941 3987 laboris
1988 3949 2109 3986 am-

417 4018 704 4087 plectitur,
751 4022 807 4072 et
840 4035 937 4089 spe
969 4019 1236 4073 effectum
1278 4020 1535 4091 praecipit
1566 4040 1579 4087 ;
1610 4020 1677 4074 de
1711 4021 1927 4091 negotii
1959 4022 2108 4075 aesti-

419 4106 671 4159 matione
741 4107 1054 4175 conﬁdens,
1129 4108 1336 4177 agendi
1394 4109 1638 4180 speciem
1707 4109 2111 4165 melioraturus

419 4192 695 4263 inquirit:
732 4195 1013 4248 actionem
1055 4210 1201 4264 pene
1234 4197 1646 4251 conclamatam
1678 4203 1733 4250 et
1763 4198 1921 4251 valde
1966 4196 2115 4250 difﬁ-

420 4283 587 4337 cilem
656 4283 899 4337 caelestis
927 4283 1205 4353 potentia:
1260 4285 1529 4355 praesidio
1559 4290 1961 4355 percunctatus
2006 4291 2113 4351 est,

419 4370 689 4441 suscepit,
744 4372 1020 4444 implevit.
1079 4373 1253 4443 Cujus
1284 4373 1507 4427 itineris
1547 4374 1837 4428 molestias
1869 4373 2114 4428 necessi-

492 4495 509 4529 ¹
554 4496 826 4557 Defuncto
858 4496 1154 4551 Ricemere
1169 4497 1258 4553 vel
1285 4495 1612 4567 Anthemio]
1635 4499 1798 4551 Anno
1823 4498 1947 4551 472.
1974 4498 2117 4553 Rici-

420 4582 544 4620 mer
579 4569 735 4620 enim
792 4570 1186 4637 Anthemium,
1248 4574 1437 4621 creato
1480 4569 1609 4691 ἐξω]
1642 4568 1701 4621 in
1762 4568 1883 4637 ejus
1924 4570 2115 4623 locum

420 4638 672 4691 Olvbrio.
710 4640 1037 4691 interemit:
1072 4640 1191 4691 inse
1226 4641 1293 4691 40
1323 4644 1449 4691 post
1522 4638 1623 4691 ies.
1656 4644 1719 4691 ut
1747 4640 2115 4691 Cassiodorus

420 4638 673 4709 Olybrio.
710 4640 1037 4694 interemit:
1072 4640 1191 4709 ipse
1226 4641 1293 4691 40
1323 4644 1449 4708 post
1480 4638 1623 4703 dies,
1656 4644 1719 4693 ut
1747 4640 2117 4694 Cassiodorus

419 4708 478 4781 in
534 4708 709 4781 Fastis
766 4716 948 4778 notat,
1002 4708 1304 4765 defunctus
1360 4714 1463 4781 est,
1496 4725 1566 4762 xv
1597 4710 1701 4764 cal.
1744 4711 2111 4781 Septembris.

424 4780 556 4862 Eost
612 4780 735 4833 haec
774 4782 1037 4862 Qlybrius
1079 4781 1322 4862 septimo
1381 4780 1610 4862 imperii
1658 4798 1853 4862 mense
1883 4783 2120 4837 decessit

421 4850 621 4922 Romae
652 4868 682 4903 x
734 4850 853 4905 cal.'
896 4850 1169 4906 Novemb.
1210 4850 1483 4922 Sequenti
1514 4869 1665 4906 anno
1721 4854 1824 4907 473
1880 4869 2119 4907 vacuam

419 4920 611 4975 aulam
651 4923 933 4977 Ravenna:
985 4920 1624 4993 occupavit—Glycerius
1667 4940 1725 4977 III
1762 4940 1944 4977 nonas
1975 4925 2115 4979 Mar-

420 4992 551 5046 tias.
598 4995 753 5048 Idem
802 4993 1062 5065 proximo
1111 4993 1318 5047 dehinc
1366 4992 1516 5047 anno
1567 4994 1811 5063 imperio
1867 4995 2119 5064 dejectus

420 5068 526 5136 est,
578 5066 909 5136 levatusque
958 5066 1270 5135 imperator
1301 5065 1485 5119 Julius
1515 5067 1700 5135 Nepos
1744 5081 1851 5120 VIII
1880 5066 1985 5120 cal.
2026 5067 2120 5120 Ju-

422 5135 547 5189 lias.

491 5209 513 5242 ²
556 5206 767 5261 Tolosa
808 5205 1071 5260 alumnos
1099 5204 1295 5275 Getas]
1326 5206 1699 5275 Vesogothos.
1724 5222 1975 5277 quorum
2021 5223 2118 5262 rex

422 5276 529 5349 hoc
556 5286 814 5348 tempore
840 5277 947 5330 fuit
980 5277 1235 5341 Euricus,
1266 5277 1473 5331 Alarici
1507 5284 1716 5349 pater:
1742 5276 1853 5349 iqui
1891 5295 1959 5332 ex
1998 5294 2119 5333 cre-

421 5348 537 5402 bris
555 5347 879 5419 princlpum
902 5349 1292 5402 Romanorum
1316 5347 1726 5403 mutationibus
1765 5347 2121 5403 occasionem

422 5425 640 5486 nactus,
673 5426 735 5473 ut
758 5419 1075 5474 Jornandes
1105 5435 1336 5489 quoque
1379 5419 1437 5471 in
1467 5420 1655 5473 Rebus
1695 5421 1901 5475 Geticis
1939 5425 2119 5486 notat,

424 5496 703 5546 Arvernos
732 5490 1123 5559 oppugnabat,
1152 5496 1207 5542 et
1252 5489 1414 5559 regni
1463 5490 1550 5542 sui
1590 5492 1829 5545 limitem
1875 5508 1978 5559 per
2008 5492 2122 5545 Ro-

426 5577 580 5615 mam
639 5561 866 5630 imperii
923 5562 1063 5613 tines
1120 5560 1502 5631 promovebat.
1556 5560 1824 5615 Sidonius
1875 5560 1969 5616 lib.
2022 5578 2118 5628 vn,

428 5634 593 5703 epist.
627 5636 658 5686 6
687 5648 700 5685 :
736 5632 965 5703 Evarix,
989 5647 1088 5686 rex
1118 5631 1442 5703 Gothorum,
1475 5631 1623 5703 quod
1671 5631 1915 5686 limitem
1959 5631 2123 5702 regni

426 5700 540 5772 sui,
579 5704 747 5774 rupto
785 5702 1173 5776 dissolutoque
1195 5702 1419 5773 foedere
1466 5700 1724 5774 dnthuo,
1771 5703 1863 5758 vel
1900 5700 2123 5759 tutatur

2218 3046 2451 3099 auribus
2486 3046 2686 3099 reddat
2739 3046 2969 3099 virtutis
3031 3046 3183 3099 fama
3241 3046 3585 3109 terribilem,
3631 3052 3688 3098 et
3745 3044 3921 3115 gladii

2217 3133 2426 3204 quibus
2473 3133 2746 3187 ﬁnitimos
2798 3134 3073 3187 continua
3104 3134 3367 3187 vastitate
3399 3133 3631 3203 premis,
3663 3138 3917 3203 segetem

2218 3224 2528 3292 quamdam
2551 3222 2770 3276 inimici
2793 3222 3071 3293 germinis
3094 3226 3313 3275 metant
3338 3239 3349 3275 :
3372 3223 3589 3276 nullam
3603 3222 3704 3275 tibi
3722 3226 3917 3275 tamen

2216 3311 2451 3381 superni
2494 3311 2739 3381 gratiam
2771 3311 3026 3364 numinis
3066 3312 3189 3364 dira
3232 3310 3484 3363 bellandi
3514 3314 3749 3379 praestat
3800 3325 3919 3363 am-

2217 3400 2395 3454 bitio:
2431 3416 2534 3453 nec
2592 3400 2806 3454 ferrum
2856 3400 2996 3452 ﬁnes
3054 3403 3247 3452 tuetur
3296 3398 3546 3469 imperii,
3590 3398 3635 3450 si
3676 3398 3921 3451 caelestis

2218 3488 2494 3541 Dominus
2524 3488 2866 3541 offendatur.
2898 3488 3111 3557 Regem
3136 3493 3191 3540 te
3226 3488 3437 3542 habere
3471 3491 3788 3552 memento,
3825 3485 3914 3539 cui

2219 3582 2444 3648 oportet
2470 3576 2829 3630 considerare
2868 3576 3004 3646 quid
3034 3577 3254 3645 placeat
3279 3590 3290 3631 :
3318 3575 3569 3646 quicum
3589 3581 3921 3643 susceptum

2218 3666 2517 3721 hominem
2549 3669 2805 3735 portaret
2835 3666 2903 3719 ad
2937 3666 3167 3731 coelum,
3202 3681 3306 3735 pro
3340 3666 3639 3718 immensae
3669 3663 3921 3717 haeredi-

2217 3756 2349 3810 tatis
2397 3770 2633 3808 munere
2667 3770 2867 3823 pacem
2899 3754 3194 3825 discipulis
3226 3754 3427 3807 iterata
3476 3754 3683 3823 saepius
3712 3754 3924 3806 admo-

2218 3845 2438 3898 nitione
2482 3843 2869 3897 commendat.
2902 3844 3075 3914 Cujus
3132 3859 3233 3897 nos
3272 3844 3546 3913 praecepti
3574 3858 3811 3895 necesse
3846 3847 3923 3895 est

2219 3948 2340 3985 esse
2379 3931 2678 3984 custodes:
2712 3930 3004 4000 praecipue
3034 3947 3167 3984 cum
3215 3931 3543 3984 noverimus
3585 3930 3777 3982 virum
3814 3930 3929 3982 for-

2218 4026 2335 4074 tem
2369 4020 2480 4073 dici
2513 4035 2628 4073 non
2676 4035 2838 4088 posse
2884 4035 3058 4089 quem
3088 4019 3288 4073 vicerit
3325 4019 3663 4089 indignatio.
3702 4018 3924 4071 Deinde

2220 4110 2572 4179 perpendere
2598 4124 2703 4162 nos
2728 4109 3010 4175 convenit,
3036 4109 3191 4178 quod
3224 4125 3395 4162 nemo
3426 4108 3760 4175 diligentius
3804 4124 3931 4178 pro-

2220 4198 2348 4268 pria
2379 4203 2593 4262 tuetur,
2624 4213 2798 4268 quam
2855 4197 2956 4266 qui
2990 4198 3176 4251 aliena
3224 4213 3340 4251 non
3373 4197 3610 4267 appetit.
3652 4196 3933 4259 Quocirca

2226 4288 2433 4357 Nepos,
2456 4286 2547 4340 cui
2581 4285 2841 4356 regimen
2872 4286 3051 4339 Italia:
3078 4285 3365 4340 ordinatio
3394 4285 3589 4339 divina
3614 4285 3933 4352 commisit,

2154 4387 2197 4438 1)
2225 4377 2297 4431 ad
2339 4376 2463 4430 haec
2492 4392 2599 4429 nos
2634 4374 2997 4445 impetranda
3045 4375 3388 4441 destinavit;
3438 4378 3502 4429 ut
3556 4374 3814 4428 reductis
3864 4374 3934 4427 ad

2225 4520 2521 4559 armorum
2558 4502 2695 4573 jure
2737 4505 2824 4557 vel
2849 4506 3154 4573 promovet,
3194 4499 3500 4573 necinobis
3537 4500 3943 4573 peccatoribus

2227 4574 2318 4629 hic
2338 4591 2478 4629 accu
2492 4572 2641 4635 safe,
2658 4591 2761 4628 nec
2775 4572 2931 4628 vobis
2945 4573 3172 4630 sanctis
3186 4572 3279 4627 hic
3290 4572 3570 4627 discutere
3586 4572 3937 4642 permissum

2226 4651 2327 4726 est.
2365 4650 2508 4726 llaec
2544 4646 2722 4726 igitur
2748 4646 2970 4726 ‘Ne‘po‘ti
3013 4651 3159 4725 Aug.
3196 4660 3508 4726 causaﬂcur.
3538 4644 3938 4726 [ipi‘phanium

2226 4717 2481 4787 legatum
2515 4715 2765 4771 mitteret
2790 4717 2858 4771 ad
2897 4716 3183 4781 Euricum,
3209 4722 3269 4769 ut
3291 4715 3513 4785 antiqui
3538 4715 3769 4769 foederis
3798 4716 3941 4786 jura

2229 4794 2592 4841 renovarent.

2297 4864 2316 4894 ³
2354 4861 2463 4914 Leo
2509 4856 2761 4928 nomine]
2794 4857 2878 4912 Ad

2227 4946 2317 4999 ep.
2356 4934 2405 4985 3.
2444 4931 2531 4984 his
2556 4926 2785 4983 verbis:
2822 4926 3043 4999 Sepone
3058 4928 3447 4999 pauxillulum
3474 4926 3948 4999 conclamatissi-

2223 4997 2352 5055 mas
2391 5000 2858 5067 declamationes,
2890 4997 3034 5070 (juas
3054 4997 3168 5052 oris
3202 4999 3350 5071 regii
3368 4997 3489 5071 vice
3512 4998 3771 5066 conﬁcis.
3804 5000 3948 5053 Erat

2224 5073 2381 5127 enim
2441 5074 2594 5126 velut
2651 5077 2901 5143 quaestor
2944 5071 3159 5143 iEurici.
3197 5070 3321 5143 Sed
3372 5070 3500 5143 aliis
3554 5072 3730 5143 etiam
3790 5071 3948 5124 locis

2225 5144 2501 5198 doctrinm
2532 5141 2770 5197 nomine
2824 5142 3091 5196 laudatur
3125 5157 3159 5195 a
3189 5141 3442 5209 Sidonio,
3479 5145 3540 5194 ut
3580 5141 3676 5194 lib.
3726 5156 3807 5209 1v,
3845 5157 3945 5212 ep.

2228 5215 2318 5284 22,
2341 5220 2397 5269 et
2427 5216 2485 5269 in
2513 5215 2795 5268 Narbone.

2925 4873 3098 4927 quem
3145 4856 3411 4911 Sidonius
3457 4855 3765 4927 idemlib.
3824 4873 3943 4921 vm,

2542 5338 2661 5387 Sive
2695 5337 2760 5385 ad
2796 5335 3084 5397 doctiloqui
3119 5335 3309 5384 Leonis
3342 5334 3481 5383 aedes

2539 5402 2654 5457 Quo
2688 5400 2767 5447 bis
2796 5412 2887 5447 sex
2913 5398 3118 5446 tabulas
3147 5397 3517 5460 docentejuris

2546 5462 2691 5510 Ultro
2722 5460 2970 5509 Claudius
3000 5460 3200 5523 Appius
3234 5460 3420 5509 lateret

2538 5523 2688 5572 Claro
2719 5523 2990 5570 obscurior
3020 5523 3072 5569 in
3110 5523 3479 5579 decemviratu,

2539 5587 2603 5634 At
2627 5585 2669 5633 si
2698 5584 2838 5633 dicat
2870 5598 3013 5646 epos,
3046 5589 3375 5647 metrumque
3399 5582 3662 5647 rhythmis

2541 5648 2738 5696 Flectat
2770 5647 3107 5709 commaticis]
3124 5651 3343 5709 tonante
3373 5647 3581 5709 plectro

2541 5709 2838 5761 Mordacem
2866 5709 3025 5759 faciat
3050 5707 3205 5759 silere
3238 5707 3502 5759 Flaccum.
