4060 6174
191 272 277 324 221
1183 267 1343 323 νιΤΑ
1384 269 1443 322 Β.
1483 265 1843 323 ΕΡΙΡΗΑΝΙΙ

2046 264 2205 323 COPl
2244 265 2656 324 TICINENSIS.

3562 270 3667 323 2‘22

188 406 350 462 ﬁdem
372 404 680 475 mentibus,
719 410 890 462 terrae
920 404 1029 461 sibi
1081 421 1355 461 convenae
1386 405 1705 461 dilectionis
1731 405 1861 477 jure
1896 406 1944 461 A
1972 405 2223 473 cumulo,
2273 404 2571 463 humilitas
2599 404 2663 463 in
2699 422 2767 463 eo
2818 406 3035 480 pariter
3078 406 3357 464 sentiebat
3394 422 3669 480 augmen-

186 497 482 551 socientur.
514 496 624 562 Qui
645 496 777 550 licet
822 495 1139 550 certamina
1169 513 1281 550 non
1316 495 1607 561 formidet,
1639 511 1868 549 concor-

184 586 326 639 diam
358 585 517 655 prius
546 590 793 656 exoptat.
822 585 1007 639 Nostis
1039 584 1100 639 in
1135 586 1451 653 communi,
1487 602 1600 656 quo
1646 585 1717 638 sit
1757 584 1865 638 do-

182 675 465 728 minorum
494 675 806 746 antiquitas
836 674 1078 728 limitata
1108 674 1357 728 conﬁnio
1396 691 1408 729 :
1443 690 1556 744 qua
1586 673 1867 728 sustinue-

178 765 286 818 rint
316 768 506 833 partes
526 763 647 817 istm
672 764 899 816 illarum
929 768 1179 816 rectores
1210 763 1529 817 famulandi
1563 762 1861 833 patientia.

182 854 432 907 Sufﬁciat
464 852 614 923 quod
640 852 831 923 elegit,
859 857 955 905 aut
987 853 1173 905 certe1
1218 852 1433 922 patitur
1486 853 1703 906 amicus
1734 851 1865 919 dici,

180 941 267 1013 qui
300 942 516 995 meruit
535 941 802 995 dominus
842 941 1142 1013 appellari.
1208 962 1230 990 ι
1265 943 1391 995 Haec
1429 941 1515 995 vir
1544 940 1866 1013 insignissi-

180 1048 297 1085 mns
329 1031 707 1102 Epiphanius.

242 1126 312 1174 At
343 1120 602 1187 Euricus,
636 1119 848 1191 gentile
885 1118 1077 1173 nescio
1132 1119 1285 1191 quod
1335 1134 1599 1173 murmur
1668 1118 1869 1172 infrin-

177 1226 326 1279 gens,
374 1209 660 1262 mollitum
716 1225 775 1262 se
828 1208 1322 1262 adhortationibus
1374 1208 1496 1279 ejus
1553 1209 1747 1262 vultus
1777 1208 1868 1283 sui

174 1299 479 1352 serenitate
527 1297 829 1367 signiﬁcat.
881 1299 991 1351 Leo
1045 1313 1177 1350 vero
1225 1297 1555 1350 nominatus
1604 1297 1869 1367 superius

174 1391 323 1441 tanto
374 1387 735 1440 allocutionis
765 1386 943 1456 ipsius
984 1386 1287 1440 tenebatur
1335 1386 1634 1451 miraculo,
1658 1392 1722 1439 ut
1746 1401 1883 1439 ere-

176 1477 327 1530 deret
360 1476 549 1529 verbis
580 1475 912 1545 hujusmodi
947 1476 1263 1546 expugnari
1324 1491 1489 1545 posse
1547 1480 1787 1542 mentes,
1822 1474 1869 1528 si

174 1565 250 1617 fas
269 1568 354 1618 est
381 1564 514 1631 dici,
547 1565 719 1617 etiam
743 1564 789 1616 si
823 1569 1020 1617 contra
1058 1563 1340 1633 justitiam
1398 1565 1732 1633 postularet.
1762 1564 1865 1616 Ta—

174 1654 295 1707 liter
326 1658 525 1705 tamen
555 1652 737 1705 fertur
765 1653 836 1706 ad
868 1652 1243 1722 interpretem
1258 1668 1355 1707 rex
1386 1652 1642 1707 locutus:
1669 1672 1695 1704 ‹‹
1723 1652 1868 1709 Licet

174 1747 365 1812 pectus
400 1757 593 1795 meum
631 1741 805 1795 lorica
859 1742 953 1794 vix
996 1741 1241 1808 deserat,
1275 1746 1330 1795 et
1358 1741 1585 1796 assidue
1633 1757 1869 1796 manum

176 1829 317 1881 orbis
351 1835 564 1881 Iuratus
596 1827 867 1894 includat,
903 1843 1126 1880 necnon
1168 1832 1223 1881 et
1265 1828 1411 1880 latus
1452 1828 1672 1881 muniat
1732 1827 1869 1882 ferri

176 1917 529 1988 presidium,
571 1916 765 1970 inveni
798 1921 990 1971 tamen
1045 1916 1363 1984 hominem,
1408 1917 1506 1988 qui
1561 1933 1651 1971 me
1684 1934 1869 1971 arma-

173 2012 283 2060 tum
317 2006 507 2076 possit
556 2022 884 2076 expugnare
942 2005 1323 2059 sermonibus.
1386 2006 1609 2061 Fallunt
1658 2007 1758 2077 qui
1791 2007 1873 2061 di-

176 2101 299 2149 cunt
362 2097 657 2148 Romanos
714 2095 773 2147 in
826 2094 1039 2164 linguis
1085 2099 1311 2147 scutum
1360 2095 1448 2148 vel
1507 2096 1722 2166 spicula
1755 2113 1871 2150 non

176 2184 400 2239 habere.
437 2185 662 2237 Norunt
683 2183 839 2236 enim
868 2190 925 2236 et
952 2183 1048 2236 illa
1080 2196 1208 2253 quae
1234 2200 1338 2237 nos
1353 2184 1684 2238 miserimus
1699 2185 1872 2239 verba

177 2273 489 2344 repellere;
523 2278 580 2325 et
601 2288 781 2343 quaee
820 2288 877 2326 se
926 2272 1273 2344 diriguntur,
1308 2273 1380 2327 ad
1419 2274 1440 2306 ²
1491 2274 1662 2327 οωόὶε
1695 2290 1870 2344 pene-

172 2362 324 2415 tralia
358 2361 674 2415 destinare.
710 2361 869 2414 Facio
914 2377 1071 2431 ergo,
1135 2361 1458 2415 venerande
1518 2378 1688 2432 papa,
1740 2379 1868 2433 qua:

170 2452 344 2521 poscis
380 2468 394 2504 :
425 2451 562 2521 quia
600 2450 872 2521 grandior
920 2455 1003 2504 est
1052 2451 1199 2520 apud
1236 2467 1325 2503 me
1375 2451 1548 2520 legati
1600 2468 1865 2521 persona,

175 2558 335 2612 quam
368 2539 635 2611 potentia
655 2539 1013 2593 destinantis.
1046 2539 1251 2609 Accipe
1280 2555 1433 2592 nunc
1475 2539 1645 2593 fidem
1692 2545 1747 2593 et
1766 2556 1869 2610 pro

176 2630 381 2699 Nepote
434 2629 727 2698 pollicere,
772 2627 921 2698 quod
951 2632 1137 2681 servet
1174 2628 1574 2682 intemeratam
1632 2644 1869 2682 concor-

172 2718 336 2783 diam,
372 2718 609 2789 quando
645 2723 697 2770 te
727 2716 1073 2787 promisisse,
1102 2716 1331 2786 jurasse’
1359 2722 1463 2771 est.
1501 2738 1522 2765 ι
1561 2717 1653 2770 His
1681 2718 1868 2782 dictis,

170 2806 303 2859 inito
328 2808 507 2859 etiam
546 2806 825 2876 pactionis
852 2805 1100 2868 vinculo,
1134 2806 1415 2859 verendus
1460 2806 1707 2876 pontifex
1748 2808 1869 2860 vale

172 2894 307 2947 dicto
367 2895 652 2948 discessit.
710 2895 797 2947 Ad
858 2909 1027 2965 quem
1090 2894 1280 2947 statim
1312 2899 1677 2963 precatorum
1702 2895 1871 2949 turba

172 2983 452 3054 dirigitur,
517 2987 581 3036 ut
619 2990 884 3037 secuturo
934 2984 1025 3037 die
1091 2983 1241 3054 regis
1290 2985 1473 3054 epulis
1538 2985 1865 3053 interesset;

172 3088 332 3143 quem
364 3071 466 3125 ille
492 3073 615 3141 jam
649 3078 1005 3142 compererat
1029 3071 1247 3143 jugiter
1269 3089 1371 3143 per
1389 3075 1709 3127 sacerdotes
1731 3091 1865 3126 suos

172 3161 383 3229 polluta
407 3162 625 3215 habere
672 3161 928 3214 convivia
960 3178 972 3215 :
1008 3162 1099 3215 cui
1122 3161 1427 3228 excusavit,
1472 3161 1730 3233 dixitque
1759 3161 1867 3215 sibi

174 3265 274 3302 non
305 3266 433 3303 esse
468 3250 528 3303 in
560 3265 715 3303 more
746 3251 995 3319 positum
1024 3251 1227 3304 alienis
1260 3251 1571 3321 aliquando
1610 3250 1866 3322 prandiis

172 3338 306 3391 vesci
340 3356 352 3393 :
379 3338 627 3409 perinde
660 3356 717 3391 se
742 3340 923 3409 magis
955 3340 1095 3392 velle
1128 3339 1408 3409 proﬁcisci
1440 3340 1631 3410 ;quod
1663 3340 1867 3393 consti-

174 3433 348 3481 tutum
402 3428 713 3481 maturavit
762 3428 1023 3498 implere,
1075 3434 1129 3481 et
1157 3429 1421 3482 Tolosam
1455 3429 1630 3481 tantis
1690 3428 1865 3481 comi-

170 3518 415 3571 tantibus
440 3534 703 3587 egressus
737 3523 839 3585 est,
881 3522 941 3571 nt
969 3534 1116 3588 pene
1145 3519 1370 3572 deserta
1389 3519 1523 3572 urbs
1542 3518 1865 3574 discedente

173 3611 355 3658 nostro
414 3606 694 3676 pontiﬁce
739 3611 1088 3659 cerneretur.
1147 3607 1355 3660 Tantos
1392 3608 1545 3660 enim
1613 3608 1675 3661 in
1709 3608 1865 3661 brevi

172 3693 497 3748 devinxerat
547 3694 667 3747 sibi‘
694 3694 930 3747 caritate
957 3694 1195 3761 sincera,
1231 3700 1294 3747 ut
1342 3694 1729 3764 captivitatem
1764 3696 1863 3747 tle-

172 3789 303 3847 rent,
340 3782 520 3853 'quod
578 3782 726 3853 apud
774 3782 1017 3853 patriam
1066 3799 1365 3836 remanere
1396 3783 1703 3836 necessitas
1733 3800 1865 3838 con-

171 3872 503 3942 stringebat.
536 3872 677 3925 Inde
706 3877 900 3925 tamen
932 3872 1261 3942 regrediens
1294 3873 1521 3939 singula
1536 3878 1865 3928 sanctarum

168 3958 595 4015 habitationum
675 3962 798 4014 loca
870 3960 1135 4014 visitavit.
1226 3960 1512 4014 Medianas
1567 3966 1587 3998 ³
1624 3962 1860 4029 insulas,

169 4050 518 4115 Stoechadas,
563 4050 787 4110 Lerum.
838 4049 1139 4121 ipsamque
1190 4050 1468 4103 nutricem
1503 4066 1863 4104 summorum

169 4139 455 4192 montium
486 4136 716 4208 planam
751 4138 1021 4191 Lerinum
1062 4137 1220 4192 adiit.
1260 4139 1415 4192 Unde
1447 4138 1699 4209 singulos
1733 4140 1863 4194 vitae

168 4225 433 4280 ﬂosculos
463 4227 751 4297 decerpsit
778 4243 843 4280 ex
877 4227 1165 4293 omnibus,
1214 4243 1359 4298 quos
1389 4228 1446 4279 in
1471 4244 1530 4280 se
1568 4228 1703 4282 boni
1734 4244 1862 4299 ger-

1976 497 2120 549 tum.

2048 583 2227 655 Igitur
2283 584 2421 638 dum
2478 584 2686 639 talibus
2734 600 2793 639 se
2862 584 3179 656 disciplinis
3250 589 3302 640 et
3374 585 3668 642 laboribus

1975 673 2184 727 Christi
2240 678 2295 728 et
2358 673 2459 728 Dei
2507 674 2689 728 nostri
2731 674 3028 744 operarius
3088 680 3332 743 exercet,
3385 693 3512 731 ecce
3573 677 3667 731 ille

1978 762 2183 832 quietis
2216 763 2439 816 nescius
2470 766 2527 816 et
2554 764 2831 817 scelerum
2852 768 3105 833 patrator
3134 764 3426 831 inimicus,
3460 782 3668 836 magna

1974 850 2237 905 dolorum
2267 850 2619 905 incrementa
2670 851 3046 921 conglutinat,
3081 856 3138 905 et
3182 853 3427 923 inquirit
3460 854 3666 924 quibus

1974 939 2162 993 virum
2188 939 2628 1009 integerrimum
2650 940 3011 1010 passionibus
3062 941 3382 996 lacesseret.
3440 943 3668 996 Exerci—

1976 1031 2099 1082 tum
2123 1028 2389 1082 adversus
2423 1032 2443 1064 ⁴
2469 1028 2726 1082 Orestem
2778 1029 3080 1099 patricium
3136 1030 3325 1101 erigit,
3360 1034 3415 1085 et
3458 1031 3667 1085 discor-

1976 1116 2086 1171 diae
2118 1117 2360 1170 crimina
2382 1117 2765 1172 clandestinus
2791 1118 3190 1187 supplantator
3220 1118 3527 1171 interserit.
3563 1117 3670 1187 Spe

1977 1222 2255 1260 novarum
2282 1222 2473 1259 rerum
2524 1207 2880 1275 perditorum
2912 1208 3137 1260 animos
3167 1206 3450 1277 inquietat
3482 1223 3494 1260 :
3530 1207 3672 1261 Odo-

1975 1311 2202 1349 vacrem
2254 1295 2324 1349 ad
2394 1295 2675 1363 regnandi
2724 1295 3006 1349 ambitum
3074 1295 3311 1349 extollit.
3362 1298 3428 1350 Et
3468 1299 3530 1347 ut
3556 1296 3672 1349 haec

1976 1384 2260 1453 pernicies
2289 1384 2347 1437 in
2380 1384 2664 1438 Ticinensi
2715 1384 2941 1437 civitate
3001 1382 3379 1451 contingeret,
3413 1384 3667 1437 Orestem

1977 1473 2045 1528 ad
2092 1489 2219 1526 eam
2276 1473 2483 1526 ﬁducia
2542 1472 2881 1525 munitionis
2930 1472 3153 1525 invitat.
3203 1472 3513 1542 Episcopus
3541 1488 3669 1525 cum

1978 1563 2247 1616 omnibus
2278 1563 2346 1616 ad
2378 1578 2436 1616 se
2491 1561 2914 1631 pertinentibus
2966 1577 3220 1630 praesens
3264 1561 3672 1616 inveniturzﬁt

1980 1651 2266 1704 maximus
2299 1651 2356 1704 in
2405 1650 2549 1704 urbe
2603 1666 2933 1716 concursus,
2977 1650 3272 1721 prmdandi
3301 1650 3484 1703 rabies
3517 1650 3671 1703 inar-

1983 1740 2160 1794 descit
2190 1756 2202 1793 :
2241 1739 2474 1810 ubique,
2506 1740 2711 1806 luctus,
2733 1755 2911 1809 pavor
2933 1739 3165 1810 ubique,
3198 1738 3671 1810 etmortisimago

1980 1829 2231 1900 plurima
2288 1828 2658 1883 discurrebat.
2725 1829 2824 1882 Ille
2890 1828 3165 1881 sollicitus
3215 1828 3551 1898 poscebatur
3601 1828 3669 1881 ad

1978 1934 2231 1989 poenam,
2295 1918 2461 1988 cujus
2491 1918 2870 1971 substantiam
2904 1916 3185 1970 notiorem
3246 1917 3453 1970 fecerat
3474 1916 3671 1970 amici-

1980 2007 2190 2061 tiarum
2222 2007 2364 2060 ﬁdes
2382 2007 2693 2077 antiquior.
2726 2006 2839 2059 Alii
2870 2006 3130 2059 ﬂammas
3171 2005 3407 2059 ruituris
3452 2005 3672 2059 aedibus

1978 2095 2416 2166 supponebant:
2453 2095 2551 2148 alii
2590 2095 2660 2149 ad
2694 2095 2930 2149 exitium
2989 2095 3301 2166 poscebant
3348 2094 3669 2157 dominum,

1978 2201 2081 2255 pro
2145 2186 2306 2255 cujus
2354 2189 2700 2237 convenerat
2757 2185 2938 2237 salute
2995 2184 3262 2255 pugnari.
3320 2184 3571 2237 Currunt
3601 2184 3669 2238 ad

1978 2274 2231 2327 ecclesim
2262 2274 2521 2341 domum,
2570 2273 2697 2326 totis
2729 2272 3067 2343 direptionis
3124 2272 3399 2326 incendiis
3426 2277 3669 2326 aestuan-

1977 2365 2083 2429 tes,
2138 2363 2275 2417 dum
2333 2379 2505 2433 quem
2544 2362 2817 2416 videbant
2870 2378 3107 2432 erogare
3152 2361 3424 2432 plurima,
3455 2361 3669 2432 perim-

1980 2468 2180 2505 mensa
2239 2452 2641 2523 suspicabatur
2699 2452 3065 2506 abscondere.
3120 2451 3271 2506 Proh
3300 2450 3492 2505 nefas!
3546 2451 3670 2504 the-

1977 2557 2173 2595 sauros
2203 2542 2375 2595 cruda
2404 2541 2693 2595 barbaries
2744 2541 3035 2612 quaerebat
3093 2540 3149 2593 in
3180 2544 3348 2607 terra,
3405 2556 3545 2611 quos
3577 2540 3671 2593 ille

1977 2630 2047 2683 ad
2085 2630 2336 2683 coelestia
2404 2635 2620 2683 secreta
2672 2629 3088 2683 transmiserat.
3148 2629 3429 2700 Diripitur
3499 2630 3669 2682 etiam

1977 2725 2168 2772 sancta
2200 2720 2323 2789 ejus
2353 2735 2647 2789 germana,
2691 2724 2747 2771 et
2793 2735 3048 2772 seorsum
3096 2717 3166 2771 ab
3217 2734 3283 2771 eo
3329 2718 3670 2788 captivitatis

1976 2813 2129 2861 sorte
2158 2808 2457 2862 deducitur
2491 2820 2503 2860 :
2540 2823 2741 2861 omnes
2774 2807 3057 2861 nobilium
3089 2823 3122 2860 a
3169 2806 3288 2860 suis
3330 2806 3560 2860 familiae
3594 2824 3673 2860 se-

1978 2901 2378 2967 questrantur:
2432 2896 2757 2961 Luminosa,
2815 2896 3220 2965 gloriosissima
3266 2896 3482 2949 femina
3502 2895 3670 2964 parili

1907 3005 1946 3060 ρ
1977 2985 2328 3038 necessitatis
2342 2985 2667 3038 conditione
2685 2984 3118 3054 constringitur.
3141 2984 3390 3037 Odolorl
3413 2988 3670 3053 utraeque

1978 3074 2228 3127 ecclesiae
2266 3073 2514 3126 ﬂammis
2563 3071 2871 3125 hostilibus
2915 3076 3355 3125 concrementur
3388 3088 3401 3124 :
3442 3075 3555 3124 tota
3585 3070 3671 3124 ci--

1974 3162 2135 3230 vitas,
2180 3162 2343 3233 quasi
2378 3179 2524 3215 unus
2558 3177 2752 3232 rogus,
2772 3161 3093 3231 effulgorat.
3130 3161 3478 3215 Cunctorum
3511 3176 3670 3213 voces

1976 3252 2329 3305 sacerdotem
2354 3251 2775 3322 requirentium
2808 3251 3123 3304 audiuntur
3155 3248 3183 3304 :'
3204 3266 3373 3303 nemo
3428 3249 3670 3320 periculi

1974 3341 2062 3394 sui
2112 3341 2471 3405 meminerat,
2524 3341 2660 3394 dum
2709 3340 2894 3410 major
2956 3340 3025 3393 ab
3054 3339 3187 3393 ‘illis
3228 3339 3426 3392 salutis
3480 3338 3667 3409 portio

1975 3429 2345 3483 divideretur.
2384 3429 2484 3483 Cui
2518 3428 2779 3499 quamvis
2803 3428 3036 3482 confusa
3064 3429 3125 3482 in
3152 3428 3514 3498 singulorum
3551 3427 3669 3481 exi-

1976 3518 2122 3571 tium
2165 3518 2334 3571 turba
2365 3518 2654 3583 fremeret,
2710 3518 2894 3571 honor
2943 3522 3135 3571 tamen
3177 3522 3230 3570 et
3271 3517 3424 3569 inter
3445 3515 3667 3587 gladios

1975 3605 2433 3676 impendebatur.
2468 3608 2605 3661 Nam
2638 3607 2788 3660 illico
2815 3623 2928 3660 non
2985 3606 3237 3672 fuerunt,
3281 3622 3424 3676 quos
3482 3605 3670 3676 potuit

1973 3694 2163 3748 videre
2228 3695 2572 3765 captivom"
2612 3695 2999 3749 venerabilem
3077 3710 3411 3763 germanam
3481 3710 3663 3761 suam,

1971 3778 2310 3853 priusquam
2341 3782 2399 3837 in
2432 3800 2725 3854 vesperam
2755 3784 2868 3837 diei
2913 3783 3068 3836 illius
3115 3784 3212 3836 lux
3249 3782 3473 3835 funesta
3505 3782 3664 3857 labe.-

1973 3877 2150 3934 retur,
2170 3871 2416 3941 'eripuit.
2470 3873 2753 3926 Plurimos
2811 3871 2981 3925 etiam
3031 3871 3240 3925 civium
3275 3871 3514 3925 absolvit
3533 3887 3666 3940 prc-

1974 3966 2099 4014 catu
2144 3977 2268 4025 suo,
2329 3966 2637 4031 antequam
2683 3960 3006 4014 durissima:
3056 3960 3401 4014 conditionis
3444 3960 3670 4014 vincula

1973 4049 2284 4103 sentirent:
2318 4055 2526 4103 matres
2560 4050 2806 4103 familias
2836 4049 3143 4119 prmcipue,
3178 4066 3321 4120 quas
3358 4049 3668 4102 immanior

1970 4136 2027 4192 in
2062 4140 2164 4192 hac
2213 4139 2547 4192 necessitate
2572 4144 2793 4209 poterat
2856 4154 3089 4192 manere
3138 4138 3535 4192 commoratio.
3571 4140 3669 4191 Po-

1972 4230 2183 4280 stremo
2243 4231 2418 4281 status
2478 4227 2722 4281 civitatis
2775 4243 2945 4297 quem
2995 4226 3307 4281 multitudo
3371 4225 3666 4279 barbarica

168 4317 331 4369 minis
385 4317 578 4371 fames
632 4316 928 4381 insereret,
985 4321 1040 4370 et
1088 4316 1157 4370 ad
1214 4315 1565 4369 maturitatis
1636 4321 1862 4388 tempus
1901 4302 1945 4357 Ῑ)
1977 4315 2318 4378 succidebat,
2368 4317 2535 4370 unius
2591 4316 2918 4370 fortissima:
2973 4316 3253 4369 columna:
3321 4318 3667 4367 sustentatus

168 4404 395 4469 gravida
438 4402 630 4473 pomis
680 4403 1002 4457 ccelestibus
1051 4402 1221 4457 arbor
1280 4403 1604 4457 adduceret.
1640 4405 1863 4457 Interea

169 4499 560 4563 exspectatum
613 4493 767 4547 Italis
826 4493 1021 4546 lumen
1077 4492 1360 4559 redditur,
1442 4499 1497 4547 et
1544 4500 1865 4548 revertente

168 4582 442 4650 singulari
465 4582 757 4635 sacerdote
788 4597 890 4651 per
912 4582 1117 4635 sudum
1136 4582 1377 4635 rutilans
1399 4581 1571 4651 jubar
1585 4583 1862 4652 aperitur.

168 4669 422 4723 Ticinum
459 4670 563 4723 diu
592 4670 943 4723 desideratus
975 4670 1296 4740 ingreditur
1321 4687 1333 4724 :
1360 4671 1571 4739 Nepoti
1590 4672 1858 4727 effectum

167 4765 405 4826 peractae
459 4759 769 4830 legationis
821 4758 1121 4814 insinuat:
1184 4765 1241 4814 et
1283 4767 1572 4815 crescente
1627 4762 1867 4817 laudum

234 4884 247 4955 ξ
282 4883 808 4955 Schot.,palialur.

228 4952 251 4985 ²
272 4956 485 5009 Schot.
520 4952 580 5008 et
608 4955 889 5021 Bolland.,
910 4955 1118 5010 cordis.

229 5029 249 5059 ³
282 5027 525 5080 Insulas
581 5026 935 5097 Stoechadas]
967 5028 1054 5081 Sic
1120 5027 1427 5097 legendum
1488 5027 1702 5095 censui,
1747 5043 1865 5082 non

166 5094 483 5164 Cycladas;
531 5098 685 5167 quod
738 5094 951 5151 habent
989 5094 1383 5167 manuscripti.
1430 5094 1726 5153 Stmchada
1755 5100 1861 5152 Pli-

166 5180 287 5239 nius
318 5168 419 5222 lib.
472 5184 553 5234 ιιι,
620 5184 744 5237 cap.
770 5170 821 5235 4,
850 5174 904 5221 et
952 5169 1268 5239 geographi
1296 5169 1355 5223 in
1394 5185 1497 5223 ora
1528 5170 1863 5224 Massiliensi

165 5236 371 5305 locant,
409 5236 736 5310 docentque
767 5236 1001 5309 propter
1028 5236 1288 5310 ordinem
1314 5257 1424 5310 quo
1465 5242 1589 5293 sitm
1643 5247 1775 5294 sunt
1805 5241 1864 5295 id

166 5322 379 5380 nomen
417 5326 539 5363 esse
571 5308 821 5363 sortitas.
859 5308 1144 5380 Στοιχάδες
1175 5308 1508 5365 Ptolemaeo.
1568 5311 1673 5375 Qui
1722 5312 1863 5366 Stas-

166 5378 371 5434 cbadas
389 5382 605 5434 insulas
618 5378 1311 5452 ignorabatan'tiquarius,
1327 5382 1593 5452 Cycladas
1612 5382 1857 5451 scripsit,

167 5452 295 5523 quia
326 5453 580 5505 notiores
616 5459 820 5506 erant:
880 5453 1364 5523 quemadmodum
1397 5453 1456 5506 in
1515 5455 1859 5523 panegyrico

167 5521 437 5589 Cyrillum
464 5523 602 5577 item
634 5521 985 5592 scripserunt
1020 5540 1119 5593 pro
1151 5524 1431 5592 Cochrilo,
1467 5521 1532 5577 et
1558 5521 1859 5593 Cyli'ndros

169 5606 264 5658 pro
297 5595 617 5663 Chelydris.
678 5594 823 5649 Sunt
875 5600 1087 5658 autem,
1130 5600 1194 5647 ut
1230 5594 1367 5661 dixi,
1422 5595 1743 5649 Stmchades
1796 5596 1857 5650 in

170 5676 263 5715 ora
294 5665 629 5720 Massiliensi
663 5682 678 5722 :
708 5671 766 5719 at
795 5666 969 5720 Lerus
989 5670 1043 5720 et
1083 5666 1319 5721 Lerinus
1349 5681 1379 5719 e
1425 5666 1660 5736 regione
1688 5666 1858 5722 Anti-

1974 4404 2310 4474 resurgebat
2337 4404 2585 4457 auxilio:
2633 4419 2739 4456 nec
2794 4392 3019 4456 tantuin
3051 4403 3119 4456 ad
3173 4401 3482 4455 delendum
3514 4400 3667 4453 sufﬁ-

1975 4492 2161 4546 ciebat
2209 4492 2511 4559 exercitus,
2593 4495 2874 4563 quantum
2935 4490 3003 4544 ad
3050 4489 3436 4559 reparandum
3494 4488 3666 4541 unius

1975 4597 2224 4649 persona
2273 4583 2577 4653 pontiﬁcis.
2638 4582 2869 4636 Sublato
2899 4585 3089 4633 tamen
3125 4580 3317 4634 Oreste
3353 4582 3409 4632 et
3432 4581 3668 4649 propter

1976 4670 2324 4723 Placentiam
2347 4671 2548 4725 urbem
2580 4670 2873 4735 exstincto,
2917 4668 3363 4739 depraedationis
3419 4668 3667 4739 impetus

1975 4757 2322 4829 conquievit.

1974 4884 2144 4955 polis.
2181 4885 2392 4939 Omnes
2421 4883 2558 4937 olim
2587 4882 2815 4937 refertm
2844 4881 3113 4938 coenobiis
3152 4898 3215 4936 ac
3275 4881 3496 4937 cellulis
3543 4896 3663 4935 ino-

1972 4954 2310 5020 nachorum,
2344 4955 2496 5025 quod
2554 4954 2806 5009 Cassiani
2855 4955 3187 5008 collationes
3240 4958 3558 5025 testantur:
3598 4968 3665 5025 ex

1975 5028 2182 5105 quibus
2213 5023 2758 5105 septe—mpostremee
2789 5026 2857 5079 ad
2888 5025 3241 5105 sanctosqui
3272 5026 3327 5078 in
3350 5023 3665 5105 ﬁtmchadi-

1972 5097 2077 5150 bus
2111 5104 2275 5151 erant
2300 5096 2524 5157 insulis,
2578 5097 2800 5150 emissae
2846 5103 2998 5161 sunt,
3032 5098 3267 5150 totidem
3319 5096 3386 5148 ad
3419 5096 3668 5147 llonora-

1972 5172 2094 5221 tum
2128 5175 2184 5221 et
2208 5168 2569 5233 Eucherium,
2599 5184 2844 5237 quorum
2876 5171 3019 5221 alter
3038 5172 3254 5234 auctor,
3288 5167 3432 5219 alter
3480 5166 3662 5217 alum-

1973 5254 2079 5291 nus
2116 5238 2444 5292 monasterii
2480 5239 2821 5293 Lerinensis.

2044 5315 2063 5345 ⁸
2093 5312 2343 5366 Ores!em
2363 5306 2699 5379 patricium]
2732 5314 2895 5363 Anno
2926 5311 3048 5363 476.
3084 5307 3662 5379 Ηίοδιιρθτίοτθίᾶηηο

1967 5382 2289 5451 Augustulo
2342 5378 2462 5433 tilio
2513 5378 2847 5451 imperium,
2901 5380 3096 5448 fugato
3126 5380 3360 5448 Nepote,
3398 5378 3659 5451 dederat.

1970 5450 2085 5505 Hoc
2117 5467 2268 5505 anno
2301 5468 2462 5505 arma
2500 5451 2561 5504 in
2604 5450 2752 5504 illos
2809 5451 2988 5504 movit
3018 5450 3266 5503 Odoacer
3296 5454 3352 5502 et
3382 5450 3660 5513 Orestem,

1969 5524 2116 5594 quod
2144 5524 2435 5576 Enuodius
2461 5523 2643 5587 docet,
2666 5522 2845 5576 Ticini
2875 5521 3117 5594 obsedit,
3148 5526 3510 5592 ,captumque
3532 5535 3661 5574 cum

1967 5592 2179 5665 oppido
2210 5595 2514 5650 Placentia:
2536 5594 2769 5648 tandem
2802 5592 3031 5646 occidit.
