4060 6174
430 210 537 263 223

504 351 637 403 Post
684 361 858 418 quem
887 347 906 383 ¹
951 344 1196 401 adscitus
1247 344 1308 399 in
1337 358 1581 415 regnum
1630 342 1935 398 Odovacris
1966 345 2125 396 tanto
2162 343 2209 395 A

427 442 587 495 cultu
618 438 907 509 insignem
953 438 1139 491 virum
1201 436 1373 507 cmpit
1426 436 1733 503 honorare,
1768 442 1830 490 ut
1859 436 2121 491 omnium

430 531 793 585 decessorum
840 542 1076 580 suorum
1131 526 1279 579 circa
1336 541 1467 578 eum
1519 524 1709 579 officia
1751 525 2117 595 praecederet.

428 622 652 672 Interea
682 633 752 670 ne
787 616 880 669 diu
915 614 1119 669 favillis
1149 612 1435 667 domicilia
1466 613 1659 667 divina
1696 619 2117 684 premerentur,

427 712 559 759 ante
586 705 869 776 gloriosus
901 702 1134 756 antistes
1166 701 1551 755 reaadificandi
1582 701 2117 772 sumpsitjanimum,

428 811 603 865 quam
634 808 911 863 expensas
942 796 1042 845 aut
1062 790 1441 844 substantiam
1470 791 1847 861 praeparandi.
1871 791 2121 861 Ingentis

426 884 597 954 pretii
631 882 870 937 fabricas
902 879 1027 933 sine
1059 895 1429 933 nummorum
1460 880 1718 933 attollere
1749 880 1974 933 condito
2005 896 2122 934 non

427 972 675 1043 expavit,
700 969 1021 1041 apostolicae
1066 968 1478 1022 admonitionis
1509 968 1659 1022 haud
1704 968 1935 1035 inscius,
1967 969 2121 1039 quod

425 1059 674 1115 coelestia
704 1073 881 1129 regna
906 1057 1296 1129 quarentibus
1321 1056 1650 1111 indeﬁciens
1665 1057 1884 1129 jugiter
1913 1074 2115 1111 census

427 1149 719 1215 exuberet,
755 1152 809 1201 et
840 1147 909 1201 de
969 1150 1138 1218 pleno
1184 1163 1410 1218 semper
1462 1147 1750 1217 impertiat
1801 1163 1973 1218 quem
2004 1164 2119 1201 non

424 1239 700 1309 opprimit
733 1237 791 1290 in
824 1236 1105 1307 largiendi
1166 1238 1456 1291 voluntate
1501 1243 1826 1308 paupertas.
1889 1237 2121 1292 Dicebat

422 1327 577 1382 enim
611 1344 624 1381 :
659 1326 759 1379 Vix
790 1329 874 1379 est
907 1331 968 1378 ut
1004 1325 1262 1379 animum
1297 1325 1532 1379 divitem
1578 1326 1928 1397 possibilitas
1959 1327 2119 1380 dese-

422 1422 529 1484 rat,
557 1421 612 1469 et
632 1414 1037 1469 difficillimum
1071 1419 1130 1468 ut
1159 1418 1433 1485 sequatur
1454 1415 1803 1469 abundantia
1825 1415 2117 1469 hominem

422 1502 982 1561 mentemendicum.
1020 1504 1142 1556 1am
1170 1504 1406 1574 jamque
1464 1508 1656 1557 tamen
1709 1504 1934 1574 fastigia
1990 1521 2117 1575 per-

423 1590 683 1645 fectionis
717 1590 951 1661 majoris
980 1591 1233 1645 ecclesiae
1270 1607 1416 1661 opus
1476 1590 1761 1662 attigerat,
1790 1592 2030 1647 aedificio
2064 1598 2118 1647 et

423 1680 799 1734 dedicationis
821 1679 1149 1750 insignibus
1179 1680 1474 1734 adornato.
1534 1682 1827 1751 Extemplo
1884 1683 2119 1736 alterius

422 1769 677 1823 ecclesias
734 1774 857 1823 tum
918 1770 1281 1823 columnatus
1326 1774 1566 1839 repente
1624 1770 1811 1840 paries
1865 1770 2116 1841 impulsu

420 1858 611 1912 callidi
643 1858 923 1928 serpentis
959 1858 1173 1929 ejectus
1198 1861 1300 1912 est.
1344 1858 1537 1912 Voluit
1586 1859 1836 1930 experiri
1880 1859 1927 1913 si
1969 1860 2115 1913 mul-

420 1947 604 2017 tiplici
635 1947 757 2018 ejus
790 1947 969 2017 possit
987 1946 1284 2000 vexatione
1316 1946 1589 2002 subverti.
1651 1950 1720 2001 At
1766 1948 1859 2001 ille
1899 1947 2116 2001 violen-

423 2035 554 2103 tior,
588 2052 661 2089 ne
693 2035 856 2089 malis
888 2036 1010 2105 ejus
1031 2036 1276 2101 cederet,
1310 2036 1663 2106 assurgebat,
1716 2041 1771 2090 et
1818 2037 2115 2103 continuo,

421 2123 544 2177 sine
577 2124 817 2194 alicujus
850 2124 1374 2194 passionisindicio,
1402 2125 1469 2177 ad
1494 2125 1913 2195 reparationem
1937 2125 2117 2195 ipsius

422 2214 593 2284 plena
628 2230 685 2266 se
717 2213 987 2267 aviditate
1019 2213 1317 2269 succinxit.
1354 2213 1540 2267 Nimio
1574 2218 1763 2267 tamen
1779 2214 2116 2268 universitas

425 2302 727 2357 tenebatur
758 2300 1073 2371 miraculo;
1107 2302 1258 2374 quod
1288 2302 1357 2355 ab
1380 2302 1504 2372 ipso
1551 2302 1751 2373 templi
1781 2304 1936 2357 tholo
1971 2303 2115 2357 arti-

423 2392 557 2447 lices
592 2409 722 2446 cum
752 2392 973 2462 ingenti
1006 2391 1269 2445 machina
1292 2396 1631 2445 corruerunt
1663 2408 1675 2444 :
1710 2392 1901 2445 nullus
1925 2396 2116 2445 tamen

420 2498 623 2535 eorum
654 2486 752 2534 aut
782 2497 945 2534 crure
977 2480 1181 2535 debilis
1206 2480 1386 2533 factus
1416 2482 1553 2551 test,
1588 2485 1683 2533 aut
1714 2480 1906 2551 aliqua
1935 2497 2111 2535 mem-

418 2569 655 2623 brorum
680 2576 841 2640 parte
883 2574 1197 2623 truncatus.
1250 2569 1409 2632 Quod
1461 2569 1816 2623 orationibus
1865 2570 2115 2641 episcopi

419 2658 731 2727 contigisse
779 2662 1119 2712 cunctorum
1181 2657 1440 2711 sensibus
1487 2658 1706 2728 patuit;
1794 2662 1857 2712 ut
1904 2660 2114 2713 molem

418 2747 715 2819 propriam
773 2747 939 2800 ruina
988 2747 1311 2809 sustineret,
1364 2752 1421 2800 et
1474 2763 1505 2799 a
1544 2762 1675 2799 casu
1734 2763 1835 2801 suo
1895 2746 2113 2818 lapides

418 2834 927 2905 suspenderentur.
968 2834 1259 2904 Stupendo
1297 2840 1489 2887 tamen
1553 2835 1931 2888 ordinationis
1992 2836 2114 2905 ejus

1639 203 1921 260 ENNODII
1966 202 2280 261 EPISCOPI
2317 202 2705 260 TICINENSIS
3812 212 3900 264 224

2310 343 2533 395 Interea
2554 357 2625 396 ne
2657 340 2792 397 solis
2838 340 3123 397 civitatem
3175 344 3526 414 templorum
3581 344 3792 399 aedibus
3830 349 3897 401 vi-

2235 432 2464 486 deretur
2498 447 2747 499 ornasse,
2784 431 2945 486 fessis
2995 431 3253 503 ejusdem
3300 432 3459 487 urbis
3507 433 3898 491 habitatoribus

2233 521 2621 575 remediorum
2668 521 2916 575 utilitate
2962 522 3276 592 prospexit.
3307 524 3447 576 Nam
3496 523 3709 578 directa
3766 526 3899 597 lega-

2230 611 2387 664 tione
2416 611 2489 665 ad
2521 610 2886 677 Odovacrem,
2922 611 2943 644 ³
2972 612 3359 682 quinquennii
3382 612 3734 667 vacationem
3761 615 3897 669 ﬁsca-

2231 699 2373 753 lium
2404 700 2767 753 tributorum
2799 700 3127 771 impetravit
3159 717 3171 754 :
3215 700 3286 754 ad
3332 717 3460 771 quae
3517 702 3789 756 beneﬁcia
3815 721 3901 774 per

2231 787 2487 858 singulos
2536 788 2949 858 dispertienda,
3007 792 3165 842 tanta
3215 805 3273 842 se
3329 790 3582 843 castitate
3617 790 3899 861 continuit,

2230 882 2293 931 ut
2321 893 2490 931 nemo
2512 894 2577 931 ex
2595 878 2683 931 bis
2716 878 2905 931 minus
2964 877 3265 948 acciperet,
3317 894 3489 949 quam
3534 880 3580 932 is
3636 897 3749 952 quo
3792 881 3898 936 fue-

2229 970 2359 1020 rant
2390 966 2735 1037 impetrante
2758 982 3040 1021 concessa.
3084 968 3229 1021 Dum
3264 969 3381 1021 haec
3425 972 3615 1022 tamen
3654 986 3899 1039 gereren-

2230 1057 2343 1121 tur,
2374 1054 2435 1108 in
2464 1055 2778 1125 perniciem
2809 1056 3052 1126 Liguriae
3086 1073 3482 1126 possessorum
3514 1056 3536 1091 ⁸
3567 1058 3779 1128 Pelagii
3801 1062 3899 1131 {qui

2231 1158 2299 1196 ea
2360 1147 2694 1214 tempestate
2755 1145 3031 1215 praetorio
3070 1146 3374 1215 praefectus
3427 1150 3567 1211 erat,
3635 1148 3899 1217 repositus

2230 1232 2464 1286 malitias
2523 1234 2691 1287 ardor
2743 1230 3024 1290 efferbuit.
3072 1234 3212 1288 Nam
3272 1235 3704 1305 coemptionum
3752 1253 3899 1291 enor-

2230 1321 2427 1374 mitate
2466 1322 2798 1391 gravissima
2854 1323 3065 1377 tributa
3126 1323 3470 1394 duplicabat,
3522 1323 3903 1395 reddebatque

2188 1404 2201 1417 ⁸
2229 1426 2374 1463 onus
2404 1411 2722 1481 geminum,
2751 1412 2901 1482 quod
2924 1412 3162 1483 simplex
3209 1412 3489 1466 sustinere
3529 1428 3641 1465 non
3676 1417 3900 1483 poterat.

2233 1498 2389 1553 Unde
2447 1514 2578 1553 mox
2634 1500 2701 1553 ad
2756 1505 3011 1554 sanctum
3058 1499 3247 1554 virum
3306 1517 3711 1571 oppressorum
3758 1502 3903 1556 turba

2232 1585 2538 1653 conﬂuxit;
2575 1588 2673 1658 qui
2702 1588 2868 1642 laztus
2896 1589 3264 1643 succurrendi
3294 1590 3619 1643 occasiones
3633 1589 3904 1659 amplecti-

2231 1679 2344 1743 tur,
2371 1681 2426 1729 et
2456 1693 2560 1746 pro
2591 1682 2928 1731 cunctorum
2957 1678 3295 1731 necessitate
3346 1678 3530 1732 alacer
3586 1678 3902 1745 ambulavit,

2228 1766 2506 1835 poposcit,
2531 1765 2795 1820 obtinuit.
2846 1766 2951 1821 Sed
2976 1767 3111 1837 quid
3128 1767 3338 1821 frustra
3354 1768 3536 1838 gestio
3560 1767 3901 1836 singulorum

2228 1854 2442 1924 species
2471 1854 2733 1909 laborum
2764 1856 2882 1926 cjus
2904 1856 2991 1909 vel
3049 1857 3260 1911 formas
3318 1857 3527 1926 eloqui,
3575 1856 3713 1910 dum
3766 1855 3899 1926 quod

2229 1958 2346 1996 non
2374 1944 2617 2013 explicat
2647 1943 3010 2013 possibilitas,
3039 1945 3353 2015 'praasumit
3400 1945 3655 2012 affectus,
3710 1945 3903 2014 datque

2227 2031 2540 2085 terminum
2600 2032 2802 2086 latiora
2858 2034 3227 2103 opinantibus
3295 2035 3573 2087 sermonis
3618 2034 3903 2104 angustia?

2228 2121 2484 2173 Fuerunt
2513 2125 2703 2175 tamen
2736 2122 2845 2176 ista
2879 2122 3243 2175 sacratissimi
3297 2122 3437 2176 vatis
3508 2122 3810 2191 desideria,
3852 2129 3904 2175 ut

2227 2225 2354 2262 cum
2382 2208 2825 2264 innumerabilia
2853 2210 3079 2277 faceret,
3115 2216 3333 2281 optaret
3389 2212 3457 2265 de
3509 2212 3771 2265 laudibus
3802 2212 3905 2263 suis

2228 2302 2327 2350 aut
2358 2298 2516 2352 nulla
2556 2303 2653 2352 aut
2680 2315 2862 2369 pauca
2894 2300 3221 2369 perstringi.
3270 2301 3425 2355 Unde
3475 2300 3521 2353 si
3566 2300 3705 2371 quid
3732 2301 3906 2354 minus

2224 2386 2423 2456 lingua
2455 2404 2672 2457 pauper
2697 2389 2915 2457 aperui,
2950 2389 3304 2443 audientium
3329 2394 3385 2443 et
3417 2389 3747 2459 legentium
3798 2405 3905 2441 sen-

2230 2475 2385 2528 sibus
2417 2474 2772 2546 derelinquo.

2299 2565 2422 2616 Post
2447 2565 2653 2617 multas
2696 2570 2889 2619 tamen
2948 2582 3089 2636 quas
3124 2566 3279 2636 apud
3338 2566 3689 2621 Odovacrem
3726 2582 3902 2637 regem

2225 2650 2538 2719 legationes
2587 2651 2861 2706 violentia
2923 2654 3355 2724 supplicationis
3412 2654 3614 2724 exegit,
3677 2654 3902 2725 disposi-

2225 2738 2383 2793 tione
2416 2740 2656 2794 cazlestis
2687 2742 2915 2812 imperii
2956 2743 3025 2795 ad
3070 2741 3336 2797 Italiam5
3381 2744 3765 2797 Theodericus
3818 2760 3903 2797 rex

2225 2844 2353 2881 cum
2388 2828 2672 2883 immensa
2704 2831 2926 2884 roboris
2948 2831 3032 2883 sui
3057 2832 3820 2895 multitudine'commeavit,
3844 2831 3904 2883 ad

416 2940 606 2990 cursu,
642 2940 815 2993 supra
854 2923 990 2976 dicti
1022 2924 1211 2993 operis
1244 2924 1656 2994 perfectionem
1685 2924 1847 2978 labor
1879 2925 2108 2995 accepit.
2153 2943 2196 2998 ο
2226 2934 2399 2988 quem
2435 2918 2521 2971 Vir
2564 2919 2990 2988 integerrimus,
3048 2920 3184 2974 dum
3230 2921 3669 2991 Mediolanijam
3704 2922 3907 2991 positus

413 3013 537 3066 Jam
571 3017 971 3065 consummato
1004 3012 1237 3081 majoris
1275 3012 1525 3066 ecclesiae
1556 3014 1577 3047 ²
1632 3014 2114 3083 praeparationem

416 3100 657 3167 orditus,
693 3100 902 3171 raptim
941 3100 1012 3153 ad
1044 3100 1272 3171 fastigia
1296 3101 1495 3170 priscas
1543 3101 1957 3155 incolumitatis
1995 3119 2115 3156 sur-

416 3188 631 3253 rexisse
683 3188 980 3258 conspexit
1038 3188 1275 3242 domum
1346 3190 1466 3253 Dei,
1504 3190 1603 3260 qui
1659 3191 1905 3244 necdum
1958 3208 2114 3245 com-

417 3280 649 3345 pererat
692 3277 1039 3330 inchoatam.
1087 3276 1307 3339 Quibus
1362 3283 1556 3331 tamen
1616 3279 1686 3332 ab
1743 3295 1809 3332 eo
1853 3280 2115 3333 celeriter

418 3365 648 3433 exactis,
675 3382 807 3419 mox
837 3382 894 3418 se
920 3365 979 3418 in
1012 3364 1176 3419 illum
1205 3365 1431 3419 divinus
1455 3366 1609 3420 favor
1667 3368 1931 3422 ostendit.
1971 3370 2113 3423 Nam

416 3454 476 3508 in
510 3454 770 3525 ejusdem
803 3454 940 3507 anni
995 3454 1278 3507 curriculo
1333 3470 1559 3508 summa
1587 3456 1918 3509 daemonum
1945 3458 2113 3511 turba

417 3544 487 3599 de
510 3543 750 3598 obsessis
794 3546 1091 3614 coeperunt
1137 3544 1384 3597 clamare
1424 3544 1776 3614 corporibus,
1830 3545 2025 3616 ﬂagris
2055 3564 2113 3601 se

416 3637 472 3687 et
501 3633 845 3686 cruciatibus
876 3632 1089 3699 nimiis,
1124 3637 1185 3686 ut
1204 3632 1491 3702 fugerent,
1525 3634 1817 3687 sacerdote
1861 3634 2113 3705 Epipha-

416 3722 511 3775 nio
546 3722 867 3792 imperante
898 3722 1183 3793 compelli.
1219 3722 1368 3786 Quos
1402 3723 1496 3776 ille
1542 3723 1766 3777 modica
1822 3740 1949 3777 cum
1973 3725 2110 3778 ﬂetu

415 3812 679 3865 oratione
710 3812 963 3881 profusa,
996 3812 1066 3864 ad
1100 3812 1313 3865 extima
1342 3816 1626 3865 terrarum
1654 3812 1903 3867 conﬁnia
1926 3818 2109 3867 trans-

414 3899 696 3965 mittebat,
729 3916 792 3952 ac
841 3898 1079 3952 diversis
1138 3899 1374 3953 vocibus
1434 3900 1713 3971 ejulantes
1769 3901 2108 3955 meritorum

415 4004 648 4042 suorum
682 3987 925 4057 urgebat
955 3987 1221 4057 imperio.
1258 3988 1365 4043 Sed
1406 4005 1537 4042 cum
1566 3990 1701 4043 talia
1727 3990 1845 4060 'per
1900 3989 2109 4045 Christi

414 4076 661 4146 gratiam
685 4076 907 4147 jugiter
936 4076 1167 4142 faceret,
1198 4076 1341 4129 nihil
1374 4077 1481 4130 sibi
1501 4078 1569 4131 de
1583 4080 2106 4149 praesumptionum

414 4164 644 4219 ﬂatibus
677 4164 1020 4219 assumebat.
1058 4166 1230 4219 Tollit
1259 4166 1413 4219 enim
1445 4166 1558 4219 illis
1589 4166 1724 4221 boni
1756 4166 1944 4220 meriti
2000 4184 2103 4237 po-

2224 3015 2387 3074 esset,
2422 3008 2685 3062 excurrit.
2719 3010 2899 3072 Quem
2936 3025 3065 3063 cum
3127 3010 3221 3064 ille
3274 3026 3475 3081 regum
3527 3010 3908 3081 praestantissi-

2224 3115 2351 3152 mus
2382 3101 2566 3154 cordis
2612 3102 2789 3155 oculis
2850 3102 3209 3173 inspexisset,
3260 3108 3315 3157 et
3361 3104 3529 3157 solita
3576 3104 3783 3174 judicii
3827 3103 3906 3156 sui

2222 3190 2577 3243 sacerdotem
2627 3196 2889 3245 nostrum
2957 3192 3100 3245 libra
3140 3198 3427 3262 pensaret,
3478 3192 3695 3247 invenit
3752 3193 3809 3245 in
3841 3209 3901 3245 eo

2224 3279 2451 3347 pondus
2478 3280 2737 3333 omnium
2770 3285 3029 3335 constare
3074 3282 3375 3349 virtutum,
3409 3282 3572 3352 cujus
3618 3282 3909 3352 integrita-

2226 3370 2341 3420 tem
2370 3368 2525 3420 velut
2546 3368 2842 3422 fabrilibus
2872 3369 3039 3423 lineis
3065 3370 3133 3424 ad
3175 3371 3653 3441 perpendiculum
3715 3370 3913 3424 mentis

2222 3471 2486 3509 emensus
2510 3462 2595 3510 est
2622 3474 2634 3510 :
2671 3458 2767 3527 qui
2791 3458 2888 3511 tali
2920 3459 3068 3529 apud
3095 3476 3224 3512 suos
3247 3460 3315 3513 de
3338 3459 3436 3513 illo
3492 3476 3759 3514 sermone
3787 3476 3913 3513 usus

2221 3551 2307 3598 est
2336 3562 2348 3599 :
2382 3567 2408 3595 ι(
2442 3547 2575 3599 Ecce
2605 3547 2924 3613 hominem,
2950 3548 3040 3601 cui
3074 3554 3228 3602 totus
3256 3550 3455 3604 Oriens
3487 3549 3763 3603 'similem
3809 3565 3915 3602 non

2222 3634 2396 3689 habet
2427 3651 2439 3688 :
2475 3652 2646 3706 quem
2679 3635 2904 3701 vidisse,
2939 3638 3245 3706 praemium
3294 3643 3410 3703 est;
3446 3655 3574 3691 cum
3606 3654 3723 3707 quo
3758 3638 3911 3692 habi-

2219 3728 2364 3787 tare,
2415 3724 2709 3777 securitas.
2748 3725 3081 3779 Fortissimo
3135 3742 3299 3780 muro
3357 3728 3667 3780 Ticinensis
3726 3728 3916 3781 civitas

2220 3810 2497 3865 incolumi
2526 3812 2634 3866 isto
2664 3813 2925 3880 vallatur,
2953 3831 3097 3885 quos
3134 3815 3580 3885 impugnantum
3638 3817 3800 3870 nulla
3841 3815 3917 3868 vis

2216 3900 2399 3970 possit
2443 3901 2703 3965 obruere,
2792 3919 2936 3973 quos
2993 3920 3362 3975 nequaquam
3424 3904 3907 3975 Balearis,fundae

2217 3990 2623 4044 transcendant
2654 4007 2939 4046 excursus.
2960 3992 3014 4045 Si
3048 4009 3158 4062 qua
3186 3994 3487 4047 necessitas
3522 3995 3673 4047 inter
3735 3995 3908 4048 undas

2216 4080 2595 4133 certaminum
2627 4081 2944 4148 accesserit,
2983 4086 3159 4135 tutum
3219 4089 3303 4136 est
3349 4083 3501 4154 apud
3554 4084 3732 4137 istum
3794 4100 3911 4136 ma-

2216 4171 2363 4221 trem
2408 4167 2655 4222 familias
2713 4169 3026 4239 deponere,
3077 4174 3135 4224 et
3185 4170 3518 4241 expeditum
3579 4170 3913 4226 excursibus

413 4255 672 4322 tentiam,
721 4254 930 4326 quibus
1007 4254 1377 4325 supercilium
1463 4256 1671 4310 ﬁducia
1742 4255 2109 4327 benignitatis
2146 4241 2191 4295 Ῑ)
2221 4256 2472 4311 militare
2503 4257 2809 4311 bellorum.
2847 4278 2874 4306 ››

412 4342 685 4397 attulerit.

482 4486 500 4522 ¹
531 4484 801 4565 Adscilus
821 4487 1138 4565 inaequum
1181 4483 1487 4565 Odopacer]
1542 4486 1809 4565 Regnum
1859 4486 1961 4565 ait,
1996 4503 2112 4542 non

410 4555 722 4628 imperium
756 4572 768 4610 :
798 4558 933 4625 quia
972 4556 1224 4610 Odoacer
1263 4558 1439 4628 ejecto
1466 4555 1527 4610 in
1590 4556 1859 4611 exsilium
1919 4562 2112 4628 Augu-

411 4628 583 4699 stulo,
616 4626 919 4696 deletoque
944 4628 1334 4699 Romanorum
1368 4627 1633 4697 imperio,
1680 4628 1830 4699 regis
1887 4626 2112 4683 tantum

414 4696 537 4749 sine
564 4713 821 4767 purpura
856 4703 911 4750 et
940 4698 1285 4767 insignibus,
1342 4696 1467 4751 non,
1490 4699 1732 4761 Augusti
1754 4696 1975 4753 nomen
2028 4716 2114 4753 as-

411 4768 676 4836 sumpsit,
710 4784 892 4838 eoque
914 4774 1221 4823 contentus
1240 4770 1429 4823 Italiae
1455 4770 1687 4839 praefuit
1707 4786 1886 4824 annos
1933 4771 2113 4825 ferme

416 4839 500 4912 14.
538 4839 706 4892 Vetus
746 4839 1097 4912 Chronicum
1121 4841 1420 4896 consulare
1450 4842 1703 4895 levatum
1725 4857 1920 4911 regem
1978 4859 2112 4912 pro-

411 4908 681 4983 ditxcal.
741 4910 1112 4980 Septembris,
1166 4915 1223 4965 et
1252 4912 1453 4981 quinto
1512 4916 1642 4983 post
1706 4908 1816 4965 diev
1853 4908 2110 4969 Orestem

416 4980 805 5034 interfectum.

484 5053 505 5085 ²
536 5052 747 5107 Schott.
782 5056 837 5105 et
862 5051 1487 5122 Boll.,reparationem.

484 5122 1330 5196 3Quinquenniivacationem]
1402 5124 1693 5196 Bonorum
1748 5126 2109 5196 principium

412 5208 537 5248 mos
563 5200 667 5257 est,
692 5193 908 5247 attritis
928 5193 1078 5246 bello
1113 5195 1194 5247 vel
1216 5195 1326 5247 alia
1356 5195 1674 5250 calamitate
1706 5193 2026 5251 civitatibus
2050 5214 2112 5251 ac

413 5264 758 5338 provinciis,
779 5280 1021 5338 onerum
1052 5264 1335 5338 Iiscalium
1352 5267 1647 5338 vacatione
1687 5272 1786 5321 aut
1806 5269 2111 5338 indulgen-

416 5334 497 5389 tia
523 5336 848 5389 subvenire.
879 5334 969 5388 Sic
1017 5335 1154 5389 olim
1222 5337 1631 5391 Constantinus
1651 5338 1849 5393 z’Edua:
1898 5334 2109 5393 civitati

415 5407 667 5477 graviter
693 5406 933 5477 afflictae
958 5406 1342 5477 quinquennii
1373 5407 1593 5476 reliqua
1619 5410 1858 5464 remisit.
1896 5411 2111 5465 Eume-

416 5476 545 5550 nius
576 5477 769 5531 rhetor
798 5476 1550 5550 :Qainqueannorumnobis
1563 5478 1793 5550 reliqua
1813 5480 2107 5537 remisisti.

416 5546 733 5603 Olustrum
755 5546 1011 5604 omnibui
1063 5548 1266 5605 lustris
1311 5547 1570 5613 felicius!
1619 5546 1700 5606 Ε(
1724 5551 2110 5609 Theodericus

2290 4345 2510 4400 Interea
2548 4346 2872 4417 perduelles
2912 4346 3133 4401 animos
3158 4348 3398 4403 dedititii
3453 4348 3741 4404 exercitus
3795 4365 3917 4403 mu-

2224 4489 2531 4563 provinciaa
2560 4490 2791 4563 Alpium
2815 4491 3157 4557 Cottiarum,
3183 4493 3316 4563 quia
3339 4493 3619 4547 exercitus
3636 4508 3745 4563 per
3766 4493 3924 4547 illam

2222 4560 2546 4623 transierat,
2567 4561 2748 4615 tertiae
2769 4562 3099 4617 indictionis
3118 4560 3331 4618 tributa
3351 4560 3653 4618 relaxavit:
3666 4564 3923 4619 Cassiod.

2223 4631 2321 4685 lib.
2357 4648 2429 4693 1v,
2462 4632 2630 4699 epist.
2668 4635 2755 4685 36.

2296 4706 2315 4737 ι
2348 4701 2571 4775 Pelagii
2592 4704 2689 4773 qui
2706 4702 2972 4773 praetorio
2983 4705 3306 4775 praefectus]
3331 4706 3737 4760 Praefectorum
3772 4706 3925 4759 enim

2223 4773 2481 4851 praetorii
2512 4781 2632 4827 erat
2660 4775 2873 4829 tributa
2902 4773 3162 4851 exigere,
3204 4773 3323 4837 τοῦς
3364 4777 3677 4851 amaraon
3740 4779 3925 4851 φόρους

2375 4844 2797 4921 ὑπηρξῖουμέναὲν
2877 4840 3054 4907 aurai;
3123 4847 3446 4921 simpdrrsiv
3522 4840 3608 4901 ut-
3664 4840 3932 4919 loquitur

2220 4914 2602 4989 :loaimus'lib.
2631 4914 2702 4969 iv.
2741 4918 3020 4973 Caeterum
3056 4914 3285 4988 Pelagio
3320 4920 3452 4973 huic
3500 4924 3664 4972 aetate
3706 4914 3929 4989 suppar

2219 4986 2485 5061 P_elagius
2506 4988 2649 5040 alter
2679 4988 2975 5056 patricius,
3002 4989 3087 5043 vir
3113 4986 3355 5043 eximius
3387 4996 3441 5044 et
3463 4990 3683 5061 poetica
3753 4986 3927 5045 laude

2220 5057 2427 5131 clarus,
2456 5074 2627 5127 quem
2660 5061 2809 5113 Zeno
2840 5063 3130 5131 Augustus
3160 5078 3311 5115 anno
3334 5063 3435 5115 490
3463 5057 3735 5115 'necavit.
3791 5064 3933 5116 Mar-

2221 5127 2493 5201 cellinus_
2520 5145 2751 5201 comes,
2793 5127 3049 5201 Longino
3090 5148 3128 5187 II
3186 5138 3243 5186 et
3296 5134 3503 5187 Fausto
3558 5149 3727 5195 coss.,
3769 5135 3931 5187 Zeno

2220 5201 2359 5274 imp.
2394 5198 2637 5274 Pelagii
2651 5200 2853 5274 gulam
2886 5198 2947 5256 in
2968 5202 3163 5257 insula
3178 5218 3305 5274 qua:
3325 5205 3669 5258 Panormum
3687 5203 3932 5271 dicitur,

2218 5269 2421 5336 frangi
2463 5269 2744 5341 precipit.

2292 5343 2311 5375 ⁸
2345 5340 2730 5412 νΤὴεοᾴενὶειιε
2756 5342 3189 5412 τεπ]Αηηο489
3244 5344 3631 5411 Cassiodorus,
3682 5343 3935 5401 Probino

2218 5412 2274 5464 et
2304 5411 2550 5487 Egsebig
2570 5428 2713 5487 coss.
2738 5411 3110 5487 felicissimus
3148 5419 3322 5487 atque
3344 5414 3715 5484 fortissimus
3766 5422 3836 5473 D.
3863 5420 3929 5473 Ν.

2220 5498 2322 5536 rex
2349 5482 2721 5538 Theodericus
2772 5483 3011 5557 intravit
3036 5482 3303 5541 Italia'm.
