4008 6170
85 346 181 397 225

1108 343 1264 399 VITA
1303 344 1361 399 Β.
1404 342 1762 400 ΕΡῘΡΗΑΝΙΙ
1800 342 2122 400 EPISCOPI
2162 342 2576 401 TICINENSIS.

3488 348 3594 403 226

84 481 362 535 tationum
391 478 657 534 incendit
680 479 947 535 ambitio:
978 495 1225 551 quorum
1248 478 1457 551 caput1
1489 478 1631 534 Tufa
1659 477 1785 546 fuit,
1825 481 1873 534 Α
1903 478 2221 545 enarranda
2266 479 2466 547 lingua
2523 495 2641 533 non
2686 478 2947 535 sufﬁciet.
3005 483 3172 536 Juvat
3227 483 3383 537 enim
3440 488 3594 539 certa

84 572 251 623 homo
287 570 347 622 in
384 559 771 640 perfugarum
801 569 1037 623 infamio
1063 568 1267 623 notitia
1299 569 1471 623 veteri
1499 570 1781 639 pollutus:

82 657 173 728 qui
214 658 487 727 concepit
538 666 754 724 mente,
805 661 865 711 ut
893 674 950 711 se
982 657 1295 728 desperatis
1351 660 1612 728 partibus
1656 675 1786 712 cum

84 746 303 816 ingenti
334 747 716 800 multitudine
742 747 1008 801 redderet
1035 764 1047 800 ε
1071 746 1225 817 quod
1247 747 1383 800 dum
1409 746 1788 801 Theodericus

86 851 170 888 rex
229 834 553 905 principali
616 835 1003 889 sollicitudine
1073 835 1453 905 cognovisset,
1512 837 1788 890 continuo

87 940 315 977 omnem
359 924 528 977 illam
560 941 737 995 quam
770 929 922 978 totus
953 924 1155 979 Oriens
1191 924 1279 978 vix
1315 924 1610 993 sustinuit,
1646 942 1790 979 con-

89 1014 252 1066 traxit
285 1029 557 1078 manum,
616 1018 790 1084 atque
834 1014 903 1067 ad
951 1013 1263 1067 Ticinensis
1313 1013 1553 1068 civitatis
1602 1030 1791 1084 angu-

90 1103 560 1170 stiamjcontulit.
615 1103 847 1156 Videres
903 1102 1101 1156 urbem
1154 1102 1503 1157 familiarum
1555 1104 1789 1157 coetibus

91 1196 397 1245 scatentem
422 1207 436 1244 :
464 1193 774 1246 domorum
797 1191 1134 1244 immanium
1157 1192 1408 1246 culmina
1432 1192 1490 1245 in
1512 1192 1791 1262 augustis-

90 1281 241 1333 simis
308 1287 578 1334 resecuta
642 1280 921 1350 tuguriis:
984 1297 1245 1335 cerneres
1309 1298 1339 1334 a
1401 1280 1792 1335 fundamentis

94 1369 329 1422 rediﬁcia
380 1369 674 1422 immensa
705 1369 954 1439 migrare
982 1386 994 1435 ;
1027 1385 1131 1424 nec
1172 1370 1239 1423 ad
1272 1369 1657 1440 recipiendam
1691 1370 1791 1423 ha-

93 1458 398 1512 bitantium
471 1458 820 1512 densitatem
893 1458 1078 1512 solum
1154 1458 1341 1529 ipsum
1406 1475 1571 1530 posse
1632 1458 1790 1513 suffi-

100 1564 227 1601 cere.

156 1636 311 1688 Inter
340 1634 473 1689 haec
505 1634 603 1688 ille
634 1634 696 1687 in
722 1633 885 1688 bonis
928 1634 1014 1688 vir
1033 1635 1560 1704 exercitatissimus,
1591 1635 1649 1690 in
1677 1652 1792 1707 quo

104 1726 422 1778 animorum
468 1723 791 1794 amplitudo
852 1725 1070 1778 cunctis
1126 1725 1415 1795 pandebat
1478 1741 1787 1791 accessum,

96 1819 481 1883 opportunum
525 1813 636 1867 sibi
679 1812 990 1883 conjiciens
1017 1818 1244 1883 tempus
1279 1813 1490 1881 oil‘erri,
1544 1831 1655 1885 quo
1694 1815 1790 1869 be-

95 1902 381 1971 uiguitatis
417 1919 535 1956 suae
588 1902 762 1972 pleno
810 1906 1004 1956 austro
1032 1903 1157 1955 vela
1191 1903 1429 1969 laxaret,
1473 1908 1527 1956 et
1558 1908 1791 1974 portum

92 1989 274 2057 glorise
317 2006 430 2059 per
473 1989 768 2043 variarum
833 1988 1099 2044 notitiam
1146 1991 1407 2060 gentium
1457 1994 1511 2044 et
1557 1996 1789 2045 actuum

94 2078 483 2132 celebritatem
534 2078 784 2132 secunda
827 2079 1190 2149 navigatione
1242 2079 1626 2150 pertingeret:
1670 2080 1788 2150 pri-

95 2184 241 2220 more
271 2167 335 2220 in
388 2168 547 2233 loco,
598 2167 751 2237 quod
783 2168 957 2221 nullae
990 2167 1203 2222 chartae
1231 2173 1509 2236 veterum,
1544 2168 1689 2222 nulli
1719 2168 1785 2222 li-

96 2257 318 2310 brorum
352 2256 428 2309 de
460 2272 807 2326 quocunque
835 2257 1152 2327 loquuntur
1183 2257 1437 2323 annales,
1470 2258 1625 2327 quod
1657 2274 1788 2311 cum

98 2353 316 2416 stupore
355 2347 574 2398 relator
604 2345 871 2411 afﬁrmet,
906 2345 992 2398 vel
1041 2361 1170 2399 cum
1203 2344 1580 2399 admiratione
1614 2347 1789 2400 lector

96 2434 366 2500 admittat,
394 2438 461 2486 ut
483 2449 615 2485 cum
642 2432 1007 2501 sagacissime
1025 2439 1195 2503 gente
1223 2433 1506 2499 habitans,
1540 2437 1787 2502 etquam

98 2524 239 2576 nulla
270 2522 670 2592 suspicionum
705 2538 844 2576 aura
871 2524 1255 2593 praetervolat,
1287 2523 1346 2575 in
1374 2522 1545 2577 rebus
1575 2522 1783 2584 dubiis,

101 2612 313 2682 quando
348 2617 546 2665 metus
592 2611 835 2681 periculi
867 2612 1040 2665 etiam
1082 2611 1242 2665 mitia
1271 2617 1466 2666 contra
1500 2611 1789 2683 quoslibet

100 2702 256 2755 corda
285 2700 582 2768 sollicitat,
635 2700 712 2754 sic
770 2700 882 2753 illis
920 2701 1287 2755 fidelissimus
1319 2702 1555 2770 exstitit,
1589 2706 1651 2755 ut
1680 2700 1787 2753 ini-

100 2791 258 2844 micos
288 2806 498 2845 eorum
530 2794 652 2843 toto
682 2789 971 2843 devinctos
1004 2794 1224 2844 teneret
1252 2790 1479 2860 affectu,
1514 2796 1569 2844 et
1594 2791 1614 2823 ²
1637 2790 1788 2843 inter

102 2880 429 2934 dissidentes
460 2878 753 2950 principes
799 2879 953 2933 solus
984 2884 1132 2933 esset
1171 2880 1269 2951 qui
1317 2896 1454 2950 pace
1499 2880 1787 2933 frueretur

100 2967 406 3021 amborum.
482 2966 826 3037 Applicabat
856 2968 1010 3021 enim
1044 2968 1110 3022 ad
1153 2968 1559 3039 compendium
1589 2968 1782 3035 unius,

1897 584 2140 639 quaeque
2185 569 2509 639 decerpere,
2565 568 2659 623 ubi
2697 575 2830 623 sunt
2870 571 3062 625 omnia
3092 571 3431 626 admiranda
3463 589 3593 643 quas

1894 657 2127 711 referas.
2179 657 2293 712 Sub
2342 658 2442 711 tali
2489 674 2652 712 cruce
2710 658 3026 713 triennium
3073 660 3254 727 duxit,
3308 661 3411 715 soli
3470 663 3586 716 Deo

1898 746 2162 800 dolorum
2211 763 2447 800 suorum
2509 751 2721 800 secreta
2769 748 3160 816 manifestans,
3198 766 3228 802 a
3269 765 3380 816 quo
3413 750 3591 804 mini-

1898 835 2066 889 strari
2098 836 2205 890 sibi
2236 835 2652 889 clandestinum
2685 836 2953 905 poscebat
2983 838 3283 892 auxilium.

1970 926 2106 979 Post
2162 924 2297 978 hinc
2355 924 2624 994 digressis
2672 924 2892 990 Gothis,
2948 926 2969 959 3
3028 926 3222 979 civitas
3274 926 3588 981 Ticinensis

1900 1015 2078 1085 Rugis
2122 1018 2205 1067 est
2235 1014 2460 1079 tradita,
2495 1013 2825 1067 hominibus
2860 1014 3018 1067 omni
3052 1015 3277 1069 feritate
3322 1015 3590 1069 immani-

1898 1103 2021 1170 bus,
2075 1119 2219 1173 qnos
2269 1108 2425 1155 atrox
2460 1109 2515 1155 et
2567 1102 2771 1156 acerba
2802 1104 2883 1156 vis
2922 1103 3249 1158 animorum
3282 1105 3352 1158 ad
3402 1104 3589 1175 quoti-

1900 1192 2070 1246 diana
2088 1192 2298 1244 scelera
2320 1190 2653 1245 sollicitabat
2684 1208 2696 1245 :
2734 1192 2883 1245 diem
2917 1191 3195 1261 putabant
3224 1193 3456 1263 perisse,
3491 1194 3593 1263 qui

1900 1281 2029 1334 illos
2055 1281 2175 1335 siue
2208 1280 2459 1334 facinore
2492 1296 2624 1334 casu
2659 1279 2853 1351 aliquo
2886 1280 3299 1334 interveniente
3332 1281 3586 1351 fugisset.

1900 1370 2052 1435 Quos
2095 1374 2286 1422 tamen
2327 1369 2687 1423 beatissimus
2718 1370 2951 1423 antistes
2993 1385 3319 1423 sermonum
3356 1385 3592 1424 suorum

1902 1460 2070 1512 melle
2103 1458 2400 1525 delinibat,
2434 1464 2495 1512 ut
2525 1458 2697 1512 effera
2726 1459 2901 1512 corda
2931 1458 3257 1512 auctoritati
3290 1458 3589 1512 submitte-

1900 1552 2028 1601 rent
2073 1546 2400 1614 sacerdotis,
2436 1552 2491 1601 et
2522 1564 2711 1601 amare
2744 1548 3030 1602 discerent
3081 1564 3327 1618 quorum
3358 1552 3595 1618 pectora

1902 1635 2048 1690 odiis
2088 1652 2316 1705 semper
2343 1636 2515 1689 fuisse
2541 1635 2799 1690 dedicata
2838 1634 3229 1706 cognovimus.
3268 1637 3477 1691 Mutata
3508 1640 3595 1690 est

1831 1764 1870 1817 Β
1900 1741 2003 1795 per
2032 1725 2302 1779 meritum
2350 1725 2503 1778 illius
2534 1724 2877 1795 perversitas
2908 1724 3205 1790 naturalis,
3242 1723 3378 1777 dum
3423 1723 3594 1778 inho-

1900 1811 2056 1865 noris
2090 1813 2380 1867 mentibus
2410 1814 2573 1868 radix
2596 1813 2918 1884 peregrina:
2948 1813 3099 1884 apud
3128 1814 3254 1867 illos
3276 1812 3594 1867 affectionis

1900 1899 2191 1955 inseritur.
2231 1902 2367 1966 Quis
2417 1904 2538 1958 sine
2570 1904 2777 1974 grandi
2825 1908 3057 1974 stupore
3102 1903 3297 1957 credat
3327 1902 3592 1957 dilexisse

1900 1993 1957 2043 et
1984 1990 2243 2044 timuisse
2292 1993 2485 2061 Rugos
2526 1992 2879 2063 episcopum,
2918 1997 2973 2047 et
3013 1991 3359 2046 catholicum
3391 1996 3449 2045 et
3480 1992 3592 2046 Ro-

1901 2094 2159 2147 manum,
2212 2079 2311 2151 qui
2347 2097 2580 2151 parcere
2628 2081 2859 2151 regibus
2905 2080 2992 2133 vix
3044 2079 3406 2151 dignantur?
3450 2080 3593 2134 Cum

1899 2166 2107 2238 quibus
2138 2172 2330 2222 tamen
2354 2169 2641 2240 integrum
2667 2186 2813 2240 pene
2844 2168 3145 2223 biennium
3173 2168 3359 2238 exegit
3381 2169 3589 2235 taliter,

1894 2260 1960 2309 ut
2003 2256 2071 2309 ab
2113 2273 2178 2310 eo
2227 2257 2429 2311 ﬂentes
2484 2258 2864 2327 discederent,
2911 2258 3082 2311 etiam
3115 2258 3182 2312 ad
3224 2262 3489 2328 parentes
3536 2261 3592 2311 et

1897 2344 2143 2398 familias
2173 2346 2509 2416 regressuri.

1968 2435 2275 2505 Postquam
2307 2452 2440 2490 vero
2471 2436 2769 2506 perfuncta
2800 2453 2888 2491 res
2920 2442 3003 2491 est
3032 2436 3237 2490 misero
3265 2435 3593 2506 exitialique

1896 2521 2071 2590 bello,
2128 2528 2185 2576 et
2216 2524 2347 2578 vicit
2385 2524 2431 2578 is
2474 2525 2636 2595 cujus
2687 2530 2818 2595 post
2869 2510 3229 2596 triumphum
3287 2525 3592 2595 spoliatum

1896 2611 2105 2681 vagina
2142 2613 2399 2682 gladium
2437 2615 2628 2668 nullus
2674 2615 2910 2685 aspicit;
2951 2614 3045 2686 qui
3081 2614 3589 2686 praesumptionem

1898 2698 2176 2753 exercitus
2224 2700 2311 2753 sui
2345 2717 2475 2754 cum
2526 2701 2723 2772 praelio
2757 2702 3121 2755 terminavit:
3170 2701 3321 2754 illico
3353 2717 3592 2771 aggres-

1897 2803 1991 2841 sus
2022 2792 2106 2841 est
2155 2790 2517 2843 venerandus
2560 2790 2811 2861 pontifex
2871 2790 2940 2844 de
2992 2790 3146 2843 urbis
3195 2806 3312 2843 suae
3360 2806 3591 2859 repara-

1896 2875 2054 2929 tione
2111 2880 2387 2931 tractare:
2420 2894 2589 2948 quam
2632 2883 2695 2931 ut
2740 2878 2991 2948 primum
3043 2878 3230 2946 dignis
3278 2878 3592 2947 compleret

1893 2962 2334 3035 habitatoribus,
2382 2966 2653 3036 spiritalis
2684 2967 2976 3036 prospexit
3022 2964 3429 3019 deliberatione
3461 2981 3593 3018 con-

101 3055 360 3126 quidquid
397 3055 785 3125 praestabatur
824 3056 894 3117 ab
925 3058 1104 3111 altero
1136 3074 1147 3111 :
1184 3061 1241 3111 et
1283 3057 1604 3111 reverentia
1648 3074 1786 3128 ρετ-
1825 3066 1866 3120 c:
1896 3054 2029 3107 silii.
2065 3056 2131 3108 Et
2174 3055 2305 3108 licet
2353 3071 2502 3115 eam,
2536 3061 2770 3124 precatu
2800 3055 2954 3108 illius
2986 3053 3248 3121 faciente,
3291 3054 3485 3107 nullus
3532 3054 3592 3107 in

96 3159 229 3196 sense
259 3160 379 3197 suae
414 3148 588 3214 atque
647 3144 947 3198 dulcedine
988 3146 1067 3198 sic
1096 3145 1394 3216 largientis
1428 3146 1786 3216 temperabat

99 3232 358 3299 animum,
399 3235 461 3284 ut
511 3232 838 3285 nullatenus
862 3233 1286 3301 accenderetur,
1322 3234 1367 3287 si
1409 3234 1625 3305 aliquid
1654 3251 1687 3288 a
1728 3251 1784 3288 se

105 3322 344 3374 beneﬁcii
390 3337 498 3392 per
550 3322 882 3392 episcopum
930 3327 984 3376 et
1018 3323 1286 3377 inimicus
1340 3324 1637 3393 acciperet.
1688 3324 1787 3377 Ille

107 3410 211 3471 fuit,
244 3410 396 3463 circa
438 3427 615 3481 quem
644 3412 1009 3465 concordiam
1042 3417 1097 3466 et
1128 3418 1449 3483 pugnantes
1472 3418 1782 3481 servarent,

104 3504 150 3551 et
185 3501 339 3569 cujus
370 3500 633 3569 quietem
666 3500 814 3553 bella
846 3517 961 3555 non
993 3502 1289 3569 laederent,
1323 3504 1448 3556 Jam
1477 3502 1524 3555 si
1546 3502 1611 3555 ad
1647 3501 1789 3556 illud

108 3589 402 3655 veniamus,
448 3588 607 3658 quod
642 3589 978 3660 quotidiana
1004 3594 1059 3644 et
1090 3591 1244 3659 ipsos
1274 3591 1547 3660 pascebat
1577 3592 1788 3644 huma-

109 3680 262 3732 nitate
310 3682 599 3748 raptores,
658 3683 715 3732 et
764 3678 879 3731 illis
922 3679 1071 3733 intra
1119 3679 1404 3733 civitatem
1454 3684 1789 3750 sumptuum

112 3767 406 3820 necessaria
451 3767 833 3835 ministrabat,
865 3768 963 3838 qui
1004 3768 1142 3823 foris
1165 3768 1384 3839 prmdia
1418 3767 1574 3822 illius
1605 3769 1788 3822 conti-

112 3872 204 3909 nua
242 3857 509 3909 vastitate
545 3856 888 3911 deleverant.
946 3857 1090 3911 Nam
1138 3861 1223 3911 tot
1264 3856 1445 3911 millia
1491 3857 1789 3911 hominum

114 3960 200 3997 uno
254 3945 585 4015 eodemque
641 3950 920 4017 tempore,
992 3962 1123 4000 cum
1181 3946 1403 4001 diversa
1462 3952 1785 4017 poscerent,

114 4035 377 4088 reﬁciebat
438 4034 755 4103 blanditiis,
807 4035 1151 4090 humiliabat
1199 4036 1473 4107 alloquio,
1523 4036 1791 4106 pascebat

116 4124 445 4177 muneribus.
486 4123 543 4177 Si
573 4123 735 4193 cujus
788 4124 957 4178 liberi
988 4141 1267 4196 uxorque,
1310 4124 1559 4178 inimicis
1590 4141 1622 4178 a
1651 4140 1789 4195 qua-

112 4212 220 4267 libet
268 4222 436 4283 parte
480 4212 725 4267 fuissent
776 4213 1273 4285 intercipientibus
1320 4213 1605 4284 occupati,
1635 4213 1789 4267 illico

114 4302 526 4373 supplicationis
562 4301 723 4369 illius
770 4302 955 4372 pretio
1005 4303 1395 4357 reddebantur
1447 4305 1584 4369 suis,
1645 4318 1788 4373 quos

114 4391 212 4443 auri
237 4391 531 4444 redimere
566 4406 682 4443 non
702 4391 978 4460 potuisset
1007 4390 1227 4445 effusio.
1261 4390 1404 4461 Regi
1436 4391 1785 4461 aptissimus,

114 4483 155 4530 et
191 4496 300 4550 prae
356 4480 574 4534 sanctis
634 4478 905 4534 omnibus
977 4479 1323 4533 venerabilis
1374 4480 1673 4547 existebat,
1732 4484 1796 4534 ut

116 4583 466 4640 quoscunque
516 4570 907 4623 Romanorum
944 4568 1198 4623 bellandi
1231 4568 1460 4623 licentia
1491 4569 1793 4623 hominum

116 4657 210 4724 ejus
236 4660 462 4712 fecisset
495 4673 618 4711 esse
647 4658 921 4728 captivos,
963 4673 1099 4712 mox
1126 4658 1211 4712 illi
1242 4660 1584 4725 restitueret,
1620 4674 1795 4729 quem

116 4746 202 4799 sola
252 4746 625 4817 intelligebat
680 4747 927 4801 aliorum
987 4747 1249 4801 libertate
1310 4748 1499 4801 ditari.
1572 4748 1793 4803 Deinde

118 4847 426 4889 enumerare
450 4852 741 4906 nequeam
760 4841 974 4907 quanta
992 4837 1089 4891 ille
1104 4837 1540 4908 subjugatorum
1562 4838 1796 4908 agmina

116 4922 212 4975 solo
242 4924 486 4995 proprio
520 4924 812 4990 reddidit;
847 4932 1082 4996 quanta,
1121 4942 1192 4980 ne
1217 4931 1580 4994 vexarentur,
1610 4926 1795 4997 impo-

114 5010 219 5064 suit.
248 5014 373 5067 Jam
405 5014 453 5066 si
487 5013 589 5067 illa
631 5017 907 5081 retexam,
952 5032 1090 5086 quas
1120 5014 1489 5069 inimicorum
1523 5016 1795 5070 sustinuit

108 5098 437 5171 insolentias,
491 5102 705 5173 quibus
771 5103 1049 5159 laboravit
1100 5105 1576 5169 immissionibus,
1635 5104 1793 5176 quali

107 5193 361 5256 procellas
410 5192 804 5263 pessimorum
859 5194 1067 5249 virtute
1115 5194 1483 5265 contempsit,
1546 5194 1615 5249 ad
1673 5194 1796 5249 haec

164 5352 361 5425 Ἀτιλία]
406 5353 658 5425 Liguriae
707 5360 879 5424 atque
909 5354 1151 5409 Emilize
1182 5353 1519 5421 consularis,
1551 5359 1617 5408 ut
1646 5370 1793 5407 non-

110 5423 230 5476 nulli
282 5423 539 5479 tradunt.
600 5423 806 5478 Incidit
854 5426 976 5495 ejus
1031 5426 1273 5480 defectio
1323 5425 1382 5479 in
1414 5440 1631 5479 annum
1662 5426 1788 5480 490.

135 5497 182 5570 .²
216 5496 381 5549 Inter
407 5495 755 5550 dissidentes
772 5495 1085 5568 principes]
1110 5498 1426 5553 Odoacrem
1457 5501 1513 5550 et
1534 5496 1791 5551 Theode-

109 5578 430 5721 Πεξωέίιςὶίᾳρ
847 5639 1021 5721 Rege}
1046 5642 1131 5695 est
1170 5636 1414 5714 tradita]
1457 5640 1620 5699 Anno
1661 5638 1788 5696 493.

169 5705 190 5740 ⁸
224 5708 434 5766 Schott.
470 5714 527 5767 et
550 5710 833 5781 Bolland.,
862 5705 1125 5783 diligens.

1900 3144 2222 3198 vastitatem
2292 3145 2629 3214 temporalis
2684 3145 2951 3215 procellae
3010 3144 3178 3197 turbo
3239 3143 3588 3214 dispulerat;

1898 3249 2103 3303 parum
2142 3238 2335 3286 tamen
2382 3233 2646 3287 credebat
2688 3249 2850 3304 posse
2895 3232 3176 3299 sufficere,
3227 3232 3273 3285 si
3314 3237 3443 3303 post
3476 3233 3591 3285 rui-

1900 3337 2033 3375 nam
2064 3322 2323 3375 omnium
2364 3322 2610 3392 Liguriae
2640 3322 2937 3376 civitatum
2961 3322 3189 3375 Ticinus
3220 3322 3338 3375 suis
3368 3325 3591 3375 tantum

1898 3416 2169 3465 contenta
2238 3410 2527 3482 indigenis
2612 3412 2939 3465 exsultaret.
3014 3411 3199 3481 Coepit
3273 3410 3593 3463 vicinarum

1899 3500 2130 3554 urbium
2161 3500 2437 3555 finitimos
2464 3517 2721 3572 quosque
2745 3501 2812 3555 de
2843 3500 3060 3554 civibus
3082 3500 3344 3554 flosculos
3378 3500 3590 3569 legere,

1898 3594 2070 3660 atque
2120 3589 2190 3643 ad
2242 3606 2372 3644 suos
2422 3591 2620 3644 h01tos
2651 3590 2838 3643 cultor
2884 3587 2905 3623 ⁸⁸
2952 3589 3259 3660 diligenter
3310 3588 3596 3659 plantaria

1892 3677 2012 3750 jam
2054 3678 2293 3748 probata
2368 3682 2618 3749 portare,
2676 3679 2744 3733 de
2794 3678 3004 3747 quibus
3047 3677 3197 3749 frugi
3248 3682 3304 3732 et
3354 3677 3596 3732 idoneus

1900 3767 2195 3838 aptissima
2225 3773 2451 3838 caperet
2479 3784 2651 3837 poma
2678 3783 2991 3838 possessor.

1970 3857 2193 3910 Interea
2224 3856 2418 3909 subita
2444 3856 2702 3909 animum
2741 3853 3204 3926 praestantissimi
3233 3852 3385 3924 regis
3414 3853 3595 3907 Theo-

1899 3944 2075 3999 derici
2105 3945 2438 3999 deliberatio
2469 3944 2781 4016 occupavit,
2820 3948 2881 3998 ut
2908 3943 3020 3997 illis
3060 3948 3287 3998 tantum
3321 3943 3595 3997 Romanae

1900 4033 2179 4087 libertatis
2218 4033 2315 4104 jus
2363 4033 2664 4101 tribueret,
2713 4049 2856 4104 quos
2912 4032 3170 4101 partibus
3217 4031 3398 4102 ipsius
3452 4029 3594 4085 ﬁdes

1900 4121 2220 4176 examinata
2244 4121 2559 4192 junxisset:
2608 4121 2733 4175 illos
2765 4137 2897 4175 vero
2929 4136 3071 4191 quos
3120 4119 3313 4189 aliqua
3356 4118 3597 4172 necessi-

1900 4216 1985 4265 tas
2018 4212 2305 4280 diviserat,
2334 4211 2403 4265 ab
2432 4209 2589 4264 omni
2626 4211 2797 4281 jussit
2825 4214 2881 4263 et
2910 4208 3155 4263 testandi
3187 4212 3244 4261 et
3269 4207 3593 4261 ordinatio-

1902 4318 2041 4355 uum
2081 4317 2313 4355 suarum
2346 4316 2406 4353 ac
2436 4300 2797 4353 voluntatum
2830 4298 3060 4352 licentia
3090 4296 3437 4351 submoveri.
3474 4296 3595 4359 Qua

1903 4390 2188 4445 sententia
2215 4391 2599 4462 promulgata,
2636 4392 2691 4442 et
2719 4387 2942 4459 legibus
2990 4385 3135 4440 circa
3166 4385 3446 4456 plurimos
3493 4384 3596 4438 tali

1903 4480 2029 4551 lege
2058 4479 2303 4547 calcatis,
2330 4480 2594 4533 universa
2622 4478 2782 4535 Italia
2810 4474 3164 4531 lamentabili
3190 4473 3418 4545 justitia
3458 4473 3593 4527 sub-

1899 4570 2140 4640 jacebat.
2174 4567 2196 4604 ⁸
2250 4572 2369 4624 ltur
2414 4585 2614 4623 rursus
2658 4568 2730 4622 ad
2783 4566 2944 4620 illum
2997 4564 3097 4636 qui
3152 4579 3329 4617 manu
3371 4564 3596 4618 medica

1902 4659 2145 4730 publicis
2202 4664 2572 4714 consueverat
2628 4654 2928 4711 subvenire
2982 4653 3368 4708 vulneribus:
3433 4654 3598 4724 cujus

1904 4749 2061 4803 fonte
2102 4764 2493 4803 aerumnarum
2526 4762 2677 4818 saepe
2711 4745 2898 4800 fuerat
2924 4744 3095 4798 ardor
3128 4743 3453 4798 exstinctus.
3488 4742 3598 4807 Qui

1907 4836 2045 4891 dum
2088 4854 2145 4890 se
2174 4837 2385 4891 diceret
2423 4836 2611 4890 solum
2644 4835 2713 4889 ad
2746 4837 2962 4888 tantam
2995 4834 3279 4887 sarcinam
3311 4824 3609 4885 sustinen-A

1902 4925 2033 4979 dam
2066 4942 2182 4978 non
2232 4941 2396 4995 posse
2428 4924 2707 4991 sufficere,
2744 4927 2982 4993 rogatur
3006 4922 3222 4993 pariter
3253 4920 3598 4975 venerabilis

1908 5013 2245 5068 Laurentius
2263 5011 2696 5067 Mediolanensis
2716 5012 3021 5082 episcopus
3052 5027 3064 5064 :
3092 5009 3189 5081 qui
3213 5009 3459 5080 profecti
3484 5024 3599 5061 una

1905 5103 2235 5156 Ravennam
2267 5102 2441 5155 etiam
2468 5102 2688 5172 pariter
2716 5103 3127 5172 pervenerunt,
3159 5096 3405 5168 suscepti
3428 5112 3597 5151 reve-

1903 5196 2113 5247 renter.
2176 5194 2481 5263 Postquam
2544 5190 2657 5245 illis
2688 5190 2900 5262 agendi
2955 5190 3144 5245 aditus
3197 5187 3453 5242 reclusus
3486 5189 3591 5255 est,

1974 5348 1997 5383 ⁸
2035 5351 2166 5423 Itur
2192 5364 2393 5423 rursus
2419 5348 2499 5405 ad
2518 5346 2710 5423 illum]
2745 5346 2935 5423 Tertia
2964 5341 3423 5423 hmcEpiphanii
3443 5341 3598 5416 lega-

1903 5421 2005 5489 tio,
2038 5422 2097 5474 in
2128 5437 2242 5491 qua
2280 5422 2558 5490 collegam
2592 5416 2807 5491 habuit
2836 5416 3206 5491 Laurentium
3257 5416 3598 5491 episcopum

1904 5485 2405 5565 Mediolauensem,
2430 5485 2509 5545 ad
2536 5490 2966 5565 Theodericum,
2996 5487 3079 5565 de
3111 5485 3450 5565 abroganda
3468 5486 3601 5565 lege

1903 5578 2077 5634 quam
2122 5563 2391 5617 adversus
2438 5578 2537 5618 eos
2583 5563 2792 5617 tulerat
2834 5562 2934 5630 qui
2961 5560 3234 5612 steterant
3265 5574 3298 5612 a
3330 5559 3593 5629 partibus

1904 5633 2196 5690 Odoacris.
