4060 6174
427 343 531 395 227

1647 330 1734 387 EN
1744 329 1942 387 NOD11
1981 330 2301 388 EPISCOPI
2338 329 2725 387 TICINENSIS
3822 332 3907 385 228

426 472 625 524 beatus
655 467 998 523 Laurentius
1031 464 1421 522 necessarium
1454 464 1615 518 duxit
1644 464 1727 517 illi
1756 464 2123 534 potissimum
2163 466 2207 519 A
2232 479 2555 517 accessum:
2589 468 2644 517 et
2673 463 2827 516 inter
2859 477 2949 515 res
2982 465 3003 498 ‘
3026 461 3168 515 duas
3200 460 3487 539 nascentis
3529 459 3905 531 imperii,pie-

442 560 747 629 perorandi
791 558 1017 629 copiam
1067 557 1210 621 dari,
1259 555 1421 623 cujus
1454 554 1695 625 vestigia
1741 553 2130 625 frequentium

444 650 796 719 legationum
844 646 1162 701 laboriosus
1201 644 1355 697 callis
1406 645 1717 709 attriverat,
1769 649 1823 697 et
1871 660 1972 714 per
2016 649 2130 697 tra-

446 738 642 791 mitem
688 733 1086 806 hujuscemodi
1124 732 1348 786 itineris
1393 732 1764 786 cursitantem
1806 748 1921 786 non
1954 732 2132 786 semel

444 826 736 895 hispidum
768 822 1067 877 castrensis
1093 821 1279 892 pulvis
1302 820 1566 875 effecerat
1591 836 1602 875 :
1630 821 1727 892 qui
1748 822 1846 875 tali
1878 822 2133 891 publicas

443 914 750 981 petitiones
802 916 886 966 est
917 911 1134 964 orditus
1184 910 1437 980 eloquio.
1480 931 1507 958 ‹‹
1553 909 1829 975 Quantus,
1878 910 2130 964 invictis-

444 1004 586 1056 sime
623 1002 912 1071 princeps,
963 1014 1066 1069 per
1116 998 1565 1052 innumerabiles
1609 1015 1900 1053 successus
1956 998 2133 1053 felici-

442 1096 617 1145 tatem
670 1094 828 1143 tnam
876 1086 1033 1141 favOr
1070 1088 1297 1141 divinus
1342 1088 1609 1154 evexerit,
1654 1087 1701 1140 si
1749 1104 1853 1157 per
1873 1087 2133 1142 ordinem

442 1180 717 1250 relegam,
768 1180 785 1215 ί
837 1176 1097 1247 agnoscis
1154 1182 1207 1230 te
1272 1181 1536 1230 votorum
1596 1192 1854 1246 parcum,
1914 1177 2135 1247 majora

444 1284 671 1338 semper
692 1284 721 1321 a
752 1269 867 1321 Deo
887 1272 1083 1318 nostro
1106 1263 1383 1318 beneﬁcia
1407 1265 1689 1335 accepisse
1713 1282 1887 1337 quam
1908 1271 2133 1336 optasse

445 1356 792 1410 memineris.
852 1354 1071 1408 Sufficit
1117 1359 1310 1407 tamen
1358 1354 1465 1407 hoc
1516 1371 1692 1408 unum
1738 1371 1992 1421 narrare,
2034 1357 2134 1410 sed

445 1446 778 1507 maximum,
829 1443 985 1513 quod
1037 1442 1190 1513 apud
1238 1448 1293 1496 te
1334 1443 1656 1513 principem
1710 1443 1790 1497 ibi
1836 1460 2133 1498 servorum

439 1540 671 1589 tuorum
717 1548 912 1585 causas
972 1532 1219 1600 agimus,
1280 1530 1379 1585 ubi
1428 1532 1647 1584 solebat
1680 1530 1946 1585 inimicus
1998 1538 2132 1587 tuus

442 1623 613 1693 hujus
661 1621 790 1674 solii
846 1620 1205 1690 possessione
1256 1620 1524 1690 gaudere.
1572 1622 1755 1675 Habes
1816 1622 2133 1691 plurimum

442 1711 665 1765 Christo
697 1708 1065 1778 Redemptori
1095 1712 1291 1762 nostro
1324 1709 1477 1779 quod
1510 1708 1717 1763 debeas
1744 1725 1756 1762 :
1791 1725 1894 1779 pro
1925 1709 2133 1779 quibus

443 1816 731 1870 rogamus,
787 1798 907 1868 ipse
948 1798 1184 1866 largitus
1230 1802 1329 1851 est.
1369 1797 1696 1851 Cavendum
1729 1797 1892 1851 nobis
1923 1803 2024 1866 est,
2062 1815 2133 1853 ne

450 1888 773 1943 offendatur
834 1892 1030 1941 auctor
1079 1888 1357 1951 muneris,
1408 1886 1453 1939 si
1506 1887 1659 1957 quod
1706 1887 1968 1957 praestitit
2015 1904 2134 1942 non

446 1992 723 2029 amemus.
782 1974 885 2028 Diu
944 1972 1231 2043 suspendo
1272 1973 1541 2027 fiduciam
1580 1989 1807 2027 meam:
1849 1974 2033 2045 placet
2054 1974 2134 2027 ire

445 2080 547 2135 per
584 2063 833 2133 singula,
864 2078 995 2133 qua:
1042 2062 1211 2115 fando
1256 2062 1532 2132 comperi,
1582 2078 1829 2132 quaeque
1874 2062 2136 2133 perspexi

441 2153 738 2207 accessisse
768 2151 871 2205 tibi
918 2150 1239 2205 Divinitatis
1271 2148 1294 2181 ³
1320 2150 1551 2205 auxilia.
1589 2150 1705 2204 Scis
1751 2167 1877 2221 qua:
1928 2155 1981 2205 te
2010 2153 2133 2221 pol-

440 2239 699 2295 licebaris
730 2246 1012 2306 acturum,
1049 2240 1280 2310 quando
1306 2239 1737 2293 confertissimis
1766 2240 2135 2294 inimicorum

441 2330 637 2384 cuneis
679 2329 993 2399 urgebaris.
1046 2333 1101 2382 et
1154 2329 1301 2381 circa
1346 2344 1542 2381 muros
1583 2328 1893 2383 Ticinensis
1942 2329 2136 2385 civita-

442 2417 621 2473 tulaa3
670 2418 846 2472 hostis
883 2418 997 2471 tuis
1041 2418 1275 2486 clangor
1321 2422 1619 2487 streperet,
1678 2419 1908 2488 quando
1960 2419 2136 2473 armis

443 2524 683 2562 numero
748 2506 1053 2560 adversarii
1120 2505 1549 2576 praestantiores
1616 2506 1939 2574 subsistere,
2017 2508 2136 2560 sola

442 2603 625 2651 tecum
662 2596 967 2651 dimicante
997 2594 1210 2661 coelitu,
1244 2594 1524 2649 invisibili
1550 2594 1781 2661 virtute,
1814 2610 1934 2649 non
1963 2599 2135 2665 pote-

439 2692 585 2741 rant.
624 2686 885 2740 Audebat
942 2690 998 2739 te
1029 2684 1284 2755 aggredi,
1351 2684 1451 2754 qui
1512 2684 1791 2739 exercitus
1826 2689 1952 2738 tuos
1982 2684 2135 2738 nuda

438 2775 817 2829 zestimatione
877 2773 1188 2843 pensabat;
1239 2772 1577 2826 solatiorum
1626 2778 1859 2827 tuorum
1904 2773 2133 2843 pondus

435 2866 623 2918 omnis
658 2862 913 2918 bellandi
943 2868 1252 2932 apparatus
1280 2862 1564 2916 sustinere
1597 2878 1714 2916 non
1745 2862 1940 2917 valuit;
1977 2862 2132 2926 Quo-

436 2950 539 3004 ties
568 2949 906 3004 utilitatibus
958 2950 1072 3003 tuis
1133 2966 1229 3003 aer
1273 2949 1393 3020 ipse
1442 2950 1721 3018 servierit,
1771 2950 1817 3004 si
1848 2967 2128 3018 recenses,

2236 553 2368 607 tatis
2399 552 2762 607 dulcedinem
2795 567 3049 605 censuras
3070 549 3230 621 pellit
3259 550 3493 604 utilitas.
3529 551 3905 619 Exemplorum

2238 644 2555 697 cwlestium
2601 640 2934 695 testimonio
2966 638 2988 673 ⁵
3015 638 3241 694 affectio
3296 655 3426 693 mea
3462 638 3685 693 nititur.
3737 638 3902 693 Offen-

2238 732 2385 787 disse
2419 732 2662 801 legimus
2692 729 3034 801 principem,
3067 728 3165 800 qui
3194 728 3417 782 coalitus
3445 727 3789 782 destinatum
3819 744 3907 783 nec

2237 820 2537 874 inimicum
2571 819 2843 874 subduxit
2889 818 3103 871 exitio:
3159 834 3387 887 pwnam
3438 816 3648 871 meruit
3697 817 3904 885 lenitas,

2240 925 2414 980 quam
2449 908 2636 980 potuit
2684 908 2944 962 intulisse
2988 906 3268 961 districtio
3303 922 3315 961 :
3349 906 3629 960 ultionem
3662 906 3908 976 suscepit,

2240 996 2339 1068 qui
2368 997 2641 1051 detrectat
2672 997 2904 1051 inferre.
2935 996 3062 1050 Vim
3094 996 3271 1050 divini
3294 995 3500 1066 judicii
3553 1000 3651 1049 aut
3678 1000 3913 1049 attenuat

2241 1090 2339 1139 aut
2362 1087 2694 1152 contemnit,
2728 1085 2827 1156 qui
2859 1084 3007 1139 hosti
3046 1101 3169 1152 suo,
3201 1100 3331 1139 cum
3374 1085 3613 1155 potitur,
3647 1084 3908 1153 indulget.

2239 1174 2463 1229 Iustitia
2491 1175 2790 1228 coercendi
2820 1178 2973 1241 sunt,
3010 1191 3154 1246 quos
3186 1179 3405 1228 constat
3434 1174 3674 1243 gratiam
3708 1189 3817 1226 non
3846 1190 3913 1226 se-

2241 1270 2421 1318 cutos.
2457 1265 2606 1317 Vitia
2634 1264 2972 1318 transmittit
3007 1264 3075 1318 ad
3105 1269 3382 1333 posteros,
3419 1263 3519 1334 qui
3552 1262 3912 1333 praesentibus

2241 1354 2425 1423 culpis
2456 1354 2716 1425 ignoscit.
2756 1354 2899 1407 Nam
2930 1352 3085 1424 quod
3108 1353 3175 1406 de
3200 1352 3601 1423 Redemptoris
3631 1351 3810 1405 nostri
3833 1366 3914 1420 pa-

2241 1442 2443 1496 tientia
2491 1442 2763 1513 loqueris,
2798 1442 2925 1495 illos
2974 1458 3102 1495 vere
3153 1442 3517 1511 amplectitur
3568 1440 3653 1493 lac
3706 1439 3908 1509 gratiae,

2242 1546 2387 1601 quos
2419 1530 2718 1583 austeritas
2768 1529 2914 1600 legis
2963 1529 3258 1583 informat.
3308 1529 3613 1599 Nunquam
3652 1543 3685 1580 a
3714 1526 3917 1580 medico

2242 1620 2311 1673 ad
2344 1618 2735 1690 plenissimam
2766 1619 3120 1671 curationem
3163 1633 3315 1688 aager
3365 1618 3639 1671 adductus
3686 1626 3789 1681 est,
3818 1616 3917 1670 nisi

2243 1707 2312 1761 ab
2340 1707 2435 1760 illo
2466 1707 2564 1779 qui
2596 1708 2848 1778 primum
2890 1707 3077 1777 putria
3107 1706 3255 1760 ferro
3288 1707 3547 1760 membra
3577 1706 3841 1770 desecuit,
3871 1712 3920 1759 et

2242 1796 2517 1852 latentem
2548 1797 2777 1867 penitus
2809 1813 2838 1850 e
2883 1796 3009 1849 sina
3040 1796 3318 1849 viscerum
3360 1795 3629 1866 produxit
3659 1795 3917 1849 illuviem.

2244 1887 2351 1950 Qui
2380 1886 2719 1941 criminosas
2748 1887 2965 1957 patitur
2995 1886 3277 1958 impunita
3301 1886 3558 1954 transire,
3594 1884 3666 1939 ad
3696 1884 3921 1938 crimina

2243 1976 2508 2030 hortatur
2540 1976 2817 2031 insontes.
2866 1978 3078 2030 Tamen
3120 1976 3255 2047 quia
3282 1975 3543 2046 precibus
3571 1973 3773 2029 vestris
3802 1973 3915 2044 qui-

2241 2064 2347 2119 bus
2378 2081 2626 2135 superna
2673 2065 3011 2132 assentiunt,
3046 2065 3318 2119 obsistere
3370 2069 3595 2118 terrena
3628 2079 3746 2116 non
3794 2079 3916 2132 pos-

2246 2160 2397 2222 sunt,
2425 2154 2694 2208 omnibus
2727 2154 3073 2224 generaliter
3102 2170 3355 2208 errorem
3388 2152 3765 2207 dimittemus.
3801 2150 3921 2205 Nul-

2244 2243 2354 2297 lius
2384 2248 2555 2314 caput
2585 2258 2737 2296 noxa
2765 2247 3110 2313 prosternet,
3135 2242 3411 2314 quoniam
3442 2240 3677 2312 potestis
3708 2245 3764 2293 et
3780 2239 3916 2309 apud

2247 2334 2427 2387 Deum
2458 2336 2721 2386 nostrum
2754 2348 2944 2402 agere,
2991 2338 3054 2386 ut
3101 2333 3387 2385 sceleratas
3420 2335 3638 2385 mentes
3670 2346 3704 2383 a
3733 2344 3924 2400 propo-

2244 2421 2337 2475 siti
2367 2422 2453 2475 sui
2501 2421 2873 2493 perversitate
2922 2420 3235 2475 discedant.
3288 2422 3502 2474 Paucos
3551 2424 3746 2473 tamen
3790 2432 3921 2489 quos

2243 2510 2529 2564 malorum
2563 2511 2885 2565 incentores
2913 2509 3088 2565 fuisse
3108 2509 3371 2580 cognovi,
3408 2510 3669 2564 locorum
3701 2520 3921 2560 suorum

2243 2604 2468 2654 tantum
2512 2600 2868 2654 habitatione
2899 2600 3171 2670 privabo;
3214 2615 3287 2653 ne
3318 2599 3463 2653 forte
3493 2613 3805 2667 exsurgens
3834 2610 3921 2649 ne-

2242 2689 2472 2743 cessitas
2496 2688 2713 2742 vicinos
2757 2688 3010 2742 inveniat
3046 2688 3377 2757 nutritores,
3411 2693 3465 2742 et
3497 2688 3787 2741 malorum
3828 2684 3921 2737 ad-

2237 2776 2365 2849 juta
2395 2777 2746 2832 successibus
2776 2778 2925 2833 bella
2942 2784 3309 2847 consurgant.
3347 2797 3372 2829 ››
3408 2776 3502 2831 His
3532 2773 3927 2847 praecellentis-

2247 2866 2427 2920 simus
2459 2883 2557 2921 rex
2612 2867 2796 2935 dictis,
2847 2866 2870 2901 ⁸
2923 2867 3109 2921 virum
3159 2866 3608 2921 illustrissimum
3670 2864 3927 2919 Urbicum

2242 2955 2412 3009 acciri
2435 2956 2619 3026 jubet,
2653 2956 2754 3027 qui
2786 2955 3053 3010 universa
3097 2956 3294 3025 palatii
3335 2957 3458 3026 ejus
3488 2969 3665 3008 onera
3715 2957 3929 3007 susten-

437 3038 540 3093 tibi
588 3040 713 3093 coeli
754 3055 955 3094 serena
1001 3038 1410 3107 militaverunt,
1461 3038 1565 3093 tibi
1610 3055 1863 3095 convexa
1908 3040 2131 3111 pluvias
2170 3063 2212 3119 ρ
2239 3048 2388 3114 tans,
2428 3046 2760 3100 Ciceronem
2806 3046 3156 3117 eloquentia,
3189 3046 3463 3100 Catonem
3493 3043 3765 3115 aequitate
3797 3055 3931 3112 prm-

438 3145 540 3197 pro
589 3133 714 3182 voto
758 3128 1049 3182 fuderunt.
1105 3127 1243 3191 Quis
1276 3128 1537 3183 resistere
1567 3129 1781 3183 dextra:
1812 3134 1925 3183 tuae
1955 3140 2128 3183 ausas

437 3217 562 3284 fuit,
591 3224 645 3270 et
668 3234 798 3270 cum
821 3217 1004 3286 gratia
1030 3233 1276 3286 superna
1302 3218 1630 3286 pugnanti?
1648 3218 1869 3288 quoties
1889 3218 2129 3272 imimici

438 3305 520 3359 tui
546 3306 873 3359 ceciderunt
892 3306 1265 3358 mucronibus
1289 3306 1575 3359 sodalium
1599 3322 1834 3360 suorum
1855 3306 1882 3360 ‘I
1905 3307 2128 3377 quoties

436 3393 537 3447 tibi
570 3394 724 3461 vicit,
757 3393 857 3464 qui
890 3409 994 3462 pro
1016 3392 1267 3446 hostium
1298 3398 1531 3447 tuorum
1554 3394 1798 3448 utilitate
1831 3394 2128 3450 certabat?

439 3481 532 3535 llis
579 3497 715 3551 ergo
769 3481 934 3534 donis
989 3480 1310 3534 caelestibus
1360 3481 1813 3535 vicissitudinem
1864 3482 2127 3553 impensa

434 3571 582 3624 circa
637 3570 898 3623 homines
942 3569 1152 3640 pietate
1222 3569 1476 3625 restitue.
1531 3571 1780 3642 Mysticse
1824 3572 2129 3627 oblationis

434 3660 763 3713 holocausta
810 3664 945 3712 sunt
976 3659 1398 3729 supplicantum
1444 3661 1722 3731 lacrymas
1758 3678 1878 3715 non
1912 3662 2124 3732 sperni.

435 3749 582 3803 Illud
626 3754 778 3803 certe
809 3748 1125 3819 perpende,
1159 3748 1423 3819 qualibus
1450 3749 1511 3803 in
1545 3765 1723 3820 regno
1755 3741 2089 3805 successeris
2110 3769 2128 3806 :

436 3854 579 3909 quos
610 3838 679 3905 si,
714 3842 776 3893 ut
806 3838 1005 3909 liquet,
1046 3837 1267 3891 malitia
1301 3838 1540 3908 expulit,
1573 3855 1736 3893 casus
1765 3839 1999 3894 illorum
2029 3856 2130 3894 ne-

437 3943 592 3981 cesse
641 3932 747 3994 est,
802 3931 865 3981 ut
893 3930 1196 3997 sequentes
1226 3927 1518 3982 informet.
1575 3928 1763 3983 Ruina
1794 3929 2130 4000 praeceden-

432 4021 555 4070 tum
586 4021 842 4086 posteros
871 4016 1064 4070 docet:
1099 4016 1284 4071 cautio
1330 4019 1415 4072 est
1451 4034 1678 4089 semper
1726 4016 1787 4073 in
1839 4019 2129 4090 reliquum

433 4104 623 4175 lapsus
672 4104 941 4158 anterior.
977 4104 1105 4159 Non
1147 4106 1267 4159 sine
1311 4106 1575 4178 exemplo
1622 4106 1852 4174 militat,
1890 4107 1990 4178 qui
2036 4124 2129 4162 re-

433 4194 597 4264 spicit
624 4210 756 4265 .qua
803 4210 972 4249 causa
1003 4194 1263 4249 decessor
1310 4196 1526 4266 ejectus
1557 4200 1659 4251 est.
1700 4196 1797 4252 His
1846 4197 1993 4251 freta
2039 4196 2128 4252 Li-

434 4282 599 4348 guria
650 4288 837 4337 vestra
885 4283 1186 4338 nobiscum
1224 4285 1459 4355 profusa
1491 4286 1795 4357 supplicat,
1831 4291 1898 4340 ut
1935 4285 2130 4356 legum

2236 3139 2512 3188 cesserat:
2568 3135 2661 3188 cui
2723 3136 2999 3205 praecepit
3052 3138 3113 3188 ut
3168 3134 3512 3205 generaliter
3557 3130 3930 3202 indulgentia).

2235 3224 2654 3294 pragmaticum
2688 3225 3115 3295 promulgaret:
3150 3224 3301 3294 quod
3333 3223 3429 3276 ille
3476 3222 3544 3277 ad
3575 3206 3811 3275 o'mnem
3843 3220 3930 3271 be-

2236 3304 2579 3382 nignitatem
2611 3313 3009 3384 paratissimus
3038 3313 3190 3367 illico
3219 3318 3376 3367 tanta
3404 3311 3681 3366 brevitate
3728 3314 3786 3364 et
3813 3310 3930 3362 luce

2236 3401 2505 3470 contexit,
2540 3406 2603 3456 ut
2634 3406 2691 3455 et
2738 3402 2836 3454 illa
2865 3403 3165 3471 culparum
3200 3417 3412 3471 genera
3453 3401 3933 3471 cognoscerentur

2236 3491 2468 3557 abolita,
2501 3507 2625 3561 qua:
2660 3491 3015 3560 putabantur
3046 3491 3219 3545 fuisse
3251 3496 3556 3545 reservata.

2309 3581 2533 3633 Interea
2578 3579 2848 3633 secretius
2898 3595 2997 3633 rex
3049 3579 3554 3650 prmstantissimus
3578 3575 3932 3631 sacerdotem

2234 3668 2624 3722 venerandum
2651 3667 3040 3738 Epiphanium
3073 3668 3317 3739 imperat
3338 3667 3562 3722 evocari
3595 3682 3607 3720 :
3631 3680 3813 3737 quem
3838 3660 3935 3717 tali

2236 3756 2543 3827 compellat
2573 3757 2747 3811 affatu
2775 3770 2787 3813 :
2836 3779 2857 3806 ι
2891 3756 3098 3813 Judicii
3139 3756 3322 3810 nostri
3373 3772 3439 3810 ex
3469 3756 3593 3826 ipsa
3624 3752 3931 3814 sententia,

2237 3846 2485 3917 gloriose
2516 3850 2773 3913 antistes,
2794 3846 3017 3916 pondus
3034 3845 3311 3916 intellige,
3337 3850 3399 3899 ut
3414 3860 3543 3899 cum
3569 3847 3657 3898 tot
3686 3844 3752 3896 in
3774 3837 3935 3911 regni

2236 3935 2448 3989 circulo
2494 3935 2795 4006 pontiﬁces
2839 3950 2959 3989 esse
2995 3934 3313 3999 videantur,
3357 3939 3421 3987 tu
3468 3931 3845 4003 potissimum
3878 3930 3937 3981 in

2236 4027 2396 4077 tanta
2427 4039 2487 4077 re
2519 4023 2684 4093 quasi
2724 4022 2925 4076 unicus
2959 4023 3187 4094 eligaris
3216 4039 3229 4077 :
3266 4039 3369 4077 nec
3391 4026 3655 4077 enervata
3688 4037 3796 4088 per
3828 4033 3940 4072 me-

2236 4112 2414 4167 ritum
2444 4116 2608 4165 tuum
2659 4112 2996 4182 hujusmodi
3040 4114 3412 4167 aestimatores
3465 4110 3656 4165 illudit
3712 4108 3939 4181 opinio.

2236 4200 2399 4255 Solus
2429 4217 2549 4254 esse
2584 4200 2738 4272 juste
2767 4201 3035 4267 crederis,
3080 4202 3242 4271 cujus
3285 4200 3607 4273 splendore,
3654 4202 3940 4269 tanquam

2238 4289 2424 4359 globis
2448 4290 2744 4343 lunaribus
2767 4291 3057 4345 minorum
3079 4291 3330 4345 siderum
3353 4290 3548 4344 lumen
3571 4287 3945 4352 obtunditur,

436 4375 753 4426 vestrarum
808 4372 1088 4426 beneficia
1138 4373 1218 4427 sic
1264 4374 1529 4429 tribuatis
1583 4374 2001 4441 innocentibus,
2071 4378 2133 4427 ut
2168 4390 2212 4445 ι)
2241 4382 2298 4433 et
2344 4378 2579 4433 medicae
2627 4380 2770 4434 lucis
2820 4380 2965 4434 radii
3014 4379 3357 4451 praefulgida
3404 4377 3785 4432 conscientia:
3831 4383 3945 4431 tua:

434 4459 631 4513 noxios
678 4459 1003 4515 absolvatis.
1058 4462 1275 4532 Exigua
1306 4465 1390 4516 est
1433 4462 1584 4532 apud
1634 4464 1816 4516 Deum
1864 4468 2127 4517 nostrum

436 4548 845 4617 misericordia,
882 4548 930 4603 si
960 4549 1088 4604 illos
1118 4555 1342 4605 tantum
1370 4550 1524 4604 laesio
1556 4566 1670 4604 non
1698 4556 1994 4622 sequatur,
2024 4551 2127 4622 qui

437 4642 595 4691 reatu
643 4642 876 4693 carent:
920 4639 1117 4709 culpas
1166 4638 1457 4693 dimittere
1496 4639 1721 4694 caeleste
1769 4645 1889 4709 est;
1937 4640 2124 4695 vindi-

435 4742 562 4781 care
593 4731 907 4783 terrenum.
940 4747 967 4780 ι)
1002 4729 1131 4783 Post
1159 4728 1281 4782 haec
1312 4728 1488 4783 siluit.

504 4818 575 4869 At
601 4815 1086 4871 eminentissimus
1112 4834 1211 4872 rex
1233 4817 1360 4872 infit
1386 4833 1398 4874 :
1434 4834 1547 4889 quo
1568 4817 1859 4889 loquente,
1885 4817 2129 4872 attonita

436 4904 503 4957 de
534 4903 828 4960 voluntate
855 4907 977 4977 ejus
1006 4907 1177 4961 corda
1202 4923 1381 4977 pavor
1400 4907 1672 4962 arctabat.
1704 4929 1724 4956 ι
1760 4906 2027 4970 Quamvis
2049 4911 2124 4974 te,

438 4993 773 5047 venerabilis
804 4995 1087 5066 episcope,
1120 5011 1226 5065 pro
1260 4996 1596 5051 meritorum
1629 5000 1859 5051 tuorum
1890 4996 2013 5049 luce
2041 5012 2130 5049 su~

436 5080 691 5151 spiciam,
734 5091 791 5138 et
812 5085 992 5137 multa
1013 5083 1167 5154 apud
1191 5100 1283 5138 me
1311 5084 1657 5139 confusionis
1683 5088 1942 5157 tempore
1968 5100 2129 5156 repo-

436 5171 645 5226 suisses
679 5172 978 5239 beneficia,
1009 5172 1222 5243 quibus
1269 5172 1382 5226 frui
1416 5178 1470 5228 te
1494 5175 1762 5229 convenit
1800 5173 2127 5245 tranquilli-

438 5264 547 5315 tate
588 5266 851 5316 revocata
877 5277 893 5328 ;
913 5260 1193 5332 regnandi
1217 5265 1411 5315 tamen
1432 5264 1739 5317 necessitas
1761 5279 1875 5333 qua
1895 5263 2128 5317 conclu-

435 5348 646 5414 dimur,
673 5349 1081 5405 misericordia
1098 5366 1273 5423 quam
1297 5350 1521 5418 suades,
1544 5367 1661 5409 non
1687 5352 1902 5426 ubique
1931 5351 2132 5425 pandit

505 5492 525 5530 ί
567 5492 824 5566 Bolland.
839 5534 852 5561 ,
882 5509 1172 5566 agnosces.

503 5566 528 5601 ³
566 5565 756 5621 Schot.
792 5571 847 5619 et
875 5562 1154 5633 Bolland.,
1183 5562 1418 5622 auxilio.

503 5632 530 5671 ⁸
566 5636 768 5693 Iidem.
800 5635 1024 5690 hostili:
1053 5633 1201 5693 litui.

506 5711 529 5745 ο
566 5675 768 5763 ἔέἑὸἴῖ
784 5675 1033 5764 ἑῗέἱὶἱὶἷ.
1053 5675 1255 5764 ἓᾶἲὲε.

2234 4467 2361 4522 luce
2408 4468 2728 4523 fuscantur.
2775 4469 2913 4533 Quis
2966 4474 3189 4540 quaerat
3218 4469 3400 4523 noctis
3445 4466 3810 4537 lampadem,
3847 4466 3950 4520 ubi

2236 4558 2372 4611 solis
2404 4558 2576 4627 jnbar
2608 4558 2955 4629 effulgorat?
2986 4559 3117 4629 quis
3158 4558 3409 4612 candelae
3442 4556 3815 4629 praesidium,
3850 4555 3954 4608 ubi

2232 4646 2473 4701 caminis
2505 4646 2969 4702 indesinentibus
3017 4647 3148 4702 fidei
3198 4662 3341 4720 pyra
3372 4645 3801 4701 succenditur?
3847 4645 3955 4698 Po-

2233 4742 2445 4790 stremo
2473 4736 2645 4791 talem
2677 4754 2709 4791 a
2738 4753 2831 4791 me
2864 4741 3089 4807 oportet
3118 4736 3311 4806 dirigi,
3351 4738 3581 4807 qualem
3614 4735 3956 4805 suscipiens

2234 4824 2479 4879 libenter
2516 4826 2813 4880 auscultet.
2838 4824 3003 4879 Vides
3025 4825 3294 4879 universa
3328 4825 3504 4879 Italia:
3532 4825 3654 4879 loca
3680 4824 3959 4895 origina-

2234 4914 2335 4969 riis
2377 4915 2612 4969 viduata
2665 4916 3004 4970 cultoribus.
3028 4916 3090 4969 In
3121 4914 3415 4969 tristitiam
3447 4930 3634 4968 meam
3671 4921 3960 4985 segetum

2234 5002 2392 5058 ferax
2439 5004 2633 5074 spinas
2662 5009 2835 5075 atque
2881 5004 3097 5075 injussa
3128 5003 3414 5073 plantaria
3456 5020 3694 5075 campus
3731 5018 3963 5075 appor-

2234 5095 2355 5146 tat:
2392 5096 2448 5146 et
2478 5092 2577 5147 illa
2604 5097 2790 5147 mater
2818 5092 3086 5147 humanae
3113 5092 3313 5146 messis
3343 5091 3592 5163 Liguria,
3620 5092 3721 5145 cui
3744 5108 3964 5148 nume.

2235 5196 2369 5234 rosa
2398 5180 2782 5251 agricolarum
2829 5182 3048 5237 solebat
3077 5186 3337 5236 constare
3367 5181 3695 5251 progenies,
3750 5181 3971 5236 orbata

2236 5272 2408 5339 atque
2439 5270 2649 5324 sterilis
2669 5270 2940 5340 jejunum
2970 5270 3243 5342 cespitem
3275 5270 3485 5324 nostris
3516 5274 3826 5324 monstrat
3859 5271 3965 5325 ob-

2235 5356 2470 5413 tutibus.
2500 5358 2834 5430 Interpellat
2864 5374 2957 5414 me
2975 5362 3133 5415 terra
3161 5374 3509 5433 quocunque
3534 5357 3802 5429 respicio
3821 5359 3968 5415 ube-

2309 5498 2333 5535 ⁸
2371 5500 2546 5569 Idem,
2568 5500 2829 5557 assertio.

2308 5573 2331 5609 ⁸
2378 5573 2451 5629 ν.
2484 5571 3255 5649 1.7Urbicym1AQuazstorem
3283 5575 3429 5631 sacri
3467 5573 3693 5649 palatii,
3732 5578 3856 5636 aut
3873 5578 3979 5638 in-

2241 5644 2357 5727 star
2394 5644 2710 5727 questqris.
2740 5644 2920 5727 Quod
2947 5647 3439 5727 Eurico_erat_Leo
3460 5644 3489 5704 :—
3508 5647 3667 5722 quod
3700 5649 3981 5713 Gundoo

2241 5713 2389 5773 bado
2411 5713 2715 5793 Lucanius,
2739 5718 2849 5779 hoc
2875 5720 3113 5780 Urbicus
3141 5720 3513 5778 Theoderico.
