4060 6174
171 336 270 388 229

1168 335 1329 391 νιΤΑ
1368 338 1427 391 Β.
1472 338 1839 395 ΕΡΙΡΗΑΝΙΙ
1877 338 2191 400 EPISCOPI
2233 341 2646 401 TICINENSIS.

3552 354 3659 410 230

174 481 286 519 rem
317 464 523 520 vinetis
552 464 775 532 faciem,
805 481 935 521 cum
962 466 1165 522 aratris
1198 467 1428 537 impexa
1457 471 1777 525 contristat.
1811 471 1855 526 Ο
1892 474 1939 528 Α
1966 474 2172 528 Precor
2193 478 2408 542 tamen,
2443 481 2507 531 ut
2536 477 2766 532 indultu
2795 478 3116 534 clementia:
3145 484 3257 535 tua:
3282 481 3491 549 Victor,
3521 485 3667 539 Tau-

175 554 356 609 dolor!
402 555 595 608 nullus
624 556 837 608 humor
877 555 1105 609 illorum
1136 557 1307 611 labris
1337 557 1685 626 infunditur,
1719 577 1860 631 quos

173 663 199 698 a
221 644 337 697 viui
365 645 530 714 copia
564 644 860 699 OEuotrios
890 646 1110 699 vocavit
1140 646 1463 717 antiquitas.
1493 648 1626 702 Haec
1651 665 1860 720 quam-

170 734 244 787 vis
276 735 290 767 ¹
328 734 663 805 Burgundio
703 734 943 787 immitis
976 735 1245 803 exercuit,
1282 753 1385 790 nos
1418 740 1629 806 tamen,
1664 738 1711 792 si
1747 754 1862 792 non

170 822 554 888 emendamus,
598 822 953 876 admisimus.
998 825 1289 894 Populatze
1328 826 1531 894 patriae
1573 843 1862 882 cessamus

168 928 515 977 succurrere,
556 917 612 965 et
641 928 846 965 aurum
878 912 1031 981 apud
1064 929 1167 966 nos
1211 914 1458 967 habetur
1486 914 1546 968 in
1577 916 1861 970 conditis?

170 1001 300 1065 Quid
345 1000 603 1065 interest,
644 1000 899 1070 pecuniis
933 1017 1006 1054 an
1046 1001 1197 1055 ferro
1239 1002 1698 1058 adversariorum
1738 1005 1863 1059 ani-

169 1107 279 1144 mos
307 1090 694 1143 inclinemus?
725 1089 998 1143 obtulisse
1029 1091 1182 1161 quod
1211 1097 1432 1145 mentes
1461 1094 1650 1163 capiat
1690 1094 1861 1162 hosti,

166 1178 353 1231 vicisse
386 1184 508 1232 est:
542 1177 875 1246 occuluisse,
928 1179 1207 1249 superari.
1240 1180 1472 1252 Suscipe
1508 1198 1668 1252 ergo,
1703 1182 1863 1237 Chri-

166 1274 246 1321 sto
274 1267 608 1337 adjuvante,
644 1267 817 1337 hujus
856 1268 1068 1322 laboris
1099 1269 1404 1335 sarcinam,
1437 1287 1503 1324 ex
1540 1288 1654 1341 qua
1699 1288 1863 1325 com-

166 1372 393 1409 munem
433 1355 749 1409 habeamus
793 1357 855 1409 in
896 1356 1109 1410 caelesti
1149 1358 1597 1427 repromissione
1645 1375 1864 1414 merce-

164 1446 313 1498 dem:
339 1444 481 1515 quia
506 1461 688 1498 novus
709 1444 815 1499 iste
838 1447 1090 1516 propriis
1114 1446 1434 1517 insignibus
1459 1448 1658 1502 titulus
1679 1449 1866 1503 laudis

163 1533 445 1599 accrescit,
484 1548 588 1602 per
630 1548 833 1585 manus
866 1538 989 1587 tuas
1033 1534 1101 1587 de
1134 1531 1157 1565 ²
1187 1535 1711 1606 oppugnationibus
1760 1553 1863 1590 no-

164 1622 284 1675 stris
313 1622 445 1676 sine
470 1622 751 1690 sanguine
783 1622 1158 1692 triumphare.
1188 1624 1457 1694 Princeps
1484 1641 1685 1678 eorum
1719 1626 1867 1679 Gun-

164 1712 418 1766 dobadus
472 1717 578 1779 est,
628 1713 719 1766 cui
766 1713 1145 1767 reverentiam
1193 1713 1276 1767 tui
1306 1721 1553 1769 vetustas
1601 1716 1862 1783 inseruit,

167 1818 325 1871 quem
360 1801 601 1855 videndi
640 1806 693 1854 te
726 1800 906 1855 nimia
937 1802 1148 1872 cupido
1191 1803 1465 1858 stimulat.
1502 1805 1637 1859 Mihi
1676 1805 1860 1872 crede,

164 1891 407 1962 pretium
450 1890 798 1960 captivitatis
830 1891 1037 1945 Italicae
1072 1891 1181 1945 erit
1209 1898 1394 1946 vester
1431 1900 1694 1963 aspectus
1726 1910 1739 1948 :
1775 1910 1863 1948 re-

165 1981 422 2051 demptos
479 1997 603 2033 esse
642 1980 857 2050 putabo
900 1997 1043 2051 quos
1082 1982 1270 2051 cupio,
1314 1981 1361 2034 si
1411 1982 1481 2035 ad
1523 1989 1701 2037 terras
1740 1984 1865 2037 illas

165 2070 278 2125 talis
330 2069 675 2139 redemptor
724 2069 1039 2124 accesserit.
1092 2070 1274 2133 Quam
1322 2087 1534 2141 magno
1593 2071 1865 2142 suffragio

163 2158 472 2212 vincuntur
504 2158 655 2212 oculi
681 2158 889 2229 quibus
918 2164 974 2212 te
1006 2159 1329 2215 offerimus!
1365 2160 1477 2214 Sed
1507 2161 1644 2231 quid
1676 2162 1866 2215 demo-

160 2262 247 2301 ror
290 2264 508 2301 manus
550 2264 684 2301 arva
724 2248 1055 2317 poscentia?
1095 2248 1370 2319 polliceor
1400 2249 1503 2303 tibi
1546 2249 1865 2304 redivivum

162 2343 359 2389 statum
398 2336 650 2406 Liguriae
677 2352 689 2389 :
715 2337 988 2406 polliceor
1006 2336 1109 2390 soli
1132 2336 1413 2403 laatitiam,
1444 2342 1500 2391 et
1522 2343 1647 2408 post
1665 2339 1867 2391 Trans-

162 2426 412 2496 alpinam
440 2424 972 2496 peregrinationem
1004 2426 1275 2480 reducem
1310 2427 1721 2480 fecunditatem
1748 2444 1760 2481 :
1797 2443 1867 2482 ex

160 2515 442 2569 accidenti
483 2530 694 2568 aurum
740 2514 847 2568 tibi
885 2515 1303 2584 commodatur,
1336 2532 1441 2586 pro
1472 2532 1586 2587 qua
1624 2517 1750 2571 talis
1779 2517 1866 2570 le-

160 2610 315 2673 gatus
344 2610 585 2658 acturus
614 2608 717 2657 est.
757 2624 786 2652 »

222 2693 304 2746 Ad
360 2693 491 2746 haec
524 2692 927 2763 episcoporum
978 2693 1071 2746 lux
1117 2691 1513 2763 Epiphanius:
1561 2693 1863 2759 «Quanto,

157 2782 511 2835 venerabilis
550 2782 834 2853 princeps,
867 2788 1065 2851 pectus
1095 2798 1290 2835 meum
1325 2782 1579 2853 tripudio
1611 2784 1866 2853 repleve-

158 2872 247 2938 ris,
281 2872 331 2925 si
368 2886 647 2924 sermone
678 2876 873 2940 posset
904 2870 1110 2924 ambiri
1144 2887 1245 2941 pro
1278 2870 1490 2925 divitiis
1526 2872 1863 2925 meritorum

156 2965 386 3014 tuorum
434 2959 795 3013 immeditata
826 2966 881 3013 et
918 2959 1192 3013 continua
1222 2960 1393 3014 verba
1431 2961 1861 3031 profunderem.

155 3050 257 3105 Sed
299 3066 487 3121 quam
530 3048 785 3102 sermoni
826 3065 955 3103 meo
995 3048 1345 3119 interceptus
1386 3050 1702 3120 denegetur
1740 3066 1867 3104 suc-

157 3157 367 3208 cessus,
407 3144 741 3193 monstrant
761 3139 1025 3208 lacrymm
1048 3140 1418 3208 gaudiorum,
1444 3155 1583 3210 quas
1604 3141 1867 3193 dolorum

158 3229 423 3283 alumnas
463 3244 618 3282 nunc
650 3229 920 3299 parturiit
949 3228 1270 3282 exsultatio.
1309 3228 1556 3283 Proinde
1589 3229 1867 3300 intellige,

157 3320 221 3373 ad
264 3318 607 3373 referendas
638 3318 761 3388 regi
791 3324 907 3372 tam
942 3334 1044 3388 pro
1086 3318 1273 3385 nobis,
1301 3334 1476 3389 quam
1516 3335 1621 3388 pro
1656 3336 1714 3372 se
1746 3320 1869 3389 ipso

156 3409 389 3477 gratias,
440 3409 572 3477 plus
607 3424 697 3461 me
730 3407 942 3461 sentire
980 3424 1145 3477 posse
1183 3424 1354 3477 quam
1389 3407 1603 3478 eloqui.
1644 3408 1872 3462 Iustitia

156 3498 313 3567 prius
361 3514 446 3550 an
494 3497 785 3551 bellorum
834 3497 1259 3563 exercitatione,
1294 3513 1368 3550 an
1410 3498 1564 3567 quod
1594 3497 1682 3550 his
1726 3513 1873 3567 pra:-

156 3589 401 3641 stantius
439 3591 549 3652 est,
587 3602 788 3639 omnes
828 3591 982 3639 retro
1022 3585 1400 3655 imperatores
1436 3590 1491 3638 te
1526 3586 1740 3656 pietate
1772 3603 1873 3639 su-

157 3692 383 3745 perasse
442 3674 939 3728 commemorem?
986 3674 1174 3729 Habes
1228 3674 1379 3728 unde
1426 3674 1615 3744 gentis
1664 3680 1874 3729 nostra;

154 3772 409 3819 rectores
469 3780 734 3817 accuses:
769 3769 829 3816 tu
875 3762 1134 3829 redimis,
1168 3778 1311 3833 quos
1343 3756 1425 3815 illi
1475 3779 1733 3834 persaepe
1777 3769 1877 3817 aut

152 3855 561 3920 permiserunt
598 3852 741 3918 ﬁeri,
787 3836 889 3905 aut
926 3851 1185 3905 fecerunt
1222 3851 1333 3922 ipsi
1376 3852 1647 3921 captivos.
1695 3852 1877 3906 David

153 3944 429 4013 legimus,
480 3958 585 4011 pro
615 3941 923 4012 singularis
960 3940 1308 3994 laudationis
1340 3941 1623 4011 exemplo,
1665 3941 1876 3996 idcirco

152 4033 406 4086 maxime
434 4030 717 4085 caelorum
740 4029 1135 4099 proximitates
1158 4029 1480 4099 indeptum,
1510 4030 1664 4100 quod
1686 4030 1876 4084 oblato

155 4122 428 4175 manibus
467 4120 587 4173 suis
607 4119 761 4173 Sauli
791 4119 1049 4189 pepercit
1081 4118 1337 4185 inimico,
1358 4124 1411 4173 et
1436 4118 1493 4172 in
1514 4123 1717 4173 testem
1740 4135 1877 4173 con-

152 4228 317 4266 cessa
368 4209 689 4282 potestatis
724 4207 1063 4262 exuviarum
1103 4207 1226 4278 ejus
1254 4207 1596 4278 particulam
1635 4207 1829 4278 rapuit
1862 4223 1875 4263 :

155 4317 251 4371 per
283 4315 482 4373 quam
516 4303 573 4352 et
594 4298 882 4353 licentiam
913 4298 1185 4369 probaret
1204 4302 1261 4352 et
1282 4303 1496 4352 votum.
1530 4298 1679 4351 Deus
1699 4295 1876 4352 bonel

1970 563 2169 617 rinatis
2202 564 2359 618 urbis
2401 566 2722 636 episc0pus,
2759 584 2949 621 comes
2982 570 3122 623 mihi
3158 576 3213 625 et
3243 572 3529 642 particeps
3558 574 3666 628 hu-

1966 652 2059 721 jus
2080 652 2303 706 itineris
2320 654 2687 724 adjungatur,
2713 657 2771 710 in
2794 672 2908 727 quo
2932 658 3148 713 clarum
3176 665 3259 713 est
3279 662 3532 731 epitoma
3552 679 3669 717 om-

1971 740 2133 794 nium
2183 742 2456 797 virtutum
2494 760 2507 798 :
2556 761 2671 815 quo
2706 745 2861 798 socio
2904 747 3182 816 adhibito,
3215 750 3283 802 de
3317 750 3431 804 Deo
3470 757 3666 806 nostro

1971 846 2201 884 securus
2228 833 2569 902 respondeo,
2605 835 2831 887 nullum
2865 835 3127 889 effectum
3160 838 3409 908 propriis
3435 840 3667 911 petitio-

1971 918 2141 972 nibus
2171 919 2600 990 abnegaudum.
2635 942 2663 970 »
2696 922 2914 985 Quibus
2946 923 3177 989 auditis,
3211 942 3310 979 rex
3340 928 3671 983 eminentis-

1973 1006 2151 1061 simus
2180 1009 2401 1062 annuit.
2428 1012 2501 1064 At
2529 1011 2862 1065 tremendus
2890 1013 3165 1082 pontifex,
3201 1015 3353 1070 dicto
3383 1017 3526 1084 vale,
3551 1018 3667 1073 dis-

1972 1096 2157 1150 cessit.

2046 1186 2122 1239 Ex
2170 1191 2428 1256 tempore
2468 1188 2764 1257 portandas
2810 1205 2916 1259 pro
2966 1190 3359 1262 redemptione
3409 1196 3667 1265 pecunia:

1973 1274 2355 1342 destinantur,
2390 1277 2779 1345 suscipiuntur
2812 1295 2825 1332 :
2860 1279 3172 1349 egreditur,
3207 1282 3469 1336 Ticinum
3502 1283 3669 1356 impi-

1972 1379 2074 1433 ger
2104 1363 2278 1417 venit.
2316 1365 2379 1417 Et
2401 1366 2662 1434 quamvis
2684 1367 2869 1421 adhuc
2896 1368 3130 1422 hiemali
3152 1373 3410 1440 tempore
3439 1374 3671 1427 Martius

1974 1450 2187 1505 mensis
2215 1453 2482 1521 glaciales
2513 1454 2850 1509 fluminibus
2871 1455 3060 1510 frenos
3089 1458 3433 1527 imponeret,
3460 1466 3515 1515 et
3530 1478 3672 1517 cana

1974 1539 2198 1593 nivibus
2222 1541 2367 1611 juga
2395 1543 2629 1612 Alpium
2666 1544 2993 1598 transituris
3021 1546 3380 1601 minarentur
3402 1549 3669 1606 exitium:

1975 1628 2075 1682 sed
2104 1631 2469 1684 mortiferum
2502 1632 2683 1702 frigus
2714 1639 2770 1687 et
2789 1641 3083 1688 concretas
3105 1636 3299 1705 algore
3322 1637 3517 1705 glebas
3538 1639 3675 1693 ﬁdei

1978 1717 2149 1770 ardor
2172 1724 2477 1788 exsuperat
2507 1735 2520 1773 :
2545 1736 2846 1790 nunquam
2870 1722 2927 1775 in
2950 1724 3081 1792 gelu
3106 1724 3337 1793 labitur,
3365 1727 3529 1796 cujus
3549 1728 3676 1782 fun-

1981 1806 2316 1861 damentum
2348 1814 2510 1879 petra
2541 1810 2820 1864 solidavit.
2856 1811 3130 1866 Ordinato
3162 1829 3300 1884 ergo
3331 1814 3554 1869 itineris
3585 1816 3676 1871 sui

1973 1894 2197 1963 viatico,
2231 1896 2521 1965 profectus
2552 1903 2637 1952 est
2670 1915 2681 1953 :
2727 1899 2943 1954 diceres
2975 1901 3131 1970 quod
3161 1902 3428 1956 universa
3456 1903 3671 1974 impel-

1972 1983 2137 2051 leret,
2171 2001 2296 2055 quae
2328 1990 2555 2056 poterat
2584 1988 2830 2042 retinere
2858 1990 3196 2044 necessitas:
3224 2007 3328 2045 nec
3353 1991 3465 2046 cibi
3494 1992 3675 2064 ipsius

1975 2073 2239 2144 capiendi
2287 2090 2450 2128 mora
2495 2076 2926 2132 sustinebatur:
2969 2084 3024 2132 et
3066 2095 3196 2133 cum
3236 2080 3494 2150 singulos
3543 2098 3674 2136 cum

1973 2163 2097 2234 ipso
2129 2161 2349 2232 positos
2384 2163 2483 2217 ille
2516 2165 2720 2233 plenus
2753 2166 3182 2221 discriminibus
3211 2168 3365 2222 callis
3395 2169 3674 2238 turbaret,

1975 2253 2130 2305 solus
2172 2251 2322 2305 inter
2360 2253 2617 2322 pericula
2646 2254 2849 2308 timere
2881 2271 2993 2309 non
3034 2262 3293 2323 noverat;
3341 2274 3513 2328 quem
3546 2275 3675 2329 spes

1972 2341 2104 2395 vita:
2135 2346 2289 2394 certa
2318 2342 2719 2397 comitabatur.
2755 2344 2978 2398 Interea
3016 2346 3115 2398 illa
3140 2362 3270 2415 quas
3299 2346 3519 2401 itineris
3551 2348 3674 2417 ejus

1974 2430 2084 2484 fuit
2118 2446 2347 2500 semper
2374 2432 2609 2501 praevia,
2643 2437 2697 2485 et
2729 2431 2787 2486 in
2824 2439 3102 2504 apparatu
3133 2435 3394 2505 diligens,
3430 2452 3673 2506 princes-

1976 2520 2047 2573 sit
2088 2518 2269 2587 fama;
2318 2525 2373 2574 et
2420 2524 2575 2574 tanta
2625 2522 2813 2576 Gallos
2864 2522 3180 2593 insignium
3226 2525 3351 2595 ejus
3398 2525 3676 2581 relatione

1976 2608 2304 2677 complevit,
2332 2613 2396 2662 ut
2419 2610 2583 2679 quasi
2607 2611 2840 2680 superni
2873 2612 3125 2666 nominis
3155 2613 3399 2668 adventu
3430 2630 3678 2684 praisen-
3774 2610 3777 2611 ν

1977 2697 2055 2750 tia
2098 2697 2489 2751 turbarentur.
2538 2699 2926 2755 Concurrebat
2969 2701 3157 2755 omnis
3190 2706 3327 2755 aetas
3378 2706 3435 2755 et
3475 2718 3673 2767 sexus;

1976 2791 2033 2839 et
2076 2802 2220 2856 quos
2264 2802 2295 2839 a
2324 2786 2618 2841 vicinitate
2649 2789 2755 2842 viae
2789 2789 2972 2859 ipsius
3011 2789 3185 2861 longa
3230 2790 3531 2844 intervalla
3580 2808 3676 2845 se-

1969 2875 2298 2944 junxeraut,
2329 2874 2498 2928 ardor
2530 2876 2711 2930 animi
2742 2877 3123 2946 proximabat.
3155 2878 3445 2950 Quidquid
3477 2879 3679 2933 habuit

1978 2964 2220 3034 quisque
2252 2963 2569 3033 pretiosum
2602 2965 2840 3032 obtulit;
2874 2970 2927 3019 et
2959 2966 3007 3019 si
3037 2982 3156 3020 non
3184 2966 3404 3033 habuit,
3444 2968 3676 3021 aliunde

1908 3069 1948 3124 C
1977 3056 1999 3087 ³
2040 3057 2323 3106 mercatus
2366 3058 2498 3107 est:
2551 3057 2572 3090 ι
2612 3053 2797 3124 patria
2845 3055 3062 3125 ubique
3110 3057 3382 3126 opulenta
3426 3057 3673 3110 diffusio.

1978 3143 2134 3195 lnem
2143 3141 2255 3211 ptis
2274 3141 2515 3211 dapibus
2528 3158 2741 3196 mensae
2757 3143 3199 3198 cumulabantur
3216 3145 3674 3215 peregrinorum:

1978 3236 2036 3284 et
2065 3230 2179 3284 illis
2227 3231 2355 3301 quis
2398 3230 2511 3284 nisi
2557 3237 2912 3301 comparatas
2941 3232 3145 3287 incolae
3179 3233 3388 3287 habere
3414 3250 3533 3287 non
3558 3252 3679 3305 ,po-

1978 3323 2183 3386 terant,
2242 3319 2385 3372 escis
2446 3320 2568 3373 sine
2625 3321 2811 3390 pretio
2858 3320 3169 3375 utebantur
3225 3321 3465 3378 externi.
3525 3325 3680 3378 Tunc

1981 3424 2356 3479 quoscunque
2386 3408 2768 3478 indigentium
2798 3410 3035 3479 reperit,
3068 3410 3183 3463 illis
3221 3427 3351 3481 qua:
3377 3415 3541 3464 erant
3571 3412 3680 3465 do—

1984 3503 2119 3551 nata
2146 3498 2432 3567 dispersit.
2466 3498 2653 3565 Domi,
2682 3498 2933 3569 forisque
2965 3500 3231 3570 pascebat
3259 3501 3501 3555 miseros
3533 3517 3546 3555 :
3585 3517 3679 3554 ne'

1984 3601 2094 3656 que
2127 3585 2252 3638 ﬁeri
2284 3585 2497 3655 potuit,
2526 3590 2590 3639 ut
2629 3586 2779 3656 quod
2812 3587 2882 3640 ad
2918 3586 3107 3656 ipsum
3139 3587 3393 3642 delatum
3422 3590 3507 3641 est
3535 3605 3678 3659 pau-

1983 3690 2186 3746 perum
2219 3674 2415 3727 usibus
2447 3674 2897 3729 subtraheretur.

2055 3765 2170 3817 Hoc
2214 3763 2417 3817 ordine
2469 3763 2615 3817 mira
2659 3762 2952 3818 celeritate
2994 3763 3336 3835 Lugdunum
3390 3764 3681 3836 ingressus

1985 3857 2093 3920 est,
2122 3851 2217 3905 ubi
2252 3853 2272 3886 ³
2301 3851 2566 3906 Rusticus
2599 3857 2736 3905 tunc
2766 3852 3153 3922 episcopalem
3184 3853 3512 3908 cathedram
3541 3872 3680 3925 pos-

1986 3940 2225 4006 sidebat,
2251 3940 2423 3993 homo
2445 3939 2546 4010 qui
2576 3944 2632 3993 et
2650 3940 2711 3993 in
2733 3939 3021 3993 saecularis
3043 3940 3193 3995 tituli
3216 3942 3683 4012 praefiguratione

1986 4029 2335 4083 sacerdotem
2380 4044 2608 4099 semper
2654 4028 2934 4096 exhibuit,
2987 4034 3044 4083 et
3094 4030 3199 4084 sub
3249 4036 3529 4100 praetexta
3572 4032 3682 4087 fori

1987 4118 2434 4189 gubernatorem
2465 4118 2643 4188 gessit
2672 4116 2932 4172 Ecclesiae
2961 4133 2975 4171 :
3009 4116 3109 4187 qui
3140 4121 3297 4171 trans
3333 4119 3683 4174 Rhodanum

1987 4207 2228 4262 ﬂuvium
2273 4206 2547 4261 adventui
2594 4206 2776 4276 ipsius
2822 4206 3095 4276 spiritalis
3135 4206 3352 4260 laetitia;
3384 4206 3550 4277 copia
3591 4224 3680 4263 re-

1989 4297 2177 4367 pletus
2211 4295 2476 4362 occurrit,
2518 4311 2747 4350 causam
2779 4294 3213 4349 commeationis
3247 4295 3509 4366 inquirit,
3552 4313 3684 4368 quas

154 4389 205 4444 in
237 4371 480 4461 quanta
521 4388 990 4441 remuneratione
1030 4386 1201 4456 hujus
1239 4386 1450 4440 factum
1482 4386 1737 4456 suscipis,
1773 4402 1878 4456 pro
1916 4371 1960 4425 Ῑ)
1989 4389 2176 4440 essent
2211 4384 2437 4439 astutias
2471 4384 2643 4456 regis,
2677 4383 2927 4438 edocuit.
2957 4383 3136 4448 Quem
3170 4400 3239 4438 ne
3279 4384 3685 4455 inopinantem

156 4484 231 4532 tot
262 4478 544 4533 millibus
588 4492 994 4547 oppressorum
1026 4476 1290 4530 libertate
1320 4474 1642 4544 tractantis,
1678 4475 1778 4547 qui
1806 4476 1873 4529 il-

156 4568 267 4623 lum
302 4584 423 4639 pro
475 4566 650 4620 unius
681 4565 891 4619 servati
928 4564 1184 4619 hominis
1224 4565 1503 4635 sanguine
1533 4564 1873 4618 sublimasti.

156 4660 370 4728 Perage
424 4672 575 4726 ergo
617 4660 800 4725 coepta
840 4655 1102 4721 festinus,
1148 4659 1203 4707 et
1249 4654 1533 4708 felicitatis
1565 4659 1680 4707 tum
1720 4653 1879 4707 obla-

156 4748 369 4801 tionem
418 4748 599 4800 lretus
630 4748 889 4815 apporta,
928 4760 1157 4815 meque,
1191 4743 1452 4814 quamvis
1487 4743 1593 4797 sim
1625 4747 1875 4813 paratus,

159 4836 411 4901 stimula,
452 4849 530 4887 ne
563 4832 621 4885 in
654 4832 943 4886 offerendo
976 4838 1094 4886 tam
1127 4832 1366 4886 odorato
1398 4830 1674 4885 sacriﬁcio
1700 4830 1877 4885 tardi-

159 4924 281 4977 tatis
311 4924 497 4978 obice
528 4920 861 4975 refreneris.
895 4920 1107 4975 Christi
1131 4920 1534 4990 Redemptoris
1560 4920 1741 4974 nostri
1770 4920 1879 4975 erit

157 5014 505 5079 concedere,
542 5010 690 5063 sicut
719 5026 784 5064 ex
817 5010 1087 5081 operibus
1128 5010 1384 5063 futurum
1416 5009 1774 5078 conjicimus,
1814 5014 1880 5064 ut

154 5117 280 5155 vere
328 5102 683 5155 holocausta
712 5105 811 5154 tua
851 5115 955 5171 per
985 5114 1191 5153 manus
1232 5114 1390 5153 meas
1426 5098 1610 5169 possis
1651 5098 1874 5153 offerre.

224 5279 237 5310 ¹
274 5274 641 5349 Burgundio
663 5273 935 5349 immitis]
970 5274 1359 5349 Gundobadus
1390 5274 1878 5349 Burgundionum

155 5365 247 5402 rex
273 5345 596 5416 Liguriam
628 5345 924 5400 hostiliter
950 5348 1282 5417 populatus,
1316 5348 1491 5401 multa
1520 5345 1877 5415 captivorum

154 5420 338 5474 millia
384 5418 744 5488 Lugdunum
783 5416 1112 5486 abduxerat,
1156 5434 1438 5489 agrosque
1478 5416 1692 5472 colonis
1730 5432 1880 5489 pene

156 5507 407 5546 vacuum
446 5489 784 5559 reliquerat.
812 5489 897 5544 Ad
921 5490 1021 5543 hos
1052 5488 1417 5544 redimendos
1439 5493 1642 5559 quarta
1663 5488 1879 5555 legatio

156 5561 900 5633 imponiturngipbanio,
925 5562 1146 5630 adjecto
1196 5560 1374 5633 ipsius
1422 5564 1628 5631 rogatu
1662 5560 1881 5629 collega

160 5631 389 5688 Vidtore
426 5632 702 5702 epiSCOpo
732 5631 1041 5686 Taurinate
1065 5647 1217 5702 anno
1244 5632 1369 5685 494.

222 5705 247 5740 ²
276 5701 494 5761 Schot.
522 5706 579 5759 et
602 5701 769 5775 8011.,
800 5701 1304 5776 oppugnatoribus.

1986 4474 2377 4545 objectionum
2435 4478 2531 4527 aut
2596 4472 2982 4544 responsionis
3040 4473 3319 4528 calliditas
3375 4474 3683 4544 inveniret,

1987 4564 2138 4617 intra
2180 4562 2475 4633 penetrale
2516 4562 2763 4633 pectoris
2811 4562 3192 4616 certaminum
3251 4578 3309 4616 se
3354 4562 3685 4633 prolusione

1987 4652 2289 4707 formabat.
2333 4652 2513 4715 Quem
2548 4656 2857 4722 postquam
2908 4651 3293 4707 Gundobadus
3322 4655 3491 4706 terra:
3526 4652 3685 4707 illius

1988 4740 2254 4795 dominus
2293 4739 2513 4794 venisse
2553 4740 2837 4811 cognovit,
2871 4759 2899 4794 (ι
2946 4741 3051 4809 Ite,
3092 4739 3282 4812 inquit
3311 4741 3382 4795 ad
3425 4757 3578 4810 suos,
3630 4745 3689 4796 et

1986 4830 2170 4885 videte
2217 4829 2512 4884 hominem
2557 4846 2731 4901 quem
2781 4834 2839 4884 et
2890 4829 3110 4883 meritis
3154 4835 3212 4883 et
3253 4830 3413 4884 vultu
3462 4846 3689 4902 semper

1987 4938 2093 4993 ego
2114 4920 2406 4975 Laurentii
2436 4918 2709 4991 martyris
2730 4936 2993 4990 personae
3011 4919 3311 4990 conjunxi:
3338 4920 3435 4992 qui
3458 4922 3688 4991 quando

1986 5026 2093 5065 nos
2124 5010 2261 5064 velit
2297 5009 2489 5064 videre
2521 5008 2818 5079 inquirite,
2860 5014 2916 5064 et
2946 5025 3077 5063 cum
3100 5009 3341 5079 jusserit
3364 5008 3618 5063 invitata.
3655 5031 3685 5060 ι

1984 5100 2107 5154 Mox
2140 5100 2212 5153 ad
2242 5114 2375 5154 eum
2407 5098 2594 5152 omnis
2626 5097 3081 5153 Christianorum
3113 5097 3391 5169 principis
3424 5097 3687 5153 assisten-

2062 5280 2083 5312 ³
2112 5276 2389 5342 Bollaud.,
2421 5277 2709 5329 mercatus
2734 5277 2820 5329 est
2848 5277 3029 5345 patri.

2059 5353 2080 5384 ι
2108 5347 2322 5413 Schot.,
2354 5344 2553 5416 patria
2582 5347 2807 5417 ubique,
2837 5344 3066 5417 ubique,
3090 5348 3209 5417 etc.

2058 5416 2081 5452 ⁵
2109 5418 2133 5440 ³⁵
2163 5415 2429 5473 Rusticus
2470 5420 2607 5472 tunc
2634 5415 3040 5490 episcopalem]
3081 5415 3382 5490 successor
3410 5416 3685 5490 Patientis

1990 5489 2072 5561 ad,
2114 5505 2303 5561 quem,
2333 5493 2514 5542 exstat
2543 5487 2786 5561 epistola
2826 5487 3066 5561 Sidonii,
3102 5487 3361 5541 decessor
3408 5488 3685 5561 Stephani

1988 5560 2081 5615 cui
2112 5558 2331 5630 scripsit
2361 5560 2653 5614 Ennodius
2681 5560 2780 5614 lib.
2814 5576 2897 5625 IlI,
2931 5558 3095 5629 epist.
3136 5561 3220 5613 17.

2050 5650 2072 5677 ⁴
2096 5647 2226 5701 Vide
2247 5647 2514 5699 Sirmondi
2535 5647 2931 5699 adnotationem
2952 5647 3181 5711 primam
3206 5647 3259 5697 in
3272 5646 3409 5700 Aviti
3433 5648 3582 5713 epist.
3604 5650 3682 5699 24.
