4060 6174
382 368 479 421 231
1612 358 1897 415 ENNODII
1937 357 2257 416 EPISCOPI
2293 357 2686 415 TICINENSIS
3274 377 3283 387 '
3492 370 3509 377 "
3766 360 3866 414 232

382 498 530 553 tium
578 496 750 551 turba
796 492 1068 549 conﬂuxit
1097 509 1111 548 :
1160 492 1258 563 qui
1304 490 1521 546 affatim
1556 491 1934 547 admiratione
1978 508 2071 547 ca-
2108 498 2156 552 Α
2181 492 2346 547 debat
2377 491 2680 563 displicere
2710 507 2898 563 posse,
2931 491 2979 545 si
3012 490 3295 562 perderet.
3331 492 3393 546 In
3418 509 3706 547 summam
3729 494 3869 565 capti

383 587 711 657 piebantur,
758 584 914 655 quod
944 583 1040 636 illa
1069 586 1149 635 tot
1177 582 1507 651 linguarum
1541 580 1692 635 fama
1721 587 1837 636 tam
1889 583 2077 637 mino-
2191 585 2343 650 sunt,
2373 597 2517 651 quos
2541 596 2713 635 nemo
2737 580 3020 651 fugientes
3051 580 3288 635 invenit.
3313 581 3703 651 Agricolarum
3732 581 3873 635 labo-

386 691 505 729 rem
531 691 589 728 se
620 674 682 727 in
709 672 836 739 isto,
869 669 1125 742 quamvis
1149 674 1295 723 esset
1326 670 1537 739 ampla,
1571 675 1951 725 monstraret:
1986 670 2079 725 cui
2190 669 2355 724 riosae
2397 670 2615 740 stirpes,
2657 672 2712 722 et
2750 668 2909 723 duris
2949 669 3267 724 exercitatae
3306 669 3601 740 ligonibus
3640 669 3869 739 soboles,

384 775 684 831 nunquam
734 759 1019 813 sufﬁceret
1049 759 1385 827 paupertate
1416 772 1769 821 sermonum,
1822 757 2081 828 quamvis
2192 775 2336 829 quos
2380 776 2483 830 per
2509 763 2719 813 terrain
2754 774 2917 812 suam
2946 758 3127 829 pascit
3166 759 3498 813 infabricata
3530 759 3874 829 simplicitas,

384 850 729 920 ditiorjusto
760 851 906 901 esset
930 846 989 899 in
1018 846 1277 917 reliquis.
1311 844 1665 899 Constitutus
1695 862 1829 916 ergo
1851 847 2084 901 videndi
2192 864 2323 903 cum
2357 848 2493 902 loris
2529 848 2673 902 colla
2711 852 3093 915 necterentur,
3134 852 3188 901 et
3211 850 3431 917 palmas
3462 848 3712 901 vinceret
3737 853 3879 902 arcta

383 952 581 1008 regem
627 935 747 989 dies
780 951 792 988 :
839 934 910 987 ad
942 948 1113 1003 quem
1158 949 1288 986 cum
1322 932 1612 1002 ingressus
1642 936 1744 1000 est,
1795 932 2079 998 salutavit,
2192 937 2490 1003 connexio,
2516 936 2657 991 nihil
2690 953 2795 1007 pro
2817 936 3147 990 defensione
3182 954 3281 990 sua
3302 937 3457 991 aliud
3481 936 3874 991 clamitabant:

384 1031 441 1080 et
470 1041 571 1078 sua
601 1031 842 1093 uterque
872 1022 1089 1076 visione
1116 1022 1292 1075 laetati
1321 1026 1471 1074 sunt.
1508 1021 1676 1075 Dedit
1707 1037 1930 1075 summo
1960 1020 2083 1074 viro
2192 1025 2431 1093 Scimus,
2472 1029 2527 1080 et
2578 1025 2874 1096 evidenter
2915 1026 3278 1093 agnoscimus
3306 1043 3317 1080 :
3380 1042 3568 1080 nonne
3614 1042 3709 1079 vos
3758 1026 3878 1079 estis

388 1112 590 1167 Victori
628 1112 941 1178 licentiam,
991 1111 1039 1165 si
1065 1111 1299 1181 juberet
1342 1109 1488 1180 ipse,
1517 1110 1869 1181 principium
1919 1111 2082 1181 lega-
2193 1114 2633 1185 Burgundiones
2680 1114 2899 1168 nostri?
2947 1114 3162 1184 Videte,
3210 1131 3281 1168 ne
3314 1119 3443 1169 ante
3486 1115 3643 1185 pium
3691 1129 3878 1184 regem

382 1202 555 1255 tionis
586 1200 805 1255 ordiri:
857 1201 956 1271 qui
1006 1199 1073 1254 ad
1104 1199 1264 1253 illum
1315 1188 1484 1253 omne
1513 1200 1739 1269 pondus
1765 1200 1981 1267 retulit,
2026 1204 2087 1254 ut
2195 1218 2323 1274 qum
2354 1202 2556 1269 facitis,
2591 1203 2896 1270 excusetis;
2930 1208 2984 1255 et
3016 1203 3114 1256 illa
3140 1203 3495 1257 urbanorum
3527 1202 3879 1256 consuetudi-

383 1294 493 1347 fuit
522 1294 591 1347 ad
624 1298 890 1346 cunctam
922 1292 1314 1345 humilitatem
1344 1290 1758 1361 paratissimus.
2194 1308 2268 1346 ne
2312 1291 2556 1345 crimina
2587 1291 2975 1362 supprimatis.
3010 1291 3244 1354 Quoties
3272 1306 3413 1361 quas
3456 1290 3635 1360 ligare
3676 1306 3877 1360 praesu-

459 1384 498 1437 E
541 1381 782 1451 vestigio
826 1382 997 1434 decus
1032 1381 1207 1434 Italiae
1236 1380 1472 1433 antistes
1498 1385 1697 1435 noster
1730 1381 1937 1435 talibus
1966 1396 2087 1433 ver—
2194 1382 2370 1447 mitis,
2424 1397 2628 1434 manus
2678 1380 2913 1435 domino
2946 1379 3240 1435 communi
3287 1380 3503 1433 tributa
3550 1378 3882 1433 solverunt?

383 1472 471 1526 bis
498 1486 696 1541 regem
724 1470 894 1540 coepit
923 1468 1084 1523 affari
1118 1486 1131 1524 :
1168 1492 1195 1520 «
1229 1469 1645 1539 Inexplicabilis
1678 1469 1820 1522 mihi
1843 1470 1963 1539 jam
1985 1469 2085 1524 du-
2198 1467 2469 1521 Novimus
2501 1469 2636 1539 quia
2680 1468 2776 1521 ille
2808 1469 2933 1522 ﬁeri
2980 1468 3087 1522 ista
3126 1485 3244 1522 non
3270 1468 3458 1539 jussit.
3494 1470 3605 1523 Hac
3650 1466 3884 1522 auctori-

386 1561 545 1627 dum,
599 1559 1001 1630 prohatissime
1031 1558 1315 1629 princeps,
1383 1558 1555 1612 vestri
1586 1574 1749 1611 amor
1788 1558 2082 1629 imposuit,
2195 1558 2310 1610 tate
2338 1556 2531 1610 miseri
2557 1573 2660 1627 pro
2695 1556 2909 1610 solatiis
2940 1557 3267 1611 utebantur.
3303 1558 3506 1612 Multos
3531 1561 3724 1611 tamen
3756 1556 3884 1611 inte-

386 1665 490 1721 per
520 1648 632 1702 iter
678 1648 830 1701 istud
856 1653 1055 1713 contra
1089 1651 1357 1701 naturam
1393 1651 1449 1699 et
1477 1651 1704 1717 tempus
1732 1646 1881 1699 bella
1916 1647 2088 1700 susci-
2197 1645 2420 1715 gritatis
2450 1651 2561 1699 tua:
2604 1646 2811 1700 ﬁducia
2840 1646 2972 1701 fecit
3017 1646 3292 1713 interimi,
3331 1646 3467 1700 dum
3503 1646 3654 1717 capti
3692 1662 3883 1716 super-

385 1752 546 1808 pere,
579 1740 635 1790 et
664 1736 897 1789 crustati
926 1735 1138 1789 montis
1168 1735 1423 1805 pericula
1451 1750 1565 1788 non
1596 1734 1800 1788 timere
1829 1751 1841 1787 :
1877 1735 2085 1804 quibus
2128 1794 2165 1808 η
2195 1733 2322 1788 hius
2388 1735 2825 1805 responderunt.
2890 1736 3081 1790 Redde
3139 1752 3274 1806 ergo
3332 1736 3589 1790 residuos
3654 1736 3881 1807 patrie;

386 1794 614 1881 dum'in
670 1824 970 1879 metallum
1010 1794 1189 1894 aquas
1234 1825 1555 1886 arctaverit,
1604 1794 1969 1895 coagulatum
2019 1840 2085 1878 ex
2127 1794 2167 1847 Β
2196 1824 2369 1877 redde
2408 1794 2639 1893 origini,
2682 1824 2853 1878 redde
2885 1825 3082 1895 gloria
3112 1794 3245 1879 tua;
3300 1825 3585 1896 Antiquus
3625 1794 3884 1879 dominus

388 1916 609 1986 liquore
652 1914 907 1967 minatur
948 1913 1209 1968 exitium.
1256 1912 1602 1967 Transcendi
1634 1912 1835 1967 alienis
1882 1913 2091 1968 mensi-
2196 1912 2554 1982 provinciam
2597 1913 2804 1984 diligit,
2841 1929 3015 1984 quam
3045 1919 3103 1968 et
3150 1914 3461 1968 modernus
3510 1914 3882 1985 amplectitur.

390 2004 496 2058 bus
522 2003 837 2072 ninguidos
868 2002 1079 2055 saltus:
1106 2001 1275 2072 posui
1296 2018 1525 2073 gressus
1548 2018 1692 2072 quos
1720 2002 1781 2056 in
1812 2001 1929 2056 suis
1950 2002 2089 2057 locis
2197 2001 2444 2055 Remitte
2484 2002 2744 2071 quamvis
2776 2002 2847 2056 ad
2879 2000 3128 2056 alienam
3168 2002 3467 2069 ditionem,
3505 2002 3603 2074 qui
3637 2019 3696 2056 se
3736 2006 3791 2056 et
3818 2000 3887 2055 ibi

390 2092 471 2145 vis
502 2091 731 2161 frigoris
773 2090 1083 2160 obligabat.
1123 2091 1416 2144 Postremo
1449 2095 1695 2144 mortem
1734 2106 1852 2144 non
1900 2090 2085 2159 timui,
2197 2088 2367 2161 positi
2397 2095 2526 2144 tuos
2555 2107 2677 2144 esse
2718 2096 3085 2162 cognoscant.
3122 2092 3329 2146 Parum
3362 2092 3513 2146 enim
3545 2090 3744 2162 gratia:
3785 2090 3891 2144 im-

391 2185 457 2235 ut
484 2180 588 2234 tibi
620 2180 771 2234 celer
814 2179 1123 2249 praemium
1165 2185 1396 2233 aeternae
1428 2180 1568 2233 lucis
1601 2179 1886 2235 aﬁ‘errem.
1935 2180 2091 2235 Inter
2197 2178 2506 2248 pendimus
2537 2177 2691 2232 illius
2716 2180 2981 2251 imperio,
3005 2181 3167 2252 cujus
3200 2180 3604 2235 misericordiae
3633 2179 3780 2234 nihil
3806 2180 3891 2233 de-

389 2270 529 2323 duos
560 2269 807 2339 optimos
838 2284 1004 2339 reges
1034 2268 1433 2322 testimonium
1466 2269 1526 2321 in
1555 2269 1878 2323 coelestibus
1903 2268 2086 2323 dictu-
2197 2267 2418 2321 bemus.
2461 2268 2648 2322 Vacua
2674 2269 2928 2323 sentibus
2964 2269 3120 2324 illam
3153 2287 3326 2341 quam
3355 2270 3501 2324 bene
3528 2270 3679 2324 nosti
3727 2268 3890 2339 Ligu-

392 2376 486 2413 rus
513 2358 806 2425 adhibeor,
840 2357 887 2410 si
914 2358 1067 2428 quod
1099 2357 1195 2411 ille
1228 2357 1677 2411 misericorditer
1717 2358 1989 2428 postulat,
2026 2362 2089 2411 tu
2195 2355 2362 2424 riam,
2395 2361 2451 2410 et
2492 2358 2652 2427 reple
2683 2357 2941 2412 culturis.
2974 2358 3262 2422 Quantum
3304 2358 3545 2413 obnoxia
3577 2359 3651 2412 sit
3697 2373 3889 2412 mune-

390 2445 707 2500 clementer
751 2447 1096 2500 commodes.
1149 2446 1350 2499 Munus
1395 2446 1854 2516 repromissionis
1904 2445 2088 2500 domi-
2196 2444 2355 2498 ribus
2381 2446 2493 2499 tuis
2523 2446 2811 2517 intelligit,
2845 2446 2891 2500 si
2921 2447 3122 2502 faciem
3159 2463 3320 2501 suam
3353 2447 3662 2518 aliquando
3692 2461 3890 2517 cogno-

392 2534 532 2588 nicae
563 2550 729 2605 aequa
758 2534 918 2588 lance
955 2533 1226 2588 dividite:
1274 2539 1329 2587 et
1354 2550 1483 2588 cum
1513 2534 1680 2589 ambo
1711 2534 1957 2605 amplius
1986 2535 2088 2588 ha-
2197 2535 2362 2588 verit.
2412 2536 2793 2590 Domesticum
2824 2536 2927 2590 tibi
2957 2552 3182 2608 semper
3212 2542 3294 2590 est
3323 2536 3620 2606 indulgere
3673 2534 3886 2606 suppli-

393 2623 651 2689 bueritis,
704 2623 914 2676 damna
954 2638 1121 2676 nemo
1155 2623 1392 2693 lugebit.
1442 2624 1683 2691 Certate,
1732 2624 1900 2677 duces
1944 2623 2087 2677 invi-
2203 2622 2384 2689 cibus,
2447 2624 2592 2678 sicut
2644 2624 2919 2694 superbos
2978 2624 3324 2696 opprimere.
3386 2625 3477 2679 Sic
3540 2625 3598 2678 in
3650 2629 3889 2695 utroque

392 2712 650 2781 ctissimi,
707 2718 762 2768 et
814 2712 1156 2766 alterutrum
1209 2728 1305 2765 vos
1365 2715 1727 2783 exsequendo
1802 2717 2091 2784 praecepta
2196 2710 2560 2779 fortissimos,
2606 2712 2685 2768 ibi
2716 2729 2819 2784 per
2861 2713 3135 2784 gladium,
3183 2713 3274 2768 hic
3312 2730 3415 2785 per
3457 2712 3889 2785 temperantiam

395 2803 629 2873 mystica
675 2806 958 2872 superate.
994 2801 1059 2855 In
1100 2817 1213 2871 qua
1243 2800 1666 2855 conﬂictatione
1700 2802 1778 2856 sic
1826 2802 2089 2857 bravium
2201 2800 2534 2871 triumphos
2566 2802 2847 2872 acquires.
2879 2803 3098 2857 Nostris
3125 2801 3149 2835 ²
3180 2808 3506 2857 nostrorum
3536 2816 3889 2856 commovere

390 2892 568 2945 victor
617 2891 877 2961 accipiet,
913 2896 977 2945 ut
1006 2890 1190 2944 victus
1226 2891 1527 2961 praemium
1558 2907 1674 2945 non
1705 2891 1946 2946 amittat.
1999 2891 2091 2945 Se—
2204 2887 2453 2944 ﬂetibus.
2493 2889 2583 2945 Sic
2616 2890 2676 2944 in
2704 2891 3062 2945 successione
3093 2891 3256 2963 regni
3287 2892 3450 2945 istius
3480 2890 3775 2961 legitimus
3794 2888 3891 2944 tibi

391 2981 635 3052 quimini
667 2980 974 3035 consilium
1012 2995 1227 3046 meum,
1260 2985 1315 3035 et
1339 2980 1510 3035 ambo
1544 2981 1890 3051 superiores,
1921 2981 2089 3035 ambo
2202 2977 2384 3031 haeres
2411 2984 2713 3048 accrescat,
2756 2984 2811 3033 et
2840 2996 2941 3051 per
2980 2996 3139 3051 spem
3173 2979 3381 3034 adulta
3421 2983 3441 3014 ³
3480 2978 3789 3050 progenies
3826 2976 3892 3030 ad

390 3085 554 3141 pares
601 3069 911 3124 exstabitis.
968 3069 1273 3124 Redimere
1321 3070 1480 3140 cupit
1528 3070 1623 3124 ille
1668 3072 1965 3142 captivos:
2024 3074 2089 3125 tu
2129 3093 2168 3149 ρ
2201 3066 2676 3138 Burgundionum
2711 3068 3099 3138 gubernacula
3143 3067 3477 3122 reviviscas:
3514 3072 3571 3122 et
3617 3068 3751 3121 licet
3794 3066 3895 3120 hoc

391 3159 512 3213 sine
561 3160 749 3230 pretio
793 3158 966 3213 redde
1020 3158 1368 3228 genitalibus
1410 3158 1610 3228 glebis.
1661 3159 1795 3213 Mihi
1850 3159 2084 3227 credite,
2199 3156 2319 3210 Deo
2366 3155 2608 3225 tribuas,
2653 3156 2834 3227 adjice
2882 3162 2939 3211 et
2982 3156 3153 3225 illud;
3205 3157 3359 3228 quod
3414 3173 3517 3211 nec
3564 3156 3893 3210 hominibus

391 3263 561 3303 nemo
612 3248 842 3302 uberius
890 3248 951 3301 in
982 3247 1087 3300 hac
1135 3262 1325 3315 causa,
1378 3264 1547 3301 nemo
1591 3248 1779 3318 majus
1827 3248 2085 3318 accipiet.
2200 3245 2449 3299 externis
2480 3245 2633 3299 istud
2661 3245 2967 3316 impendis.
3003 3246 3126 3299 Jam
3163 3245 3265 3299 tibi
3291 3246 3469 3300 Italiae
3500 3244 3815 3300 dominus“
3845 3247 3897 3297 et

392 3354 565 3410 quam
597 3337 695 3409 qui
727 3336 871 3391 nihil
920 3335 1203 3406 acceperit
1237 3352 1250 3389 :
1303 3335 1736 3390 defraudabitur
1782 3336 2088 3407 prmmium
2201 3334 2635 3388 necessitudinis
2658 3334 2933 3387 afﬁnitate
2958 3334 3364 3405 conjungitur:
3399 3335 3471 3388 sit
3493 3334 3597 3388 ﬁlii
3629 3335 3898 3404 tuispon-

390 3428 567 3499 partis
607 3427 781 3492 illius,
817 3431 989 3496 atque
1032 3425 1102 3479 ad
1129 3429 1226 3478 tua
1252 3424 1594 3495 compendia
1631 3425 1855 3479 lucrum
1886 3425 2091 3480 transit
2199 3439 2259 3477 sa
2292 3422 2718 3493 Latialargitas,
2746 3422 3029 3476 absolutio
3062 3424 3452 3494 captivorum:
3487 3423 3689 3477 offerat
3722 3426 3895 3493 pacta:

390 3517 646 3582 alterius,
701 3515 745 3569 si
792 3532 937 3586 quos
979 3518 1036 3568 et
1075 3513 1321 3567 vendere
1353 3512 1672 3584 gloriosum
1721 3519 1825 3578 est,
1874 3515 2089 3568 donare
2199 3528 2316 3567 suae
2348 3528 2581 3578 munus,
2626 3512 2783 3582 quod
2812 3517 2868 3565 et
2911 3512 3166 3566 Christus
3209 3512 3464 3583 accipiat.
3518 3535 3545 3561 »
3588 3514 3718 3566 Haec
3769 3527 3895 3566 cum

389 3605 674 3676 disponas.
704 3604 809 3659 Pro
836 3607 1117 3674 quantum
1139 3602 1427 3672 dispendii
1462 3603 1529 3656 de
1560 3603 1973 3673 pollicitatione
2005 3604 2085 3658 di-
2199 3601 2453 3666 dixisset,
2502 3599 2852 3654 commonito
2886 3605 3079 3655 sancto
3112 3602 3330 3671 collega
3370 3601 3593 3655 Victore
3625 3602 3892 3666 surrexit,

390 3694 519 3747 vina
565 3691 827 3747 offerenti
857 3707 1062 3746 aurum
1110 3691 1168 3744 in
1200 3690 1306 3744 hoc
1353 3691 1608 3761 negotio,
1656 3693 1704 3745 si
1743 3692 2088 3759 remittatur,
2198 3694 2254 3745 et
2283 3706 2464 3761 usque
2495 3689 2566 3743 ad
2604 3693 2803 3760 pectus
2835 3688 3062 3759 regium
3088 3689 3484 3760 lacrymantes,
3518 3695 3573 3744 et
3610 3706 3745 3746 cum
3774 3707 3895 3746 om-

391 3780 647 3849 intliget;
683 3780 773 3834 vel
813 3783 1092 3849 quantam
1124 3777 1478 3848 pauperiem,
1514 3778 1561 3832 si
1590 3778 1953 3849 suscipiatur,
1991 3797 2089 3852 ap-
2198 3778 2369 3833 nibus
2397 3782 2636 3849 propter
2660 3778 2976 3832 astantibus
3006 3777 3192 3848 capita
3221 3778 3629 3834 submiserunt.

393 3867 608 3940 portatl
638 3867 851 3922 Divites
891 3866 1174 3921 exercitus
1204 3872 1332 3920 tuos
1362 3867 1533 3921 faciet
1564 3872 1893 3939 contempta
1922 3884 2093 3939 pecu-
2272 3870 2431 3923 Tunc
2489 3884 2587 3921 rex
2625 3866 3087 3938 probatissimus,
3142 3872 3203 3921 ut
3247 3873 3368 3921 erat
3407 3868 3581 3921 fando
3621 3868 3893 3939 locuples,

394 3958 507 4025 nia,
562 3956 839 4027 acquisita
889 3955 1199 4009 mendicos.
1252 3956 1398 4010 Audi
1444 3957 1716 4011 Italorum
1766 3958 2091 4028 supplicum
2201 3961 2259 4012 et
2287 3972 2352 4011 ex
2396 3956 2738 4026 eloquentia:
2767 3955 2922 4011 dives
2952 3956 3177 4027 opibus,
3220 3960 3276 4010 et
3304 3956 3581 4011 facundus
3628 3961 3897 4019 assertor,

394 4062 577 4114 voces,
610 4051 666 4100 et
697 4045 766 4099 de
807 4050 862 4099 te
891 4049 1345 4115 prtesumentum
1380 4061 1577 4115 preces
1609 4062 1843 4101 serenus
1880 4047 2093 4101 ~admit—
2199 4045 2388 4100 verbis
2428 4044 2621 4098 taliter
2647 4045 2819 4098 verba
2850 4045 3140 4114 reposuit:
3186 4066 3213 4094 «
3244 4046 3383 4099 Belli
3407 4047 3539 4115 jura
3570 4044 3730 4116 pacis
3780 4061 3903 4098 sua-

392 4135 631 4189 te.Audi
653 4135 875 4189 Italiam
908 4149 1205 4204 nunquam
1226 4149 1258 4187 a
1284 4138 1337 4187 te
1370 4134 1632 4203 divisam,
1666 4140 1723 4189 et
1752 4136 1999 4189 multum
2022 4137 2090 4190 de
2202 4150 2294 4189 sor
2321 4134 2574 4204 ignoras,
2614 4137 2669 4187 et
2712 4132 3070 4187 conditiones
3100 4134 3289 4205 gladio
3320 4135 3532 4189 de'cisas
3580 4134 3902 4188 concordia:

393 4224 571 4278 animi
622 4223 706 4278 tui
736 4221 1041 4278 clementia
1084 4222 1507 4278 conﬁdentem:
1558 4241 1687 4295 quae,
1716 4224 1764 4278 si
1794 4241 1912 4279 una
1954 4240 2090 4279 voce
2203 4230 2400 4277 auctor
2429 4222 2739 4276 evisceras:
2772 4222 2860 4275 lex
2894 4225 2976 4276 est
3015 4224 3357 4278 certantium
3391 4239 3563 4295 quem
3601 4228 3776 4294 putas
3813 4238 3905 4276 er-

394 4317 673 4383 uteretur,
706 4313 827 4367 haec
856 4313 1088 4367 diceret.
1135 4312 1369 4376 Quoties
1400 4328 1504 4382 pro
1532 4328 1644 4381 me,
1678 4313 1724 4367 si
1755 4314 2087 4368 reminisce-
2200 4327 2429 4366 rorem:
2478 4310 2706 4365 frenum
2740 4310 3002 4365 nesciunt
3044 4310 3379 4381 inimicitiae,
3417 4329 3591 4384 quem
3623 4318 3706 4379 tu,
3743 4311 3905 4366 Chri-

394 4404 492 4470 ris,
540 4403 815 4457 ferratum
844 4405 1041 4472 pectus
1086 4400 1349 4455 hostibus
1378 4400 1686 4455 obtulisti?
1715 4404 1943 4473 quoties
1989 4420 2093 4474 pu-
2130 4450 2174 4504 D
2206 4401 2405 4455 stianaa
2455 4400 2599 4453 lucis
2632 4399 2825 4470 jubar,
2863 4400 3134 4454 ostendis.
3188 4401 3407 4455 Prazliis
3452 4401 3907 4472 temperantiam

396 4493 584 4563 gnasti
638 4490 895 4557 consilio,
946 4505 1019 4543 ne
1067 4489 1218 4543 bella
1256 4501 1275 4535 ί
1322 4488 1727 4558 subriperent?
1771 4506 1841 4545 ne
1887 4492 2094 4563 aliquis
2130 4488 2172 4504 ”
2205 4490 2398 4545 nullus
2445 4488 2715 4555 annectit,
2749 4505 2878 4560 quas
2918 4488 3033 4543 oris
3070 4488 3156 4543 tui
3182 4490 3391 4556 nitore,
3423 4491 3655 4561 egregie
3705 4491 3907 4544 mode-

400 4595 599 4635 eorum
632 4579 936 4633 duceretur
964 4578 1024 4631 in
1051 4592 1393 4648 quacunque
1425 4576 1578 4630 orbis
1608 4582 1769 4647 parte
1800 4581 2095 4651 captivus?
2203 4584 2378 4647 rator,
2412 4578 2708 4633 attollitur.
2747 4578 2964 4632 Statuta
2995 4582 3128 4632 sunt
3166 4578 3583 4645 dimicantium,
3618 4577 3909 4649 quidquid

400 4671 549 4733 Quos
591 4681 745 4720 nunc
774 4665 1013 4733 detines,
1062 4669 1127 4719 tu
1159 4664 1392 4719 nutristi
1426 4681 1439 4718 :
1491 4665 1686 4720 dolose
1724 4668 1867 4723 mihi
1915 4670 2098 4725 virtus
2204 4684 2323 4724 non
2351 4668 2504 4734 licet,
2547 4672 2684 4721 tunc
2712 4667 2904 4723 licere.
2938 4668 3053 4722 Ista
3082 4668 3227 4722 forte
3260 4667 3424 4739 quies
3453 4668 3723 4735 vindicet,
3778 4682 3909 4738 quae

401 4762 501 4810 tua
524 4752 869 4808 beneﬁcium
902 4752 1187 4823 praestitit,
1221 4752 1267 4806 si
1294 4769 1440 4824 quos
1466 4754 1538 4808 ab
1569 4756 1853 4811 extraneis
1882 4762 2099 4813 tutatus
2205 4757 2484 4812 narrasti:
2536 4756 2759 4811 hostem
2792 4772 2961 4811 suum
2996 4758 3095 4828 qui
3125 4774 3243 4811 non
3276 4757 3441 4825 laesit,
3474 4758 3723 4827 adjuvat.
3765 4758 3910 4811 Pau-

398 4847 485 4898 est
503 4844 712 4907 custos,
742 4839 969 4893 invasit.
999 4840 1137 4905 Quis
1162 4845 1495 4895 catenarum
1517 4843 1759 4897 nexibus
1787 4845 2098 4915 impeditus
2204 4846 2364 4901 latim
2398 4846 2755 4900 adversarius
2785 4862 2817 4898 a
2848 4846 3010 4916 regni
3043 4846 3131 4899 sui
3162 4846 3314 4900 mole
3363 4846 3694 4913 succiditur,
3745 4846 3913 4915 cujus

399 4932 560 4985 durae
592 4928 733 4982 sorti
761 4944 877 4982 non
908 4929 1203 4984 uberiores
1236 4931 1510 5002 lacrymas
1542 4932 1856 5001 exhiberet,
1887 4950 2016 4989 cum
2040 4952 2099 4990 se
2204 4933 2435 5004 imperii
2466 4934 2683 4987 radices
2730 4936 2750 4970 ⁵
2781 4934 2996 4988 viribus
3040 4940 3435 5004 amputantur.
3479 4934 3735 5005 Reposui
3789 4933 3915 5004 regi

398 5019 473 5073 ad
509 5016 901 5071 conditionem
944 5018 1213 5073 liberator
1243 5019 1605 5089 impelleret?
1632 5020 1759 5091 quis
1789 5038 1846 5075 se
1878 5023 2099 5078 subdu-
2204 5022 2456 5093 partium
2502 5021 2737 5076 illarum
2784 5022 3214 5089 contumeliam,
3248 5039 3425 5093 quam
3465 5028 3635 5093 putas
3660 5024 3913 5077 illatam.

401 5110 570 5173 ceret,
607 5121 738 5159 cum
787 5121 1076 5161 armorum
1108 5114 1340 5161 tuorum
1389 5107 1642 5177 crepitus
1689 5110 2003 5175 audiretur,
2038 5112 2099 5166 in
2208 5110 2550 5165 Ludiﬁcatus
2600 5110 2786 5182 specie
2818 5110 3044 5165 foederis
3090 5110 3236 5166 nihil
3286 5112 3378 5181 egi
3426 5112 3760 5180 studiosius,
3806 5112 3919 5166 nisi

400 5195 595 5265 quoin
620 5195 1051 5251 necessitatibus
1071 5196 1425 5251 tutissimum
1447 5196 1701 5251 habuere
1726 5199 2098 5268 praesidium?
2207 5204 2272 5252 ut
2315 5199 2469 5270 quod
2497 5204 2583 5254 est
2629 5200 2887 5266 cautelae,
2920 5204 3149 5270 apertos
3194 5200 3462 5255 inimicos
3511 5216 3919 5271 agnoscerem.

404 5283 563 5337 Elisis
592 5284 738 5338 collo
773 5284 1036 5338 manibus
1086 5290 1346 5339 matrona
1393 5284 1678 5353 sublimis,
1724 5302 1854 5340 cum
1901 5288 2100 5341 trahe-
2207 5287 2491 5343 Concedat
2534 5294 2727 5343 tamen
2770 5288 3081 5343 divinitatis
3131 5305 3418 5355 assensus,
3476 5295 3543 5344 ut
3599 5289 3924 5343 solidatam

407 5376 562 5425 retur
592 5373 661 5426 ad
691 5373 942 5442 vincula,
974 5373 1242 5445 promisit
1273 5373 1381 5427 sibi
1413 5372 1699 5427 vindicem
1731 5378 1786 5428 te
1816 5374 2094 5430 futurum.
2206 5375 2358 5435 inter
2385 5393 2488 5431 nos
2520 5377 2706 5433 foedus
2736 5378 2907 5447 longa
2938 5381 3103 5433 aetate
3134 5382 3390 5433 servetur
3416 5394 3428 5433 :
3460 5379 3762 5433 invenient
3794 5394 3924 5450 par-

404 5460 573 5531 Virgo
603 5460 671 5515 ab
704 5463 1047 5534 stupratoris
1078 5461 1306 5517 insidiis
1337 5460 1624 5533 pudorem
1651 5477 1819 5517 suum
1848 5464 1953 5519 tibi
1974 5480 2103 5519 cre-
2207 5469 2292 5519 tes
2319 5464 2429 5519 illa:
2473 5471 2827 5521 constantem
2859 5467 2921 5521 in
2948 5465 3222 5539 amicitia,
3265 5482 3441 5540 quem
3472 5471 3786 5524 senserunt
3812 5466 3923 5523 sibi

477 5599 494 5677 ξ
526 5601 804 5677 Bo_lland.,
835 5603 1219 5677 subgreperent.
2277 5611 2300 5677 4
2329 5606 2525 5677 Iidem,
2559 5607 2751 5665 etiam.

473 5670 497 5773 ξ
748 5670 1469 5773 εἱξρέὲέζιῃοεινοναητᾳαθ
1496 5690 1739 5732 movere.
2281 5676 2304 5712 ⁸
2337 5670 2611 5751 Bolland.,
2639 5678 2875 5739 vicibus.

524 5744 723 5815 Iidem,
753 5744 1067 5817 progeniei.
