4060 6174
144 320 243 371 233

1150 312 1310 367 VITA
1352 310 1414 365 Β.
1457 308 1815 364 ΕΡῙΡΗΑΝΙΙ
1856 306 2171 364 EPISCOPI
2210 306 2621 363 TICINENSIS.

3528 306 3634 361 234

144 452 526 525 perniciosum
569 449 743 505 fuisse
770 448 907 503 dum
937 447 1216 519 litigatur.
1262 447 1370 501 Vos
1398 449 1613 511 tamen,
1648 444 1832 499 sancti
1868 446 1915 499 A
2015 446 2149 500 Post
2176 448 2526 516 prmceptum
2556 442 2869 497 venerandi
2906 442 3056 514 regis
3099 441 3345 514 impiger
3382 441 3479 498 ille
3508 457 3635 499 ver-

144 542 267 607 viri,
313 541 385 594 ad
419 541 615 595 domos
661 538 723 592 in
755 537 963 608 quibus
1008 535 1251 589 manetis
1295 534 1416 588 sine
1463 532 1832 589 tribulatione

144 631 449 686 discedite:
481 629 619 683 dum
651 644 755 697 ego
776 627 985 681 animas
1011 642 1156 679 meas
1186 629 1244 678 et
1264 623 1427 694 regni
1452 623 1693 677 utilitate
1723 622 1835 677 dis-

145 736 323 785 cussa,
355 735 480 790 quae
516 734 606 771 me
637 715 937 771 conveniat
968 716 1239 785 praestare
1266 712 1658 784 pronuntiem.
1687 731 1715 763 ιο
1741 711 1835 766 His

146 809 354 864 auditis
384 807 685 879 pontiﬁces
714 806 1123 859 abscesserunt.

212 899 285 950 At
314 896 413 949 ille
432 898 632 948 vocato
667 894 682 927 ¹
719 891 984 954 Laconio,
1012 890 1103 943 cui
1134 894 1192 943 et
1222 903 1412 942 rerum
1444 891 1500 941 et
1531 886 1837 941 verborum

150 986 283 1040 ﬁdes
310 984 381 1038 ab
410 984 509 1037 illo
542 998 770 1052 semper
800 984 923 1035 tute
964 978 1231 1033 mandata
1252 982 1353 1039 est,
1389 993 1561 1048 quem
1599 981 1655 1031 et
1683 992 1839 1047 pras-

151 1074 403 1144 rogativa
434 1071 735 1138 natalium,
769 1075 824 1124 et
871 1084 1106 1123 avorum
1154 1068 1379 1122 curules
1407 1082 1512 1137 per
1550 1066 1839 1137 magistrae

154 1161 451 1233 probitatis
506 1159 757 1229 insignia
807 1156 1210 1223 sublimavere,
1271 1171 1401 1210 cum
1454 1171 1567 1227 quo
1625 1154 1843 1209 confert

153 1252 372 1322 quoties
402 1256 461 1304 et
489 1250 583 1321 pia
613 1254 666 1303 et
696 1247 963 1317 religiosa
983 1245 1321 1312 meditatur;
1356 1249 1412 1299 et
1436 1244 1582 1298 sicut
1614 1260 1731 1298 non
1760 1248 1845 1298 est

152 1356 277 1395 cum
309 1338 463 1392 vitiis
494 1337 707 1391 sociata
729 1336 1022 1403 nobilitas,
1049 1350 1153 1389 nec
1184 1333 1524 1403 astringitur
1548 1332 1620 1386 ad
1646 1332 1843 1387 illece-

157 1429 276 1482 bras
304 1428 401 1481 lux
432 1432 676 1489 naturos;
712 1424 756 1478 si
790 1424 926 1495 quid
954 1424 1051 1477 ille
1083 1423 1329 1494 benigne
1361 1423 1547 1477 facere
1577 1420 1839 1485 voluerit,

154 1515 433 1588 duplicari
483 1514 587 1568 iste
637 1515 901 1567 hortatur
951 1511 1257 1565 adhibitus.
1317 1532 1346 1561 ‹‹
1397 1510 1499 1565 Cui
1558 1510 1842 1581 princeps,

152 1606 322 1673 Vade,
374 1604 584 1676 inquit,
622 1602 846 1669 Laconi,
895 1606 951 1655 et
981 1606 1098 1655 tota
1132 1606 1399 1655 votorum
1446 1606 1681 1654 tuorum
1721 1600 1848 1653 vela

1946 532 2153 588 borum
2186 533 2422 587 saltibus
2452 530 2823 603 indulgentia
2847 532 3062 603 species
3091 536 3190 586 aut
3216 532 3427 587 formas
3457 548 3637 603 expo-

1948 622 2080 689 suit,
2112 625 2169 675 et
2200 621 2422 675 chartas
2455 620 2525 675 ad
2555 620 2843 691 insignem
2878 619 3188 674 antistitem
3220 619 3464 676 detulit:
3495 636 3639 692 quas

1946 708 2042 762 ille
2094 724 2225 761 cum
2254 707 2733 778 exspectatissima
2769 707 3071 762 devotione
3103 708 3368 779 suscepit,
3418 713 3476 763 et
3502 725 3637 780 por-

1947 798 2180 853 titorem
2209 796 2353 851 tanti
2380 797 2514 851 doni
2546 797 2866 852 ambienter
2887 798 3182 868 amplexus
3213 802 3314 851 est.
3343 798 3451 862 Qui
3479 802 3637 868 post-

1950 903 2125 959 quam
2159 903 2356 941 rumor
2383 886 2652 955 innotuit,
2684 891 2842 941 tanta
2870 886 3037 942 istius
3064 887 3185 958 jam
3215 888 3415 943 libera:
3435 889 3638 944 multi-

1949 976 2169 1031 tudinis
2198 974 2523 1047 frequentia
2553 976 2742 1029 subito
2775 975 2973 1042 astitit,
3006 981 3069 1030 ut
3099 976 3354 1031 desolata
3382 977 3641 1033 crederes

1951 1081 2073 1120 esse
2101 1065 2271 1119 etiam
2319 1065 2519 1118 incolis
2564 1080 2697 1117 rura
2724 1064 3013 1119 Gallorum
3044 1081 3056 1119 :
3102 1081 3239 1120 nam
3269 1065 3429 1121 testis
3470 1065 3643 1137 hujus

1952 1155 2035 1208 rei
2061 1170 2167 1225 ego
2198 1169 2345 1220 sum,
2391 1169 2494 1223 per
2523 1153 2685 1223 cujus
2715 1169 2919 1207 manus
2948 1153 3188 1225 pictacia
3237 1153 3308 1208 ad
3353 1154 3645 1209 clausuras

1948 1243 2127 1315 jussio
2167 1242 2472 1296 sacerdotis
2503 1240 2718 1310 elicuit,
2761 1241 3211 1313 quadringentos
3244 1242 3505 1297 homines
3553 1243 3645 1298 die

1954 1349 2070 1387 una
2101 1332 2171 1386 de
2200 1333 2319 1385 sola
2351 1330 2718 1401 Lugdunensi
2750 1331 2975 1384 civitate
3002 1330 3288 1385 redituros
3320 1332 3391 1386 ad
3422 1332 3646 1387 Italiam

1954 1421 2129 1477 fuisse
2171 1419 2455 1475 dimissos.
2507 1419 2825 1474 Identidem
2861 1436 2964 1490 per
3007 1417 3031 1453 ²
3062 1420 3317 1490 singulas
3356 1421 3524 1477 urbes
3548 1422 3649 1477 Sa-

1956 1510 2207 1582 paudias,
2238 1511 2324 1563 vel
2348 1510 2592 1563 aliarum
2625 1509 3054 1579 provinciarum
3086 1510 3296 1563 factum
3324 1510 3651 1566 indubitan-

1956 1605 2043 1654 ter
2074 1598 2432 1669 agnovimus.
2466 1599 2551 1652 Ita
2589 1605 2652 1652 ut
2680 1598 2920 1652 istorum
2956 1615 3096 1670 quos
3130 1599 3264 1653 solae
3296 1616 3493 1670 preces
3523 1600 3652 1655 bea-

154 1694 459 1766 suspende.
494 1695 556 1747 Et
600 1693 859 1746 sacerdos
891 1709 921 1744 a
950 1690 1115 1744 nobis
1161 1696 1216 1744 et
1248 1690 1444 1744 beatus
1493 1689 1847 1759 Epiphanius
1888 1729 1929 1783 B
1958 1689 2163 1744 tissimi
2186 1688 2642 1755 viriliberarunt,
2666 1689 2795 1759 plus
2817 1705 2989 1759 quam
3012 1706 3108 1743 sex
3130 1690 3309 1744 millia
3328 1692 3654 1746 animarum

155 1786 399 1839 libenter
428 1782 657 1835 auditus
683 1786 801 1835 est:
842 1779 1004 1849 cujus
1035 1785 1089 1833 te
1116 1779 1379 1850 precibus
1416 1778 1587 1832 fuisse
1620 1793 1848 1849 permo-

156 1879 292 1941 tum,
327 1888 464 1927 cum
496 1870 645 1941 apud
678 1886 784 1923 nos
813 1869 984 1922 verba
1014 1869 1243 1933 faceret,
1276 1867 1604 1920 animorum
1636 1866 1853 1919 indices

156 1965 418 2033 lacryma:
452 1959 830 2014 testabantur.
863 1957 1038 2023 Vade,
1073 1958 1242 2027 pleno
1272 1960 1504 2027 pectore
1534 1956 1685 2010 dicta
1722 1972 1854 2009 sen-

158 2053 378 2117 tentias,
417 2066 523 2119 per
557 2064 700 2119 quas
730 2047 1012 2117 pactionis
1043 2046 1198 2100 illius
1226 2046 1527 2100 durissime
1558 2061 1737 2099 nexus
1768 2044 1852 2097 ir-

158 2156 410 2210 rumpas.
448 2139 636 2192 Liceat
676 2136 829 2189 Italis
861 2136 1148 2201 omnibus,
1184 2150 1557 2205 quoscunque
1588 2135 1855 2203 Burgun-

160 2228 392 2281 dionum
420 2230 756 2281 nostrorum
792 2228 977 2277 metus
1000 2223 1342 2294 captivitatis
1374 2222 1503 2275 fecit
1530 2238 1649 2275 esse
1671 2221 1856 2291 capti-

159 2333 268 2382 vos,
302 2332 455 2387 quos
501 2314 667 2367 famis
704 2312 1029 2377 necessitas,
1083 2328 1223 2381 quos
1256 2311 1639 2381 periculorum
1683 2310 1859 2364 timor

161 2406 394 2471 advexit,
448 2409 743 2474 postremo
776 2416 1146 2472 quoscunque
1195 2400 1476 2453 concessit
1514 2403 1612 2453 aut
1642 2398 1861 2453 addixit

162 2509 468 2548 consensus
503 2490 785 2562 principis
822 2489 928 2554 sui,
970 2494 1165 2543 noster
1195 2489 1450 2543 absolvat
1482 2505 1495 2543 :
1538 2493 1595 2543 at
1624 2490 1858 2559 pancos,

161 2600 297 2653 quos
333 2581 507 2653 quasi
538 2580 740 2635 ardore
782 2578 1057 2650 praelaudi
1105 2584 1241 2632 tunc
1279 2578 1350 2632 ab
1401 2577 1859 2632 adversariorum

162 2689 393 2727 suorum
419 2671 819 2725 dominatione
851 2674 1186 2739 rapuerunt,
1213 2684 1317 2739 pro
1347 2668 1459 2721 illis
1490 2668 1659 2738 pretii
1682 2684 1861 2738 quan-

160 2764 581 2831 tulumcunque
629 2758 968 2829 percipiant,
1021 2774 1093 2812 ne
1138 2757 1500 2812 detestabiles
1538 2756 1693 2827 apud
1733 2756 1861 2810 illos

160 2850 290 2905 ﬁant
314 2849 708 2905 certaminum
741 2863 924 2915 casus,
959 2862 1201 2917 quorum
1225 2863 1355 2901 cum
1380 2844 1709 2901 discrimina
1738 2862 1859 2899 sus-

159 2940 460 3006 tinuerint,
496 2940 654 2993 lucra
682 2953 800 2992 non
823 2937 1087 2990 sentiant.
1122 2957 1151 2984 »

1962 1779 2130 1834 terris
2162 1778 2409 1849 propriis
2441 1777 2835 1832 redderentur.
2862 1779 3072 1833 Eorum
3102 1796 3235 1833 vero
3257 1780 3658 1853 quiredempti

1962 1884 2102 1921 auro
2133 1871 2284 1935 sunt,
2310 1883 2614 1921 numerum
2648 1867 2714 1921 ad
2746 1867 3030 1938 liquidum
3058 1868 3357 1938 agnovisse
3405 1886 3522 1924 non
3553 1887 3656 1942 po-

1963 1958 2049 2011 tui
2078 1972 2091 2010 :
2122 1956 2257 2027 quia
2288 1955 2437 2009 inter
2468 1972 2562 2010 eos
2593 1955 2764 2009 etiam
2798 1957 3007 2009 multos
3034 1956 3170 2027 fuga
3199 1958 3429 2028 eripuit.
3462 1958 3551 2013 Sic
3574 1959 3658 2013 fa-

1964 2050 2121 2099 ctum
2153 2050 2257 2112 est,
2292 2049 2354 2098 ut
2382 2049 2518 2098 tunc
2549 2043 2617 2098 ad
2651 2043 3057 2098 liberationem
3090 2045 3348 2099 omnium
3382 2047 3660 2119 subjuga-

1965 2138 2155 2188 torum
2204 2132 2539 2187 transeundi
2586 2133 2803 2187 occasio
2848 2150 3113 2187 concessa
3144 2134 3449 2189 sufficeret.
3499 2138 3660 2192 Post-

1968 2240 2141 2295 quam
2182 2230 2375 2277 tamen
2429 2223 2797 2292 pecuniarum
2843 2222 2939 2277 ille
2983 2225 3246 2278 cumulus
3292 2224 3504 2279 effusus
3552 2230 3658 2294 est,

1967 2312 2240 2366 continua
2273 2311 2343 2364 ad
2375 2327 2649 2381 expensas
2694 2310 3103 2382 redemptionis
3133 2314 3420 2383 suggessit
3466 2330 3659 2368 neces-

1968 2401 2116 2454 saria
2163 2401 2282 2465 illa,
2311 2416 2441 2470 quin
2490 2399 2567 2453 ibi
2601 2404 2685 2453 est
2714 2401 3017 2455 thesaurus
3051 2401 3327 2471 Ecclesiae,
3373 2402 3611 2475 Syagria
3644 2420 3659 2459 :

1968 2490 2129 2560 cujus
2158 2489 2443 2559 prolixam
2477 2489 2685 2559 quaerit
2712 2489 2827 2543 vita
2855 2489 3244 2545 narrationem
3280 2508 3292 2546 :
3334 2492 3543 2547 sufﬁcit
3570 2498 3664 2547 ta-

1968 2594 2103 2632 men
2128 2582 2193 2632 ut
2225 2594 2293 2632 ex
2323 2578 2593 2649 operibus
2615 2584 3152 2650 agnoscatur,quam
3174 2579 3346 2635 verba
3376 2586 3665 2637 transcen-

1972 2667 2134 2721 dunt.
2168 2666 2335 2720 Dedit
2365 2666 2533 2720 etiam
2566 2668 3070 2735 praestantissimus
3105 2668 3255 2725 inter
3281 2671 3505 2726 Gallos3
3527 2672 3665 2726 Avi-

1971 2760 2062 2810 tus
2094 2754 2429 2809 Viennensis
2472 2756 2793 2827 episcopus,
2825 2757 2884 2811 in
2918 2774 3032 2828 quo
3066 2775 3124 2813 se
3164 2760 3389 2830 petitia,
3422 2760 3579 2814 velut
3607 2761 3667 2814 in

1973 2844 2287 2899 diversorio
2340 2846 2545 2900 lucidas
2604 2846 2807 2901 domus
2861 2846 3110 2902 inclusit.
3168 2849 3316 2913 Quid
3368 2849 3668 2920 pluribus?

1973 2951 2114 2989 auro
2163 2934 2389 2989 illorum
2422 2952 2492 2990 ex
2537 2938 2790 2991 maxima
2818 2942 2981 3008 parte
3012 2943 3205 2993 actum
3238 2943 3343 3006 est,
3374 2955 3447 2993 ne
3494 2938 3667 2993 Gallis

225 3065 243 3099 ⁴
279 3061 557 3135 Laconia]
606 3061 691 3116 Ad
737 3077 911 3132 quem
941 3064 1133 3116 ternas
1160 3059 1408 3115 vidimus
1439 3058 1709 3133 epistolas
1754 3060 1861 3114 En-
1902 3037 1943 3093 α
1972 3078 2064 3133 go,
2083 3060 2221 3135 quia
2232 3061 2414 3130 iubes,
2438 3061 2547 3116 etsi
2563 3062 2786 3117 obscuri
2800 3065 2959 3135 sunt,
2974 3066 3067 3119 tuo
3080 3063 3279 3119 saltim
3300 3064 3669 3120 nomineillu-

160 3137 331 3192 nodii.

226 3210 248 3241 ²
277 3203 766 3277 Singulasurbes
793 3201 1125 3274 Sapaudin
1168 3203 1452 3273 Sapaudia
1477 3202 1598 3272 jam
1648 3201 1868 3277 dudum

168 3273 679 3350 Burgundionibus
717 3273 1229 3350 concessafuerat,
1255 3279 1399 3350 post
1434 3273 1868 3350 memorabilem

165 3344 387 3404 illorum
440 3347 688 3411 cladem,
721 3352 779 3399 et
809 3347 1106 3399 victoriam
1144 3346 1309 3399 Aetii.
1344 3347 1473 3399 Tiro
1521 3347 1765 3414 Prosper
1810 3344 1871 3397 in

168 3422 473 3483 Chronico,
524 3417 824 3489 Sapaudia
870 3416 1351 3489 Burgundionum,
1392 3415 1873 3489 reliquiisdatur

166 3510 283 3546 cum
307 3486 955 3562 indigenis-dividenda.
980 3489 1117 3552 Quae
1139 3488 1307 3541 hodie
1335 3488 1620 3562 sahaudia
1641 3486 1868 3562 dicitur,

164 3565 366 3617 veteris
408 3558 719 3631 Sapaudia:
752 3564 975 3629 partem
1010 3564 1232 3612 tantum
1282 3558 1511 3631 retinet.
1565 3560 1706 3631 Nam
1751 3558 1871 3631 lon-

167 3651 286 3704 gius
312 3636 468 3687 olim
498 3628 937 3704 porrigebatur,
958 3647 1088 3684 cum
1119 3631 1179 3683 in
1214 3631 1427 3704 Notitia
1456 3629 1688 3698 imperii
1720 3628 1873 3704 occi-

168 3698 405 3761 dentalis
465 3698 834 3757 Ebredunum
877 3702 1112 3771 Alpium
1158 3702 1576 3755 maritimarum
1614 3703 1785 3768 caput
1813 3698 1873 3752 in

169 3776 461 3846 Sapaudia
520 3774 852 3846 collocetur,
904 3774 1160 3843 itemque
1213 3773 1418 3827 Cularo
1476 3772 1872 3841 Allobrogum,

168 3844 285 3920 quas
316 3854 405 3920 est
444 3844 885 3920 Gratianopolis.

229 3922 251 3952 ³
283 3918 505 3976 Avitus
544 3912 889 3970 Viennensis
918 3913 1236 3985 episcopus]
1270 3912 1624 3985 Doctrinaet
1663 3912 1878 3983 pietate

170 3991 552 4052 clarissimus,
595 3989 845 4041 Alcimus
876 3984 1130 4040 Ecdicius
1156 3986 1353 4039 Avitus
1384 3984 1653 4038 omnibus
1687 3985 1878 4038 nomi-

167 4063 330 4116 nibus
363 4059 707 4131 appellatur
742 4058 1142 4131 ingsuaqipsius
1169 4055 1431 4131 epistola,
1454 4072 1579 4131 _qu_a
1618 4061 1881 4131 poemata

171 4151 266 4187 sua
314 4127 542 4204 quibus
593 4130 652 4183 in
696 4129 887 4204 codice
1042 4128 1279 4204 Victoris
1327 4127 1677 4204 praefigitur,
1708 4127 1882 4197 Apol-

173 4198 350 4259 linari“
365 4201 548 4257 fratri
589 4218 714 4269 suo,
748 4200 1024 4254 Valentia:
1068 4198 1334 4270 episcopo
1368 4199 1594 4253 dedicat
1622 4198 1712 4252 his
1750 4214 1883 4253 ver—

169 4276 286 4331 bis:

1972 3134 2343 3217 strabuntur;
2364 3150 2692 3217 quanquam
2713 3133 2950 3217 quilibet
2975 3152 3109 3190 acer
3122 3135 3225 3217 ille
3251 3136 3556 3217 doctusque
3570 3140 3668 3205 sit,

1974 3210 2026 3258 si
2055 3204 2352 3279 religionis
2376 3208 2682 3279 prapositw
2719 3204 2933 3279 stylum
2962 3224 3076 3261 non
3113 3206 3303 3261 minus
3329 3204 3475 3271 fidei
3496 3204 3670 3279 quam

1976 3276 2147 3330 metri
2176 3276 2299 3346 lege
2339 3277 2667 3337 Servaverit.
2711 3277 2812 3332 via:
2838 3281 3010 3401 (irtus
3039 3294 3159 3332 esse
3204 3278 3455 3346 poemati
3482 3276 3669 3349 queat.

1978 3346 2194 3401 Ouipne
2212 3364 2340 3401 cum
2357 3348 2500 3401 licen
2511 3348 2850 3401 tiamentien
2894 3348 2935 3401 i.
2956 3365 3077 3401 ause
3088 3349 3396 3401 uictoribus
3407 3367 3477 3401 ac
3490 3349 3669 3401 poetis

1978 3346 2194 3417 Quippe
2212 3364 2344 3421 cum
2357 3348 2500 3421 licen
2511 3348 2593 3403 tia
2602 3346 2935 3421 mentiendi,
2956 3365 3077 3419 quae
3087 3349 3396 3419 pictoribus
3407 3367 3477 3403 ac
3490 3346 3676 3421 poetis

1977 3434 2057 3492 ξι]
2066 3435 2130 3492 u_c
2140 3418 2483 3492 conceditur,
2505 3436 2569 3492 sa
2578 3418 2652 3492 tis
2666 3419 2865 3488 procul
2875 3419 2945 3472 de
2958 3418 3265 3474 causarum
3278 3418 3541 3475 serietate
3546 3422 3674 3492 pel-

1979 3488 2151 3543 lenda
2167 3489 2261 3562 sit.
2289 3491 2360 3543 In
2378 3489 2642 3562 saeculari
2659 3507 2906 3561 namque
2926 3506 3184 3545 versuum
3205 3508 3369 3562 opere
3387 3488 3675 3550 condendo

1981 3562 2141 3614 tanto
2163 3561 2295 3631 quis
2314 3561 2555 3631 peritior
2574 3562 2926 3633 appellatur,
2951 3566 3161 3630 quanto
3177 3561 3515 3633 elegantius,
3535 3563 3673 3628 imo,

1980 3635 2043 3684 ut
2077 3632 2521 3714 perendicamus,
2562 3632 2809 3711 ineptius
2845 3632 3009 3714 falsa
3038 3632 3301 3714 texuerit.‘
3345 3634 3677 3714 Taceojam

1978 3703 2276 3775 verbailla
2299 3704 2389 3775 uel
2416 3702 2666 3768 nomina,
2690 3720 2811 3774 qua
2828 3703 2988 3775 nobis
3007 3720 3105 3758 nec
3131 3705 3191 3758 in
3217 3704 3426 3758 alienis
3449 3702 3678 3775 quidem

1983 3774 2246 3841 operibus
2264 3774 2664 3841 frequentare,
2697 3792 2768 3828 ne
2796 3774 2988 3828 dicam
3006 3775 3068 3829 in
3088 3776 3298 3830 nostris
3329 3774 3678 3831 conscribere

1983 3845 2117 3929 licet
2138 3861 2300 3929 :“quaz'
2319 3845 2395 3925 ad
2418 3845 2756 3929 compendia
2772 3850 3071 3929 ppetarum
3092 3847 3255 3929 aliud
3278 3863 3346 3929 es:
3369 3848 3487 3929 alio
3503 3847 3681 3929 signi-

1978 3918 2221 3986 ﬁcantia
2231 3915 2552 3987 plurimum
2562 3915 3063 3982 valent.’Quoc-irca
3076 3915 3678 3985 saeculariumjudicio,

1985 3986 2084 4058 qui
2112 3990 2213 4040 aut
2234 3986 2543 4056 imperitiae
2579 3991 2681 4042 aut
2710 3988 2949 4054 ignaviae
2973 3989 3192 4045 dabunt
3220 4007 3334 4044 non
3363 3988 3449 4045 uti
3476 4006 3583 4046 nos
3607 3991 3679 4045 li-

1986 4058 2179 4112 centia
2202 4062 2527 4143 poetarum,
2550 4059 2682 4143 plus
2700 4059 2949 4143 arduum
2969 4076 3147 4141 quam
3172 4062 3527 4143 fructuosum
3544 4077 3683 4143 opus

1986 4129 2264 4201 aggressi,
2283 4129 2539 4184 divinam
2562 4130 2721 4201 longe
2736 4129 3106 4185 discrevimus
3123 4131 3195 4186 ab
3216 4133 3472 4187 humana
3494 4129 3686 4187 existi-

1989 4199 2241 4275 matione
2268 4217 2566 4275 censuram
2594 4217 2606 4254 :
2639 4199 2918 4275 quoniam
2931 4202 2993 4255 in
3020 4203 3345 4275 asserendis
3372 4202 3687 4275 quibusque

1990 4272 2175 4339 rebus,
2198 4272 2287 4325 vel
2307 4272 2485 4328 etiam
2502 4275 2672 4345 prout
2690 4272 2943 4344 suppetit
2961 4272 3341 4345 egrplicandis,
3363 4272 3418 4327 si
3436 4272 3688 4345 quacun-

240 4370 257 4387 '
292 4360 558 4418 Domino
586 4362 786 4413 sancto
817 4361 877 4413 in
902 4359 1138 4432 Christo
1160 4357 1422 4432 piissimo
1460 4375 1529 4413 ac
1556 4359 1861 4432 beatissim<

2042 4360 2101 4397 ue
2123 4360 2190 4423 ex
2208 4348 2377 4432 parte
2404 4343 2883 4414 peccandum’est,
2916 4343 3209 4432 salubrius
3232 4343 3461 4425 dicente
3479 4344 3686 4432 clerqu

176 4436 525 4511 Apollinari
555 4431 817 4511 episcopo
846 4430 1114 4511 Alcimus
1125 4430 1403 4511 _Ecdicius
1442 4432 1650 4511 Avitus
1674 4431 1880 4493 frater.

240 4510 454 4578 Nuper
492 4501 727 4578 quidem
744 4501 945 4578 paucis
963 4503 1610 4578 humiliammmearum
1628 4501 1692 4578 in_
1708 4519 1885 4578 unum

182 4573 375 4649 corpus
392 4573 687 4649 redactis,
706 4574 935 4628 hortatu
961 4573 1605 4649 amicorumdiscrimen
1626 4573 1893 4649 editionis

182 4645 407 4704 intrari.
444 4647 563 4702 Sed
591 4648 777 4699 adhuc
810 4649 862 4698 te
892 4646 1117 4713 majora
1146 4646 1433 4710 suadente,
1462 4645 1522 4698 in
1553 4646 1889 4699 cothurnum

186 4718 599 4791 petulantior-is
612 4717 873 4791 audacia
893 4716 1129 4791 edurala
1130 4718 1336 4791 fronte
1348 4716 1599 4791 procedo.
1624 4718 1659 4768 Ι
1661 4734 1693 4768 n
1692 4717 1722 4784 j
1728 4734 1796 4791 un
1802 4716 1893 4786 gis

186 4787 455 4864 namque,
476 4793 547 4845 ut
566 4789 620 4843 si
634 4788 1360 4864 quidquamdequibusque
1378 4788 1570 4864 causis
1583 4787 1754 4841 metri
1772 4788 1892 4864 lege

173 4858 571 4933 conscriptum
593 4866 676 4913 est
687 4895 705 4933 ς
716 4858 817 4913 sub
832 4861 1186 4933 professione
1201 4858 1459 4933 opusculi
1474 4865 1657 4913 vestro
1669 4858 1893 4933 nomini

177 4930 490 4989 dedicet—ur.
532 4931 733 4987 Recolo
754 4931 1019 5000 equidem
1040 4932 1319 4984 nonnulla
1350 4946 1439 4983 me
1459 4946 1624 4984 versu
1648 4930 1885 4998 dixisse,

177 5006 303 5060 adeo
320 5010 383 5059 ut
402 5008 456 5059 si
475 5002 894 5059 ordinarentur
906 5018 1014 5055 non
1029 5002 1267 5056 minimo
1280 5004 1559 5056 volumine
1569 5002 1777 5072 stringi
1789 5018 1889 5071 po-

177 5080 331 5131 tuerit
353 5078 854 5149 epigrammatum
870 5072 1752 5149 multitudo._0uoddumfacere,
1773 5089 1889 5149 ser-

174 5153 295 5203 rato
326 5143 657 5202 causarum
677 5148 732 5197 et
752 5148 1065 5216 temporum
1089 5144 1307 5210 ordine,
1342 5144 1673 5210 meditarer,
1698 5143 1891 5216 omnia

168 5237 306 5289 pene
317 5220 379 5273 in
393 5220 515 5273 illa
528 5216 842 5289 notissima:
854 5215 1302 5289 perturbationis
1314 5218 1651 5289 necessitate
1662 5215 1887 5289 disper-

174 5286 234 5345 sa
248 5296 394 5345 sunt.
412 5293 551 5356 Qum
566 5287 845 5359 quOniam
856 5287 1158 5357 sigillatim
1174 5291 1273 5341 aut
1285 5286 1503 5359 requiri
1513 5286 1772 5355 difﬁcile,
1789 5292 1890 5343 aut

178 5362 420 5417 inveniri
440 5357 805 5429 impossibile
823 5361 989 5421 foret,
1008 5358 1193 5426 abjeci
1212 5376 1279 5412 ea
1300 5359 1368 5411 de
1380 5358 1574 5412 animo
1588 5375 1731 5421 meo,
1754 5375 1888 5427 quo-

179 5451 295 5487 rum
314 5434 400 5488 mi
405 5432 578 5486 hivel
589 5431 882 5485 ordinatio
892 5430 985 5483 sal
992 5446 1207 5497 eorum,
1221 5431 1305 5484 vel
1314 5430 1702 5499 dispersorum
1718 5446 1887 5499 repa-

182 5506 318 5559 ratio
338 5506 501 5557 dura
524 5502 831 5556 videretur.
859 5500 1102 5571 Aliquos
1119 5519 1260 5556 sane
1282 5500 1502 5556 libellos
1522 5501 1675 5572 apud
1697 5517 1888 5572 quem-

184 5574 306 5630 dam
312 5577 454 5644 fam
466 5574 701 5628 iliarem
723 5589 915 5627 meum
929 5576 1127 5643 postea
1148 5573 1357 5643 reperi:
1381 5576 1477 5643 qui
1496 5571 1627 5627 licet
1645 5571 1888 5627 nomini-

187 5646 278 5700 bus
288 5646 569 5719 prapriis
585 5645 881 5717 titulisque
898 5648 1303 5719 respondeant,
1319 5647 1370 5697 et
1381 5644 1536 5719 alias
1547 5647 1888 5719 tamen_c_au-

187 5734 277 5795 ,ω
288 5714 543 5774 inventa
565 5714 817 5771 materiis
826 5714 1262 5788 opportunitate
1278 5718 1693 5788 perstringunt.
1706 5714 1883 5771 Hier-

557 5816 837 5883 PATROL.
885 5815 1111 5885 LXIII.

1990 4414 2104 4469 non
2133 4414 2645 4494 impleturpompa
2670 4431 2841 4494 quam
2860 4416 3081 4494 regula,
3102 4415 3361 4494 et_tutius
3385 4419 3533 4494 artis
3547 4416 3691 4494 pede

1992 4502 2166 4557 quam
2194 4485 2454 4540 veritatis
2477 4486 2720 4557 vestigio
2742 4485 3118 4540 claudicatur.
3144 4487 3278 4541 Non
3303 4485 3456 4543 enim
3487 4485 3571 4543 est
3592 4504 3689 4543 ea:-

2000 4556 2201 4611 cusata
2228 4556 2658 4629 perpetratione
2685 4556 2906 4629 peccati
2934 4557 3171 4611 libertas
3195 4558 3422 4629 eloquii.
3455 4560 3614 4613 Nam
3639 4559 3693 4614 si

1999 4646 2106 4699 pro
2130 4626 2286 4683 omni
2303 4626 2473 4684 verbo
2505 4626 2696 4683 otioso'
2712 4629 2859 4698 quod
2880 4628 3054 4683 locuti
3077 4626 3307 4693 fuerint
3322 4630 3577 4684 homines
3593 4645 3691 4685 ra-

2002 4700 2211 4772 tionem
2228 4700 2533 4772 redhibere
2553 4704 2840 4772 cogentur,
2863 4700 3096 4769 agnosci
3122 4699 3183 4753 in
3202 4708 3469 4772 promptu
3497 4704 3599 4764 est,
3623 4702 3695 4757 il-

2000 4771 2099 4825 lud
2113 4770 2487 4842 periculosius
2508 4770 2727 4839 laedere,
2759 4772 2905 4842 quod
2928 4770 3229 4842 tractatum
3254 4770 3425 4842 atque
3444 4774 3695 4828 medita-

2001 4846 2185 4966 tupliet
2206 4843 2589 4914 antepositam
2605 4841 2824 4897 vivendi
2836 4841 3049 4913 legibus
3065 4841 3342 4915 loquendi
3351 4846 3469 4916 lege
3482 4861 3697 4916 presu-

2001 4930 2079 4966 mi
2109 4931 2196 4966 ur.

1998 4930 2196 4967 mitur.

2073 5003 2144 5055 Ex
2177 5003 2281 5056 hac
2306 5002 2543 5072 epistola
2576 5002 2869 5067 docemur,
2911 5002 3180 5057 homilias
3210 5004 3383 5058 etiam
3415 5003 3483 5058 ab
3532 5003 3697 5058 Avito

2000 5073 2178 5127 editas
2207 5074 2399 5146 fuisse.
2444 5075 2506 5127 Et
2533 5074 2765 5144 quidem
2806 5074 2927 5127 sola
2968 5091 3081 5128 una
3109 5080 3284 5129 restat
3314 5075 3381 5129 de
3423 5075 3699 5146 Rogatioe

1998 5146 2167 5199 nibus
2216 5161 2246 5197 a
2290 5145 2558 5199 Mamerto
2601 5146 2723 5213 ejus
2771 5147 3191 5214 prmdecessore
3240 5145 3537 5199 institutis.
3588 5145 3700 5200 Sed

1998 5216 2387 5337 pluscularum
2426 5216 2746 5284 fragmenta
2771 5217 2830 5269 in
2866 5216 3249 5283 antiquissimi
3280 5217 3411 5270 libri
3443 5216 3702 5287 reliquiis

2049 5328 2061 5337 .
2092 5288 2131 5337 l.
2179 5288 2291 5337 Jac.
2324 5288 2567 5337 Augusti
2597 5287 2821 5337 'l‘huani
2869 5288 3209 5337 amplissimi
3239 5291 3468 5337 senatus
3501 5287 3702 5337 praesi-

2049 5328 2061 5339 .
2092 5288 2131 5340 l.
2173 5288 2291 5358 Jac.
2324 5288 2567 5357 Augusti
2597 5287 2821 5340 'l‘huani
2869 5288 3209 5358 amplissimi
3239 5291 3468 5340 senatus
3501 5287 3703 5357 prasi-

1998 5357 2083 5411 dis
2130 5357 2413 5411 vidimus:
2467 5374 2640 5411 unam
2690 5358 2749 5411 in
2799 5357 3168 5412 conversione
3217 5359 3427 5413 dictam
3477 5358 3703 5413 domini

2000 5428 2268 5493 Segisrici
2315 5429 2596 5498 Lugduni,
2650 5430 2926 5500 postridie
2976 5446 3149 5500 quam
3191 5445 3351 5500 soror
3388 5429 3586 5500 ipsius
3633 5446 3703 5485 ex

1996 5501 2205 5554 Ariana
2250 5500 2465 5554 haerese
2499 5508 2585 5554 est
2614 5498 2872 5571 recepta;
2915 5498 3153 5554 alteram
3186 5498 3245 5553 in
3280 5499 3515 5555 basilica
3562 5519 3704 5557 san-

1996 5577 2218 5626 ctorum
2250 5572 2703 5641 Agaunensium,
2737 5576 2796 5625 in
2828 5572 3201 5626 innovatione
3233 5573 3573 5628 monasterii
3606 5574 3708 5645 ip-

2054 5659 2252 5730 ’_Hauc
2274 5659 2557 5730 _epistolam
2605 5659 2922 5730 Sirmondus
2961 5664 3147 5724 postea.
3174 5660 3340 5713 edidit
3372 5662 3511 5715 inter
3544 5678 3709 5730 opera

1992 5720 2045 5772 S.
2071 5720 2213 5772 Aviti
2241 5720 2513 5785 aliquanto
2546 5720 2987 5773 emendatiorem.
3530 5764 3535 5767 .
