4060 6174
433 224 536 278 235
1658 220 1944 277 ENNODII
1985 220 2294 279 EPISCOPI
2329 221 2716 279 TICINENSIS
3812 226 3897 280 236

433 353 648 408 diutius
696 351 992 408 servitium
1017 351 1201 422 pubes
1231 351 1505 421 Ligurum
1558 350 1878 406 duceretur.
1925 353 2039 407 Nec
2071 353 2132 407 in
2170 353 2397 427 Atifex,
2441 358 2541 408 tua
2577 353 2708 424 plus
2750 352 2872 424 egit
2919 351 3198 419 absentia,
3250 353 3532 423 quantum
3559 349 3584 386 "
3633 350 3907 422 imperavit

432 459 549 497 uno
575 443 700 495 loco
732 457 991 495 summus
1021 443 1103 493 vir
1142 442 1202 493 in
1237 439 1334 493 illa
1363 440 1596 510 regione
1628 457 1685 494 se
1717 442 2022 507 continuit,
2053 458 2126 497 ne
2236 443 2530 497 humilitas
2558 443 2942 513 deprehensa;
2988 441 3181 496 dicant
3218 441 3326 509 illi,
3361 456 3509 512 quos
3550 440 3621 496 de
3651 441 3906 498 exsulibus

433 531 669 584 forsitan
697 529 756 583 in
778 530 1096 599 longinquo
1124 529 1395 597 degentes
1417 529 1786 584 dominorum
1805 531 1998 584 feritas
2019 532 2125 585 im-
2237 532 2548 586 ditissimos
2573 531 2890 586 reddidisti.
2924 529 3105 601 Igitur
3131 529 3326 584 omnia
3351 546 3480 600 quae
3511 546 3543 584 a
3569 529 3818 601 piissimo
3839 547 3908 586 re-

432 621 674 690 pediret.
730 621 856 673 Fuit
905 620 1161 684 Genavan,
1219 617 1316 671 ubi
1357 618 1370 650 ¹
1420 619 1769 688 Godigisclus
1819 637 2128 690 germanus
2237 638 2306 691 ge
2337 638 2440 690 pro
2470 622 2694 674 miseris
2716 637 2819 691 per
2849 619 3120 690 paginam
3151 619 3318 690 petiit
3345 619 3653 688 singularis
3682 620 3906 688 antistes,

432 709 585 778 regis
612 710 787 761 larem
811 712 1080 760 statuerat
1104 723 1116 759 :
1148 706 1246 776 qui
1269 708 1290 739 ²
1314 707 1525 760 famam
1549 709 1818 762 fraternae
1846 710 2126 764 delibera-
2242 708 2640 763 incunctanter
2676 695 2940 763 obtinuit.
2981 708 3226 762 Serenus
3257 707 3526 778 praestitit
3555 707 3771 778 copiam
3800 725 3910 780 sup-

432 799 605 851 tionis
650 802 892 862 secutus,
929 796 1091 848 bonis
1122 797 1393 864 operibus
1426 797 1549 864 ejus
1597 814 1654 850 se
1689 798 1905 851 socium
1952 800 2123 853 dedit.
2237 798 2494 867 plicanti,
2540 798 2632 851 cui
2665 814 2772 869 pro
2813 796 3279 867 compensatione
3311 796 3521 851 laboris
3549 797 3638 850 sui
3667 797 3773 850 hoc
3814 814 3912 852 cre-

434 888 596 941 Brevi
642 892 832 938 tamen
882 891 1054 936 tantae
1106 886 1479 938 liberaturum
1532 885 1848 956 phalanges
1907 889 2129 942 emissae
2240 889 2486 941 debatur
2527 904 2693 957 posse
2721 887 3005 948 sufﬁcere,
3039 886 3320 957 quidquid
3350 902 3456 957 per
3485 885 3649 940 illum
3674 886 3914 941 beneﬁcii

432 978 582 1035 sunt,
619 978 680 1025 ut
702 972 919 1024 videres
953 973 1364 1043 longelateque
1390 975 1714 1043 agminibus
1739 978 2015 1030 ferventia
2038 976 2129 1029 iti-
2239 978 2572 1045 redemptus
2603 981 2660 1028 et
2691 991 2911 1046 pauper
2939 976 3240 1046 acciperet.

431 1077 569 1113 nera
603 1077 729 1113 cum
758 1061 920 1113 laude
954 1063 1074 1128 Dei,
1112 1068 1229 1114 tum
1261 1064 1432 1115 etiam
1469 1064 1917 1133 splendidissimi
1941 1081 2130 1119 sacer—
2313 1066 2623 1134 Postquam
2675 1070 2870 1118 tamen
2919 1081 3117 1118 omnes
3148 1063 3247 1134 qui
3277 1062 3526 1117 revocati
3556 1061 3799 1129 fuerant,
3839 1062 3911 1117 in-

429 1151 574 1204 dotis
605 1152 928 1223 Epiplianii,
963 1153 1123 1221 cujus
1157 1152 1480 1205 ministerio
1514 1160 1687 1223 atque
1722 1155 1914 1206 labore
1949 1154 2131 1224 erepti
2241 1153 2404 1206 dultu
2431 1153 2776 1220 praeferendi
2809 1152 3229 1223 principisjure
3261 1169 3363 1205 suo
3397 1150 3589 1205 donati
3620 1156 3770 1217 sunt,
3801 1168 3914 1221 per-

427 1239 676 1306 fueraut,
723 1241 1103 1294 redeuntium.
1138 1241 1204 1293 Et
1252 1257 1321 1292 ne
1354 1240 1500 1293 tanti
1551 1241 1644 1293 lux
1678 1247 1872 1294 nostra
1912 1247 2128 1312 tropaeo
2241 1241 2498 1296 functam
2562 1241 2951 1295 molestiarum
3029 1257 3264 1294 suarum
3318 1240 3532 1294 molem
3591 1239 3916 1294 admirabilis

427 1329 685 1380 muneris
715 1329 1057 1397 privaretur,
1080 1333 1251 1398 atque
1281 1330 1351 1382 ab
1384 1329 1560 1382 oculis
1593 1330 1848 1399 ipsorum
1873 1332 2132 1400 pulcher-
2243 1330 2512 1384 censebat
2563 1331 2900 1400 episcopus:
2935 1345 3066 1383 cum
3110 1329 3354 1383 necdum
3385 1328 3618 1382 biennio
3647 1334 3854 1394 exacto,
3891 1345 3918 1381 a

424 1415 639 1469 rimum
682 1419 1069 1486 spectaCulum
1100 1420 1419 1484 tolleretur,
1465 1419 1587 1486 ipse
1622 1435 1751 1472 cum
1786 1419 1870 1472 bis
1905 1436 2127 1473 remea-
2245 1419 2576 1474 deliberatae
2627 1420 2836 1490 quietis
2879 1419 3124 1489 gremio,
3170 1423 3446 1488 tanquam
3479 1433 3511 1470 a
3537 1422 3711 1488 portu
3741 1416 3920 1488 cymba

424 1506 521 1559 vit.
557 1507 788 1560 Videres
819 1507 948 1560 duci
980 1507 1038 1561 in
1073 1507 1378 1577 triumphis
1410 1509 1731 1562 ccelestibus
1765 1510 1965 1579 vulgus
1996 1511 2130 1563 libe-
2240 1508 2367 1562 aliis
2411 1509 2588 1562 inlata
2616 1513 2952 1577 tempestate
2997 1507 3361 1578 propellitur.
3396 1507 3537 1560 Nam
3569 1505 3811 1560 inﬁrmis
3851 1506 3923 1560 Li-

423 1612 575 1662 ruin,
600 1601 654 1648 et
684 1613 784 1666 pro
819 1597 1250 1650 mactandorum
1274 1597 1552 1666 sanguine
1585 1604 1796 1651 terram
1832 1598 2128 1652 madef'ieri
2240 1612 2448 1668 gurum
2482 1602 2537 1652 et
2569 1597 2895 1651 labantibus
2924 1596 3182 1651 humeris
3211 1596 3300 1650 vix
3326 1595 3562 1650 ferenda
3592 1595 3919 1650 tributorum

424 1684 693 1754 lacrymis
746 1686 1158 1740 exsultantium
1205 1703 1216 1740 :
1275 1703 1402 1740 cum
1453 1687 1589 1742 Eliae
1634 1703 1864 1740 currum
1893 1687 2132 1743 istarum
2173 1674 2213 1728 Β
2242 1687 2465 1740 sarcina
2514 1686 2914 1740 mandabatur.
2965 1686 3180 1740 Rursus
3209 1685 3280 1739 ad
3311 1688 3388 1753 te,
3427 1684 3771 1738 afﬂictorum
3803 1699 3922 1737 con-

425 1773 742 1827 coliorlium
775 1775 978 1828 ductor
1017 1776 1335 1845 scanderet,
1370 1785 1424 1829 et
1458 1777 1875 1846 quadrijugum
1910 1778 1976 1831 ad
2011 1794 2126 1832 coe-
2242 1775 2473 1842 solator,
2509 1776 2845 1828 accurritur.
2893 1776 2913 1810 ³
2963 1776 3206 1828 Doceres
3246 1773 3457 1828 frustra
3494 1772 3807 1828 reddidisse
3845 1789 3924 1843 pa-

377 1869 380 1873 ’
425 1863 590 1916 lestia
620 1881 723 1933 pro
756 1865 958 1917 merito
985 1881 1086 1917 suo
1115 1870 1413 1935 raperetur
1441 1883 1699 1918 excursu.
1740 1867 1865 1919 Non
1895 1866 1972 1918 sic
2005 1867 2129 1921 Pel-
2241 1862 2364 1916 triae
2411 1862 2576 1931 cives,
2625 1864 2672 1916 si
2713 1863 2824 1916 illis
2868 1862 2929 1916 in
2969 1863 3090 1916 solo
3141 1863 3289 1916 avito
3333 1861 3789 1932 periclitantibus
3823 1877 3925 1916 non

424 1953 564 2006 laeus
594 1954 858 2024 princeps
900 1955 1235 2021 Alexander,
1282 1971 1452 2023 quem
1487 1962 1811 2024 pacatorem
1844 1955 1997 2008 orbis
2031 1972 2129 2008 vo-
2239 1953 2484 2006 adesses.
2531 1954 2598 2006 Et
2628 1953 2764 2022 quia
2793 1951 2945 2021 apud
2989 1958 3046 2005 te
3077 1967 3373 2021 nunquam
3411 1951 3680 2022 fatigatus
3712 1955 3798 2005 est
3838 1950 3926 2021 qui

426 2043 571 2095 cavit
604 2060 748 2095 vana
781 2043 1054 2109 laudatio,
1105 2050 1336 2112 captum
1368 2045 1628 2112 gentium
1671 2045 1833 2098 duxit
1866 2061 2125 2114 examen,
2238 2041 2476 2112 rogavit,
2526 2041 2822 2110 suscepisti
2869 2057 3067 2094 causas
3103 2039 3440 2108 infelicium,
3475 2046 3531 2094 et
3577 2044 3630 2094 te
3677 2041 3924 2110 protinus

426 2137 488 2184 ut
539 2131 642 2184 iste
676 2133 977 2186 revocavit.
1014 2134 1151 2185 Ecce
1196 2133 1328 2186 hinc
1359 2134 1746 2203 comperimus
1775 2140 2128 2188 armatorum
2237 2131 2308 2183 ad
2354 2131 2604 2184 recidiva
2649 2146 2825 2182 onera
2870 2128 3229 2200 praeparasti.
3264 2129 3592 2183 Ravennam
3625 2144 3731 2199 pro
3781 2128 3927 2182 nobis

424 2225 645 2273 mentes
707 2221 1003 2275 sanctitate
1071 2228 1384 2292 superatas,
1455 2227 1511 2276 et
1575 2223 1805 2277 cessisse
1863 2224 2127 2294 precibus
2236 2235 2432 2288 regem
2464 2224 2764 2288 rogaturus
2807 2219 3085 2285 excurris;
3117 2234 3291 2288 quam
3323 2234 3394 2271 ne
3426 2223 3480 2272 te
3511 2217 3591 2271 ibi
3629 2217 3924 2288 quisquam

425 2309 589 2362 electi
621 2309 959 2379 principem,
1015 2311 1115 2380 qui
1150 2312 1380 2364 obvium
1428 2327 1655 2381 semper
1687 2312 1902 2365 lanceis
1933 2317 2128 2382 pectus
2235 2311 2366 2377 post
2416 2308 2705 2362 Gallicana
2747 2307 2996 2377 insignia
3050 2307 3332 2375 laudaret,
3394 2306 3699 2378 effugeres.
3765 2306 3930 2360 Minas

428 2396 683 2467 ingessit.
723 2399 1010 2461 Quantum
1041 2399 1150 2452 fuit
1180 2401 1399 2452 acutior
1425 2401 1755 2469 verborum,
1788 2418 1960 2471 quam
1990 2402 2128 2456 ferri
2240 2397 2387 2463 εαξη,
2436 2398 2936 2466 procellarumque
2986 2396 3337 2464 discrimina,
3393 2396 3580 2450 adhuc
3626 2395 3795 2466 quasi
3837 2394 3932 2448 aevi

427 2487 662 2550 lamina,
697 2487 827 2540 hinc
856 2489 1033 2541 lector
1063 2506 1304 2558 agnosce
1340 2506 1352 2543 :
1401 2491 1754 2560 espugnavit
1787 2507 1996 2557 sermo,
2036 2491 2126 2544 cui
2237 2484 2483 2555 integer,
2533 2491 2630 2538 aut
2685 2485 2932 2539 valentia
2972 2486 3229 2554 corporis
3285 2483 3560 2554 munitus,
3609 2499 3930 2554 exsuperas.

430 2592 486 2629 se
528 2576 704 2645 gladii
739 2577 1146 2631 subduxerant.
1196 2580 1340 2631 Dum
1374 2595 1510 2648 ergo
1542 2579 1711 2632 tertio
1758 2595 1948 2632 mense
1995 2596 2126 2633 cum
2237 2572 2544 2644 Nunquam
2604 2573 2708 2628 tibi
2751 2574 2828 2628 ad
2882 2573 3134 2628 Ofﬁcium
3184 2575 3512 2628 animorum
3568 2589 3624 2626 se
3681 2574 3933 2626 membra

425 2665 525 2718 tali
556 2672 773 2735 tropaeo
804 2667 1062 2720 Ticinum
1098 2672 1381 2720 remearet
1410 2666 1668 2734 antistes,
1708 2673 1770 2720 ut
1800 2672 1819 2702 ³
1848 2669 2027 2722 Taran

2330 2662 2498 2715 annvis
2520 2661 2772 2716 invalida
2795 2663 3223 2717 subduxerunt:
3253 2663 3457 2733 frigus,
3477 2662 3714 2732 pluvias,
3736 2662 3933 2725 Padus,

425 2754 566 2807 siam
596 2755 754 2807 venit
786 2754 886 2824 (sic
923 2756 1077 2808 enim
1111 2757 1389 2808 vocitatur
1417 2756 1695 2826 oppidum
1727 2757 1960 2827 Alpibus
1989 2756 2123 2810 vici-
2234 2751 2478 2821 j8junia,
2537 2751 2850 2821 navigatio,
2905 2752 3251 2821 periculum,
3299 2751 3570 2819 tonitrua,
3630 2750 3758 2804 sine
3798 2754 3935 2804 tecto

423 2845 610 2910 num),
661 2842 737 2895 ibi
786 2844 1048 2913 quaedam
1099 2844 1306 2897 mulier
1357 2844 1512 2914 gravi
1557 2845 1843 2898 immundi
1893 2845 2124 2915 spiritus
2243 2840 2466 2893 mansio
2528 2839 2586 2893 in
2640 2841 2781 2910 ripis
2831 2838 3108 2904 ﬂuminis,
3163 2839 3370 2894 incerti
3414 2855 3561 2910 pene
3609 2839 3740 2894 sine
3792 2844 3942 2893 terra

422 2932 718 2984 vexatione
750 2932 1084 2986 laborabat:
1121 2949 1248 3003 quae
1282 2934 1555 2987 continuo
1586 2940 1857 3005 percepta
1885 2934 2122 2988 benedi-
2163 2961 2203 3014 ρ
2239 2936 2458 2998 pOI‘tuS,
2491 2929 2687 2983 Virtuti
2717 2935 2833 2984 tua!
2857 2929 3046 2983 dulcia
3074 2929 3328 2994 fuerunt,
3359 2935 3415 2982 et
3435 2934 3598 2999 grata
3626 2928 3934 2982 successui-

423 3021 606 3075 ctione
641 3021 900 3075 absoluta
946 3021 1219 3076 discessit.
1255 3024 1376 3091 ipse
1412 3027 1603 3076 tamen
1637 3022 1753 3076 suis
1792 3023 2125 3093 inopinatus
2236 3019 2258 3054 ⁶
2289 3018 2668 3072 contristatus
2696 3024 2779 3072 est
2821 3019 2890 3072 de
2914 3019 3222 3088 praesentia
3253 3018 3337 3072 tui
3366 3024 3424 3072 et
3453 3018 3550 3071 ille
3595 3016 3940 3071 eminentis-

422 3124 526 3160 nec
573 3109 988 3178 suspicantium
1026 3111 1205 3164 oculis
1237 3112 1433 3165 astitit.
1486 3114 1647 3165 Visus
1680 3119 1762 3167 est
1795 3114 2003 3181 subito,
2057 3115 2124 3169 de
2235 3107 2414 3160 Simus
2454 3123 2571 3174 rex,
2620 3107 2719 3178 qui
2759 3112 2812 3161 te
2865 3108 3052 3161 videre
3084 3107 3407 3161 ambienter
3449 3107 3705 3178 optabat.
3757 3108 3940 3177 Expo-

423 3210 537 3265 quo
570 3196 660 3249 vix
699 3199 1035 3252 credebatur
1063 3198 1272 3269 aliquis
1301 3217 1466 3269 posse
1493 3218 1692 3255 rumor
1720 3203 1926 3257 audiri,
2236 3196 2405 3249 suisti
2428 3197 2794 3249 necessitates
2824 3202 3046 3250 nostras
3076 3196 3324 3250 adventu
3357 3202 3476 3261 tuo,
3509 3201 3827 3266 antequam
3859 3192 3941 3247 di-

496 3287 617 3339 Mox
650 3291 844 3341 tamen
895 3292 954 3341 ut
987 3289 1175 3355 rediit,
1211 3291 1362 3342 curis
1393 3307 1462 3343 ex
1504 3307 1662 3343 more
1690 3292 1948 3344 animum
1990 3291 2121 3344 fati-
2231 3298 2409 3352 ceres,
2444 3289 2500 3338 et
2531 3286 2728 3355 quales
2754 3289 2942 3340 tecum
2973 3285 3356 3340 habitantium
3387 3284 3655 3354 lacrymze
3689 3290 3750 3338 te
3782 3297 3945 3336 com-

419 3378 534 3443 gat,
592 3391 660 3428 ne
713 3376 856 3428 forte
903 3376 1111 3445 quibus
1166 3377 1584 3431 absolutionem
1625 3381 1774 3433 Deus
1819 3397 1924 3450 per
1957 3381 2122 3434 illum
2233 3375 2509 3443 pulerint,
2550 3374 2863 3427 docuerunt
2892 3380 3157 3444 superata
3187 3374 3537 3428 discrimina.

421 3462 674 3531 dederat,
740 3465 960 3533 proprii
1027 3481 1226 3517 census
1284 3467 1641 3534 possessione
1708 3469 2080 3523 turbarentur
2105 3488 2117 3538 ;
2300 3464 2400 3517 Ast
2430 3462 2529 3516 ubi
2561 3463 2626 3516 ad
2648 3463 2967 3534 principem
2997 3467 3192 3517 tamen
3222 3464 3510 3534 ingressus
3539 3466 3644 3527 est,
3667 3462 3757 3516 ita
3778 3457 3942 3532 loqui

417 3550 711 3618 praecipue
745 3551 815 3602 ob
852 3549 1125 3602 nobilium
1160 3551 1676 3608 considerationaL-m
1710 3572 2115 3625 personarum;
2229 3552 2415 3621 coepit.
2452 3573 2478 3600 «
2514 3552 2709 3621 Solita,
2748 3568 2846 3606 rex
2880 3553 3241 3618 venerabilis,
3277 3552 3483 3606 mentis
3513 3551 3944 3621 tranquillitate

418 3637 628 3707 quibus
659 3637 969 3690 immanior
998 3638 1146 3706 apud
1185 3656 1315 3692 suos
1345 3647 1569 3710 poterat
1596 3650 1858 3698 constare
1889 3645 2120 3698 calami-
2226 3638 2580 3694 famulorum
2611 3657 2806 3711 preces
2839 3642 3128 3712 intellige:
3162 3647 3219 3695 et
3247 3657 3340 3695 me
3367 3642 3436 3694 ad
3469 3639 3829 3710 postulanda
3852 3655 3950 3693 ne-

417 3731 526 3794 tas,
559 3725 604 3778 si
636 3726 807 3779 vitam
833 3726 1065 3795 inopem
1101 3729 1332 3781 reduces
1366 3731 1737 3799 sustinerent,
1773 3740 1826 3786 et
1858 3735 1926 3788 de
1954 3751 2117 3805 pere-
2230 3729 2493 3797 cessaria,
2529 3736 2584 3784 et
2615 3747 2713 3783 vos
2751 3730 2818 3784 ad
2850 3730 3159 3784 tribuenda
3188 3746 3328 3784 usus
3358 3729 3653 3782 informat.
3688 3729 3812 3783 Lex
3847 3734 3946 3781 tua

416 3814 762 3883 grinationis
832 3815 1211 3869 incommodis
1278 3819 1393 3872 sola
1450 3821 1854 3877 misericordia:
1915 3825 2118 3879 solatia
2226 3823 2326 3886 est,
2383 3819 2584 3873 ductor
2612 3819 2846 3888 invicte,
2879 3818 3419 3888 misererijugiter:
3468 3827 3529 3872 tu
3557 3833 3804 3887 semper
3836 3831 3952 3870 nu-

414 3903 816 3970 perdidissent.
861 3905 942 3958 Ad
976 3922 1167 3975 regem
1215 3906 1649 3963 invictissimum
1702 3913 2112 3967 Theodericum
2225 3907 2376 3960 tristi
2405 3923 2565 3976 spem
2609 3907 3037 3961 intercessionis
3073 3908 3132 3960 in
3158 3912 3475 3977 posterum.
3502 3905 3642 3960 dum
3672 3920 3952 3976 praesen-

411 4007 517 4060 per
554 4008 611 4044 se
647 4008 778 4044 mox
810 3991 890 4044 ire
923 3994 1109 4046 noluit
1143 4011 1155 4046 ε
1211 4011 1279 4048 ne
1308 3996 1450 4050 forte
1477 3997 1687 4052 laboris
1715 4001 1801 4052 sui
1835 4002 2112 4055 vicissitu-
2220 3995 2372 4048 tibus
2420 4013 2535 4049 non
2585 3997 2838 4050 resistis:
2882 3996 3031 4049 viam
3081 3995 3484 4066 supplicationi
3525 4003 3749 4048 nostra:
3782 3999 3952 4066 pate-

413 4079 606 4133 dincm
638 4081 696 4132 in
726 4081 999 4134 relatione
1022 4083 1358 4152 gratiarum,
1393 4088 1568 4140 autin
1603 4089 1953 4143 exhibitione
1987 4108 2111 4145 mu-
2216 4083 2361 4139 fecit
2406 4086 2473 4138 ad
2506 4086 2747 4156 reliqua,
2788 4102 3015 4156 semper
3039 4087 3192 4156 apud
3224 4102 3322 4139 vos
3348 4084 3610 4139 beneﬁcii
3641 4084 3803 4138 fides
3836 4083 3955 4137 im-

410 4181 613 4219 ncrum
649 4170 1080 4237 corampositus
1112 4170 1397 4222 videretur
1417 4173 1681 4242 exigere:
1717 4174 1937 4244 ﬂagitat
1959 4175 2109 4229 enim
2218 4173 2447 4243 petrati.
2493 4173 2799 4245 Liguribus
2837 4177 2950 4228 tuis
2980 4175 3191 4245 largire
3221 4175 3372 4246 quod
3400 4173 3701 4244 proferas:
3747 4172 3958 4228 tribue

409 4255 567 4325 quasi
598 4255 850 4309 debitam
901 4258 1358 4327 retributionem,
1394 4261 1493 4330 qui
1537 4261 1854 4331 profligatis
1896 4264 2108 4333 princi-
2149 4265 2191 4318 D
2224 4263 2376 4332 quod
2408 4279 2683 4334 reponas:
2711 4264 3044 4318 futurorum
3068 4270 3320 4335 quaestus
3341 4268 3447 4329 est,
3476 4262 3841 4333 temporalis
3871 4261 3962 4315 in-

406 4358 549 4412 pum
592 4344 967 4413 jussionibus,
1005 4345 1123 4415 ipse
1154 4347 1290 4416 quid
1323 4353 1513 4401 actum
1546 4347 1616 4401 sit
1647 4357 1846 4404 auctor
1875 4367 2106 4405 annun-
2219 4352 2537 4422 dulgentia.
2598 4353 2733 4407 Boni
2777 4353 3053 4424 principis
3102 4369 3228 4407 mos
3273 4358 3380 4420 est,
3432 4367 3563 4406 cum
3608 4351 3958 4406 virtutibus

405 4432 529 4483 tiat.
588 4434 702 4484 Hoc
745 4449 881 4501 ergo
932 4434 1027 4486 ille
1071 4435 1244 4487 totius
1288 4436 1570 4488 acuminis
1620 4437 1703 4490 vir
1750 4441 2106 4510 prospiciens
2220 4456 2416 4495 amare
2447 4442 2692 4509 famam;
2734 4448 2789 4496 et
2816 4459 3062 4516 regnum
3108 4442 3188 4496 ita
3219 4442 3504 4508 ordinare,
3536 4446 3849 4511 tanquam
3893 4440 3967 4494 ad

404 4517 690 4570 declinare
749 4519 1045 4588 gestiebat.
1101 4522 1335 4592 Scripsit
1384 4528 1598 4589 tamen,
1653 4532 1708 4580 et
1767 4545 1895 4598 quan
1948 4535 2106 4598 gesta
2214 4530 2408 4601 stirpis
2457 4547 2574 4584 suae
2621 4536 2882 4600 posteros
2931 4531 3332 4585 transiturum.
3375 4531 3650 4584 Nutantes
3706 4528 3967 4584 domini

404 4608 556 4668 sunt,
603 4605 759 4674 loqui
791 4608 1077 4662 commisit
1126 4611 1408 4679 epistolis;
1445 4629 1516 4667 ne
1546 4619 1641 4668 aut
1691 4618 1930 4670 tacendo
1976 4634 2107 4672 con-
2212 4618 2335 4672 haec
2363 4624 2585 4673 tantum
2619 4637 2745 4690 quae
2796 4620 3106 4690 accipiunt,
3140 4621 3433 4691 diligunt:
3477 4617 3830 4673 firmissimi
3863 4619 3977 4676 illa

404 4695 673 4760 temptor,
719 4699 816 4746 aut
862 4699 1211 4751 occurrendo
1259 4717 1359 4769 per
1407 4704 1795 4772 arrogantiam
1843 4721 2102 4774 pronun-
2211 4708 2429 4777 potius,
2465 4724 2595 4778 quae
2629 4709 2950 4762 dimittunt.
2985 4709 3076 4764 Sic
3106 4709 3274 4762 terris
3305 4707 3528 4762 semina
3557 4723 3758 4778 parva
3798 4724 3973 4763 com-

403 4779 642 4832 tiaretur
674 4780 1080 4852 intemperans.
1118 4789 1405 4851 Quantum
1440 4795 1574 4844 tunc
1602 4791 1936 4847 admiranda
1960 4810 2104 4864 pon-
2211 4795 2513 4864 mittimus,
2543 4801 2608 4851 ut
2655 4797 3033 4868 multiplicata
3062 4797 3358 4868 capiamus
3391 4812 3405 4851 :
3438 4796 3604 4851 fenus
3636 4796 3792 4851 sine
3852 4796 3974 4852 cri-

864 4925 923 4978 in
955 4929 1367 5019 restauratione
1415 4930 1738 5019 baptisterii
1769 4933 1829 4987 in
1877 4933 2100 4991 civitate
2253 4942 2300 5018 .8
2336 4938 2769 5019 Trznranlasz'am]
2797 4938 3128 5019 Tarantasia
3151 4937 3286 5018 olim
3321 4937 3520 5019 oppidi
3551 4953 3825 5019 nomen,
3863 4939 3978 4996 Al-

402 4992 773 5082 sua_Vienna,
809 5003 1071 5082 quartam
1096 4999 1435 5082 .in'basilica
1551 5004 1722 5082 Petri,
1757 5021 1929 5082 quain
1964 5025 2098 5082 san-
2207 5008 2369 5082 pium
2387 4992 3051 5081 itiraiarumcaputiﬂsic
3081 4992 3237 5063 enim
3273 4992 3419 5065 etin
3449 5013 3640 5082 vetere
3681 4992 3980 5066 Itinera-

402 5066 878 5154 citusuepiscppus.
907 5068 1246 5154 Tarlaritasiae
1275 5072 1556 5154 condidit;
1596 5066 1863 5154 quintam
1893 5077 1956 5154 in
2000 5079 2098 5131 de-
2207 5066 2286 5133 tio
2318 5082 2545 5154 zEthici,
2599 5089 2655 5135 et
2681 5083 2742 5135 in
2771 5066 2918 5136 ιι(νὶῐὶ
2960 5082 3201 5135 homilia
3233 5097 3408 5154 quam
3455 5080 3630 5134 modo
3673 5096 3981 5136 comme-

402 5131 963 5224 dica'tfionebasilicae
992 5141 1264 5224 Genevae,‘
1284 5158 1454 5221 quam
1475 5131 1684 5223 hostes
1703 5146 2095 5216 incenderant;
2207 5131 2574 5224 moravimus.
2603 5154 2778 5208 Hodie
2793 5154 3186 5207 Tarantasiam
3211 5131 3986 5224 vbcitantnonoppidum,

401 5205 774 5294 f’_t_,ai,i§‘5,‘1“‘{3
801 5210 886 5261 "ei
916 5205 1358 5294 inCE'ilmPUiblis
1379 5212 1518 5280 iPSiS
1549 5215 1792 5294 niulium
1816 5205 2096 5294 quantum
2207 5222 2307 5294 sed
2339 5205 2571 5293 pagum
2599 5205 3214 5294 ipsum,_tractumque
3248 5223 3423 5276 totius
3451 5205 3992 5294 Gentrciriutﬁn’ei:

916 5276 1177 5374 θΧοίῒέὶξιξν
1207 5276 1722 5374 reliquorumque.
1754 5276 1906 5341 beati
1952 5291 2095 5368 Aviti
2202 5276 2647 5374 vitatisfltaque
2679 5276 2877 5374 contra
2906 5293 2990 5347 illi
3021 5276 3227 5374 accidit
3256 5309 3436 5374 quam
3462 5276 3988 5374 plerisque—aliis

400 5360 804 5436 op‘er‘uqunae,
824 5358 1119 5436 recensent
1144 5351 1397 5436 .l‘sidorus
1432 5359 1485 5432 et
1516 5351 1632 5408 Ado
1669 5356 2069 5436 Viennensis.__
2205 5363 2398 5418 Galliae
2436 5351 2591 5434 locis,
2619 5369 2680 5420 ut
2713 5366 2977 5435 princeps
3007 5351 3291 5436 oppiduni
3316 5351 3540 5436 regioni
3564 5351 3831 5423 noﬁlen
3868 5369 3996 5424 da-

441 5416 895 5509 ξξιιϐοᾱὶφῖὶξςίιιδζ]
933 5423 1014 5509 Ita
1048 5423 1300 5509 scribunt
1333 5423 1462 5509 libri
1493 5441 1710 5509 omnes,
1765 5444 1879 5508 non
1901 5431 2090 5509 _Godi-
2201 5439 2305 5496 ret,
2339 5416 2654 5505 iionregiow
2667 5416 3264 5509 séu‘eiiiiafs'éﬁpidbi

397 5486 1032 5586 “iugatae
1063 5493 1275 5548 habent
1305 5494 1584 5550 editiones
1613 5486 1871 5567 Gregorii
1901 5501 2090 5555 'l‘uro-
2273 5486 2984 5586 eoiihua‘j;'a;{p;¢;a;,,~g;

395 5559 993 5643 neps‘is‘al‘iorum‘que.
1037 5633 1052 5643 .
1150 5635 1170 5643 _
1724 5559 1757 5567 ν
2275 5577 2296 5610 ⁵
2326 5559 2504 5643 Idem,
2530 5559 2779 5632 deceris.

465 5629 487 5662 ³
517 5627 702 5685 Schot.
739 5636 795 5685 et
822 5627 1099 5700 Bolland.,
1120 5635 1404 5702 formam.
2274 5648 2295 5681 ⁸
2326 5627 2852 5705 esioiiiﬁs'éi'v'at.
2881 5649 3007 5705 cod.
3047 5648 3396 5705 consolatus.
