4060 6174
169 204 243 258 237

1128 198 1290 254 VITA
1323 199 1383 253 Β.
1427 198 1787 256 ΕΡῙΡΗΑΝΙΙ
1826 196 2134 255 EPISCOPI
2171 196 2584 254 TICINENSIS.

3499 201 3604 256 238

168 334 278 389 mine
302 328 358 384 ﬁt
376 327 761 399 triplicatum:
823 327 963 383 boni
1017 327 1384 398 imperatoris
1440 332 1524 383 est
1578 345 1797 401 posses-
1832 328 2185 387 Adicorum.
2244 327 2478 383 Stabant
2556 326 2921 384 mussitantes
2976 334 3033 385 et
3086 330 3315 387 attoniti
3380 332 3603 405 populi,

170 423 274 477 soris
298 417 602 489 opulentia.
635 417 894 472 Concede
917 417 1342 471 immunitatem
1382 417 1521 471 anni
1557 435 1801 489 praesen-

168 514 217 567 tis
240 507 475 578 Liguriae,
505 507 603 577 qui
632 523 725 559 eos
748 506 996 560 externis
1017 506 1114 577 qui
1137 508 1480 577 supplicant,
1501 508 1795 561 reduxisti.

170 601 303 663 Quam
330 598 561 649 uberem
586 599 928 667 praisentem
991 596 1346 650 nativitatem
1404 597 1797 662 habuerimus,

168 686 412 741 clementia
439 690 621 738 vestra
647 690 895 738 astantes
926 684 1260 754 interroget.
1298 686 1476 739 Nemo
1522 685 1607 739 illi
1635 700 1802 738 men-

168 777 285 840 titur,
311 774 391 827 cui
421 775 680 827 serviunt
704 772 1172 843 quiconvincant.
1210 774 1337 827 nAd
1359 775 1477 827 haec
1496 774 1761 843 princeps
1784 789 1797 827 :

170 886 187 915 ι
215 866 332 918 Licet
358 880 458 916 nos
488 862 832 916 immanium
854 878 1233 933 expensarum
1247 864 1474 932 pondus
1492 862 1805 928 illicitet,et

168 969 242 1023 pro
264 952 499 1022 ipsorum
530 952 722 1022 quiete
752 953 949 1022 legatis
1000 951 1392 1005 indesinenter
1423 966 1659 1004 munere
1693 950 1803 1003 lar-

166 1042 354 1113 giamur,
389 1046 581 1095 tamen
642 1041 727 1095 vis
786 1041 1126 1095 meritorum
1180 1044 1415 1094 tuorum
1470 1038 1805 1094 tractatibus

168 1130 321 1185 nostris
346 1133 673 1184 reverenter
699 1129 1021 1185 intervenit.
1062 1129 1215 1199 Opus
1246 1133 1347 1195 est,
1369 1128 1495 1182 fieri
1526 1127 1805 1199 quidquid

162 1218 421 1289 injunxeris
458 1219 662 1289 :juvat
689 1235 858 1273 omne
894 1219 1049 1289 quod
1097 1217 1403 1288 prmcipis:
1454 1217 1806 1270 aestimamus

163 1310 277 1363 enim
289 1308 636 1377 compendiis
660 1308 867 1361 nostris
887 1307 1073 1377 adjici,
1094 1307 1249 1377 quod
1274 1306 1394 1376 ipse
1438 1305 1805 1376 decerpseris.

164 1398 276 1452 Nihil
302 1402 351 1450 tu
378 1397 544 1468 quasi
592 1413 660 1451 ex
713 1396 995 1449 accidenti
1038 1395 1379 1464 depreceris,
1413 1394 1512 1465 qui
1572 1394 1746 1447 habes
1776 1410 1809 1448 a

163 1486 285 1539 nobis
310 1486 557 1556 plurima
587 1501 715 1555 quae
747 1482 1045 1553 reposcas.’
1070 1484 1221 1537 Duas
1252 1488 1461 1549 tamen
1506 1480 1808 1553 prmsentis

165 1574 437 1627 indictionis
486 1574 693 1628 ﬁscalis
738 1572 941 1627 calculi
999 1577 1190 1642 partes
1246 1572 1546 1638 cedemus;
1581 1571 1809 1625 tertiam

164 1663 509 1717 tantummodo
534 1662 873 1732 suscepturi,
908 1677 981 1714 ne
1002 1665 1100 1717 aut
1130 1660 1319 1715 aerarii
1340 1660 1519 1714 nostri
1546 1659 1810 1731 angustia

168 1752 380 1805 Romanis
403 1751 598 1823 pariat
630 1751 849 1821 majora
869 1749 1187 1821 dispendia,
1212 1752 1313 1803 aut
1327 1748 1671 1819 supplicatio
1710 1752 1811 1803 tua

164 1846 429 1911 exspectata
458 1840 665 1911 patrita
693 1839 905 1911 gaudia
933 1856 1049 1893 non
1072 1842 1345 1910 reportet.
1380 1857 1408 1891 »
1441 1838 1651 1893 Taliter
1670 1853 1813 1908 prte-

164 1929 246 1982 iato
269 1930 371 1999 regi
391 1930 516 2000 egit
554 1928 768 1999 gratias
808 1944 1066 1983 summus
1124 1928 1401 1983 antistes:
1435 1943 1467 1980 a
1522 1943 1634 1998 quo
1690 1927 1811 1980 vale

161 2016 307 2071 dicens
327 2017 618 2072 abscessit.
656 2019 779 2073 Heu
810 2019 973 2072 dolor
1005 2021 1177 2089 atque
1209 2016 1502 2088 gemitus?
1544 2015 1812 2070 omnibus

163 2107 283 2176 quasi
312 2108 568 2179 supremi
620 2107 796 2162 ofﬁcii
844 2108 931 2161 vel
988 2107 1207 2162 ultimas
1246 2103 1588 2161 visitationis
1629 2104 1813 2159 studio

160 2194 356 2265 impiger
374 2196 731 2252 occurrebat.
768 2198 833 2251 Et
862 2212 992 2251 cum
1021 2196 1228 2250 domus
1261 2194 1441 2265 ipsius
1474 2193 1813 2250 Christianae

161 2285 504 2339 multitudinis
534 2285 731 2340 turbas
784 2289 1094 2353 evomeret,
1151 2286 1273 2356 ipse
1318 2289 1512 2338 tamen
1554 2282 1814 2338 omnium

158 2374 425 2442 penetralia
456 2374 659 2429 adibat
694 2392 707 2428 :
738 2375 965 2429 nullum
993 2374 1271 2437 humanae
1292 2373 1501 2428 mentis
1539 2372 1814 2427 crassitu-

158 2461 258 2517 dine
277 2463 606 2518 hebetatum
637 2463 909 2535 tangebat
939 2468 1058 2518 tam
1085 2463 1310 2518 funesta
1344 2462 1615 2533 suspicio,
1659 2460 1813 2533 quod

158 2550 350 2607 instaret
379 2553 660 2607 transitus
687 2552 810 2623 ejus
845 2569 1017 2624 quem
1045 2552 1140 2607 ille
1182 2551 1417 2622 spiritus
1469 2550 1814 2606 relevatione

155 2641 391 2696 cernebat.
419 2638 714 2711 Ninguido
746 2655 899 2708 aere,
932 2643 990 2693 et
1020 2638 1172 2709 quali
1221 2638 1408 2693 solent
1458 2636 1719 2693 homines
1745 2637 1816 2691 ad

158 2733 273 2782 tecta
312 2731 645 2801 confugere,
734 2730 1067 2785 Ravennam
1116 2743 1375 2798 egressus
1428 2731 1533 2794 est,
1606 2732 1664 2781 et
1712 2742 1817 2798 per

156 2833 315 2874 omnes
356 2819 607 2875 Emiliie
656 2818 911 2873 civitates
955 2817 1103 2871 celer
1151 2816 1328 2884 venit,
1385 2820 1663 2887 tanquam
1744 2816 1817 2870 ad

1906 434 2097 473 casum
2128 419 2187 472 in
2207 434 2324 471 uno
2356 415 2590 471 homine
2622 418 2792 471 totius
2822 418 3127 488 provinciae
3147 421 3595 487 considerantes,

1908 511 1964 559 et
1996 506 2167 559 funus
2200 504 2403 559 mundi
2452 511 2790 561 metuentes.
2833 507 3085 577 Septimo
3121 515 3314 565 tamen
3362 510 3453 566 die
3485 509 3609 566 ino-

1906 595 2166 665 pinatum
2197 595 2397 662 scelus,
2449 594 2754 649 ineffabilis
2806 596 3119 665 calamitas,
3172 598 3601 670 inexplicabilis

1909 684 2093 737 luctus
2143 684 2391 737 accessit.
2441 683 2549 737 Sed
2589 700 2717 737 cum
2764 683 3125 740 beatissimus
3179 694 3438 744 cerneret
3467 705 3608 760 pon-

1906 772 2063 839 tifex,
2096 772 2315 826 sarcina
2335 773 2520 826 carnis
2574 772 2791 843 abjecta
2824 774 3103 828 maturius
3156 791 3215 830 se
3257 777 3323 830 ad
3386 792 3607 847 purum

1908 861 2139 915 aetheris
2169 863 2389 915 evolare
2421 861 2708 931 fulgorem
2733 878 2746 917 :
2773 863 2932 931 cujus
2964 878 3072 916 vox
3094 862 3193 917 illa
3222 880 3450 936 semper
3477 865 3606 934 fuit,

1910 948 2060 1004 Mihi
2081 949 2277 1005 vivere
2303 948 2556 1005 Christus
2585 952 2686 1015 est,
2710 952 2776 1025 et
2805 949 2954 1004 mori
3006 951 3226 1008 lucrum
3278 952 3534 1025 '(Ph-ilip.
3567 971 3606 1021 ι,

1908 1040 2023 1108 21),
2057 1040 2188 1093 laeto
2215 1038 2407 1093 animo
2441 1055 2502 1091 ac
2531 1038 2691 1092 vultu
2714 1054 2912 1093 sereno
2951 1038 3076 1093 illos
3099 1041 3405 1096 versiculos
3446 1041 3610 1097 Davi-

1912 1126 2067 1182 dicos
2097 1128 2305 1198 sepius
2336 1127 2668 1197 repetebat:
2704 1126 3130 1182 Misericordia:
3155 1132 3303 1196 tuas,
3343 1128 3606 1198 Domine,

1913 1215 1974 1271 in
2004 1221 2273 1271 aeternum
2301 1215 2565 1270 cantabo.
2603 1217 2676 1268 In
2690 1215 3056 1287 generatione
3085 1217 3155 1283 et?
3190 1217 3458 1288 progenie
3471 1233 3614 1289 pro-

1910 1305 2183 1360 nuntiabo
2200 1304 2503 1361 veritatem
2536 1310 2693 1361 mam
2706 1303 2768 1357 in
2788 1320 2882 1360 ore
2894 1322 3017 1360 meo
3036 1306 3221 1375 (Psal.
3250 1323 3510 1372 Lxxxvm,
3537 1306 3607 1377 l).

1916 1397 1979 1451 Et
2002 1395 2145 1449 illud
2168 1411 2179 1448 :
2206 1397 2273 1449 In
2301 1411 2511 1448 manus
2535 1397 2681 1458 tuas,
2716 1393 2973 1457 Domine,
2996 1395 3327 1449 commendo
3342 1394 3614 1467 spiritum

1914 1482 2309 1555 meum(Psal.
2342 1499 2472 1550 xxx,
2506 1482 2719 1551 6).Nec
2780 1499 2895 1537 non
2943 1483 3247 1554 adjiciebat
3289 1484 3358 1538 de
3418 1484 3615 1554 perfe-

1922 1572 2108 1626 ctione
2140 1588 2372 1626 securus
2400 1588 2413 1625 :
2443 1572 2843 1640 Conﬁrmatum
2858 1574 2942 1626 est
2960 1588 3057 1628 cor
3068 1590 3255 1628 meum
3274 1572 3336 1627 in
3352 1572 3609 1640 Domino,

1919 1663 1975 1715 et
1995 1660 2317 1717 exaltatum
2339 1663 2424 1715 est
2448 1677 2631 1715 cornu
2660 1676 2845 1715 meum
2883 1660 2943 1714 in
2987 1663 3100 1716 Deo
3126 1660 3377 1717 salutari
3412 1676 3534 1718 meo
3563 1661 3620 1732 (I

1919 1750 2063 1822 Reg.
2088 1766 2148 1818 ιι,
2188 1752 2233 1819 1)
2269 1754 2368 1805 :ut
2390 1750 2619 1817 hymnis
2662 1754 2721 1804 et
2767 1749 3001 1804 canticis
3036 1755 3093 1805 et
3146 1750 3209 1804 in
3242 1753 3429 1805 morte
3469 1765 3621 1805 reso-

1921 1853 2067 1892 nans
2095 1838 2163 1893 ad
2184 1839 2374 1893 sedem
2407 1854 2570 1893 suam
2614 1838 2857 1893 cmlestis
2886 1838 3082 1893 anima
3125 1844 3408 1894 remearet
3441 1856 3453 1894 :
3488 1854 3620 1911 quas

1924 1927 2470 2000 quinquagesimum
2500 1927 2524 1963 ’³
2562 1932 2823 1984 octavum
2855 1929 3038 1983 aetatis
3076 1944 3295 1984 annum
3338 1929 3497 1984 duxit
3549 1928 3621 1982 ad

1922 2018 2261 2072 tumulum:
2310 2018 2549 2088 triginta
2585 2017 2646 2072 in
2702 2018 2808 2071 hac
2865 2018 3223 2086 sacerdotali,
3279 2018 3532 2089 qualem,
3564 2021 3622 2072 et

1922 2106 1970 2162 si
1999 2107 2311 2178 excerptim
2340 2107 2519 2162 lector
2563 2106 2809 2162 attendis
2853 2108 3149 2179 scalptam,
3192 2106 3621 2163 conversatione

1924 2196 2153 2251 exemit.

1993 2284 2139 2340 Illud
2160 2300 2412 2356 namque
2434 2284 2662 2339 silentio
2693 2283 2988 2356 praeterire
3033 2300 3152 2341 non
3207 2284 3409 2354 debeo,
3469 2283 3625 2355 quod

1925 2374 2049 2445 ejus
2083 2377 2290 2427 sanctae
2312 2372 2571 2445 reliquiae
2601 2390 2782 2446 usque
2806 2374 2867 2429 in
2889 2374 3040 2429 diem
3068 2374 3327 2443 tertium,
3351 2389 3466 2446 quo
3493 2388 3623 2428 cum

1926 2478 2154 2517 summa
2180 2462 2550 2517 veneratione
2574 2463 2887 2518 reconditae
2918 2463 3320 2532 dinoscuntur,
3348 2466 3508 2518 tanto
3528 2462 3625 2516 lu-

1925 2551 2082 2607 mine
2112 2567 2177 2606 ac
2208 2552 2412 2606 decore
2442 2551 2663 2606 vestitae
2689 2555 3030 2606 cunctorum
3082 2551 3215 2607 visae
3273 2555 3406 2606 sunt
3447 2549 3627 2605 oculis

1923 2646 1989 2697 ut
2019 2641 2389 2712 splendorem
2418 2640 2548 2696 vitae
2585 2641 2772 2695 vultus
2827 2641 3084 2712 signaret
3109 2639 3384 2710 defuncti,
3443 2643 3499 2694 et
3527 2639 3627 2693 de-

1925 2729 2173 2801 positam
2203 2730 2449 2802 gloriam
2474 2730 2593 2800 jam
2616 2745 2770 2783 nunc
2820 2728 3141 2800 percepisse
3191 2728 3502 2799 gloriosum
3530 2742 3629 2781 vas

1928 2818 2278 2887 crederetur,
2303 2818 2363 2872 in
2400 2833 2513 2889 quo
2534 2832 2664 2871 vere
2711 2816 2821 2872 fuit
2867 2818 3171 2872 thesaurus
3224 2815 3422 2888 magni
3476 2814 3627 2885 regis

157 2910 359 2977 sepulcri
386 2909 824 2981 receptaculum
854 2922 1173 2979 properans
1206 2922 1219 2961 :
1252 2905 1520 2961 omnibus
1550 2905 1817 2960 sacerdo-
1857 2901 1898 2957 C
1928 2906 2357 2971 inclusus.Quae
2372 2904 3394 2976 tibifueruntﬂuminalacrymarum,
3426 2902 3630 2975 quanti

154 2994 273 3048 tibus
300 2998 355 3051 in
384 2999 601 3053 itinere
626 2996 829 3069 positis
842 2995 1172 3062 muniﬁcus,
1191 2994 1533 3061 communis,
1552 2992 1818 3061 affabilis,

155 3088 199 3134 et
222 3086 363 3153 quasi
392 3089 408 3122 ι
449 3086 780 3158 exagellam
810 3084 1163 3156 relinquens,
1194 3099 1251 3136 se
1278 3082 1403 3151 ipso
1430 3080 1818 3152 praestantior.

159 3170 208 3223 L't
227 3173 473 3228 Parmam
515 3180 734 3241 tamen,
760 3174 1019 3244 ejusdem
1049 3172 1154 3226 viae
1175 3172 1468 3242 ingressus
1498 3174 1583 3223 est
1626 3168 1822 3223 civita-

154 3263 263 3324 tem,
285 3264 559 3317 continuo
589 3278 722 3316 eum
748 3263 1083 3332 coagulatus
1110 3260 1168 3314 in
1196 3260 1466 3313 vitalibus
1489 3259 1696 3312 humor
1724 3257 1823 3321 lin-

152 3348 289 3416 fudit,
313 3367 481 3422 quem
509 3352 845 3405 catharrum
867 3349 1074 3405 medici
1105 3354 1311 3403 vocant
1339 3363 1352 3401 :
1386 3345 1484 3418 qui
1514 3363 1571 3400 se
1602 3346 1828 3400 meduln

153 3436 261 3490 litus
282 3439 544 3495 inserens
575 3441 635 3494 in
666 3439 893 3494 ruinam
919 3437 1214 3510 publicam
1234 3435 1534 3490 serviebat.
1557 3433 1666 3488 Sed
1686 3433 1827 3504 quid

155 3523 391 3583 formidas
417 3529 660 3584 oratio?
692 3529 831 3600 quid
875 3529 1029 3583 velut
1052 3528 1074 3562 ²
1130 3525 1291 3581 navis
1338 3524 1532 3595 fragos
1566 3523 1829 3594 scopulos

152 3617 742 3682 perhorrescis?Velis,
775 3617 944 3684 nolis,
1002 3619 1060 3670 et
1107 3616 1155 3668 si
1195 3614 1461 3681 strictim,
1522 3613 1684 3684 cujus
1714 3612 1830 3666 vita

156 3701 275 3757 dicta
295 3713 390 3775 est,
425 3707 764 3761 narrandus
785 3711 871 3760 est
921 3705 1112 3760 obitus
1144 3720 1157 3758 :
1188 3703 1465 3775 quoniam
1514 3702 1673 3756 nulla
1704 3716 1832 3771 pro—

152 3792 381 3849 tensione
466 3792 681 3862 libelli,
739 3792 910 3847 nullis
963 3791 1405 3858 dilatationibusj
1449 3789 1832 3861 promulgatae

156 3877 334 3949 laudis,
354 3883 645 3937 transitus
676 3882 859 3953 ipsius
882 3880 1097 3951 poterit
1132 3879 1425 3934 occultari.
1456 3879 1524 3933 Et
1573 3876 1833 3949 quamvis

156 3969 287 4024 velut
340 3972 622 4043 Scyllaeos
670 3986 837 4024 canes
886 3974 939 4024 et
976 3970 1201 4040 patulas
1256 3967 1571 4038 Charybdis
1619 3967 1832 4035 fauces,

157 4055 349 4127 tragosa
402 4059 751 4114 discrimina
799 4074 1097 4114 murmure
1160 4057 1493 4111 minitantes
1542 4056 1834 4109 veliﬁcans

1930 2997 2212 3067 planctus,
2235 2995 2435 3063 silebo,
2467 3012 2540 3049 ne
2570 3000 2704 3065 post
2723 3010 2903 3048 annos
2934 3009 2999 3048 ac
3020 2993 3306 3048 curricula
3339 2993 3630 3047 novellum

1932 3084 2189 3139 dolorem
2244 3083 2486 3155 scriptor
2543 3084 2839 3139 incutiam.
2894 3083 3261 3155 Quaecunque
3321 3082 3404 3137 ibi
3446 3086 3631 3136 mater

1932 3172 2108 3239 venit,
2143 3171 2451 3227 liberatum
2482 3171 2750 3227 clamavit
2771 3172 2841 3227 ab
2861 3172 2961 3227 illo
2992 3171 3178 3227 tilium
3208 3191 3223 3239 ;
3272 3184 3632 3242 quascunque
3716 3172 3717 3175 “

1931 3277 2096 3329 uxor,
2124 3262 2427 3330 maritum;
2463 3278 2819 3334 quaecunque
2853 3278 3036 3326 soror,
3084 3261 3349 3329 fratrem;
3393 3260 3491 3332 qui
3521 3276 3632 3315 cae-

1933 3350 2076 3417 lebs,
2108 3366 2166 3403 se
2196 3349 2408 3421 ipsum.
2444 3352 2737 3405 Postremo
2756 3350 2817 3405 in
2847 3350 2946 3405 illa
2973 3355 3133 3405 tanta
3154 3350 3457 3405 hominum
3490 3349 3635 3403 mul-

1933 3439 2181 3495 titudine
2228 3444 2287 3494 et
2332 3443 2641 3506 conventu,
2717 3444 2784 3494 ut
2853 3438 3135 3494 audenter
3193 3439 3402 3507 dicam,
3457 3438 3634 3493 totius

1935 3528 2087 3584 orbis
2117 3544 2286 3584 nemo
2310 3528 2420 3584 fuit
2440 3527 2539 3600 qui
2565 3527 2860 3584 beneﬂciis
2904 3527 3059 3584 illius
3116 3527 3338 3600 aliquid
3387 3542 3508 3583 non
3533 3526 3633 3583 de-

1937 3616 2121 3673 heret.

2011 3705 2119 3760 Sed
2142 3720 2335 3772 quaeso
2368 3704 2490 3775 jam
2548 3708 2936 3775 temperemus
2993 3721 3027 3758 a
3064 3705 3312 3760 luctibus
3346 3721 3361 3761 :
3415 3708 3637 3761 contra-

1941 3796 2092 3848 ctam
2122 3792 2359 3848 tristitia
2389 3793 2741 3848 resolvamus
2772 3792 3041 3848 frontem.
3074 3795 3303 3850 Excelsa
3332 3809 3460 3849 cum
3518 3795 3636 3849 Deo

1940 3881 2220 3953 possidet,
2252 3881 2323 3936 ob
2351 3881 2513 3952 cujus
2549 3880 2771 3937 obitum
2817 3897 3127 3938 maeremus
3164 3883 3227 3937 in
3286 3883 3472 3939 terris.
3529 3882 3639 3938 Sed

1942 3970 2081 4042 quid
2110 3970 2336 4036 faciam,
2368 3970 2522 4040 quod
2551 3971 2945 4026 remediatoris
2964 3972 3137 4025 vestri
3160 3972 3444 4043 singultus
3467 3971 3639 4028 verba

1942 4060 2269 4115 difﬁciunt?
2308 4059 2575 4129 lacyrmte
2605 4075 2704 4114 ora
2729 4060 3127 4130 profundunt?
3160 4061 3448 4131 mugitum
3495 4077 3640 4115 reso-

156 4148 321 4202 carina
340 4149 638 4221 ditiugiat,
674 4146 862 4203 obitus
887 4148 1010 4218 ejus
1040 4145 1407 4217 naufragium
1446 4160 1566 4200 non
1594 4144 1826 4199 omittit.
1870 4184 1915 4239 Β
1944 4152 2045 4203 nat
2075 4163 2247 4202 omne
2278 4148 2429 4218 quod
2462 4148 2745 4219 eloquor?
2771 4151 2828 4202 et
2852 4147 3113 4219 intelligo
3144 4149 3296 4220 quod
3338 4163 3639 4218 nunquam

159 4234 279 4296 Quid
308 4236 481 4293 ﬂetus
515 4253 756 4292 narrare
781 4242 999 4303 metuo,
1032 4252 1174 4307 quos
1194 4235 1467 4289 continua
1480 4250 1708 4304 semper
1736 4250 1834 4289 ne-

157 4338 286 4379 cesse
316 4333 401 4382 est
430 4334 501 4383 ut
530 4330 816 4381 monstret
835 4323 1085 4381 effusio?
1119 4324 1269 4394 Ergo
1327 4323 1465 4377 dum
1523 4339 1581 4377 se
1622 4322 1833 4393 oppido

156 4412 435 4484 Ticinensi,
467 4433 633 4470 nunc
667 4417 899 4480 misero,
933 4412 1345 4485 propinquavit
1374 4412 1537 4483 quasi
1566 4413 1755 4466 alacer
1780 4415 1837 4466 et

157 4514 299 4557 sanus
327 4506 614 4577 apparuit
646 4520 658 4558 :
693 4504 849 4575 quod
872 4502 1004 4556 licet
1043 4517 1173 4555 cum
1198 4500 1220 4533 ³
1270 4500 1535 4554 omnibus
1592 4501 1836 4554 exsulta-

158 4588 381 4645 tionibns
410 4594 486 4648 ob
516 4592 788 4663 ‘reditum
838 4605 1004 4644 suum
1054 4588 1359 4656 introisset,
1420 4588 1571 4642 illico
1627 4588 1839 4659 gaudia

158 4682 297 4734 vertit
324 4682 720 4753 inlacrymas,
780 4696 1001 4750 aegrum
1044 4695 1102 4732 se
1143 4694 1262 4732 esse
1320 4677 1443 4749 ipsa
1488 4678 1579 4732 die
1609 4677 1834 4747 signiﬁ-

159 4782 286 4835 cans,
315 4773 501 4825 altera
528 4770 880 4841 graviorem.
917 4769 983 4822 Et
1002 4784 1132 4822 cum
1172 4767 1445 4838 grandior
1463 4766 1703 4837 perdies
1725 4768 1838 4821 sin-

160 4858 298 4926 gulos
321 4864 642 4933 appareret
674 4857 993 4923 inﬁrmitas,
1020 4857 1218 4927 adjuta
1240 4861 1325 4911 est
1383 4854 1675 4927 imperitia
1721 4872 1838 4909 me-

218 5034 617 5109 ‘Ezagellam
654 5032 1003 5109 relinqueris]
1062 5033 1183 5109 Hoc
1229 5037 1334 5101 est,
1364 5037 1431 5109 ut
1466 5031 1836 5109 interpretor,

154 5104 401 5162 nor-mani
428 5114 488 5162 et
521 5104 879 5177 exemplum.
928 5104 1257 5177 Exagellam
1317 5104 1839 5177 enim_appellasse

155 5176 405 5232 videntur
454 5180 677 5232 libram
696 5174 824 5231 'seu
851 5176 1150 5242 trutinam,
1198 5176 1267 5229 ab
1322 5191 1388 5228 eo
1423 5174 1636 5228 scilicet
1686 5174 1840 5227 fonte

157 5260 183 5298 ἃ
203 5262 307 5317 quo
337 5255 393 5304 et
424 5250 671 5320 aginam
699 5254 763 5320 et
792 5247 1077 5319 exagium.
1110 5248 1175 5320 ln
1198 5245 1450 5320 antiqua
1470 5244 1842 5320 inscriptione

159 5314 269 5386 quia
324 5314 598 5389 continet
648 5314 927 5374 edictum'
952 5317 1267 5388 Aproniani
1312 5314 1383 5389 Ρ.
1411 5318 1472 5372 V.
1500 5316 1604 5369 sub
1642 5314 1841 5389 exagio

160 5403 346 5455 pecora
396 5388 681 5459 vendere,
728 5395 814 5445 est
878 5387 1129 5461 appensa
1180 5388 1454 5461 vendere.
1506 5390 1661 5461 Zeno
1704 5387 1845 5441 item

158 5474 402 5519 sermone
434 5466 467 5519 6
494 5464 577 5534 ad
612 5457 1260 5534 neaphytos,'11abeti9,
1296 5458 1508 5534 inquit,
1562 5457 1841 5534 agingm:

158 5535 409 5603 mgium
422 5531 653 5603 facite,
675 5529 1149 5605 quemadmodum
1161 5529 1336 5589 vultis
1351 5529 1686 5604 pandente.
1705 5530 1845 5587 Exa-

1947 4238 2019 4292 ad
2049 4237 2285 4291 ﬂentem
2317 4236 2460 4290 ﬂens
2489 4235 2635 4290 bene
2658 4237 2847 4291 veniat
2875 4237 3217 4291 consolator.
3254 4237 3384 4291 Haec
3441 4241 3637 4291 sancto

1944 4324 2097 4380 Patri
2121 4329 2175 4378 et
2194 4324 2413 4379 doctori
2443 4324 2789 4395 peritissimo
2820 4325 3055 4379 idoneus
3080 4324 3282 4379 aﬂ‘ectu
3314 4340 3431 4379 non
3460 4322 3639 4380 scien-

1943 4413 2020 4468 tia
2051 4412 2328 4482 impendi,
2343 4416 2408 4469 ut
2428 4413 2649 4485 aliquos
2678 4414 2748 4468 de
2762 4412 3191 4468 conversatione
3204 4414 3358 4468 illius
3373 4413 3638 4468 ﬂosculos

1943 4502 2259 4571 relegerem
2286 4518 2299 4569 ;
2340 4506 2405 4556 ut
2442 4506 2529 4555 est
2552 4492 2791 4573 longum
2820 4501 2932 4557 iter
2961 4502 3264 4575 agentibus
3307 4503 3369 4557 iu
3395 4518 3505 4557 usu
3530 4518 3637 4573 po-

1944 4591 2139 4658 situm,
2169 4589 2265 4662 qui
2295 4607 2413 4645 non
2440 4607 2640 4645 omnes
2672 4590 2868 4646 obvios
2916 4593 3298 4647 consalutent.
3356 4592 3437 4647 Tu
3465 4591 3636 4661 mihi,

1944 4679 2139 4735 anima
2159 4679 2309 4750 apud
2357 4680 2790 4749 Redemptorem
2823 4690 3085 4736 nostrum
3141 4686 3486 4753 praepotens,
3528 4682 3640 4737 tri-

1942 4768 2075 4833 bue,
2109 4772 2173 4823 ut
2201 4784 2337 4822 cura
2356 4784 2565 4822 vacuus
2597 4772 2651 4822 et
2679 4773 2907 4839 pectore
2926 4770 3092 4837 liber,
3121 4771 3334 4825 munda
3358 4770 3465 4825 tibi
3493 4771 3641 4826 sicut

1944 4858 2223 4914 debentur
2252 4856 2540 4928 prmeonia
2576 4857 2825 4911 mundus
2846 4858 3153 4914 exsolvam.
3188 4860 3269 4915 De
3300 4862 3505 4916 cmtero
3534 4861 3638 4916 ha-
3694 4845 3703 4851 ”

1947 5031 2107 5103 gium
2127 5030 2323 5155 1fl'acere
2355 5033 2438 5085 est
2456 5029 2777 5101 ponderane
2800 5047 2813 5087 :
2836 5032 3053 5089 trutina
3069 5049 3185 5106 qua
3228 5033 3634 5106 ponderemus,

1948 5118 2122 5155 61328
2171 5118 2223 5155 8.

1948 5118 2223 5171 exageua.

2020 5173 2041 5207 ³
2064 5170 2195 5239 Alii,
2229 5170 2582 5244 navifragoe.

2021 5247 2042 5278 ³
2068 5244 2198 5311 Alii,
2224 5243 2499 5298 omnium.

2023 5319 2044 5352 ‘
2073 5315 2613 5388 Quinquagesimum
2629 5316 2903 5382 octavum]
2959 5316 3208 5371 Decessit
3241 5315 3445 5388 beatus
3502 5317 3637 5388 Epi-

1950 5385 2199 5457 phanius
2218 5385 2294 5440 XII
2320 5389 2425 5442 cal.
2462 5388 2732 5441 Februar.
2767 5388 2903 5442 anni
2934 5388 3063 5456 497,
3086 5403 3239 5443 anno
3269 5386 3454 5442 aetatis
3497 5385 3639 5445 duo-

1954 5458 2378 5528 desexagesimo
2407 5459 2666 5513 nondum
2708 5460 2952 5529 expleto.
2981 5459 3165 5523 Quare
3192 5462 3362 5515 natus
3411 5459 3640 5517 videtur

1951 5545 2043 5587 an.
2070 5530 2199 5598 439,
2230 5533 2457 5585 creatus
2484 5530 2711 5601 epieco
2729 5545 2837 5600 pus
2855 5545 3006 5585 anno
3036 5530 3160 5587 467.
