4008 6170
397 261 501 312 239

1602 256 1893 314 ENNODII
1930 257 2245 316 EPISCOPI
2281 257 2677 316 TICINENSIS

3796 265 3898 318 240

395 389 702 446 bentemin
731 394 786 444 te
820 395 948 461 post
967 391 1149 444 Deum
1209 389 1478 444 fiduciam
1518 406 1632 444 non
1676 390 1990 462 relinquas,
2021 397 2078 446 et
2114 392 2162 448 Α
2195 393 2383 448 vinam
2415 392 2920 464 repromissionem
2948 393 3122 449 redde
3147 394 3504 466 participem.

397 496 570 551 quem
604 478 899 550 religionis
940 478 1120 532 titulis
1146 478 1455 549 insignisti,
1486 480 1888 549 religiosorum
1921 481 1979 534 in
2012 481 2090 534 di-

1463 693 2162 781 OPUSCULUM
2243 694 2829 794 QUARTUM.

1171 849 1190 882 ί
1224 857 1328 904 ne
1367 854 1527 904 vita
1566 855 1784 905 Beati
1822 855 2136 905 Antoni]
2177 856 2539 905 monachi
2583 857 3034 908 lerlnenciu
3063 855 3104 906 ³.

1038 1051 1192 1104 ΡΗᾹΞ
1204 1050 1424 1105 FATIO.

462 1141 530 1194 Ut
558 1141 882 1211 proeliantes
912 1144 1216 1209 assurgunt
1244 1137 1531 1204 buccinis;
1555 1142 1911 1209 utequorum
1935 1140 2074 1193 cele-

386 1229 522 1284 ritas
554 1230 622 1284 ad
652 1229 934 1299 potiorem
963 1244 1194 1282 cursum
1225 1227 1431 1281 ferrata
1483 1228 1632 1281 calce
1686 1232 2025 1298 provocatur
2057 1244 2070 1280 :

384 1317 464 1371 ita
497 1318 637 1372 dum
678 1318 964 1388 majorum
1013 1316 1188 1369 virtus
1247 1314 1530 1380 sollicitat,
1582 1314 1812 1384 ingenia
1849 1315 2076 1369 novella

383 1407 684 1460 confortat.
721 1405 826 1468 Qui
865 1422 1004 1459 cana
1053 1403 1316 1458 exercitia
1346 1408 1400 1457 et
1439 1407 1696 1456 veterum
1744 1408 1904 1472 gesta
1942 1405 2076 1456 rele-

384 1495 487 1564 git,
529 1495 597 1548 ad
622 1493 1054 1565 disciplinarum
1076 1493 1300 1562 frugem
1322 1491 1629 1561 propositis
1660 1491 1891 1544 laudum
1927 1507 2073 1561 prae-

383 1583 513 1636 miis
543 1582 870 1636 inardescit.
905 1583 1100 1651 Imago
1141 1579 1512 1651 praecedentis
1543 1579 1761 1647 glorize,
1788 1584 1851 1632 ut
1868 1579 1938 1633 ad
1966 1596 2073 1648 po-

383 1676 560 1726 steros
575 1671 782 1738 veniat,
816 1671 1145 1740 linguarum
1170 1673 1368 1723 catena
1406 1668 1686 1722 retinetur
1718 1684 1730 1721 :
1793 1684 1908 1721 non
1943 1668 2072 1721 licet

381 1778 486 1832 per
517 1765 708 1815 tetates
738 1761 948 1831 perire,
983 1760 1029 1812 si
1059 1759 1194 1830 quid
1218 1757 1381 1811 lectio
1401 1757 1615 1811 serenis
1641 1756 1860 1810 actibus
1892 1757 2072 1810 amica

381 1850 714 1920 susceperit.
754 1851 970 1920 [Itaque
1017 1846 1360 1918 eloquentiae
1414 1844 1776 1912 diuturnitas,
1817 1846 2072 1899 mortalis

383 1945 604 1993 natura:
636 1938 756 1992 sine
779 1935 1198 2006 congressionis
1224 1935 1477 2006 periculo
1498 1934 1672 1988 vincit
1721 1934 2066 2006 angustiam,

379 2044 486 2098 per
524 2043 696 2099 quam
728 2027 1078 2098 optimorum
1102 2024 1474 2092 conversatio,
1493 2024 1630 2094 ipsis
1648 2022 2065 2090 decidentibus,

379 2117 562 2170 noscit
583 2133 865 2171 occasum.
902 2114 1251 2170 Restituetur
1310 2113 1545 2184 quidem
1575 2129 1782 2183 corpus
1832 2110 2064 2181 origini,

380 2212 435 2261 et
451 2207 766 2260 destinatus
799 2222 832 2259 a
860 2204 1082 2276 superis
1108 2203 1341 2274 spiritus
1372 2202 1441 2255 ad
1465 2201 1767 2272 proprium
1826 2200 2070 2255 recurrit

377 2298 670 2349 auctorem
706 2311 719 2349 :
754 2309 1001 2364 quorum
1049 2297 1241 2346 tamen
1287 2290 1543 2361 probitas
1597 2288 1755 2343 libris
1801 2289 2068 2342 mandata

379 2383 570 2453 fuerit,
613 2399 814 2437 eorum
845 2382 1029 2436 vitalis
1051 2386 1135 2434 est
1159 2380 1366 2434 obitus.
1394 2380 1549 2432 Dicat
1598 2378 1838 2432 forsitan
1886 2377 2066 2430 inter-

377 2489 508 2543 pres
550 2473 873 2526 austerior:
935 2472 1170 2541 Abjurat
1217 2468 1636 2540 praedicationis
1705 2467 2065 2520 dulcedinem

376 2562 675 2633 perfuncta
707 2577 864 2614 mens
895 2560 1123 2621 saeculo,
1157 2564 1212 2613 et
1256 2559 1440 2611 carnis
1483 2557 1724 2610 vinculis
1776 2556 2066 2609 absolutus

377 2668 492 2704 non
513 2651 797 2704 desiderat
819 2664 946 2719 qua:
963 2648 1112 2702 inter
1130 2648 1345 2700 incerta
1365 2646 1563 2699 mundi
1585 2645 1778 2714 gessit,
1795 2643 2022 2712 agnosci
2049 2660 2061 2698 :

377 2741 474 2794 sed
507 2741 632 2793 illos
692 2739 979 2792 humanus
1019 2753 1228 2802 carcer,
1281 2735 1403 2788 sine
1432 2735 1706 2787 libertatis
1743 2733 2060 2804 dispendio,

375 2830 586 2884 refudit
607 2827 796 2899 opifici
827 2847 843 2883 :
874 2828 1009 2881 dum
1041 2827 1192 2879 inter
1223 2825 1438 2895 polluta
1479 2824 1762 2893 gradiens,
1816 2823 2064 2875 nitorem

374 2935 542 2972 suum
578 2919 770 2970 anima
801 2919 908 2970 Deo
956 2920 1150 2968 nostro
1192 2914 1410 2966 intenta
1470 2912 1816 2981 geminavit;
1852 2918 1907 2965 et
1962 2927 2064 2982 per

372 3007 777 3061 mandatorum
809 3005 1121 3060 caelestium
1179 3004 1358 3056 lineas
1409 3003 1828 3056 lenocinantem
1891 3001 2062 3071 hujus

372 3099 515 3152 lucis
548 3116 661 3151 non
703 3097 879 3150 sensit
904 3111 1178 3149 errorem.
1213 3093 1384 3147 Nobis
1419 3109 1550 3144 vero
1580 3092 1685 3145 ista
1704 3091 2060 3156 reviviscant,

372 3187 536 3240 nobis
575 3186 876 3256 profutura
907 3189 1236 3247 serventur;
1274 3181 1482 3251 quibus
1505 3181 1551 3233 si
1591 3197 1621 3233 a
1661 3182 1850 3233 studio
1904 3181 2062 3234 deest

373 3275 575 3328 sectari
607 3274 864 3332 meliora,
891 3273 957 3326 de
993 3273 1223 3324 illorum
1250 3269 1348 3340 qui
1379 3270 1557 3322 facem
1617 3269 2060 3321 conversationis

372 3380 489 3417 suae
517 3365 846 3434 praeferunt,
881 3362 1072 3416 venire
1091 3361 1260 3414 debet
1291 3360 1548 3428 exemplo
1599 3360 1680 3412 Tu
1714 3363 1923 3421 autem,
1971 3375 2061 3411 ve-

371 3452 641 3506 nerabilis
672 3452 846 3506 abbas
875 3450 1091 3514 Leonti,
1127 3449 1292 3520 quiid
1327 3448 1468 3500 mihi
1494 3448 1680 3516 operis
1739 3447 2056 3516 injunxisti,

370 3542 579 3612 adjuva
605 3541 858 3594 oratione
893 3541 1260 3605 titubantem,
1295 3543 1348 3589 et
1390 3537 1699 3589 siccitatem
1743 3538 1870 3607 styli
1929 3554 2060 3590 san-

369 3637 588 3685 ctarum
625 3646 858 3700 precum
893 3629 1075 3681 imbre
1099 3628 1380 3696 locuplcta
1413 3643 1425 3679 :
1461 3625 1630 3679 facies
1653 3625 1827 3690 enim,
1854 3629 2060 3680 utcon-

367 3718 504 3785 iido,
541 3718 756 3772 meritis
788 3718 1165 3787 praecipuum,
1200 3716 1348 3785 quod
1378 3715 1609 3785 aggredi
1646 3732 1735 3769 me
1793 3717 1910 3786 ipse
1939 3716 2056 3785 jus-

369 3805 508 3860 sisti.
528 3806 779 3859 Pronum
797 3810 899 3868 est,
916 3802 1253 3857 beatitudini
1273 3803 1652 3872 tutejejunam
1669 3804 2054 3872 eloquentiam

365 3893 619 3947 fecundis
649 3893 987 3946 innocentia:
1038 3891 1268 3944 ferculis
1299 3891 1573 3960 ampliare
1601 3907 1613 3943 :
1658 3892 1866 3945 credite
1891 3892 2051 3961 mibi,

366 4000 462 4036 vos
484 3981 749 4048 respiciet
774 3988 1010 4035 extortae
1042 3985 1138 4033 aut
1160 3981 1344 4050 culpa,
1383 3987 1478 4033 aut
1511 3981 1709 4049 genius
1737 3981 2001 4035 dictionis
2037 3999 2048 4036 :

365 4073 526 4144 cujus
540 4073 646 4126 nisi
667 4071 1041 4124 substantiam
1063 4070 1329 4139 religiosa
1347 4069 1679 4123 auctoritate
1702 4071 2045 4138 firruaveris,

362 4163 649 4218 videbitur
672 4161 874 4231 judicii
907 4161 989 4213 tui
1020 4160 1219 4212 clauda
1249 4158 1389 4224 fides
1420 4159 1693 4229 delegisse
1713 4160 1904 4213 minus
1937 4160 2050 4214 ido-

360 4271 556 4320 neum,
585 4253 674 4306 cui
698 4251 1003 4306 venerandi
1041 4249 1251 4302 laboris
1282 4248 1631 4318 provinciam
1671 4249 2034 4302 commisisti.

433 4347 613 4416 Igitur
641 4343 790 4397 beati
822 4339 1052 4395 Antonii
1092 4345 1424 4392 narraturus
1471 4337 1735 4407 insignia,
1789 4338 2042 4407 primum

357 4432 600 4500 Spiritus
633 4429 811 4482 sancti
844 4428 983 4481 mihi
1043 4429 1305 4493 majestas
1347 4426 1655 4477 invocanda
1705 4431 1806 4491 est,
1855 4429 1914 4477 ut
1945 4427 2043 4494 qui

356 4519 519 4570 illum
547 4518 715 4570 rebus
751 4517 985 4570 divitem
1017 4515 1169 4582 facit,
1205 4531 1294 4566 me
1335 4513 1392 4565 in
1424 4513 1507 4565 his
1564 4513 1912 4582 explicandis
1940 4530 2042 4583 per

354 4605 568 4673 lingum
598 4606 755 4657 frena
787 4607 1132 4671 moderetur,
1159 4610 1212 4656 et
1235 4602 1514 4655 labiorum
1549 4602 1740 4654 sordes
1799 4603 2041 4672 prophe-

353 4693 951 4746 ticicarbonisdiluere
974 4699 1222 4746 maturet
1251 4691 1535 4756 incendio,
1571 4706 1640 4744 ne
1677 4691 2036 4744 conscientia:

353 4782 579 4836 nebulis
602 4782 786 4834 lucem
819 4783 1263 4836 conversationis
1303 4781 1472 4848 illius,
1527 4785 1625 4834 aut
1671 4781 2038 4849 amplissimis

350 4887 663 4942 pauperem
691 4870 891 4922 faciam
925 4873 1207 4938 laudibus,
1243 4879 1339 4925 aut
1364 4871 1606 4924 infantia
1635 4875 1827 4922 arente
1879 4870 2038 4922 deve-

349 4966 596 5017 nustem.
645 4958 1004 5012 Benedicitur
1047 4961 1289 5014 indivisa
1331 4960 1574 5014 Trinitas
1625 4961 1770 5013 Deus
1824 4964 2034 5027 noster,

423 5107 439 5142 ¹
467 5107 545 5159 De
569 5102 687 5157 vita
717 5099 865 5154 bra/2'
894 5101 1148 5171 Antonii]
1189 5105 1416 5156 Beatum
1442 5104 1593 5156 hunc
1623 5102 1831 5167 virum,
1865 5117 2033 5170 quem

345 5179 541 5248 paucis
563 5179 694 5248 post
719 5171 933 5225 obitum
952 5244 964 5248 _
996 5175 1160 5248 annis
1190 5175 1409 5248 primus
1431 5175 1692 5226 omnium
1733 5172 2038 5248 celebravit

346 5244 794 5314 Ennodius,jure
817 5244 1069 5314 quodam
1099 5244 1204 5296 sibi
1229 5244 1515 5296 vindicant
1542 5251 1654 5297 tres
1696 5244 2030 5311 provincias:

343 5326 530 5371 ortum
563 5312 872 5378 Pannonia,
898 5312 1176 5384 potiorem
1199 5315 1322 5365 vita:
1349 5322 1564 5381 partem
1600 5316 1777 5381 italia,
1812 5315 2032 5368 obitum

341 5396 396 5440 et
428 5405 610 5441 sacras
645 5388 893 5457 corporis
950 5386 1179 5437 exuvias
1238 5384 1632 5457 Gallia..\latus
1693 5388 1908 5456 quippe
1972 5386 2030 5438 in

339 5459 560 5512 Valeria
597 5455 928 5525 Pannoniae,
964 5462 1133 5526 atque
1183 5471 1215 5507 a
1251 5455 1421 5527 beato
1465 5455 1734 5509 Severino
1777 5457 2026 5527 primum

337 5530 559 5595 abbate,
619 5530 826 5583 deinde
874 5547 906 5582 a
959 5525 1285 5582 Constantio
1335 5525 1602 5595 episcopo
1652 5525 2030 5581 Laureacensi

335 5607 539 5672 patruo
560 5617 660 5653 suo
690 5601 1004 5668 institutus,
1036 5599 1168 5652 inde
1200 5599 1254 5672 in
1289 5598 1509 5672 ltaliaﬂm
1557 5599 1850 5672 profectus
1901 5604 1986 5651 est
2017 5615 2030 5652 :

333 5667 504 5744 atque
532 5673 593 5725 iu
621 5672 762 5726 valle
795 5667 1032 5739 Tellina,
1063 5687 1175 5742 qua
1195 5669 1396 5723 Abdua
1432 5667 1659 5731 ﬂuvius,
1694 5669 2027 5738 priusquam

2185 1051 2286 1123 qui
2317 1067 2544 1106 servum
2567 1068 2732 1105 suum
2761 1052 3094 1119 Antonium,
3136 1056 3296 1106 tanta
3325 1053 3610 1108 virtutum
3644 1054 3782 1108 dote
3818 1072 3902 1108 su-

2183 1139 2438 1203 blimem,
2470 1139 2617 1193 circa
2646 1140 2888 1193 Danubii
2921 1141 3175 1193 fluminis
3218 1141 3369 1210 ripas
3388 1142 3450 1194 in
3471 1143 3706 1196 civitate
3737 1143 3897 1196 Vale-

2184 1227 2286 1295 ria,
2319 1228 2640 1282 Secundino
2671 1233 2829 1298 patre
2857 1228 3000 1282 lucis
3059 1229 3230 1299 hujus
3277 1230 3518 1299 januam
3573 1231 3753 1300 jussit
3815 1232 3898 1284 in-

2182 1321 2350 1370 trare.
2379 1316 2487 1379 Qui
2518 1318 2773 1388 quamvis
2810 1318 2878 1372 de
2913 1318 3220 1387 splendore
3253 1319 3532 1372 natalium
3587 1319 3896 1374 conscien-

2183 1405 2276 1458 tiae
2300 1405 2473 1474 jubar
2494 1406 2763 1470 hauserit,
2794 1411 2988 1460 tamen
3009 1406 3294 1477 fulgorem
3325 1408 3520 1478 stirpis
3571 1409 3900 1479 prmcipuze

2181 1509 2410 1547 morum
2441 1494 2612 1547 radiis
2643 1495 3024 1560 obumbravit,
3050 1496 3278 1550 vincens
3327 1497 3592 1549 decorem
3655 1498 3900 1568 sangui-

2113 1592 2152 1645 Β
2180 1580 2267 1633 nis
2298 1580 2515 1651 ingenii
2542 1583 2834 1649 claritate;
2869 1583 3005 1636 dum
3031 1588 3422 1637 coruscantem
3454 1584 3742 1653 germinis
3811 1585 3900 1638 sui

2179 1669 2506 1740 lampadam
2558 1677 2790 1725 actuum
2841 1672 3139 1726 serenitate
3193 1673 3580 1743 transcendit;
3613 1680 3674 1727 et
3705 1674 3900 1727 factus

2180 1764 2265 1812 est
2287 1758 2465 1812 victor
2489 1761 2802 1814 stemmatis
2833 1761 2940 1825 sui,
2962 1778 3061 1830 per
3093 1761 3246 1831 quod
3270 1761 3567 1815 universos
3597 1764 3901 1816 nascendo

2180 1847 2486 1917 superavit.
2525 1847 2629 1912 Qui
2662 1849 2797 1902 dum
2833 1850 3016 1902 adhuc
3072 1850 3142 1903 de
3172 1850 3370 1903 matris
3399 1850 3688 1920 penderet
3747 1853 3899 1907 ube-

2178 1935 2356 2001 ribus,
2392 1953 2563 2006 quem
2596 1937 2879 2007 prasscivit
2925 1939 3020 1992 Dei
3053 1940 3257 2009 gratia,
3283 1956 3398 1993 non
3437 1940 3681 2010 reliquit
3715 1957 3728 1994 :
3789 1958 3899 1996 nec

2175 2041 2342 2095 passa
2364 2030 2446 2079 est
2487 2026 2720 2096 inopem
2750 2027 2956 2080 favoris
3011 2028 3253 2081 existere
3299 2029 3656 2099 dispensatio
3718 2031 3896 2084 coele-

2175 2113 2297 2179 stis,
2330 2131 2500 2184 quem
2528 2115 2959 2169 remunerandis
2986 2116 3223 2185 plenum
3249 2116 3447 2170 studiis
3505 2117 3887 2186 approbavit.

2175 2202 2282 2266 Qui
2314 2220 2382 2256 ne
2409 2204 2585 2257 sancti
2617 2204 2878 2257 instituta
2905 2205 3183 2274 propositi
3216 2221 3318 2274 per
3346 2211 3655 2276 parentum
3707 2206 3891 2260 blan-

2175 2291 2430 2345 dimento
2457 2292 2765 2362 frangeret,
2799 2308 3083 2346 annorum
3115 2293 3294 2347 ferme
3322 2301 3448 2348 octo
3469 2295 3764 2364 genitoris
3797 2302 3888 2350 tu-

2174 2381 2286 2434 tela
2309 2381 2553 2434 nudatus
2581 2387 2665 2435 est
2697 2398 2708 2435 :
2746 2398 2875 2435 mox
2893 2387 3083 2436 tamen
3116 2383 3186 2436 ad
3208 2382 3669 2437 illustrissimum
3691 2385 3894 2440 virum

2174 2468 2507 2523 Severinum
2537 2469 2734 2541 ignara
2767 2471 2879 2524 fuci
2911 2477 3048 2525 aetas
3095 2473 3342 2526 evolavit
3374 2489 3386 2526 :
3418 2473 3516 2543 qui
3561 2472 3710 2526 dum
3744 2491 3889 2529 eum

2173 2559 2449 2611 mulceret
2478 2560 2701 2627 osculis,
2724 2560 2913 2614 futura
2942 2561 2998 2613 in
3018 2577 3197 2630 puero
3221 2561 3371 2615 bona
3386 2561 3548 2631 quasi
3573 2569 3884 2616 transacta

2174 2648 2478 2718 relegebat.
2515 2649 2644 2702 Fuit
2669 2650 2844 2716 enim,
2877 2650 3038 2719 cujus
3060 2650 3276 2703 meritis
3305 2650 3880 2706 niliilessetabscon-

2173 2736 2374 2790 ditum.
2406 2738 2503 2790 lllc
2536 2737 2689 2790 hunc
2718 2737 2822 2790 sibi
2854 2737 3112 2791 futurum
3146 2737 3623 2809 participem,pia
3656 2742 3887 2813 ubique

2171 2842 2303 2878 voce
2334 2826 2682 2895 praedicabat
2714 2842 2728 2880 :
2762 2829 2947 2894 credo,
2977 2832 3040 2880 ut
3070 2827 3396 2898 incipientis
3444 2828 3717 2883 tirocinia
3753 2848 3890 2902 spes

2103 2919 2142 2973 C
2175 2917 2509 2968 annuntiata
2547 2916 2836 2969 solidaret.

2243 3004 2348 3059 Sed
2377 3010 2681 3074 postquam
2711 3005 2910 3058 beatus
2940 3005 3025 3058 vir
3053 3005 3320 3060 humanis
3347 3007 3515 3060 rebus
3561 3016 3888 3080 exemptus

2172 3099 2272 3159 est,
2299 3093 2611 3146 Constantii
2655 3093 2920 3148 antistitis
2943 3111 3009 3149 ea
3055 3099 3391 3165 tempestate
3445 3097 3884 3169 florentissimi,

2164 3181 2398 3252 junctus
2430 3183 2737 3252 obsequiis,
2781 3183 3042 3253 gloriosis
3088 3184 3355 3254 operibus
3387 3185 3513 3239 vitae
3537 3187 3888 3243 rudimenta

2171 3271 2494 3324 dedicavit:
2556 3271 2654 3340 qui
2699 3288 2828 3324 eum
2890 3272 3040 3325 inter
3098 3273 3499 3326 ecclesiasticos
3533 3282 3885 3346 exeeptores

2169 3361 2453 3413 caelestem
2483 3360 2743 3414 militiam
2771 3362 2938 3429 jussit
2995 3361 3168 3414 ordiri
3205 3377 3218 3415 :
3271 3367 3391 3416 erat
3421 3363 3576 3415 enim
3623 3380 3885 3418 venera-

2169 3449 2297 3503 bilis
2329 3450 2592 3502 sacerdos
2622 3449 2856 3502 Antonii
2888 3451 3065 3504 nostri
3102 3455 3361 3520 patruus.
3399 3451 3503 3505 Sed
3563 3468 3882 3524 nunquam

2168 3536 2262 3590 ille
2296 3538 2609 3607 magisterii
2642 3539 2889 3608 rigorem
2921 3539 3434 3607 consanguinitatis
3491 3541 3615 3610 lege
3681 3543 3880 3596 molli-

2166 3626 2286 3680 vit:
2321 3644 2422 3679 nec
2446 3627 2574 3680 fecit
2614 3644 2876 3682 securum
2925 3628 2994 3682 de
3046 3628 3462 3682 necessitudine
3513 3629 3880 3700 discipulum

2167 3732 2281 3769 non
2314 3715 2534 3782 timere,
2571 3716 2661 3769 cui
2693 3717 2936 3785 gratiam
2983 3717 3228 3770 doctoris
3285 3717 3395 3771 nisi
3450 3734 3697 3771 censura
3760 3736 3880 3775 non

2165 3805 2447 3876 praestitit.
2513 3806 2724 3858 'l‘antus
2781 3805 2890 3858 fuit
2953 3805 3101 3858 circa
3153 3808 3484 3858 sectatorem
3546 3805 3884 3876 diligentiae

2165 3895 2390 3960 modus,
2425 3900 2705 3964 quantum
2727 3892 2941 3962 judicia
2964 3896 3330 3947 contulerunt
3355 3911 3367 3947 :
3392 3893 3664 3948 meritum
3699 3913 3883 3951 suum

2165 3981 2224 4036 in
2256 3983 2398 4036 facie
2430 3983 2728 4036 monitoris
2759 3982 3011 4051 agnovit.
3043 3983 3150 4037 Sed
3186 3983 3305 4053 jam
3337 3988 3708 4052 peccatorum
3729 4002 3880 4041 con-

2162 4072 2468 4125 summatio
2505 4071 2814 4125 Pannoniis
2847 4072 3176 4124 minabatur
3206 4072 3507 4126 excidium.
3546 4073 3689 4126 Nam
3732 4091 3874 4128 suc-

2160 4161 2271 4213 cisa
2301 4160 2489 4214 radice
2516 4159 2846 4214 substantias
2867 4160 3115 4230 regionis
3138 4160 3290 4213 illius
3309 4165 3487 4214 status
3515 4160 3573 4214 in
3591 4178 3860 4231 pronum

2087 4262 2129 4316 ί)
2161 4249 2488 4302 deflexerat.
2525 4249 2631 4301 Per
2663 4247 2921 4301 incursus
2945 4247 3098 4300 enim
3124 4248 3404 4301 variarum
3427 4248 3690 4318 gentium
3715 4269 3873 4321 quo-

2152 4339 2372 4392 tidiana
2403 4338 2727 4409 gladiorum
2751 4354 2910 4408 seges
2940 4353 3180 4391 messem
3217 4338 3534 4391 nobilitatis
3589 4339 3867 4397 abscide-

2157 4433 2262 4491 rat,
2301 4433 2354 4480 et
2387 4429 2652 4480 fecundas
2685 4427 2921 4481 humani
2948 4426 3376 4496 generisterras
3415 4428 3499 4480 ira
3529 4430 3870 4498 populante

2156 4517 2464 4571 desolabat.
2516 4518 2638 4570 Jam
2701 4517 2914 4579 Franci,
2977 4516 3188 4583 Heruli,
3232 4516 3496 4570 Saxones.
3563 4519 3870 4588 multipli—

2152 4620 2240 4657 Ces
2269 4603 2667 4656 crudelitatum
2688 4602 2901 4672 species
2922 4601 3244 4655 belluarum
3269 4605 3822 4673 morefparagebant
3851 4626 3865 4661 :

2151 4708 2278 4762 quin
2335 4694 2633 4744 nationum
2680 4691 2971 4745 diversitas
3029 4692 3439 4761 superstitiosis
3521 4695 3867 4765 mancipata

2150 4781 2405 4845 culturis,
2442 4781 2576 4833 deos
2600 4797 2730 4833 suos
2763 4781 3013 4833 humana
3045 4779 3522 4836 credebantcaede
3557 4783 3811 4838 mulceri
3852 4806 3865 4841 :

2149 4885 2252 4922 nec
2285 4884 2540 4938 unquam
2563 4868 2805 4939 propitia
2828 4884 2884 4920 se
2926 4868 3133 4922 habere
3163 4868 3422 4935 numina,
3478 4869 3583 4921 nisi
3621 4886 3755 4924 cum
3792 4891 3868 4928 ea

2149 4958 2458 5028 aequalium
2506 4974 2706 5011 cruore
2765 4959 3128 5027 placassent:
3193 4973 3412 5011 cessare
3486 4959 3869 5018 confidebant

2149 5101 2375 5154 Lartum
2401 5101 2617 5165 subeat,
2655 5101 2920 5165 decurrit,
2954 5116 3083 5154 cum
3130 5100 3302 5154 Mario
3349 5101 3689 5170 presbytero
3742 5106 3864 5160 ali-

2148 5173 2399 5242 quandiu
2434 5177 2703 5232 versatus,
2735 5173 2867 5226 inde
2908 5187 3104 5225 rursus
3149 5172 3458 5238 emigrans,
3487 5173 3554 5226 ad
3613 5175 3865 5233 Larium

2147 5243 2354 5306 laeum,
2383 5243 2536 5294 haud
2568 5245 2764 5312 procul
2818 5261 2850 5296 a
2904 5243 3083 5296 sancti
3131 5244 3329 5296 Felicis
3361 5246 3654 5297 Comensis
3689 5263 3862 5302 mar-

2145 5313 2284 5382 tyris
2313 5315 2572 5383 sepulcro
2601 5316 2792 5368 sedem
2845 5314 2985 5378 fixit,
3019 5315 3513 5384 clarissimamque
3582 5320 3862 5374 nominis

2143 5387 2356 5437 famam
2389 5386 2624 5453 adeptus
2646 5392 2747 5438 est.
2803 5386 2983 5450 Quam
3018 5390 3077 5440 ut
3109 5385 3442 5452 declinaret,
3471 5387 3862 5446 Lerinensem

2143 5456 2782 5525 denique‘marisnostri
2823 5459 3070 5510 insulam
3130 5458 3319 5526 petiit,
3350 5458 3411 5510 in
3468 5473 3652 5527 eaque
3699 5462 3862 5517 vita:

2142 5543 2369 5579 cursum
2395 5528 2542 5580 inter
2572 5527 2956 5582 sanctissimos
2976 5528 3102 5598 ejus
3131 5529 3237 5584 aevi
3263 5529 3576 5583 monachos
3598 5530 3860 5588 biennio

2141 5598 2382 5668 peregit.

2211 5668 2234 5701 ³
2261 5670 2325 5722 In
2355 5668 2762 5740 martyrologio
2787 5671 3042 5726 Romano
3073 5671 3163 5726 die
3182 5673 3252 5726 28
3283 5670 3628 5728 Decembris.
