4060 6174
175 357 249 409 241

1188 350 1347 405 VITA
1381 351 1441 406 Β.
1480 350 1766 408 ΑΝΤΟΝΙΙ
1804 349 2114 406 MONACHI
2155 348 2582 407 LERINENSIS.

3522 353 3626 407 242

173 491 287 545 iram
334 484 652 540 caelicolum
686 483 1006 538 innocentis
1053 484 1329 539 effusione
1361 484 1675 555 sanguinis,
1722 484 1821 556 qui
1858 487 1905 540 Α
1931 485 2089 539 venit
2120 485 2236 539 illic
2255 489 2448 539 tamen
2478 488 2621 540 duos
2645 501 2829 555 senes,
2853 502 2992 557 quos
3018 487 3138 557 jam
3170 488 3248 542 ita
3268 488 3420 543 inter
3446 489 3627 543 lustra

172 585 221 633 ut
245 578 295 631 in
321 574 557 645 gratiam
589 572 843 626 redirent
882 588 1012 626 cum
1041 573 1263 644 superis
1296 573 1433 641 suis,
1480 574 1825 644 propinquo-

172 683 273 721 rum
304 667 641 717 consuerant
673 666 885 716 mortes
927 662 1165 717 oﬂ‘erre:
1215 679 1586 733 quoscunque
1632 668 1825 717 tamen

170 754 386 823 religiosi
419 753 623 805 titulus
654 752 979 805 declarabat
1014 752 1209 819 officii,
1243 753 1345 805 hos
1385 753 1547 823 quasi
1578 753 1826 807 serenio-

170 862 239 899 res
266 843 467 897 hostias
516 840 914 907 immolabant,
971 841 1340 908 aestimantes,
1390 842 1544 912 quod
1594 842 1825 912 piorum

170 933 345 1002 iugulis
379 928 693 984 divinitatis
738 934 983 983 cessaret
1030 929 1371 998 indignatio,
1411 934 1464 983 et
1510 931 1675 984 fieret
1703 947 1821 983 ma-

168 1022 279 1075 teria
320 1019 519 1089 gratiae
562 1019 717 1071 locus
768 1019 1019 1071 offensae.
1081 1020 1237 1072 Inter
1294 1035 1435 1089 quas
1490 1022 1820 1089 temporum

166 1110 404 1183 procellas
456 1108 819 1161 Constantius
866 1106 1142 1177 pontifex,
1206 1123 1276 1161 ne
1329 1108 1465 1178 quid
1497 1108 1553 1160 in
1608 1108 1824 1161 mundo

166 1200 359 1254 haberet
418 1196 677 1261 subsidii,
731 1201 882 1249 terra
930 1197 946 1231 ί
1006 1195 1307 1249 hostilibus
1369 1197 1661 1266 deputata,
1720 1197 1824 1250 hu-

164 1305 302 1343 mana
328 1287 455 1355 lege
489 1286 759 1338 liberatus
790 1289 892 1338 est.

216 1379 329 1431 Post
370 1374 536 1444 cujus
584 1373 1016 1439 resolutionem,
1052 1370 1367 1425 Antonium
1425 1375 1688 1425 nostrum
1732 1372 1815 1425 fa-

162 1466 276 1518 muli
298 1465 357 1517 ad
388 1464 570 1517 Italiae
588 1468 779 1533 partes
802 1463 1010 1533 quibus
1032 1462 1254 1517 ccelitus
1276 1462 1463 1516 fuerat
1489 1462 1818 1532 deputatus,

162 1554 345 1607 Christo
375 1553 521 1607 duce
547 1553 889 1622 perducunt.
926 1551 1191 1621 Principe
1222 1552 1347 1605 loco
1379 1552 1617 1605 Tellina:
1637 1552 1818 1618 vallis,

164 1660 262 1714 quae
288 1643 337 1696 id
364 1642 567 1695 sortita
596 1647 679 1695 est
718 1640 996 1707 vocabuli,
1032 1640 1207 1694 limen
1245 1640 1605 1709 ingreditur:
1643 1657 1819 1711 quam

164 1733 402 1785 montium
437 1748 505 1784 ex
534 1736 781 1800 utroque
814 1731 985 1783 latere
1016 1730 1265 1783 brachiis
1297 1730 1568 1783 fabricata
1599 1734 1818 1784 natura}

166 1821 273 1873 ditat
317 1821 636 1883 amoenitas,
688 1819 845 1871 etde
896 1817 1202 1871 verticibus
1250 1818 1509 1872 fecundis
1557 1818 1817 1873 amnium

162 1910 291 1977 plebe
316 1908 631 1977 locupletat
667 1907 811 1961 uber
842 1906 1061 1960 solum:
1098 1906 1254 1976 quod
1284 1906 1466 1959 avaris
1510 1908 1822 1976 respondet

161 1998 286 2065 juxta
330 1996 617 2051 desideria
669 1995 1044 2049 immoderata
1092 1995 1426 2059 cultoribus,
1475 2012 1591 2049 non
1626 2002 1817 2049 tamen

162 2087 217 2139 ita
254 2087 421 2139 aristis
476 2084 907 2155 praegravidum
966 2088 1063 2137 aut
1111 2084 1367 2137 dotatum
1420 2085 1678 2155 pascuis,
1722 2090 1821 2139 aut

164 2175 361 2229 arbustis
391 2174 799 2244 compositum,
849 2177 945 2227 aut
974 2173 1311 2227 ﬂuminibus
1356 2174 1574 2239 laetum,
1607 2180 1672 2229 ut
1704 2191 1819 2228 non

159 2265 257 2334 plus
284 2262 738 2333 supervenientis
786 2278 1045 2331 personae
1079 2262 1261 2331 gratia
1293 2267 1611 2331 praestaret,
1646 2280 1819 2334 quam

160 2353 301 2422 ipsius
327 2352 566 2423 originis
625 2352 839 2404 variata
886 2356 941 2404 et
988 2351 1253 2405 distincta
1298 2351 1642 2405 formositas.
1698 2352 1818 2405 lllic

159 2442 297 2495 Mario
330 2442 664 2512 presbytero
714 2440 813 2510 qui
872 2439 1165 2510 spiritibus
1212 2440 1526 2494 immundis
1557 2442 1818 2497 domina-

156 2530 308 2597 batur,
341 2531 646 2600 adjunctus
692 2533 814 2582 est:
866 2531 1001 2598 quia
1048 2530 1169 2582 haec
1204 2534 1287 2583 est
1318 2546 1515 2583 rerum
1546 2530 1815 2597 conditio,

156 2624 205 2671 ut
228 2620 342 2672 novi
385 2618 645 2672 hominis
696 2634 887 2671 mores
931 2618 1187 2688 divulget
1232 2619 1464 2672 inventa
1505 2620 1812 2673 sodalitas:

155 2714 195 2759 et
226 2709 311 2778 qui
356 2708 663 2777 ignoratur
710 2723 814 2776 per
846 2706 1153 2777 originem,
1212 2708 1491 2761 similium
1546 2710 1817 2763 clarescat

154 2798 340 2849 affectu.
388 2797 859 2866 Deprehenditur
910 2813 1073 2850 mens
1124 2801 1340 2851 secreta
1375 2814 1478 2867 per
1526 2797 1728 2862 socios,
1762 2800 1816 2852 et

152 2888 344 2940 cuinon
401 2887 539 2939 licet
572 2886 641 2939 ad
692 2885 975 2955 liquidum
1027 2886 1479 2956 supervenientis
1528 2888 1813 2941 aestimare

154 2976 554 3043 conscientiam,
584 2974 921 3028 conceditur
951 2980 1015 3029 ut
1042 2975 1110 3029 de
1147 2976 1263 3029 suis
1294 2976 1684 3046 deprehendat
1715 2992 1814 3028 ex-

149 3068 322 3118 ternos.
377 3067 527 3118 Nam
580 3079 713 3117 cum
757 3080 889 3117 eum
945 3065 1145 3118 beatus
1198 3065 1402 3118 Marius
1461 3066 1575 3118 illis
1631 3064 1806 3118 oculis

150 3154 319 3223 quibus
365 3160 595 3207 mentes
659 3154 945 3219 videntur,
1014 3155 1341 3225 inspiceret,
1403 3160 1459 3209 et
1519 3154 1807 3208 interioris

148 3240 368 3295 decorem
392 3242 649 3295 hominis
671 3243 1017 3296 absconditis
1042 3248 1476 3313 percontaretur
1492 3243 1805 3309 obtutibus,

146 3325 445 3379 voluiteum
491 3327 836 3380 clericorum
869 3326 1085 3379 sociare
1131 3327 1393 3397 collegio,
1437 3328 1493 3379 et
1532 3326 1679 3379 inter
1709 3343 1806 3380 ec—

145 3412 437 3467 clesiasticos
467 3420 652 3469 costus
699 3420 1068 3484 praestantem
1128 3416 1346 3469 meritis
1387 3416 1647 3469 dedicare
1676 3430 1804 3483 per-

143 3516 323 3555 sonam.
373 3504 479 3558 Sed
536 3504 686 3574 fugit
732 3504 1033 3569 honorem,
1072 3505 1223 3558 velut
1274 3505 1478 3557 veneni
1509 3506 1801 3573 poculum,

144 3591 217 3657 qui
243 3607 458 3663 semper
504 3593 825 3662 potentiam
864 3592 1106 3647 credidit
1153 3593 1465 3664 subjacere,
1502 3598 1556 3647 et
1594 3593 1803 3646 servire

141 3681 384 3745 patienter
415 3681 675 3752 praetulit
704 3682 885 3753 regali
924 3682 1264 3736 dominatui.

196 3769 261 3822 Ne
288 3776 478 3825 tamen
516 3770 617 3823 diu
647 3771 915 3824 humanae
946 3770 1392 3825 conversationis
1427 3771 1636 3824 mixtus
1675 3770 1803 3824 ille-

141 3861 303 3923 cebris,
348 3865 689 3919 societatem
716 3865 1077 3934 contagionis
1107 3866 1383 3931 hauriret,
1418 3866 1590 3935 elegit
1621 3881 1800 3918 seces-

144 3965 237 4002 sum
270 3952 413 4006 haud
447 3953 661 4023 procul
711 3969 743 4005 a
771 3953 923 4005 beati
958 3954 1225 4024 martyris
1283 3954 1478 4008 Felicis
1516 3955 1798 4024 sepulcro,

140 4038 212 4091 ubi
240 4041 423 4095 Larius
474 4042 635 4095 Jonii
669 4042 973 4094 marmoris
1024 4043 1209 4095 minas
1244 4044 1515 4112 deponit;
1567 4044 1798 4113 quando

142 4142 193 4179 ne
229 4136 493 4199 evagetur
547 4131 797 4201 longius,
849 4131 1083 4199 objectis
1133 4132 1272 4205 ripis
1318 4133 1591 4185 resistunt
1641 4133 1801 4185 frena

138 4218 338 4274 telluris.
374 4221 500 4273 Illic
534 4218 769 4273 insertio
798 4219 1046 4272 nubibus
1077 4221 1282 4273 vertice
1319 4237 1481 4274 mons
1516 4224 1797 4285 coruscat,

139 4307 213 4371 qui
249 4309 599 4361 sublimitate
631 4324 733 4361 sua
764 4308 937 4361 vincit
971 4315 1286 4378 aspectum.
1335 4310 1441 4363 Sed
1495 4326 1668 4379 quam
1697 4326 1798 4361 su-

140 4396 307 4463 perbus
338 4402 422 4452 est
456 4398 883 4467 magnitudine,
926 4404 1041 4451 tam
1075 4398 1319 4452 difficilis
1349 4415 1600 4452 ascensu.
1660 4400 1799 4453 Nam

140 4486 275 4538 nullis
302 4494 433 4540 ante
466 4487 821 4540 monachum
842 4492 1102 4541 nostrum
1126 4487 1309 4558 patuit
1341 4488 1628 4556 gressibus
1652 4505 1664 4553 ;
1700 4505 1804 4543 nec

140 4586 215 4639 per
241 4581 532 4647 prazrupta
572 4590 843 4628 saxorum
884 4575 1121 4628 humani
1153 4575 1378 4641 generis
1410 4575 1660 4641 admisit,
1693 4576 1805 4629 for-

140 4660 315 4715 midine
350 4667 750 4733 repugnante,
781 4664 1104 4732 vestigium.
1154 4664 1212 4716 In
1245 4663 1498 4733 praecisis
1542 4664 1805 4716 cautibus

142 4751 231 4802 tuta
254 4750 378 4804 feris
426 4753 679 4819 longum
711 4752 959 4821 praebuit
1000 4751 1160 4804 nullo
1193 4756 1517 4804 exterrente
1553 4751 1800 4805 cubilia:

140 4852 189 4888 eo
214 4839 393 4893 bestiis
424 4840 716 4905 blandior,
772 4857 884 4911 quo
938 4840 1255 4894 terribilius
1282 4840 1661 4910 agricolarum
1705 4840 1807 4894 mi-

142 4936 275 4983 natur
304 4930 595 4984 excursui.
630 4930 691 4983 In
732 4930 839 4983 hoc
879 4930 978 4983 Dei
1011 4930 1260 4983 famulus
1295 4931 1486 4984 sedem
1512 4931 1717 5000 diligit,
1748 4931 1807 4985 in

138 5032 228 5084 quo
269 5022 382 5073 sola
410 5021 530 5073 fuit
559 5019 820 5089 placendi
859 5036 1048 5085 causa,
1083 5020 1220 5089 quia
1250 5036 1615 5091 nequaquam
1646 5021 1803 5073 leno-

137 5104 399 5161 cinabatur
420 5108 767 5179 aspectibus.
793 5107 944 5161 Nihil
966 5123 1157 5161 secum
1180 5109 1447 5178 amplius,
1472 5110 1581 5162 nisi
1603 5125 1807 5180 parum

136 5194 416 5264 leguminis
469 5204 532 5251 et
588 5197 842 5265 ligonem
900 5212 1014 5266 quo
1071 5202 1282 5251 terram
1336 5198 1681 5265 sollicitaret,
1739 5199 1808 5252 de

137 5287 307 5337 mundi
338 5286 636 5340 beneﬁciis
658 5301 954 5339 assumens
980 5301 991 5339 :
1025 5286 1303 5340 dedicavit
1324 5288 1522 5340 callem
1551 5288 1808 5357 subjecta

136 5377 410 5443 asperitate
464 5376 771 5429 nescitam.
833 5376 978 5445 Juga
1034 5374 1130 5429 illa
1194 5377 1534 5430 indomitam
1584 5382 1808 5431 natura:

136 5463 294 5535 legem
331 5465 590 5520 Antonio
638 5466 1043 5535 congrediente
1091 5467 1505 5538 perdiderunt:
1557 5475 1810 5523 reserata

140 5564 315 5619 itinera
357 5570 493 5636 post
514 5564 837 5635 ingressum
870 5565 994 5635 ejus
1027 5570 1261 5635 patuere
1293 5566 1678 5638 cupientibus.
1716 5568 1806 5620 ln-

201 5720 209 5754 ¹
263 5724 451 5779 Schot.
466 5765 481 5789 ,
513 5720 781 5778 hostibus.

1932 575 2250 629 belluarum
2283 574 2557 629 habitatio
2586 575 2759 645 longa
2789 576 3109 641 miscuerat,
3138 581 3202 631 ut
3231 578 3377 632 nihil
3409 579 3478 633 de
3509 578 3623 633 illis

1933 663 2147 718 mundo
2184 664 2335 717 fama
2366 664 2694 718 nuntiaret:
2738 680 2983 734 quorum
3015 666 3188 720 vitam
3211 666 3623 738 scientiamque

1931 756 2102 825 plene
2129 754 2325 808 videor
2355 755 2634 819 elocutus,
2666 770 2796 808 cum
2823 756 3129 824 expetitum
3158 772 3260 826 pro
3293 757 3392 811 Dei
3420 758 3623 811 timore

1932 844 2349 898 habitationem
2398 844 2518 897 sine
2550 844 2701 898 nube
2751 845 2996 914 vulgavi.
3048 846 3207 899 Brevi
3237 852 3381 917 post,
3415 848 3623 901 borum

1932 950 2083 987 unus
2115 939 2442 1003 assumptus
2487 938 2590 1000 est,
2648 937 2705 987 et
2748 934 2961 987 terreni
2994 936 3233 988 carceris
3274 937 3426 989 mole
3456 937 3626 1006 depo-

1933 1023 2056 1090 sita,
2091 1024 2389 1077 aetheriam
2434 1022 2825 1077 valetudinem
2860 1023 2997 1077 felix
3044 1022 3234 1078 anima
3278 1026 3622 1094 resumpsit:

1933 1129 2068 1166 nam
2099 1113 2472 1166 absolutionis
2514 1114 2637 1182 ejus
2675 1117 2927 1182 tempore
2978 1114 3245 1167 columna
3271 1114 3441 1183 ignea
3472 1114 3624 1168 beati

1931 1203 2162 1256 Antonii
2194 1203 2372 1256 oculis
2418 1206 2502 1255 est
2543 1202 2783 1272 ingesta,
2821 1204 2887 1256 ad
2946 1205 3151 1256 ccelum
3186 1220 3366 1273 usque
3399 1203 3623 1273 pertin-

1931 1309 2107 1363 gens:
2145 1292 2335 1358 credo,
2370 1296 2433 1345 ut
2467 1292 2811 1347 venerabilis
2857 1292 2965 1345 viri
3010 1292 3173 1359 ﬁdes,
3224 1297 3280 1345 et
3312 1293 3482 1346 ardor
3528 1292 3623 1346 ille

1935 1380 2203 1433 vitiorum
2225 1381 2488 1434 decoctor
2508 1379 2692 1451 typico
2718 1384 3134 1434 monstraretur
3154 1379 3437 1434 incendio.
3470 1382 3624 1433 Tunc

1932 1471 2067 1523 dum
2100 1470 2178 1523 ibi
2212 1471 2327 1523 Deo
2367 1471 2551 1522 cultor
2580 1473 2698 1523 tota
2729 1469 3047 1540 disciplinis
3070 1469 3391 1523 coelestibus
3413 1468 3623 1522 virium

1929 1573 2162 1611 suarum
2190 1558 2311 1609 vela
2338 1557 2575 1621 laxaret,
2600 1561 2656 1610 et
2676 1572 2779 1626 per
2806 1557 2963 1610 sinus
3005 1556 3216 1610 animae
3242 1556 3616 1627 corporisque

1929 1646 2289 1700 extrudentia
2335 1646 2527 1715 paleas
2573 1645 2749 1698 ﬂabra
2784 1645 3127 1715 susciperet:
3164 1645 3326 1714 cujus
3374 1644 3620 1714 vigilias,

1924 1735 2166 1805 jejunia,
2220 1736 2479 1791 lectionis
2510 1736 2903 1790 assiduitatem
2942 1737 3073 1806 jure
3120 1736 3478 1807 replicarem,
3511 1734 3623 1788 nisi

1932 1826 2204 1879 haberem
2261 1826 2525 1895 digniora
2557 1830 2898 1879 memoratu.
2945 1826 3251 1896 Nunquam
3300 1824 3399 1879 ille
3430 1824 3621 1880 cibum

1932 1915 2194 1984 sumpsit,
2253 1914 2363 1968 nisi
2411 1914 2703 1969 fatiscente
2759 1915 3120 1985 corpusculo,
3168 1928 3467 1983 nunquam
3512 1912 3622 1967 nisi

1931 2004 2205 2074 exemptis
2233 2004 2407 2057 officii
2430 2004 2661 2070 muniis,
2697 2003 3143 2057 sollicitudinem
3177 2002 3368 2073 quiete
3391 2002 3617 2055 laxavit.

1928 2093 2035 2148 Sed
2068 2094 2206 2164 quid
2239 2098 2511 2160 retexam,
2546 2110 2674 2165 quae
2715 2093 3081 2164 perfectionis
3114 2092 3378 2146 habuerit
3408 2091 3621 2145 instru-

1928 2187 2121 2236 menta
2151 2182 2454 2253 perfectus,
2486 2186 2585 2235 aut
2624 2199 2727 2252 per
2756 2199 2899 2254 quos
2949 2182 3161 2252 gradus
3192 2182 3262 2235 ad
3302 2181 3453 2234 celsa
3483 2197 3619 2234 con-

1929 2273 2235 2337 scenderit,
2288 2288 2459 2342 quem
2516 2271 2737 2342 liquido
2804 2272 3157 2325 declaratum
3215 2276 3300 2324 est
3356 2270 3619 2324 obtinere

1926 2362 2239 2415 sublimia?
2270 2361 2440 2413 Scivit
2467 2360 2564 2414 ille
2609 2360 2688 2414 sic
2734 2376 2836 2430 per
2888 2361 3110 2414 labores
3151 2350 3347 2413 varios
3369 2358 3618 2430 discipli-

1927 2466 2131 2504 narum
2179 2450 2529 2503 lineamenta
2575 2449 2796 2517 sectari,
2845 2453 2908 2502 ut
2956 2464 3254 2520 nunquam
3302 2450 3619 2502 assumeret

1926 2540 2311 2609 arrogantiam
2365 2538 2433 2592 de
2465 2538 2690 2592 labore:
2738 2542 2792 2591 et
2822 2554 2951 2592 cum
2985 2554 3177 2591 omnia
3227 2541 3417 2592 essent
3442 2536 3618 2607 digna

1923 2628 2228 2698 praeconiis
2260 2644 2388 2698 qua:
2420 2628 2674 2697 gerebat,
2725 2627 3087 2697 dispendium
3118 2626 3341 2680 virtutis
3377 2626 3617 2680 credidit

1922 2719 2093 2771 fuisse
2148 2718 2462 2770 laudatum.
2495 2716 2583 2771 Sic
2616 2720 2802 2770 totum
2835 2716 2903 2770 de
2927 2717 3050 2786 ejus
3082 2716 3299 2769 actibus
3325 2715 3615 2786 opinionis

1922 2808 2048 2861 luce
2091 2806 2366 2866 radiabat,
2416 2810 2477 2859 ut
2506 2805 2649 2858 nihil
2680 2806 3033 2875 praeberetur
3062 2804 3347 2858 ostentui:
3385 2802 3613 2873 praemi-

1921 2894 2091 2948 nebat
2115 2910 2353 2947 censura
2378 2893 2584 2946 mentis
2609 2892 2668 2945 in
2690 2908 2948 2963 corpore.
2981 2896 3035 2945 et
3058 2892 3412 2945 iracundiam
3437 2907 3611 2961 quam

1921 2987 2118 3037 contra
2152 2983 2346 3051 culpas
2378 2980 2571 3033 anima
2600 2980 2724 3051 ejus
2771 2986 3114 3049 susceperat,
3160 2980 3329 3033 facies
3359 2979 3610 3034 infucata

1848 3076 1887 3129 C
1919 3072 2210 3141 pingebat.
2244 3070 2472 3123 Videres
2526 3070 2796 3123 adversus
2844 3068 3059 3139 ﬂagitia
3098 3069 3387 3122 mundana
3416 3073 3608 3123 torvos

1840 4379 1881 4431 D

1917 3163 2130 3225 oculos,
2164 3165 2219 3213 et
2267 3158 2549 3213 indefessa
2578 3162 2774 3212 contra
2818 3158 3009 3211 seaculi
3041 3158 3349 3212 blanditias
3397 3157 3607 3213 Christi

1916 3250 2161 3304 militem
2216 3249 2367 3302 bella
2422 3252 2685 3301 tractare.
2747 3248 2985 3311 Quando
3016 3248 3114 3300 illa
3156 3247 3346 3316 imago
3394 3252 3606 3302 statum

1915 3356 2082 3392 suum
2128 3339 2355 3391 resolvit
2386 3337 2444 3391 in
2491 3338 2693 3402 risum,
2730 3344 2785 3390 et
2815 3336 2885 3390 ab
2916 3336 3135 3390 ordinis
3167 3337 3385 3407 proprii
3417 3336 3604 3407 rigore

1913 3428 2133 3482 laetitiae
2173 3426 2465 3481 debilitate
2521 3427 2805 3479 confracta
2836 3426 2965 3478 est?
3014 3427 3236 3479 Interea
3267 3426 3402 3479 dum
3453 3427 3605 3481 velut

1914 3519 2277 3588 obsignatum
2326 3516 2590 3570 monachi
2632 3516 2694 3569 in
2746 3514 3025 3569 universis
3075 3515 3277 3585 implet
3326 3515 3600 3581 officium,

1912 3608 2000 3661 vir
2029 3608 2257 3678 quidam
2288 3623 2459 3676 quem
2492 3621 2712 3675 sponsas
2736 3621 2852 3658 suae
2893 3620 3052 3658 amor
3076 3605 3137 3657 in
3169 3605 3389 3658 facinus
3420 3604 3604 3675 impu-

1912 3698 2071 3764 lerat,
2121 3712 2174 3749 et
2222 3696 2293 3749 ad
2324 3696 2659 3750 effusionem
2706 3694 2945 3749 humani
2986 3694 3281 3765 sanguinis
3311 3694 3511 3748 affectu
3548 3697 3601 3747 et

1911 3785 2307 3855 indignatione
2356 3788 2725 3855 provocarat;
2777 3784 2911 3837 dum
2946 3783 3350 3837 conscientiam
3391 3801 3449 3837 se
3480 3799 3600 3837 cre-

1911 3875 2056 3929 didit
2104 3874 2301 3943 fugere
2356 3872 2671 3926 mutatione
2732 3877 3037 3939 terrarum,
3091 3877 3146 3926 et
3187 3872 3247 3926 in
3279 3872 3403 3925 aliis
3459 3888 3600 3943 pro-

1910 3964 2111 4016 vincia:
2156 3962 2415 4033 partibus
2463 3961 2849 4015 innocentiam
2898 3961 3142 4031 reperiri
3190 3977 3363 4031 quam
3405 3962 3601 4016 furore

1908 4054 2048 4105 duce
2115 4051 2461 4122 perdiderat,
2529 4046 3198 4120 velatum'simplicitate
3266 4051 3338 4105 ad
3386 4056 3603 4105 secreta

1910 4141 2085 4194 eremi
2118 4140 2367 4210 portavit
2420 4138 2790 4205 homicidam,
2826 4145 3030 4209 putans
3081 4140 3139 4192 in
3182 4127 3287 4193 'Dei
3328 4138 3599 4210 obsequio

1909 4229 2229 4285 constitutis
2257 4230 2325 4283 de
2353 4229 2569 4282 actibus
2600 4229 2715 4281 suis
2750 4233 2958 4297 printer
2989 4228 3239 4298 efﬁgiem
3278 4228 3356 4281 nil
3382 4234 3597 4298 patere.

1911 4320 2127 4375 Artilici
2178 4319 2456 4373 humilem
2502 4318 2791 4370 simulavit
2848 4318 3098 4382 obtutu;
3151 4322 3205 4371 et
3260 4333 3365 4387 per
3420 4316 3602 4370 dolosi

1913 4414 2239 4463 commenta
2269 4406 2513 4473 consilii,
2543 4406 2816 4459 fabricata
2848 4405 3201 4475 subjectione
3234 4405 3601 4476 compositus,

1915 4498 2267 4553 cautioribus
2307 4497 2584 4550 scelerum
2617 4495 2811 4549 sordes
2842 4495 2979 4548 texit
3004 4495 3329 4548 obstaculis.
3364 4493 3602 4548 Difﬁcile

1916 4592 1999 4641 est
2022 4592 2229 4657 praeter
2256 4586 2433 4639 Deum
2466 4585 2916 4655 deprehendere,
2947 4583 3229 4654 quidquid
3252 4582 3605 4653 obsequendi

1915 4675 2268 4743 argumentis
2302 4674 2642 4728 involvitur:
2696 4673 2939 4743 proinde
2994 4672 3279 4742 ﬂagitium
3320 4673 3464 4727 celat
3504 4673 3604 4726 ab-

1910 4765 2117 4835 jectio:
2146 4781 2269 4818 raro
2302 4764 2358 4818 iu
2390 4765 2573 4818 lucem
2602 4767 2916 4833 erumpunt
2946 4762 3213 4829 crimina,
3247 4778 3377 4832 quae,
3410 4768 3607 4817 auctor

1918 4853 2353 4924 obtemperandi
2395 4854 2584 4906 scierit
2610 4853 2736 4906 fuco
2785 4852 3045 4922 sepelire.
3097 4852 3360 4906 Protinus
3413 4857 3606 4907 tamen

1917 4945 2101 4997 adfuit
2146 4944 2240 4997 ille
2291 4944 2461 4996 index
2492 4946 2814 5007 consuetus,
2851 4945 2907 4994 et
2953 4941 3182 4994 latentis
3212 4946 3431 4996 secreta
3473 4958 3607 4996 con-

1918 5033 2167 5087 scientia:
2206 5032 2408 5087 divinae
2451 5032 2598 5084 vocis
2631 5031 2784 5084 clave
2831 5030 3104 5084 reseravit
3129 5050 3144 5097 ;
3174 5031 3234 5084 in
3280 5031 3366 5085 his
3397 5047 3610 5086 sermo-

1917 5123 2087 5177 nibus
2141 5122 2374 5175 adorsus
2429 5119 2761 5186 Antonium,
2813 5120 3044 5190 quando
3078 5135 3210 5173 eum
3264 5121 3392 5190 plus
3432 5136 3607 5191 quam

1918 5213 2090 5266 homo
2122 5211 2301 5281 possit
2335 5210 2530 5264 docuit
2564 5210 2916 5279 cognovisse,
2957 5209 3123 5263 illum
3154 5209 3470 5277 denudans,
3509 5209 3607 5280 qui

1919 5317 2106 5355 crasso
2158 5300 2489 5354 indumento
2548 5300 2828 5353 latronem
2885 5299 3147 5369 tegebat:
3217 5316 3243 5348 «
3296 5299 3460 5361 Cave,
3518 5298 3607 5351 in-

1921 5390 2141 5461 quiens,
2177 5405 2247 5442 ne
2291 5389 2434 5442 tanti
2481 5388 2737 5442 criminis
2780 5405 2941 5442 reum
2974 5393 3166 5441 sancto
3198 5384 3334 5439 velis
3368 5387 3608 5442 miscere

1919 5479 2194 5549 collegio:
2221 5494 2291 5532 ne
2323 5479 2527 5549 lupum
2569 5478 2789 5545 ovibus,
2833 5478 2994 5548 agnis
3020 5477 3273 5546 viperam
3309 5477 3610 5549 negligens

1920 5569 2233 5623 aestimator
2267 5568 2560 5639 adjungas.
2598 5569 2706 5623 Iste
2747 5566 2999 5622 animam
3040 5566 3139 5620 Dei
3172 5567 3437 5621 manibus
3482 5584 3613 5623 con-
