  <div class='ocr_page' id='page_1' title='image "/cluster/home/n/w/nwhite01/storage/ocr_20150623/63/hvd.32044073498800/127.png"; bbox 0 0 4060 6174; ppageno 0'>
   <div class='ocr_carea' id='block_1_1' title="bbox 393 313 500 372">
    <p class='ocr_par' dir='ltr' id='par_1_1' title="bbox 393 313 500 372">
     <span class='ocr_line' id='line_1_1' title="bbox 393 313 500 372; baseline -0.019 0"><span class='ocrx_word' id='word_1_1' title='bbox 393 313 500 372; x_wconf 71' lang='grc'><strong>243</strong></span> 
     </span>
    </p>
   </div>
   <div class='ocr_carea' id='block_1_2' title="bbox 1606 308 2669 369">
    <p class='ocr_par' dir='ltr' id='par_1_2' title="bbox 1606 308 2669 369">
     <span class='ocr_line' id='line_1_2' title="bbox 1606 308 2669 369; baseline 0 -2"><span class='ocrx_word' id='word_1_2' title='bbox 1606 308 1899 368; x_wconf 87' lang='lat' dir='ltr'><strong>ENNODII</strong></span> <span class='ocrx_word' id='word_1_3' title='bbox 1935 308 2247 369; x_wconf 86' lang='lat' dir='ltr'><strong>EPISCOPI</strong></span> <span class='ocrx_word' id='word_1_4' title='bbox 2283 309 2669 367; x_wconf 85' lang='lat' dir='ltr'><strong>TICINENSIS</strong></span> 
     </span>
    </p>
   </div>
   <div class='ocr_carea' id='block_1_3' title="bbox 3786 312 3891 366">
    <p class='ocr_par' dir='ltr' id='par_1_3' title="bbox 3786 312 3891 366">
     <span class='ocr_line' id='line_1_3' title="bbox 3786 312 3891 366; baseline 0 0"><span class='ocrx_word' id='word_1_5' title='bbox 3786 312 3891 366; x_wconf 74' lang='grc'><strong>244</strong></span> 
     </span>
    </p>
   </div>
   <div class='ocr_carea' id='block_1_4' title="bbox 393 440 3886 518">
    <p class='ocr_par' dir='ltr' id='par_1_4' title="bbox 393 440 3886 518">
     <span class='ocr_line' id='line_1_4' title="bbox 393 440 3886 518; baseline -0.001 -15"><span class='ocrx_word' id='word_1_6' title='bbox 393 461 608 504; x_wconf 90' lang='lat' dir='ltr'><strong>cessam</strong></span> <span class='ocrx_word' id='word_1_7' title='bbox 637 460 739 518; x_wconf 89' lang='lat' dir='ltr'><strong>per</strong></span> <span class='ocrx_word' id='word_1_8' title='bbox 768 443 891 499; x_wconf 84' lang='lat' dir='ltr'><strong>ensi</strong></span> <span class='ocrx_word' id='word_1_9' title='bbox 926 442 1252 515; x_wconf 88' lang='lat' dir='ltr'><strong>fragmenta</strong></span> <span class='ocrx_word' id='word_1_10' title='bbox 1289 441 1538 513; x_wconf 79' lang='lat' dir='ltr'><strong>gutturis</strong></span> <span class='ocrx_word' id='word_1_11' title='bbox 1568 440 1857 513; x_wconf 78' lang='lat' dir='ltr'><strong>etfugavit,</strong></span> <span class='ocrx_word' id='word_1_12' title='bbox 1900 446 1957 497; x_wconf 92' lang='lat' dir='ltr'><strong>et</strong></span> <span class='ocrx_word' id='word_1_13' title='bbox 1983 442 2072 497; x_wconf 91' lang='lat' dir='ltr'><strong>iu-</strong></span> <span class='ocrx_word' id='word_1_14' title='bbox 2112 447 2160 501; x_wconf 83' lang='grc' dir='ltr'><strong>Α</strong></span> <span class='ocrx_word' id='word_1_15' title='bbox 2188 441 2307 515; x_wconf 91' lang='lat' dir='ltr'><strong>ipse</strong></span> <span class='ocrx_word' id='word_1_16' title='bbox 2336 446 2710 514; x_wconf 79' lang='lat' dir='ltr'><strong>pertractans,</strong></span> <span class='ocrx_word' id='word_1_17' title='bbox 2754 440 2911 497; x_wconf 86' lang='lat' dir='ltr'><strong>brevi</strong></span> <span class='ocrx_word' id='word_1_18' title='bbox 2943 440 3203 496; x_wconf 89' lang='lat' dir='ltr'><strong>animum</strong></span> <span class='ocrx_word' id='word_1_19' title='bbox 3226 456 3394 496; x_wconf 92' lang='lat' dir='ltr'><strong>suum</strong></span> <span class='ocrx_word' id='word_1_20' title='bbox 3425 441 3772 497; x_wconf 84' lang='lat' dir='ltr'><strong>allocutione</strong></span> <span class='ocrx_word' id='word_1_21' title='bbox 3794 443 3886 498; x_wconf 85' lang='lat' dir='ltr'><strong>ﬁr-</strong></span> 
     </span>
    </p>
   </div>
   <div class='ocr_carea' id='block_1_5' title="bbox 393 531 2084 593">
    <p class='ocr_par' dir='ltr' id='par_1_5' title="bbox 393 531 2084 593">
     <span class='ocr_line' id='line_1_5' title="bbox 393 531 2084 593; baseline -0.004 -1"><span class='ocrx_word' id='word_1_22' title='bbox 393 535 681 593; x_wconf 89' lang='lat' dir='ltr'><strong>ternecivo</strong></span> <span class='ocrx_word' id='word_1_23' title='bbox 736 533 927 590; x_wconf 83' lang='lat' dir='ltr'><strong>fratris</strong></span> <span class='ocrx_word' id='word_1_24' title='bbox 983 533 1173 588; x_wconf 88' lang='lat' dir='ltr'><strong>furore</strong></span> <span class='ocrx_word' id='word_1_25' title='bbox 1219 531 1511 586; x_wconf 81' lang='lat' dir='ltr'><strong>constricti</strong></span> <span class='ocrx_word' id='word_1_26' title='bbox 1558 532 1735 586; x_wconf 85' lang='lat' dir='ltr'><strong>vitam</strong></span> <span class='ocrx_word' id='word_1_27' title='bbox 1775 548 1805 585; x_wconf 92' lang='lat' dir='ltr'><strong>e</strong></span> <span class='ocrx_word' id='word_1_28' title='bbox 1854 532 2084 587; x_wconf 85' lang='lat' dir='ltr'><strong>sedibus</strong></span> 
     </span>
    </p>
   </div>
   <div class='ocr_carea' id='block_1_6' title="bbox 394 620 2087 694">
    <p class='ocr_par' dir='ltr' id='par_1_6' title="bbox 394 620 2087 694">
     <span class='ocr_line' id='line_1_6' title="bbox 394 620 2087 694; baseline -0.002 -13"><span class='ocrx_word' id='word_1_29' title='bbox 394 627 533 694; x_wconf 86' lang='lat' dir='ltr'><strong>suis,</strong></span> <span class='ocrx_word' id='word_1_30' title='bbox 593 626 731 679; x_wconf 91' lang='lat' dir='ltr'><strong>dum</strong></span> <span class='ocrx_word' id='word_1_31' title='bbox 779 624 951 678; x_wconf 85' lang='lat' dir='ltr'><strong>infert</strong></span> <span class='ocrx_word' id='word_1_32' title='bbox 998 621 1253 676; x_wconf 85' lang='lat' dir='ltr'><strong>faucibus</strong></span> <span class='ocrx_word' id='word_1_33' title='bbox 1285 620 1528 688; x_wconf 91' lang='lat' dir='ltr'><strong>vincula,</strong></span> <span class='ocrx_word' id='word_1_34' title='bbox 1580 620 1879 676; x_wconf 87' lang='lat' dir='ltr'><strong>dissolvit:</strong></span> <span class='ocrx_word' id='word_1_35' title='bbox 1931 624 2087 678; x_wconf 91' lang='lat' dir='ltr'><strong>hunc</strong></span> 
     </span>
    </p>
   </div>
   <div class='ocr_carea' id='block_1_7' title="bbox 399 710 2091 783">
    <p class='ocr_par' dir='ltr' id='par_1_7' title="bbox 399 710 2091 783">
     <span class='ocr_line' id='line_1_7' title="bbox 399 710 2091 783; baseline -0.003 -12"><span class='ocrx_word' id='word_1_36' title='bbox 399 716 661 773; x_wconf 90' lang='lat' dir='ltr'><strong>debitum</strong></span> <span class='ocrx_word' id='word_1_37' title='bbox 691 714 930 769; x_wconf 78' lang='lat' dir='ltr'><strong>exitium</strong></span> <span class='ocrx_word' id='word_1_38' title='bbox 975 710 1255 782; x_wconf 88' lang='lat' dir='ltr'><strong>sequitur,</strong></span> <span class='ocrx_word' id='word_1_39' title='bbox 1283 727 1389 765; x_wconf 92' lang='lat' dir='ltr'><strong>nec</strong></span> <span class='ocrx_word' id='word_1_40' title='bbox 1434 728 1465 764; x_wconf 92' lang='lat' dir='ltr'><strong>a</strong></span> <span class='ocrx_word' id='word_1_41' title='bbox 1506 710 1648 782; x_wconf 89' lang='lat' dir='ltr'><strong>jugo</strong></span> <span class='ocrx_word' id='word_1_42' title='bbox 1687 711 1952 783; x_wconf 83' lang='lat' dir='ltr'><strong>supplicii</strong></span> <span class='ocrx_word' id='word_1_43' title='bbox 1983 711 2091 767; x_wconf 90' lang='lat' dir='ltr'><strong>erit</strong></span> 
     </span>
    </p>
   </div>
   <div class='ocr_carea' id='block_1_8' title="bbox 397 799 2088 874">
    <p class='ocr_par' dir='ltr' id='par_1_8' title="bbox 397 799 2088 874">
     <span class='ocr_line' id='line_1_8' title="bbox 397 799 2088 874; baseline -0.004 -14"><span class='ocrx_word' id='word_1_44' title='bbox 397 804 621 859; x_wconf 88' lang='lat' dir='ltr'><strong>alienus</strong></span> <span class='ocrx_word' id='word_1_45' title='bbox 653 803 752 874; x_wconf 90' lang='lat' dir='ltr'><strong>qui</strong></span> <span class='ocrx_word' id='word_1_46' title='bbox 782 803 1035 856; x_wconf 90' lang='lat' dir='ltr'><strong>humano</strong></span> <span class='ocrx_word' id='word_1_47' title='bbox 1082 799 1350 871; x_wconf 80' lang='lat' dir='ltr'><strong>sanguini</strong></span> <span class='ocrx_word' id='word_1_48' title='bbox 1379 816 1499 855; x_wconf 91' lang='lat' dir='ltr'><strong>non</strong></span> <span class='ocrx_word' id='word_1_49' title='bbox 1530 800 1787 871; x_wconf 83' lang='lat' dir='ltr'><strong>pepercit</strong></span> <span class='ocrx_word' id='word_1_50' title='bbox 1813 816 1824 855; x_wconf 96' lang='lat'><strong>:</strong></span> <span class='ocrx_word' id='word_1_51' title='bbox 1858 800 2088 854; x_wconf 88' lang='lat' dir='ltr'><strong>miseri-</strong></span> 
     </span>
    </p>
   </div>
   <div class='ocr_carea' id='block_1_9' title="bbox 396 888 2087 961">
    <p class='ocr_par' dir='ltr' id='par_1_9' title="bbox 396 888 2087 961">
     <span class='ocr_line' id='line_1_9' title="bbox 396 888 2087 961; baseline -0.003 -13"><span class='ocrx_word' id='word_1_52' title='bbox 396 894 587 948; x_wconf 87' lang='lat' dir='ltr'><strong>cordia</strong></span> <span class='ocrx_word' id='word_1_53' title='bbox 617 896 723 958; x_wconf 92' lang='lat' dir='ltr'><strong>est,</strong></span> <span class='ocrx_word' id='word_1_54' title='bbox 756 890 905 945; x_wconf 89' lang='lat' dir='ltr'><strong>circa</strong></span> <span class='ocrx_word' id='word_1_55' title='bbox 952 889 1304 944; x_wconf 85' lang='lat' dir='ltr'><strong>facinorosos</strong></span> <span class='ocrx_word' id='word_1_56' title='bbox 1352 893 1576 943; x_wconf 82' lang='lat' dir='ltr'><strong>servata</strong></span> <span class='ocrx_word' id='word_1_57' title='bbox 1600 888 1900 943; x_wconf 90' lang='lat' dir='ltr'><strong>districtio.</strong></span> <span class='ocrx_word' id='word_1_58' title='bbox 1939 890 2087 961; x_wconf 88' lang='lat' dir='ltr'><strong>Ergo</strong></span> 
     </span>
    </p>
   </div>
   <div class='ocr_carea' id='block_1_10' title="bbox 396 976 2092 1051">
    <p class='ocr_par' dir='ltr' id='par_1_10' title="bbox 396 976 2092 1051">
     <span class='ocr_line' id='line_1_10' title="bbox 396 976 2092 1051; baseline -0.003 -15"><span class='ocrx_word' id='word_1_59' title='bbox 396 980 589 1051; x_wconf 90' lang='lat' dir='ltr'><strong>sopori</strong></span> <span class='ocrx_word' id='word_1_60' title='bbox 645 978 962 1033; x_wconf 89' lang='lat' dir='ltr'><strong>terminum</strong></span> <span class='ocrx_word' id='word_1_61' title='bbox 1018 992 1259 1048; x_wconf 92' lang='lat' dir='ltr'><strong>ponens,</strong></span> <span class='ocrx_word' id='word_1_62' title='bbox 1313 976 1719 1031; x_wconf 83' lang='lat' dir='ltr'><strong>mandatorum</strong></span> <span class='ocrx_word' id='word_1_63' title='bbox 1776 976 2092 1031; x_wconf 91' lang='lat' dir='ltr'><strong>coelestium</strong></span> 
     </span>
    </p>
   </div>
   <div class='ocr_carea' id='block_1_11' title="bbox 393 1065 2091 1137">
    <p class='ocr_par' dir='ltr' id='par_1_11' title="bbox 393 1065 2091 1137">
     <span class='ocr_line' id='line_1_11' title="bbox 393 1065 2091 1137; baseline -0.002 -13"><span class='ocrx_word' id='word_1_64' title='bbox 393 1070 618 1125; x_wconf 86' lang='lat' dir='ltr'><strong>hostem</strong></span> <span class='ocrx_word' id='word_1_65' title='bbox 650 1068 895 1137; x_wconf 88' lang='lat' dir='ltr'><strong>depelle,</strong></span> <span class='ocrx_word' id='word_1_66' title='bbox 928 1081 998 1121; x_wconf 93' lang='lat' dir='ltr'><strong>ne</strong></span> <span class='ocrx_word' id='word_1_67' title='bbox 1034 1065 1275 1120; x_wconf 90' lang='lat' dir='ltr'><strong>candida</strong></span> <span class='ocrx_word' id='word_1_68' title='bbox 1311 1065 1665 1119; x_wconf 86' lang='lat' dir='ltr'><strong>conversatio</strong></span> <span class='ocrx_word' id='word_1_69' title='bbox 1706 1070 1895 1120; x_wconf 89' lang='lat' dir='ltr'><strong>tecum</strong></span> <span class='ocrx_word' id='word_1_70' title='bbox 1923 1066 2091 1121; x_wconf 89' lang='lat' dir='ltr'><strong>habi-</strong></span> 
     </span>
    </p>
   </div>
   <div class='ocr_carea' id='block_1_12' title="bbox 396 1153 2088 1225">
    <p class='ocr_par' dir='ltr' id='par_1_12' title="bbox 396 1153 2088 1225">
     <span class='ocr_line' id='line_1_12' title="bbox 396 1153 2088 1225; baseline -0.005 -13"><span class='ocrx_word' id='word_1_71' title='bbox 396 1160 623 1212; x_wconf 87' lang='lat' dir='ltr'><strong>tantum</strong></span> <span class='ocrx_word' id='word_1_72' title='bbox 664 1156 821 1210; x_wconf 91' lang='lat' dir='ltr'><strong>fusca</strong></span> <span class='ocrx_word' id='word_1_73' title='bbox 872 1153 1330 1224; x_wconf 87' lang='lat' dir='ltr'><strong>supervenientis</strong></span> <span class='ocrx_word' id='word_1_74' title='bbox 1371 1154 1714 1225; x_wconf 83' lang='lat' dir='ltr'><strong>contagione</strong></span> <span class='ocrx_word' id='word_1_75' title='bbox 1765 1154 2025 1209; x_wconf 88' lang='lat' dir='ltr'><strong>violetur.</strong></span> <span class='ocrx_word' id='word_1_76' title='bbox 2060 1176 2088 1204; x_wconf 83' lang='lat'><strong>»</strong></span> 
     </span>
    </p>
   </div>
   <div class='ocr_carea' id='block_1_13' title="bbox 396 1242 2091 1313">
    <p class='ocr_par' dir='ltr' id='par_1_13' title="bbox 396 1242 2091 1313">
     <span class='ocr_line' id='line_1_13' title="bbox 396 1242 2091 1313; baseline -0.004 -12"><span class='ocrx_word' id='word_1_77' title='bbox 396 1244 553 1302; x_wconf 84' lang='lat' dir='ltr'><strong>Illico</strong></span> <span class='ocrx_word' id='word_1_78' title='bbox 610 1244 821 1299; x_wconf 84' lang='lat' dir='ltr'><strong>divinis</strong></span> <span class='ocrx_word' id='word_1_79' title='bbox 880 1243 1184 1297; x_wconf 84' lang='lat' dir='ltr'><strong>obsecutus</strong></span> <span class='ocrx_word' id='word_1_80' title='bbox 1241 1242 1493 1313; x_wconf 91' lang='lat' dir='ltr'><strong>imperiis</strong></span> <span class='ocrx_word' id='word_1_81' title='bbox 1555 1242 1847 1297; x_wconf 89' lang='lat' dir='ltr'><strong>hominem</strong></span> <span class='ocrx_word' id='word_1_82' title='bbox 1906 1247 2091 1311; x_wconf 91' lang='lat' dir='ltr'><strong>vocat,</strong></span> 
     </span>
    </p>
   </div>
   <div class='ocr_carea' id='block_1_14' title="bbox 396 1330 2094 1398">
    <p class='ocr_par' dir='ltr' id='par_1_14' title="bbox 396 1330 2094 1398">
     <span class='ocr_line' id='line_1_14' title="bbox 396 1330 2094 1398; baseline -0.004 -6"><span class='ocrx_word' id='word_1_83' title='bbox 396 1334 772 1392; x_wconf 84' lang='lat' dir='ltr'><strong>mentientem</strong></span> <span class='ocrx_word' id='word_1_84' title='bbox 800 1331 1105 1398; x_wconf 87' lang='lat' dir='ltr'><strong>convincit,</strong></span> <span class='ocrx_word' id='word_1_85' title='bbox 1137 1330 1340 1385; x_wconf 89' lang='lat' dir='ltr'><strong>feriato</strong></span> <span class='ocrx_word' id='word_1_86' title='bbox 1365 1346 1463 1385; x_wconf 89' lang='lat' dir='ltr'><strong>ore</strong></span> <span class='ocrx_word' id='word_1_87' title='bbox 1487 1332 1635 1385; x_wconf 91' lang='lat' dir='ltr'><strong>male</strong></span> <span class='ocrx_word' id='word_1_88' title='bbox 1663 1332 1873 1385; x_wconf 89' lang='lat' dir='ltr'><strong>conscii</strong></span> <span class='ocrx_word' id='word_1_89' title='bbox 1900 1331 2094 1386; x_wconf 88' lang='lat' dir='ltr'><strong>omnia</strong></span> 
     </span>
    </p>
   </div>
   <div class='ocr_carea' id='block_1_15' title="bbox 397 1419 2093 1495">
    <p class='ocr_par' dir='ltr' id='par_1_15' title="bbox 397 1419 2093 1495">
     <span class='ocr_line' id='line_1_15' title="bbox 397 1419 2093 1495; baseline -0.003 -16"><span class='ocrx_word' id='word_1_90' title='bbox 397 1425 521 1495; x_wconf 89' lang='lat' dir='ltr'><strong>ejus</strong></span> <span class='ocrx_word' id='word_1_91' title='bbox 542 1426 702 1495; x_wconf 89' lang='lat' dir='ltr'><strong>gesta</strong></span> <span class='ocrx_word' id='word_1_92' title='bbox 724 1419 1103 1493; x_wconf 85' lang='lat' dir='ltr'><strong>persequitur.</strong></span> <span class='ocrx_word' id='word_1_93' title='bbox 1130 1420 1375 1491; x_wconf 83' lang='lat' dir='ltr'><strong>Expavit</strong></span> <span class='ocrx_word' id='word_1_94' title='bbox 1396 1420 1808 1489; x_wconf 89' lang='lat' dir='ltr'><strong>deprehensus,</strong></span> <span class='ocrx_word' id='word_1_95' title='bbox 1835 1436 1962 1474; x_wconf 90' lang='lat' dir='ltr'><strong>cum</strong></span> <span class='ocrx_word' id='word_1_96' title='bbox 1988 1420 2093 1475; x_wconf 87' lang='lat' dir='ltr'><strong>ﬂa-</strong></span> 
     </span>
    </p>
   </div>
   <div class='ocr_carea' id='block_1_16' title="bbox 397 1508 2092 1585">
    <p class='ocr_par' dir='ltr' id='par_1_16' title="bbox 397 1508 2092 1585">
     <span class='ocr_line' id='line_1_16' title="bbox 397 1508 2092 1585; baseline -0.002 -18"><span class='ocrx_word' id='word_1_97' title='bbox 397 1512 540 1585; x_wconf 89' lang='lat' dir='ltr'><strong>gitia</strong></span> <span class='ocrx_word' id='word_1_98' title='bbox 569 1527 670 1566; x_wconf 90' lang='lat' dir='ltr'><strong>sua</strong></span> <span class='ocrx_word' id='word_1_99' title='bbox 699 1510 985 1565; x_wconf 90' lang='lat' dir='ltr'><strong>recenseri</strong></span> <span class='ocrx_word' id='word_1_100' title='bbox 1015 1508 1231 1563; x_wconf 87' lang='lat' dir='ltr'><strong>videret</strong></span> <span class='ocrx_word' id='word_1_101' title='bbox 1260 1509 1328 1563; x_wconf 87' lang='lat' dir='ltr'><strong>ab</strong></span> <span class='ocrx_word' id='word_1_102' title='bbox 1360 1509 1614 1577; x_wconf 89' lang='lat' dir='ltr'><strong>homine,</strong></span> <span class='ocrx_word' id='word_1_103' title='bbox 1648 1525 1776 1581; x_wconf 69' lang='lat' dir='ltr'><strong>qua:</strong></span> <span class='ocrx_word' id='word_1_104' title='bbox 1804 1509 1927 1564; x_wconf 88' lang='lat' dir='ltr'><strong>sine</strong></span> <span class='ocrx_word' id='word_1_105' title='bbox 1950 1514 2092 1563; x_wconf 91' lang='lat' dir='ltr'><strong>teste</strong></span> 
     </span>
    </p>
   </div>
   <div class='ocr_carea' id='block_1_17' title="bbox 398 1598 2092 1671">
    <p class='ocr_par' dir='ltr' id='par_1_17' title="bbox 398 1598 2092 1671">
     <span class='ocr_line' id='line_1_17' title="bbox 398 1598 2092 1671; baseline -0.004 -14"><span class='ocrx_word' id='word_1_106' title='bbox 398 1600 639 1657; x_wconf 85' lang='lat' dir='ltr'><strong>humani</strong></span> <span class='ocrx_word' id='word_1_107' title='bbox 672 1599 899 1671; x_wconf 84' lang='lat' dir='ltr'><strong>generis</strong></span> <span class='ocrx_word' id='word_1_108' title='bbox 936 1598 1302 1653; x_wconf 87' lang='lat' dir='ltr'><strong>commiserat</strong></span> <span class='ocrx_word' id='word_1_109' title='bbox 1330 1615 1343 1652; x_wconf 92' lang='lat'><strong>:</strong></span> <span class='ocrx_word' id='word_1_110' title='bbox 1380 1598 1649 1653; x_wconf 89' lang='lat' dir='ltr'><strong>viaticum</strong></span> <span class='ocrx_word' id='word_1_111' title='bbox 1678 1600 1956 1670; x_wconf 88' lang='lat' dir='ltr'><strong>poposcit,</strong></span> <span class='ocrx_word' id='word_1_112' title='bbox 2002 1599 2092 1653; x_wconf 89' lang='lat' dir='ltr'><strong>fu-</strong></span> 
     </span>
    </p>
   </div>
   <div class='ocr_carea' id='block_1_18' title="bbox 400 1684 2095 1761">
    <p class='ocr_par' dir='ltr' id='par_1_18' title="bbox 400 1684 2095 1761">
     <span class='ocr_line' id='line_1_18' title="bbox 400 1684 2095 1761; baseline -0.002 -17"><span class='ocrx_word' id='word_1_113' title='bbox 400 1705 533 1761; x_wconf 91' lang='lat' dir='ltr'><strong>gam</strong></span> <span class='ocrx_word' id='word_1_114' title='bbox 567 1692 817 1743; x_wconf 90' lang='lat' dir='ltr'><strong>tremens</strong></span> <span class='ocrx_word' id='word_1_115' title='bbox 850 1685 1180 1757; x_wconf 86' lang='lat' dir='ltr'><strong>apparavit:</strong></span> <span class='ocrx_word' id='word_1_116' title='bbox 1214 1684 1484 1738; x_wconf 90' lang='lat' dir='ltr'><strong>continuo</strong></span> <span class='ocrx_word' id='word_1_117' title='bbox 1516 1690 1711 1740; x_wconf 89' lang='lat' dir='ltr'><strong>tamen</strong></span> <span class='ocrx_word' id='word_1_118' title='bbox 1754 1686 2095 1759; x_wconf 89' lang='lat' dir='ltr'><strong>pedissequa</strong></span> 
     </span>
    </p>
   </div>
   <div class='ocr_carea' id='block_1_19' title="bbox 397 1753 2176 1847">
    <p class='ocr_par' dir='ltr' id='par_1_19' title="bbox 397 1753 2176 1847">
     <span class='ocr_line' id='line_1_19' title="bbox 397 1753 2176 1847; baseline -0.003 -13"><span class='ocrx_word' id='word_1_119' title='bbox 397 1753 565 1834; x_wconf 62' lang='lat' dir='ltr'><strong>reum</strong></span> <span class='ocrx_word' id='word_1_120' title='bbox 596 1776 739 1831; x_wconf 90' lang='lat' dir='ltr'><strong>ultio</strong></span> <span class='ocrx_word' id='word_1_121' title='bbox 760 1753 1230 1847; x_wconf 61' lang='lat' dir='ltr'><strong>:comprehendit,</strong></span> <span class='ocrx_word' id='word_1_122' title='bbox 1280 1778 1337 1828; x_wconf 90' lang='lat' dir='ltr'><strong>et</strong></span> <span class='ocrx_word' id='word_1_123' title='bbox 1367 1774 1658 1845; x_wconf 83' lang='lat' dir='ltr'><strong>expiatum</strong></span> <span class='ocrx_word' id='word_1_124' title='bbox 1691 1753 1870 1830; x_wconf 78' lang='lat' dir='ltr'><strong>scelus</strong></span> <span class='ocrx_word' id='word_1_125' title='bbox 1908 1753 2098 1846; x_wconf 69' lang='lat' dir='ltr'><strong>patra-</strong></span> <span class='ocrx_word' id='word_1_126' title='bbox 2135 1753 2176 1806; x_wconf 75' lang='grc' dir='ltr'>Β</span> 
     </span>
    </p>
   </div>
   <div class='ocr_carea' id='block_1_20' title="bbox 399 1863 2094 1934">
    <p class='ocr_par' dir='ltr' id='par_1_20' title="bbox 399 1863 2094 1934">
     <span class='ocr_line' id='line_1_20' title="bbox 399 1863 2094 1934; baseline -0.001 -13"><span class='ocrx_word' id='word_1_127' title='bbox 399 1865 539 1921; x_wconf 90' lang='lat' dir='ltr'><strong>toris</strong></span> <span class='ocrx_word' id='word_1_128' title='bbox 563 1868 747 1919; x_wconf 90' lang='lat' dir='ltr'><strong>morte</strong></span> <span class='ocrx_word' id='word_1_129' title='bbox 778 1863 1082 1918; x_wconf 87' lang='lat' dir='ltr'><strong>nuntiavit.</strong></span> <span class='ocrx_word' id='word_1_130' title='bbox 1117 1864 1201 1918; x_wconf 89' lang='lat' dir='ltr'><strong>Ita</strong></span> <span class='ocrx_word' id='word_1_131' title='bbox 1249 1878 1437 1917; x_wconf 92' lang='lat' dir='ltr'><strong>sermo</strong></span> <span class='ocrx_word' id='word_1_132' title='bbox 1475 1864 1618 1934; x_wconf 89' lang='lat' dir='ltr'><strong>justi</strong></span> <span class='ocrx_word' id='word_1_133' title='bbox 1653 1864 1869 1919; x_wconf 90' lang='lat' dir='ltr'><strong>viribus</strong></span> <span class='ocrx_word' id='word_1_134' title='bbox 1900 1881 2094 1920; x_wconf 88' lang='lat' dir='ltr'><strong>carere</strong></span> 
     </span>
    </p>
   </div>
   <div class='ocr_carea' id='block_1_21' title="bbox 400 1950 2097 2025">
    <p class='ocr_par' dir='ltr' id='par_1_21' title="bbox 400 1950 2097 2025">
     <span class='ocr_line' id='line_1_21' title="bbox 400 1950 2097 2025; baseline -0.001 -15"><span class='ocrx_word' id='word_1_135' title='bbox 400 1970 519 2010; x_wconf 89' lang='lat' dir='ltr'><strong>non</strong></span> <span class='ocrx_word' id='word_1_136' title='bbox 543 1954 753 2025; x_wconf 91' lang='lat' dir='ltr'><strong>potuit.</strong></span> <span class='ocrx_word' id='word_1_137' title='bbox 787 1950 1012 2007; x_wconf 87' lang='lat' dir='ltr'><strong>Interea</strong></span> <span class='ocrx_word' id='word_1_138' title='bbox 1033 1957 1260 2007; x_wconf 91' lang='lat' dir='ltr'><strong>sanctus</strong></span> <span class='ocrx_word' id='word_1_139' title='bbox 1290 1951 1375 2006; x_wconf 91' lang='lat' dir='ltr'><strong>vir</strong></span> <span class='ocrx_word' id='word_1_140' title='bbox 1404 1968 1508 2023; x_wconf 90' lang='lat' dir='ltr'><strong>per</strong></span> <span class='ocrx_word' id='word_1_141' title='bbox 1528 1952 1793 2024; x_wconf 81' lang='lat' dir='ltr'><strong>regiones</strong></span> <span class='ocrx_word' id='word_1_142' title='bbox 1825 1954 2097 2008; x_wconf 89' lang='lat' dir='ltr'><strong>ﬁnitimas</strong></span> 
     </span>
    </p>
   </div>
   <div class='ocr_carea' id='block_1_22' title="bbox 400 2041 2095 2113">
    <p class='ocr_par' dir='ltr' id='par_1_22' title="bbox 400 2041 2095 2113">
     <span class='ocr_line' id='line_1_22' title="bbox 400 2041 2095 2113; baseline 0.001 -15"><span class='ocrx_word' id='word_1_143' title='bbox 400 2042 771 2098; x_wconf 89' lang='lat' dir='ltr'><strong>insidiatricis</strong></span> <span class='ocrx_word' id='word_1_144' title='bbox 799 2042 969 2097; x_wconf 75' lang='lat' dir='ltr'><strong>famae</strong></span> <span class='ocrx_word' id='word_1_145' title='bbox 1025 2041 1239 2112; x_wconf 90' lang='lat' dir='ltr'><strong>linguis</strong></span> <span class='ocrx_word' id='word_1_146' title='bbox 1269 2041 1552 2096; x_wconf 89' lang='lat' dir='ltr'><strong>innotuit:</strong></span> <span class='ocrx_word' id='word_1_147' title='bbox 1587 2058 1717 2113; x_wconf 66' lang='lat' dir='ltr'><strong>quas</strong></span> <span class='ocrx_word' id='word_1_148' title='bbox 1762 2059 1833 2097; x_wconf 90' lang='lat' dir='ltr'><strong>ne</strong></span> <span class='ocrx_word' id='word_1_149' title='bbox 1863 2048 2095 2113; x_wconf 88' lang='lat' dir='ltr'><strong>pareret</strong></span> 
     </span>
    </p>
   </div>
   <div class='ocr_carea' id='block_1_23' title="bbox 399 2130 2094 2202">
    <p class='ocr_par' dir='ltr' id='par_1_23' title="bbox 399 2130 2094 2202">
     <span class='ocr_line' id='line_1_23' title="bbox 399 2130 2094 2202; baseline -0.001 -15"><span class='ocrx_word' id='word_1_150' title='bbox 399 2131 470 2187; x_wconf 89' lang='lat' dir='ltr'><strong>de</strong></span> <span class='ocrx_word' id='word_1_151' title='bbox 500 2130 825 2187; x_wconf 89' lang='lat' dir='ltr'><strong>celebritate</strong></span> <span class='ocrx_word' id='word_1_152' title='bbox 850 2131 1207 2202; x_wconf 87' lang='lat' dir='ltr'><strong>jactautiam,</strong></span> <span class='ocrx_word' id='word_1_153' title='bbox 1231 2134 1359 2185; x_wconf 86' lang='lat' dir='ltr'><strong>ante</strong></span> <span class='ocrx_word' id='word_1_154' title='bbox 1396 2130 1621 2201; x_wconf 90' lang='lat' dir='ltr'><strong>provisa</strong></span> <span class='ocrx_word' id='word_1_155' title='bbox 1653 2136 1787 2186; x_wconf 90' lang='lat' dir='ltr'><strong>sunt</strong></span> <span class='ocrx_word' id='word_1_156' title='bbox 1817 2132 2094 2200; x_wconf 88' lang='lat' dir='ltr'><strong>remedia,</strong></span> 
     </span>
    </p>
   </div>
   <div class='ocr_carea' id='block_1_24' title="bbox 402 2218 2098 2293">
    <p class='ocr_par' dir='ltr' id='par_1_24' title="bbox 402 2218 2098 2293">
     <span class='ocr_line' id='line_1_24' title="bbox 402 2218 2098 2293; baseline 0.001 -19"><span class='ocrx_word' id='word_1_157' title='bbox 402 2236 577 2293; x_wconf 89' lang='lat' dir='ltr'><strong>quam</strong></span> <span class='ocrx_word' id='word_1_158' title='bbox 607 2219 841 2275; x_wconf 90' lang='lat' dir='ltr'><strong>morbus</strong></span> <span class='ocrx_word' id='word_1_159' title='bbox 872 2219 1242 2273; x_wconf 90' lang='lat' dir='ltr'><strong>adolesceret.</strong></span> <span class='ocrx_word' id='word_1_160' title='bbox 1290 2218 1397 2283; x_wconf 89' lang='lat' dir='ltr'><strong>Qui</strong></span> <span class='ocrx_word' id='word_1_161' title='bbox 1437 2219 1593 2274; x_wconf 90' lang='lat' dir='ltr'><strong>enim</strong></span> <span class='ocrx_word' id='word_1_162' title='bbox 1624 2221 1961 2290; x_wconf 65' lang='lat' dir='ltr'><strong>grandaevus</strong></span> <span class='ocrx_word' id='word_1_163' title='bbox 1999 2225 2098 2276; x_wconf 88' lang='lat' dir='ltr'><strong>aut</strong></span> 
     </span>
    </p>
   </div>
   <div class='ocr_carea' id='block_1_25' title="bbox 402 2307 2099 2379">
    <p class='ocr_par' dir='ltr' id='par_1_25' title="bbox 402 2307 2099 2379">
     <span class='ocr_line' id='line_1_25' title="bbox 402 2307 2099 2379; baseline 0 -14"><span class='ocrx_word' id='word_1_164' title='bbox 402 2309 628 2372; x_wconf 90' lang='lat' dir='ltr'><strong>debilis,</strong></span> <span class='ocrx_word' id='word_1_165' title='bbox 657 2309 801 2363; x_wconf 91' lang='lat' dir='ltr'><strong>duce</strong></span> <span class='ocrx_word' id='word_1_166' title='bbox 832 2307 1152 2379; x_wconf 84' lang='lat' dir='ltr'><strong>diligentia,</strong></span> <span class='ocrx_word' id='word_1_167' title='bbox 1185 2324 1300 2362; x_wconf 90' lang='lat' dir='ltr'><strong>non</strong></span> <span class='ocrx_word' id='word_1_168' title='bbox 1329 2308 1551 2362; x_wconf 90' lang='lat' dir='ltr'><strong>itineris</strong></span> <span class='ocrx_word' id='word_1_169' title='bbox 1578 2308 1734 2363; x_wconf 88' lang='lat' dir='ltr'><strong>illius</strong></span> <span class='ocrx_word' id='word_1_170' title='bbox 1781 2314 2099 2365; x_wconf 87' lang='lat' dir='ltr'><strong>transmea-</strong></span> 
     </span>
    </p>
   </div>
   <div class='ocr_carea' id='block_1_26' title="bbox 402 2396 2099 2469">
    <p class='ocr_par' dir='ltr' id='par_1_26' title="bbox 402 2396 2099 2469">
     <span class='ocr_line' id='line_1_26' title="bbox 402 2396 2099 2469; baseline -0.001 -15"><span class='ocrx_word' id='word_1_171' title='bbox 402 2399 501 2454; x_wconf 90' lang='lat' dir='ltr'><strong>bat</strong></span> <span class='ocrx_word' id='word_1_172' title='bbox 549 2397 811 2469; x_wconf 88' lang='lat' dir='ltr'><strong>abrupta,</strong></span> <span class='ocrx_word' id='word_1_173' title='bbox 874 2412 1003 2451; x_wconf 91' lang='lat' dir='ltr'><strong>cum</strong></span> <span class='ocrx_word' id='word_1_174' title='bbox 1053 2396 1319 2451; x_wconf 90' lang='lat' dir='ltr'><strong>dantibus</strong></span> <span class='ocrx_word' id='word_1_175' title='bbox 1367 2397 1753 2452; x_wconf 85' lang='lat' dir='ltr'><strong>valetudinem</strong></span> <span class='ocrx_word' id='word_1_176' title='bbox 1803 2398 2099 2453; x_wconf 88' lang='lat' dir='ltr'><strong>desideriis</strong></span> 
     </span>
    </p>
   </div>
   <div class='ocr_carea' id='block_1_27' title="bbox 405 2485 2101 2558">
    <p class='ocr_par' dir='ltr' id='par_1_27' title="bbox 405 2485 2101 2558">
     <span class='ocr_line' id='line_1_27' title="bbox 405 2485 2101 2558; baseline 0 -16"><span class='ocrx_word' id='word_1_177' title='bbox 405 2487 581 2543; x_wconf 88' lang='lat' dir='ltr'><strong>etiam</strong></span> <span class='ocrx_word' id='word_1_178' title='bbox 620 2485 993 2558; x_wconf 66' lang='lat' dir='ltr'><strong>aegritudines</strong></span> <span class='ocrx_word' id='word_1_179' title='bbox 1036 2501 1274 2557; x_wconf 89' lang='lat' dir='ltr'><strong>corpora</strong></span> <span class='ocrx_word' id='word_1_180' title='bbox 1305 2502 1425 2540; x_wconf 92' lang='lat' dir='ltr'><strong>non</strong></span> <span class='ocrx_word' id='word_1_181' title='bbox 1472 2487 1780 2541; x_wconf 83' lang='lat' dir='ltr'><strong>tenerent?</strong></span> <span class='ocrx_word' id='word_1_182' title='bbox 1814 2488 1929 2541; x_wconf 89' lang='lat' dir='ltr'><strong>Ilac</strong></span> <span class='ocrx_word' id='word_1_183' title='bbox 1976 2505 2101 2558; x_wconf 90' lang='lat' dir='ltr'><strong>per-</strong></span> 
     </span>
    </p>
   </div>
   <div class='ocr_carea' id='block_1_28' title="bbox 405 2574 2101 2644">
    <p class='ocr_par' dir='ltr' id='par_1_28' title="bbox 405 2574 2101 2644">
     <span class='ocr_line' id='line_1_28' title="bbox 405 2574 2101 2644; baseline -0.001 -13"><span class='ocrx_word' id='word_1_184' title='bbox 405 2575 640 2631; x_wconf 89' lang='lat' dir='ltr'><strong>territus</strong></span> <span class='ocrx_word' id='word_1_185' title='bbox 672 2574 1035 2644; x_wconf 88' lang='lat' dir='ltr'><strong>frequentia;</strong></span> <span class='ocrx_word' id='word_1_186' title='bbox 1081 2575 1149 2629; x_wconf 92' lang='lat' dir='ltr'><strong>ad</strong></span> <span class='ocrx_word' id='word_1_187' title='bbox 1184 2574 1490 2628; x_wconf 87' lang='lat' dir='ltr'><strong>secretiora</strong></span> <span class='ocrx_word' id='word_1_188' title='bbox 1534 2575 1712 2629; x_wconf 88' lang='lat' dir='ltr'><strong>eremi</strong></span> <span class='ocrx_word' id='word_1_189' title='bbox 1742 2576 1943 2629; x_wconf 89' lang='lat' dir='ltr'><strong>beatus</strong></span> <span class='ocrx_word' id='word_1_190' title='bbox 1985 2580 2101 2629; x_wconf 85' lang='lat' dir='ltr'><strong>An-</strong></span> 
     </span>
    </p>
   </div>
   <div class='ocr_carea' id='block_1_29' title="bbox 406 2662 2099 2733">
    <p class='ocr_par' dir='ltr' id='par_1_29' title="bbox 406 2662 2099 2733">
     <span class='ocr_line' id='line_1_29' title="bbox 406 2662 2099 2733; baseline -0.002 -13"><span class='ocrx_word' id='word_1_191' title='bbox 406 2664 599 2720; x_wconf 85' lang='lat' dir='ltr'><strong>tonius</strong></span> <span class='ocrx_word' id='word_1_192' title='bbox 632 2663 871 2718; x_wconf 89' lang='lat' dir='ltr'><strong>credidit</strong></span> <span class='ocrx_word' id='word_1_193' title='bbox 924 2663 1288 2729; x_wconf 88' lang='lat' dir='ltr'><strong>evolandum,</strong></span> <span class='ocrx_word' id='word_1_194' title='bbox 1341 2678 1409 2716; x_wconf 90' lang='lat' dir='ltr'><strong>ne</strong></span> <span class='ocrx_word' id='word_1_195' title='bbox 1467 2662 1829 2733; x_wconf 90' lang='lat' dir='ltr'><strong>singulorum</strong></span> <span class='ocrx_word' id='word_1_196' title='bbox 1872 2663 2099 2717; x_wconf 91' lang='lat' dir='ltr'><strong>devotio</strong></span> 
     </span>
    </p>
   </div>
   <div class='ocr_carea' id='block_1_30' title="bbox 408 2751 2101 2821">
    <p class='ocr_par' dir='ltr' id='par_1_30' title="bbox 408 2751 2101 2821">
     <span class='ocr_line' id='line_1_30' title="bbox 408 2751 2101 2821; baseline -0.001 -14"><span class='ocrx_word' id='word_1_197' title='bbox 408 2751 737 2807; x_wconf 91' lang='lat' dir='ltr'><strong>inamabilis</strong></span> <span class='ocrx_word' id='word_1_198' title='bbox 766 2751 1110 2821; x_wconf 63' lang='lat' dir='ltr'><strong>arrogantiae</strong></span> <span class='ocrx_word' id='word_1_199' title='bbox 1158 2754 1340 2805; x_wconf 88' lang='lat' dir='ltr'><strong>mater</strong></span> <span class='ocrx_word' id='word_1_200' title='bbox 1388 2751 1673 2817; x_wconf 88' lang='lat' dir='ltr'><strong>existeret,</strong></span> <span class='ocrx_word' id='word_1_201' title='bbox 1703 2755 1759 2805; x_wconf 91' lang='lat' dir='ltr'><strong>et</strong></span> <span class='ocrx_word' id='word_1_202' title='bbox 1791 2752 1858 2805; x_wconf 92' lang='lat' dir='ltr'><strong>de</strong></span> <span class='ocrx_word' id='word_1_203' title='bbox 1898 2752 2101 2805; x_wconf 88' lang='lat' dir='ltr'><strong>multi-</strong></span> 
     </span>
    </p>
   </div>
   <div class='ocr_carea' id='block_1_31' title="bbox 407 2838 2099 2912">
    <p class='ocr_par' dir='ltr' id='par_1_31' title="bbox 407 2838 2099 2912">
     <span class='ocr_line' id='line_1_31' title="bbox 407 2838 2099 2912; baseline -0.001 -16"><span class='ocrx_word' id='word_1_204' title='bbox 407 2841 578 2897; x_wconf 90' lang='lat' dir='ltr'><strong>formi</strong></span> <span class='ocrx_word' id='word_1_205' title='bbox 630 2840 813 2912; x_wconf 89' lang='lat' dir='ltr'><strong>gratia</strong></span> <span class='ocrx_word' id='word_1_206' title='bbox 852 2839 1143 2910; x_wconf 88' lang='lat' dir='ltr'><strong>rigidioris</strong></span> <span class='ocrx_word' id='word_1_207' title='bbox 1202 2838 1482 2910; x_wconf 90' lang='lat' dir='ltr'><strong>propositi</strong></span> <span class='ocrx_word' id='word_1_208' title='bbox 1538 2839 1706 2894; x_wconf 89' lang='lat' dir='ltr'><strong>ruina</strong></span> <span class='ocrx_word' id='word_1_209' title='bbox 1753 2844 2099 2895; x_wconf 89' lang='lat' dir='ltr'><strong>nasceretur.</strong></span> 
     </span>
    </p>
   </div>
   <div class='ocr_carea' id='block_1_32' title="bbox 408 2928 2104 2999">
    <p class='ocr_par' dir='ltr' id='par_1_32' title="bbox 408 2928 2104 2999">
     <span class='ocr_line' id='line_1_32' title="bbox 408 2928 2104 2999; baseline -0.001 -15"><span class='ocrx_word' id='word_1_210' title='bbox 408 2931 533 2985; x_wconf 78' lang='lat' dir='ltr'><strong>Mox</strong></span> <span class='ocrx_word' id='word_1_211' title='bbox 563 2933 757 2984; x_wconf 90' lang='lat' dir='ltr'><strong>tamen</strong></span> <span class='ocrx_word' id='word_1_212' title='bbox 788 2944 1038 2983; x_wconf 89' lang='lat' dir='ltr'><strong>secessus</strong></span> <span class='ocrx_word' id='word_1_213' title='bbox 1088 2944 1260 2999; x_wconf 88' lang='lat' dir='ltr'><strong>quem</strong></span> <span class='ocrx_word' id='word_1_214' title='bbox 1292 2928 1543 2999; x_wconf 90' lang='lat' dir='ltr'><strong>pendula</strong></span> <span class='ocrx_word' id='word_1_215' title='bbox 1593 2943 1765 2999; x_wconf 88' lang='lat' dir='ltr'><strong>rupes</strong></span> <span class='ocrx_word' id='word_1_216' title='bbox 1803 2945 2104 2983; x_wconf 85' lang='lat' dir='ltr'><strong>commen-</strong></span> 
     </span>
    </p>
   </div>
   <div class='ocr_carea' id='block_1_33' title="bbox 2196 528 3881 600">
    <p class='ocr_par' dir='ltr' id='par_1_33' title="bbox 2196 528 3881 600">
     <span class='ocr_line' id='line_1_33' title="bbox 2196 528 3881 600; baseline 0.001 -15"><span class='ocrx_word' id='word_1_217' title='bbox 2196 531 2389 585; x_wconf 89' lang='lat' dir='ltr'><strong>mavit.</strong></span> <span class='ocrx_word' id='word_1_218' title='bbox 2421 551 2448 580; x_wconf 86' lang='lat'><strong>«</strong></span> <span class='ocrx_word' id='word_1_219' title='bbox 2483 530 2628 594; x_wconf 89' lang='lat' dir='ltr'><strong>Quid</strong></span> <span class='ocrx_word' id='word_1_220' title='bbox 2664 529 2907 600; x_wconf 87' lang='lat' dir='ltr'><strong>agimus,</strong></span> <span class='ocrx_word' id='word_1_221' title='bbox 2951 544 3113 583; x_wconf 91' lang='lat' dir='ltr'><strong>mens</strong></span> <span class='ocrx_word' id='word_1_222' title='bbox 3145 528 3333 583; x_wconf 89' lang='lat' dir='ltr'><strong>adhuc</strong></span> <span class='ocrx_word' id='word_1_223' title='bbox 3380 529 3651 584; x_wconf 90' lang='lat' dir='ltr'><strong>mundani</strong></span> <span class='ocrx_word' id='word_1_224' title='bbox 3688 532 3881 586; x_wconf 89' lang='lat' dir='ltr'><strong>oneris</strong></span> 
     </span>
    </p>
   </div>
   <div class='ocr_carea' id='block_1_34' title="bbox 2196 618 3880 691">
    <p class='ocr_par' dir='ltr' id='par_1_34' title="bbox 2196 618 3880 691">
     <span class='ocr_line' id='line_1_34' title="bbox 2196 618 3880 691; baseline -0.001 -16"><span class='ocrx_word' id='word_1_225' title='bbox 2196 619 2345 675; x_wconf 88' lang='lat' dir='ltr'><strong>fasce</strong></span> <span class='ocrx_word' id='word_1_226' title='bbox 2392 619 2678 691; x_wconf 90' lang='lat' dir='ltr'><strong>depressa,</strong></span> <span class='ocrx_word' id='word_1_227' title='bbox 2727 634 2901 690; x_wconf 91' lang='lat' dir='ltr'><strong>quam</strong></span> <span class='ocrx_word' id='word_1_228' title='bbox 2946 618 3205 673; x_wconf 92' lang='lat' dir='ltr'><strong>nondum</strong></span> <span class='ocrx_word' id='word_1_229' title='bbox 3252 619 3321 672; x_wconf 91' lang='lat' dir='ltr'><strong>ad</strong></span> <span class='ocrx_word' id='word_1_230' title='bbox 3374 622 3664 673; x_wconf 88' lang='lat' dir='ltr'><strong>auctorem</strong></span> <span class='ocrx_word' id='word_1_231' title='bbox 3714 636 3880 675; x_wconf 91' lang='lat' dir='ltr'><strong>suum</strong></span> 
     </span>
    </p>
   </div>
   <div class='ocr_carea' id='block_1_35' title="bbox 2198 707 3888 780">
    <p class='ocr_par' dir='ltr' id='par_1_35' title="bbox 2198 707 3888 780">
     <span class='ocr_line' id='line_1_35' title="bbox 2198 707 3888 780; baseline -0.001 -16"><span class='ocrx_word' id='word_1_232' title='bbox 2198 725 2507 780; x_wconf 88' lang='lat' dir='ltr'><strong>corporeus</strong></span> <span class='ocrx_word' id='word_1_233' title='bbox 2552 724 2743 763; x_wconf 86' lang='lat' dir='ltr'><strong>carcer</strong></span> <span class='ocrx_word' id='word_1_234' title='bbox 2776 707 3076 763; x_wconf 88' lang='lat' dir='ltr'><strong>evomuit?</strong></span> <span class='ocrx_word' id='word_1_235' title='bbox 3105 722 3224 761; x_wconf 87' lang='lat' dir='ltr'><strong>non</strong></span> <span class='ocrx_word' id='word_1_236' title='bbox 3252 707 3358 761; x_wconf 89' lang='lat' dir='ltr'><strong>tibi</strong></span> <span class='ocrx_word' id='word_1_237' title='bbox 3389 711 3541 761; x_wconf 92' lang='lat' dir='ltr'><strong>certa</strong></span> <span class='ocrx_word' id='word_1_238' title='bbox 3571 711 3654 761; x_wconf 90' lang='lat' dir='ltr'><strong>est</strong></span> <span class='ocrx_word' id='word_1_239' title='bbox 3675 709 3743 762; x_wconf 92' lang='lat' dir='ltr'><strong>de</strong></span> <span class='ocrx_word' id='word_1_240' title='bbox 3764 724 3888 780; x_wconf 84' lang='lat' dir='ltr'><strong>per—</strong></span> 
     </span>
    </p>
   </div>
   <div class='ocr_carea' id='block_1_36' title="bbox 2197 796 3889 867">
    <p class='ocr_par' dir='ltr' id='par_1_36' title="bbox 2197 796 3889 867">
     <span class='ocr_line' id='line_1_36' title="bbox 2197 796 3889 867; baseline -0.001 -14"><span class='ocrx_word' id='word_1_241' title='bbox 2197 798 2441 853; x_wconf 84' lang='lat' dir='ltr'><strong>fectione</strong></span> <span class='ocrx_word' id='word_1_242' title='bbox 2472 797 2698 865; x_wconf 90' lang='lat' dir='ltr'><strong>ﬁducia,</strong></span> <span class='ocrx_word' id='word_1_243' title='bbox 2730 797 2867 851; x_wconf 92' lang='lat' dir='ltr'><strong>dum</strong></span> <span class='ocrx_word' id='word_1_244' title='bbox 2885 796 3072 851; x_wconf 90' lang='lat' dir='ltr'><strong>adhuc</strong></span> <span class='ocrx_word' id='word_1_245' title='bbox 3103 796 3412 851; x_wconf 87' lang='lat' dir='ltr'><strong>includeris</strong></span> <span class='ocrx_word' id='word_1_246' title='bbox 3444 797 3745 867; x_wconf 88' lang='lat' dir='ltr'><strong>fragilitate</strong></span> <span class='ocrx_word' id='word_1_247' title='bbox 3767 814 3889 851; x_wconf 86' lang='lat' dir='ltr'><strong>car-</strong></span> 
     </span>
    </p>
   </div>
   <div class='ocr_carea' id='block_1_37' title="bbox 2198 885 3888 957">
    <p class='ocr_par' dir='ltr' id='par_1_37' title="bbox 2198 885 3888 957">
     <span class='ocr_line' id='line_1_37' title="bbox 2198 885 3888 957; baseline -0.001 -16"><span class='ocrx_word' id='word_1_248' title='bbox 2198 887 2315 941; x_wconf 89' lang='lat' dir='ltr'><strong>nali</strong></span> <span class='ocrx_word' id='word_1_249' title='bbox 2349 902 2361 941; x_wconf 93' lang='lat'><strong>:</strong></span> <span class='ocrx_word' id='word_1_250' title='bbox 2386 886 2658 957; x_wconf 88' lang='lat' dir='ltr'><strong>periculis</strong></span> <span class='ocrx_word' id='word_1_251' title='bbox 2688 886 2859 957; x_wconf 89' lang='lat' dir='ltr'><strong>plena</strong></span> <span class='ocrx_word' id='word_1_252' title='bbox 2888 888 3038 953; x_wconf 89' lang='lat' dir='ltr'><strong>sunt,</strong></span> <span class='ocrx_word' id='word_1_253' title='bbox 3075 902 3203 956; x_wconf 67' lang='lat' dir='ltr'><strong>quae</strong></span> <span class='ocrx_word' id='word_1_254' title='bbox 3227 885 3497 939; x_wconf 89' lang='lat' dir='ltr'><strong>videntur</strong></span> <span class='ocrx_word' id='word_1_255' title='bbox 3529 902 3649 939; x_wconf 89' lang='lat' dir='ltr'><strong>esse</strong></span> <span class='ocrx_word' id='word_1_256' title='bbox 3675 886 3888 939; x_wconf 88' lang='lat' dir='ltr'><strong>tutissi-</strong></span> 
     </span>
    </p>
   </div>
   <div class='ocr_carea' id='block_1_38' title="bbox 2198 973 3887 1046">
    <p class='ocr_par' dir='ltr' id='par_1_38' title="bbox 2198 973 3887 1046">
     <span class='ocr_line' id='line_1_38' title="bbox 2198 973 3887 1046; baseline 0.001 -16"><span class='ocrx_word' id='word_1_257' title='bbox 2198 992 2292 1030; x_wconf 90' lang='lat' dir='ltr'><strong>ma</strong></span> <span class='ocrx_word' id='word_1_258' title='bbox 2319 992 2330 1031; x_wconf 93' lang='lat'><strong>:</strong></span> <span class='ocrx_word' id='word_1_259' title='bbox 2366 974 2647 1030; x_wconf 89' lang='lat' dir='ltr'><strong>lenocinia</strong></span> <span class='ocrx_word' id='word_1_260' title='bbox 2671 975 2851 1030; x_wconf 89' lang='lat' dir='ltr'><strong>hostis</strong></span> <span class='ocrx_word' id='word_1_261' title='bbox 2882 973 2964 1029; x_wconf 89' lang='lat' dir='ltr'><strong>tui</strong></span> <span class='ocrx_word' id='word_1_262' title='bbox 2989 974 3287 1046; x_wconf 89' lang='lat' dir='ltr'><strong>intelligis,</strong></span> <span class='ocrx_word' id='word_1_263' title='bbox 3320 975 3457 1029; x_wconf 90' lang='lat' dir='ltr'><strong>dum</strong></span> <span class='ocrx_word' id='word_1_264' title='bbox 3486 975 3887 1031; x_wconf 89' lang='lat' dir='ltr'><strong>universorum</strong></span> 
     </span>
    </p>
   </div>
   <div class='ocr_carea' id='block_1_39' title="bbox 2197 1063 3887 1135">
    <p class='ocr_par' dir='ltr' id='par_1_39' title="bbox 2197 1063 3887 1135">
     <span class='ocr_line' id='line_1_39' title="bbox 2197 1063 3887 1135; baseline 0.001 -18"><span class='ocrx_word' id='word_1_265' title='bbox 2197 1080 2331 1118; x_wconf 87' lang='lat' dir='ltr'><strong>voce</strong></span> <span class='ocrx_word' id='word_1_266' title='bbox 2387 1063 2653 1119; x_wconf 88' lang='lat' dir='ltr'><strong>laudaris.</strong></span> <span class='ocrx_word' id='word_1_267' title='bbox 2698 1063 2838 1118; x_wconf 89' lang='lat' dir='ltr'><strong>Vide</strong></span> <span class='ocrx_word' id='word_1_268' title='bbox 2896 1063 3127 1135; x_wconf 88' lang='lat' dir='ltr'><strong>quantis</strong></span> <span class='ocrx_word' id='word_1_269' title='bbox 3176 1064 3400 1118; x_wconf 88' lang='lat' dir='ltr'><strong>labores</strong></span> <span class='ocrx_word' id='word_1_270' title='bbox 3455 1063 3709 1119; x_wconf 86' lang='lat' dir='ltr'><strong>insidiis:</strong></span> <span class='ocrx_word' id='word_1_271' title='bbox 3760 1066 3887 1119; x_wconf 80' lang='lat' dir='ltr'><strong>abs-</strong></span> 
     </span>
    </p>
   </div>
   <div class='ocr_carea' id='block_1_40' title="bbox 2198 1152 3889 1223">
    <p class='ocr_par' dir='ltr' id='par_1_40' title="bbox 2198 1152 3889 1223">
     <span class='ocr_line' id='line_1_40' title="bbox 2198 1152 3889 1223; baseline 0.001 -17"><span class='ocrx_word' id='word_1_272' title='bbox 2198 1153 2495 1208; x_wconf 89' lang='lat' dir='ltr'><strong>conditum</strong></span> <span class='ocrx_word' id='word_1_273' title='bbox 2539 1169 2659 1207; x_wconf 90' lang='lat' dir='ltr'><strong>esse</strong></span> <span class='ocrx_word' id='word_1_274' title='bbox 2712 1169 2825 1206; x_wconf 92' lang='lat' dir='ltr'><strong>non</strong></span> <span class='ocrx_word' id='word_1_275' title='bbox 2882 1152 3037 1219; x_wconf 91' lang='lat' dir='ltr'><strong>licet,</strong></span> <span class='ocrx_word' id='word_1_276' title='bbox 3088 1153 3243 1223; x_wconf 92' lang='lat' dir='ltr'><strong>quod</strong></span> <span class='ocrx_word' id='word_1_277' title='bbox 3302 1153 3558 1207; x_wconf 91' lang='lat' dir='ltr'><strong>adimus:</strong></span> <span class='ocrx_word' id='word_1_278' title='bbox 3614 1154 3889 1208; x_wconf 89' lang='lat' dir='ltr'><strong>latebram</strong></span> 
     </span>
    </p>
   </div>
   <div class='ocr_carea' id='block_1_41' title="bbox 2199 1241 3887 1313">
    <p class='ocr_par' dir='ltr' id='par_1_41' title="bbox 2199 1241 3887 1313">
     <span class='ocr_line' id='line_1_41' title="bbox 2199 1241 3887 1313; baseline 0.001 -17"><span class='ocrx_word' id='word_1_279' title='bbox 2199 1246 2455 1296; x_wconf 86' lang='lat' dir='ltr'><strong>nostram</strong></span> <span class='ocrx_word' id='word_1_280' title='bbox 2506 1242 2826 1313; x_wconf 90' lang='lat' dir='ltr'><strong>persecutio</strong></span> <span class='ocrx_word' id='word_1_281' title='bbox 2874 1241 3201 1296; x_wconf 85' lang='lat' dir='ltr'><strong>manifestat</strong></span> <span class='ocrx_word' id='word_1_282' title='bbox 3260 1242 3504 1296; x_wconf 88' lang='lat' dir='ltr'><strong>hostilis.</strong></span> <span class='ocrx_word' id='word_1_283' title='bbox 3551 1243 3887 1297; x_wconf 88' lang='lat' dir='ltr'><strong>Sanctorum</strong></span> 
     </span>
    </p>
   </div>
   <div class='ocr_carea' id='block_1_42' title="bbox 2199 1330 3896 1403">
    <p class='ocr_par' dir='ltr' id='par_1_42' title="bbox 2199 1330 3896 1403">
     <span class='ocr_line' id='line_1_42' title="bbox 2199 1330 3896 1403; baseline 0 -17"><span class='ocrx_word' id='word_1_284' title='bbox 2199 1335 2466 1403; x_wconf 88' lang='lat' dir='ltr'><strong>petamus</strong></span> <span class='ocrx_word' id='word_1_285' title='bbox 2496 1331 2831 1399; x_wconf 89' lang='lat' dir='ltr'><strong>exercitum,</strong></span> <span class='ocrx_word' id='word_1_286' title='bbox 2866 1336 2921 1385; x_wconf 90' lang='lat' dir='ltr'><strong>et</strong></span> <span class='ocrx_word' id='word_1_287' title='bbox 2953 1332 3107 1385; x_wconf 90' lang='lat' dir='ltr'><strong>illam</strong></span> <span class='ocrx_word' id='word_1_288' title='bbox 3129 1330 3439 1386; x_wconf 88' lang='lat' dir='ltr'><strong>Lirinensis</strong></span> <span class='ocrx_word' id='word_1_289' title='bbox 3466 1332 3667 1386; x_wconf 69' lang='lat' dir='ltr'><strong>insula:</strong></span> <span class='ocrx_word' id='word_1_290' title='bbox 3699 1334 3896 1387; x_wconf 86' lang='lat' dir='ltr'><strong>cohor-</strong></span> 
     </span>
    </p>
   </div>
   <div class='ocr_carea' id='block_1_43' title="bbox 2201 1420 3893 1491">
    <p class='ocr_par' dir='ltr' id='par_1_43' title="bbox 2201 1420 3893 1491">
     <span class='ocr_line' id='line_1_43' title="bbox 2201 1420 3893 1491; baseline -0.001 -15"><span class='ocrx_word' id='word_1_291' title='bbox 2201 1426 2318 1477; x_wconf 89' lang='lat' dir='ltr'><strong>tem</strong></span> <span class='ocrx_word' id='word_1_292' title='bbox 2365 1420 2582 1491; x_wconf 88' lang='lat' dir='ltr'><strong>irriguo</strong></span> <span class='ocrx_word' id='word_1_293' title='bbox 2615 1420 2975 1491; x_wconf 90' lang='lat' dir='ltr'><strong>inquiramus</strong></span> <span class='ocrx_word' id='word_1_294' title='bbox 3007 1420 3248 1475; x_wconf 85' lang='lat' dir='ltr'><strong>ardore:</strong></span> <span class='ocrx_word' id='word_1_295' title='bbox 3286 1436 3455 1491; x_wconf 89' lang='lat' dir='ltr'><strong>quem</strong></span> <span class='ocrx_word' id='word_1_296' title='bbox 3489 1422 3673 1475; x_wconf 89' lang='lat' dir='ltr'><strong>solum</strong></span> <span class='ocrx_word' id='word_1_297' title='bbox 3704 1422 3893 1476; x_wconf 80' lang='lat' dir='ltr'><strong>hacte-</strong></span> 
     </span>
    </p>
   </div>
   <div class='ocr_carea' id='block_1_44' title="bbox 2201 1509 3894 1580">
    <p class='ocr_par' dir='ltr' id='par_1_44' title="bbox 2201 1509 3894 1580">
     <span class='ocr_line' id='line_1_44' title="bbox 2201 1509 3894 1580; baseline 0.001 -16"><span class='ocrx_word' id='word_1_298' title='bbox 2201 1527 2308 1564; x_wconf 92' lang='lat' dir='ltr'><strong>nus</strong></span> <span class='ocrx_word' id='word_1_299' title='bbox 2339 1510 2589 1580; x_wconf 90' lang='lat' dir='ltr'><strong>pulsavit</strong></span> <span class='ocrx_word' id='word_1_300' title='bbox 2612 1510 2991 1575; x_wconf 89' lang='lat' dir='ltr'><strong>adversarius,</strong></span> <span class='ocrx_word' id='word_1_301' title='bbox 3023 1509 3249 1564; x_wconf 88' lang='lat' dir='ltr'><strong>timebit</strong></span> <span class='ocrx_word' id='word_1_302' title='bbox 3281 1510 3431 1563; x_wconf 92' lang='lat' dir='ltr'><strong>inter</strong></span> <span class='ocrx_word' id='word_1_303' title='bbox 3458 1510 3751 1564; x_wconf 83' lang='lat' dir='ltr'><strong>inimicam</strong></span> <span class='ocrx_word' id='word_1_304' title='bbox 3788 1512 3894 1565; x_wconf 82' lang='lat' dir='ltr'><strong>sibi</strong></span> 
     </span>
    </p>
   </div>
   <div class='ocr_carea' id='block_1_45' title="bbox 2204 1599 3897 1671">
    <p class='ocr_par' dir='ltr' id='par_1_45' title="bbox 2204 1599 3897 1671">
     <span class='ocr_line' id='line_1_45' title="bbox 2204 1599 3897 1671; baseline 0.001 -18"><span class='ocrx_word' id='word_1_305' title='bbox 2204 1599 2631 1653; x_wconf 89' lang='lat' dir='ltr'><strong>multitudinem</strong></span> <span class='ocrx_word' id='word_1_306' title='bbox 2662 1599 3051 1653; x_wconf 91' lang='lat' dir='ltr'><strong>constitutum.</strong></span> <span class='ocrx_word' id='word_1_307' title='bbox 3079 1601 3359 1655; x_wconf 91' lang='lat' dir='ltr'><strong>Instructa</strong></span> <span class='ocrx_word' id='word_1_308' title='bbox 3392 1599 3600 1671; x_wconf 68' lang='lat' dir='ltr'><strong>prmliis</strong></span> <span class='ocrx_word' id='word_1_309' title='bbox 3632 1600 3777 1653; x_wconf 90' lang='lat' dir='ltr'><strong>acies</strong></span> <span class='ocrx_word' id='word_1_310' title='bbox 3800 1600 3897 1654; x_wconf 91' lang='lat' dir='ltr'><strong>illa</strong></span> 
     </span>
    </p>
   </div>
   <div class='ocr_carea' id='block_1_46' title="bbox 2203 1688 3899 1760">
    <p class='ocr_par' dir='ltr' id='par_1_46' title="bbox 2203 1688 3899 1760">
     <span class='ocr_line' id='line_1_46' title="bbox 2203 1688 3899 1760; baseline 0 -17"><span class='ocrx_word' id='word_1_311' title='bbox 2203 1704 2431 1759; x_wconf 90' lang='lat' dir='ltr'><strong>semper</strong></span> <span class='ocrx_word' id='word_1_312' title='bbox 2484 1688 2762 1759; x_wconf 89' lang='lat' dir='ltr'><strong>invigilat,</strong></span> <span class='ocrx_word' id='word_1_313' title='bbox 2810 1693 2866 1742; x_wconf 89' lang='lat' dir='ltr'><strong>et</strong></span> <span class='ocrx_word' id='word_1_314' title='bbox 2910 1688 3081 1742; x_wconf 87' lang='lat' dir='ltr'><strong>variis</strong></span> <span class='ocrx_word' id='word_1_315' title='bbox 3128 1689 3447 1759; x_wconf 89' lang='lat' dir='ltr'><strong>perfossum</strong></span> <span class='ocrx_word' id='word_1_316' title='bbox 3481 1688 3686 1743; x_wconf 89' lang='lat' dir='ltr'><strong>ictibus</strong></span> <span class='ocrx_word' id='word_1_317' title='bbox 3721 1689 3899 1760; x_wconf 84' lang='lat' dir='ltr'><strong>abigit</strong></span> 
     </span>
    </p>
   </div>
   <div class='ocr_carea' id='block_1_47' title="bbox 2204 1777 3899 1849">
    <p class='ocr_par' dir='ltr' id='par_1_47' title="bbox 2204 1777 3899 1849">
     <span class='ocr_line' id='line_1_47' title="bbox 2204 1777 3899 1849; baseline 0 -16"><span class='ocrx_word' id='word_1_318' title='bbox 2204 1778 2605 1833; x_wconf 87' lang='lat' dir='ltr'><strong>infestantem:</strong></span> <span class='ocrx_word' id='word_1_319' title='bbox 2642 1782 2781 1849; x_wconf 90' lang='lat' dir='ltr'><strong>quot</strong></span> <span class='ocrx_word' id='word_1_320' title='bbox 2824 1777 2972 1832; x_wconf 91' lang='lat' dir='ltr'><strong>bella</strong></span> <span class='ocrx_word' id='word_1_321' title='bbox 3004 1777 3115 1831; x_wconf 88' lang='lat' dir='ltr'><strong>illis</strong></span> <span class='ocrx_word' id='word_1_322' title='bbox 3164 1778 3425 1832; x_wconf 88' lang='lat' dir='ltr'><strong>diabolus</strong></span> <span class='ocrx_word' id='word_1_323' title='bbox 3460 1778 3669 1845; x_wconf 92' lang='lat' dir='ltr'><strong>intulit,</strong></span> <span class='ocrx_word' id='word_1_324' title='bbox 3698 1795 3899 1834; x_wconf 91' lang='lat' dir='ltr'><strong>nume-</strong></span> 
     </span>
    </p>
   </div>
   <div class='ocr_carea' id='block_1_48' title="bbox 2205 1866 3894 1937">
    <p class='ocr_par' dir='ltr' id='par_1_48' title="bbox 2205 1866 3894 1937">
     <span class='ocr_line' id='line_1_48' title="bbox 2205 1866 3894 1937; baseline -0.001 -15"><span class='ocrx_word' id='word_1_325' title='bbox 2205 1872 2336 1922; x_wconf 87' lang='lat' dir='ltr'><strong>rant</strong></span> <span class='ocrx_word' id='word_1_326' title='bbox 2388 1870 2473 1920; x_wconf 90' lang='lat' dir='ltr'><strong>tot</strong></span> <span class='ocrx_word' id='word_1_327' title='bbox 2511 1866 2867 1936; x_wconf 85' lang='lat' dir='ltr'><strong>triumphos:</strong></span> <span class='ocrx_word' id='word_1_328' title='bbox 2902 1882 3017 1920; x_wconf 88' lang='lat' dir='ltr'><strong>non</strong></span> <span class='ocrx_word' id='word_1_329' title='bbox 3063 1869 3329 1919; x_wconf 90' lang='lat' dir='ltr'><strong>metuunt</strong></span> <span class='ocrx_word' id='word_1_330' title='bbox 3378 1866 3643 1937; x_wconf 91' lang='lat' dir='ltr'><strong>quotiens</strong></span> <span class='ocrx_word' id='word_1_331' title='bbox 3699 1868 3894 1921; x_wconf 86' lang='lat' dir='ltr'><strong>adesse</strong></span> 
     </span>
    </p>
   </div>
   <div class='ocr_carea' id='block_1_49' title="bbox 2207 1954 3899 2023">
    <p class='ocr_par' dir='ltr' id='par_1_49' title="bbox 2207 1954 3899 2023">
     <span class='ocr_line' id='line_1_49' title="bbox 2207 1954 3899 2023; baseline -0.001 -12"><span class='ocrx_word' id='word_1_332' title='bbox 2207 1957 2497 2022; x_wconf 88' lang='lat' dir='ltr'><strong>Satanam,</strong></span> <span class='ocrx_word' id='word_1_333' title='bbox 2534 1960 2595 2009; x_wconf 89' lang='lat' dir='ltr'><strong>ut</strong></span> <span class='ocrx_word' id='word_1_334' title='bbox 2640 1954 2982 2009; x_wconf 89' lang='lat' dir='ltr'><strong>dimicantes</strong></span> <span class='ocrx_word' id='word_1_335' title='bbox 3035 1960 3257 2023; x_wconf 88' lang='lat' dir='ltr'><strong>acuant,</strong></span> <span class='ocrx_word' id='word_1_336' title='bbox 3301 1955 3532 2009; x_wconf 86' lang='lat' dir='ltr'><strong>classico</strong></span> <span class='ocrx_word' id='word_1_337' title='bbox 3573 1956 3748 2010; x_wconf 90' lang='lat' dir='ltr'><strong>fuerit</strong></span> <span class='ocrx_word' id='word_1_338' title='bbox 3774 1958 3899 2009; x_wconf 88' lang='lat' dir='ltr'><strong>stri-</strong></span> 
     </span>
    </p>
   </div>
   <div class='ocr_carea' id='block_1_50' title="bbox 2207 2044 3899 2114">
    <p class='ocr_par' dir='ltr' id='par_1_50' title="bbox 2207 2044 3899 2114">
     <span class='ocr_line' id='line_1_50' title="bbox 2207 2044 3899 2114; baseline -0.002 -14"><span class='ocrx_word' id='word_1_339' title='bbox 2207 2046 2375 2100; x_wconf 89' lang='lat' dir='ltr'><strong>dente</strong></span> <span class='ocrx_word' id='word_1_340' title='bbox 2420 2044 2780 2099; x_wconf 91' lang='lat' dir='ltr'><strong>nuntiatum:</strong></span> <span class='ocrx_word' id='word_1_341' title='bbox 2833 2060 3060 2114; x_wconf 87' lang='lat' dir='ltr'><strong>semper</strong></span> <span class='ocrx_word' id='word_1_342' title='bbox 3106 2044 3360 2099; x_wconf 90' lang='lat' dir='ltr'><strong>eruditos</strong></span> <span class='ocrx_word' id='word_1_343' title='bbox 3403 2050 3459 2098; x_wconf 90' lang='lat' dir='ltr'><strong>et</strong></span> <span class='ocrx_word' id='word_1_344' title='bbox 3503 2046 3677 2099; x_wconf 88' lang='lat' dir='ltr'><strong>fortes</strong></span> <span class='ocrx_word' id='word_1_345' title='bbox 3710 2046 3899 2099; x_wconf 87' lang='lat' dir='ltr'><strong>reddi-</strong></span> 
     </span>
    </p>
   </div>
   <div class='ocr_carea' id='block_1_51' title="bbox 2206 2132 3901 2205">
    <p class='ocr_par' dir='ltr' id='par_1_51' title="bbox 2206 2132 3901 2205">
     <span class='ocr_line' id='line_1_51' title="bbox 2206 2132 3901 2205; baseline -0.001 -17"><span class='ocrx_word' id='word_1_346' title='bbox 2206 2134 2288 2188; x_wconf 90' lang='lat' dir='ltr'><strong>dit</strong></span> <span class='ocrx_word' id='word_1_347' title='bbox 2345 2132 2682 2204; x_wconf 89' lang='lat' dir='ltr'><strong>quotidiana</strong></span> <span class='ocrx_word' id='word_1_348' title='bbox 2750 2132 3080 2197; x_wconf 85' lang='lat' dir='ltr'><strong>decertatio,</strong></span> <span class='ocrx_word' id='word_1_349' title='bbox 3134 2133 3419 2202; x_wconf 89' lang='lat' dir='ltr'><strong>quomodo</strong></span> <span class='ocrx_word' id='word_1_350' title='bbox 3471 2133 3747 2204; x_wconf 83' lang='lat' dir='ltr'><strong>prolixior</strong></span> <span class='ocrx_word' id='word_1_351' title='bbox 3794 2150 3901 2205; x_wconf 88' lang='lat' dir='ltr'><strong>pax</strong></span> 
     </span>
    </p>
   </div>
   <div class='ocr_carea' id='block_1_52' title="bbox 2208 2220 3903 2293">
    <p class='ocr_par' dir='ltr' id='par_1_52' title="bbox 2208 2220 3903 2293">
     <span class='ocr_line' id='line_1_52' title="bbox 2208 2220 3903 2293; baseline -0.001 -16"><span class='ocrx_word' id='word_1_352' title='bbox 2208 2223 2442 2277; x_wconf 90' lang='lat' dir='ltr'><strong>solutos.</strong></span> <span class='ocrx_word' id='word_1_353' title='bbox 2486 2242 2513 2270; x_wconf 82' lang='lat'><strong>»</strong></span> <span class='ocrx_word' id='word_1_354' title='bbox 2560 2221 2655 2275; x_wconf 87' lang='lat' dir='ltr'><strong>His</strong></span> <span class='ocrx_word' id='word_1_355' title='bbox 2705 2220 2890 2288; x_wconf 89' lang='lat' dir='ltr'><strong>dictis,</strong></span> <span class='ocrx_word' id='word_1_356' title='bbox 2921 2221 3154 2276; x_wconf 90' lang='lat' dir='ltr'><strong>dimissa</strong></span> <span class='ocrx_word' id='word_1_357' title='bbox 3184 2222 3454 2275; x_wconf 85' lang='lat' dir='ltr'><strong>fratribus</strong></span> <span class='ocrx_word' id='word_1_358' title='bbox 3493 2223 3719 2287; x_wconf 89' lang='lat' dir='ltr'><strong>cellula,</strong></span> <span class='ocrx_word' id='word_1_359' title='bbox 3757 2239 3903 2293; x_wconf 92' lang='lat' dir='ltr'><strong>quos</strong></span> 
     </span>
    </p>
   </div>
   <div class='ocr_carea' id='block_1_53' title="bbox 2208 2308 3903 2381">
    <p class='ocr_par' dir='ltr' id='par_1_53' title="bbox 2208 2308 3903 2381">
     <span class='ocr_line' id='line_1_53' title="bbox 2208 2308 3903 2381; baseline 0.002 -19"><span class='ocrx_word' id='word_1_360' title='bbox 2208 2308 2421 2363; x_wconf 89' lang='lat' dir='ltr'><strong>ibidem</strong></span> <span class='ocrx_word' id='word_1_361' title='bbox 2467 2309 2726 2379; x_wconf 67' lang='lat' dir='ltr'><strong>praedicti</strong></span> <span class='ocrx_word' id='word_1_362' title='bbox 2774 2325 2936 2363; x_wconf 89' lang='lat' dir='ltr'><strong>amor</strong></span> <span class='ocrx_word' id='word_1_363' title='bbox 2966 2315 3432 2381; x_wconf 87' lang='lat' dir='ltr'><strong>congregaverat,</strong></span> <span class='ocrx_word' id='word_1_364' title='bbox 3459 2311 3609 2380; x_wconf 90' lang='lat' dir='ltr'><strong>apud</strong></span> <span class='ocrx_word' id='word_1_365' title='bbox 3642 2311 3903 2366; x_wconf 89' lang='lat' dir='ltr'><strong>Lirinum</strong></span> 
     </span>
    </p>
   </div>
   <div class='ocr_carea' id='block_1_54' title="bbox 2209 2398 3906 2470">
    <p class='ocr_par' dir='ltr' id='par_1_54' title="bbox 2209 2398 3906 2470">
     <span class='ocr_line' id='line_1_54' title="bbox 2209 2398 3906 2470; baseline 0.003 -19"><span class='ocrx_word' id='word_1_366' title='bbox 2209 2398 2553 2469; x_wconf 84' lang='lat' dir='ltr'><strong>improvisus</strong></span> <span class='ocrx_word' id='word_1_367' title='bbox 2587 2399 2867 2470; x_wconf 87' lang='lat' dir='ltr'><strong>apparuit.</strong></span> <span class='ocrx_word' id='word_1_368' title='bbox 2900 2399 3193 2453; x_wconf 89' lang='lat' dir='ltr'><strong>Nuntiavit</strong></span> <span class='ocrx_word' id='word_1_369' title='bbox 3220 2400 3406 2453; x_wconf 90' lang='lat' dir='ltr'><strong>virum</strong></span> <span class='ocrx_word' id='word_1_370' title='bbox 3441 2400 3755 2470; x_wconf 89' lang='lat' dir='ltr'><strong>insignium</strong></span> <span class='ocrx_word' id='word_1_371' title='bbox 3780 2416 3906 2456; x_wconf 88' lang='lat' dir='ltr'><strong>me-</strong></span> 
     </span>
    </p>
   </div>
   <div class='ocr_carea' id='block_1_55' title="bbox 2209 2487 3907 2558">
    <p class='ocr_par' dir='ltr' id='par_1_55' title="bbox 2209 2487 3907 2558">
     <span class='ocr_line' id='line_1_55' title="bbox 2209 2487 3907 2558; baseline 0.001 -17"><span class='ocrx_word' id='word_1_372' title='bbox 2209 2488 2451 2542; x_wconf 89' lang='lat' dir='ltr'><strong>ritorum</strong></span> <span class='ocrx_word' id='word_1_373' title='bbox 2499 2488 2669 2542; x_wconf 88' lang='lat' dir='ltr'><strong>facies</strong></span> <span class='ocrx_word' id='word_1_374' title='bbox 2711 2487 2921 2557; x_wconf 90' lang='lat' dir='ltr'><strong>jejunii</strong></span> <span class='ocrx_word' id='word_1_375' title='bbox 2968 2489 3184 2558; x_wconf 87' lang='lat' dir='ltr'><strong>pallore</strong></span> <span class='ocrx_word' id='word_1_376' title='bbox 3235 2488 3516 2541; x_wconf 89' lang='lat' dir='ltr'><strong>decorata.</strong></span> <span class='ocrx_word' id='word_1_377' title='bbox 3570 2489 3716 2541; x_wconf 81' lang='lat' dir='ltr'><strong>Num</strong></span> <span class='ocrx_word' id='word_1_378' title='bbox 3766 2489 3907 2543; x_wconf 91' lang='lat' dir='ltr'><strong>dum</strong></span> 
     </span>
    </p>
   </div>
   <div class='ocr_carea' id='block_1_56' title="bbox 2209 2576 3907 2647">
    <p class='ocr_par' dir='ltr' id='par_1_56' title="bbox 2209 2576 3907 2647">
     <span class='ocr_line' id='line_1_56' title="bbox 2209 2576 3907 2647; baseline 0.001 -18"><span class='ocrx_word' id='word_1_379' title='bbox 2209 2576 2407 2630; x_wconf 88' lang='lat' dir='ltr'><strong>secreti</strong></span> <span class='ocrx_word' id='word_1_380' title='bbox 2450 2576 2696 2630; x_wconf 90' lang='lat' dir='ltr'><strong>nitorem</strong></span> <span class='ocrx_word' id='word_1_381' title='bbox 2730 2576 2975 2630; x_wconf 90' lang='lat' dir='ltr'><strong>hominis</strong></span> <span class='ocrx_word' id='word_1_382' title='bbox 3010 2576 3473 2647; x_wconf 87' lang='lat' dir='ltr'><strong>splendidissima</strong></span> <span class='ocrx_word' id='word_1_383' title='bbox 3498 2576 3704 2631; x_wconf 89' lang='lat' dir='ltr'><strong>macies</strong></span> <span class='ocrx_word' id='word_1_384' title='bbox 3749 2578 3907 2631; x_wconf 89' lang='lat' dir='ltr'><strong>indi-</strong></span> 
     </span>
    </p>
   </div>
   <div class='ocr_carea' id='block_1_57' title="bbox 2211 2665 3905 2735">
    <p class='ocr_par' dir='ltr' id='par_1_57' title="bbox 2211 2665 3905 2735">
     <span class='ocr_line' id='line_1_57' title="bbox 2211 2665 3905 2735; baseline 0 -16"><span class='ocrx_word' id='word_1_385' title='bbox 2211 2670 2365 2719; x_wconf 89' lang='lat' dir='ltr'><strong>caret</strong></span> <span class='ocrx_word' id='word_1_386' title='bbox 2425 2681 2541 2719; x_wconf 90' lang='lat' dir='ltr'><strong>non</strong></span> <span class='ocrx_word' id='word_1_387' title='bbox 2596 2665 2775 2719; x_wconf 90' lang='lat' dir='ltr'><strong>defuit</strong></span> <span class='ocrx_word' id='word_1_388' title='bbox 2844 2670 3074 2719; x_wconf 91' lang='lat' dir='ltr'><strong>actuum</strong></span> <span class='ocrx_word' id='word_1_389' title='bbox 3139 2666 3261 2735; x_wconf 89' lang='lat' dir='ltr'><strong>ejus</strong></span> <span class='ocrx_word' id='word_1_390' title='bbox 3310 2680 3496 2735; x_wconf 60' lang='lat' dir='ltr'><strong>praico</strong></span> <span class='ocrx_word' id='word_1_391' title='bbox 3559 2672 3905 2719; x_wconf 87' lang='lat' dir='ltr'><strong>consuetus:</strong></span> 
     </span>
    </p>
   </div>
   <div class='ocr_carea' id='block_1_58' title="bbox 2211 2751 3909 2823">
    <p class='ocr_par' dir='ltr' id='par_1_58' title="bbox 2211 2751 3909 2823">
     <span class='ocr_line' id='line_1_58' title="bbox 2211 2751 3909 2823; baseline -0.001 -17"><span class='ocrx_word' id='word_1_392' title='bbox 2211 2751 2638 2807; x_wconf 90' lang='lat' dir='ltr'><strong>immaculatam</strong></span> <span class='ocrx_word' id='word_1_393' title='bbox 2680 2752 3122 2807; x_wconf 88' lang='lat' dir='ltr'><strong>conversationis</strong></span> <span class='ocrx_word' id='word_1_394' title='bbox 3160 2753 3338 2823; x_wconf 89' lang='lat' dir='ltr'><strong>ipsius</strong></span> <span class='ocrx_word' id='word_1_395' title='bbox 3372 2752 3619 2823; x_wconf 91' lang='lat' dir='ltr'><strong>speciem</strong></span> <span class='ocrx_word' id='word_1_396' title='bbox 3643 2753 3748 2806; x_wconf 88' lang='lat' dir='ltr'><strong>sub</strong></span> <span class='ocrx_word' id='word_1_397' title='bbox 3777 2770 3909 2807; x_wconf 84' lang='lat' dir='ltr'><strong>ver-</strong></span> 
     </span>
    </p>
   </div>
   <div class='ocr_carea' id='block_1_59' title="bbox 2209 2840 3903 2896">
    <p class='ocr_par' dir='ltr' id='par_1_59' title="bbox 2209 2840 3903 2896">
     <span class='ocr_line' id='line_1_59' title="bbox 2209 2840 3903 2896; baseline 0.001 -2"><span class='ocrx_word' id='word_1_398' title='bbox 2209 2840 2413 2895; x_wconf 92' lang='lat' dir='ltr'><strong>borum</strong></span> <span class='ocrx_word' id='word_1_399' title='bbox 2457 2842 2810 2896; x_wconf 88' lang='lat' dir='ltr'><strong>abundantia</strong></span> <span class='ocrx_word' id='word_1_400' title='bbox 2840 2846 2895 2896; x_wconf 90' lang='lat' dir='ltr'><strong>et</strong></span> <span class='ocrx_word' id='word_1_401' title='bbox 2923 2842 3217 2895; x_wconf 85' lang='lat' dir='ltr'><strong>relationis</strong></span> <span class='ocrx_word' id='word_1_402' title='bbox 3253 2841 3514 2895; x_wconf 88' lang='lat' dir='ltr'><strong>ubertate</strong></span> <span class='ocrx_word' id='word_1_403' title='bbox 3546 2841 3903 2896; x_wconf 89' lang='lat' dir='ltr'><strong>describens.</strong></span> 
     </span>
    </p>
   </div>
   <div class='ocr_carea' id='block_1_60' title="bbox 2213 2929 3913 3001">
    <p class='ocr_par' dir='ltr' id='par_1_60' title="bbox 2213 2929 3913 3001">
     <span class='ocr_line' id='line_1_60' title="bbox 2213 2929 3913 3001; baseline 0.001 -18"><span class='ocrx_word' id='word_1_404' title='bbox 2213 2929 2405 2984; x_wconf 88' lang='lat' dir='ltr'><strong>Mixtas</strong></span> <span class='ocrx_word' id='word_1_405' title='bbox 2466 2931 2785 3001; x_wconf 62' lang='lat' dir='ltr'><strong>grandaevis</strong></span> <span class='ocrx_word' id='word_1_406' title='bbox 2851 2935 2907 2984; x_wconf 91' lang='lat' dir='ltr'><strong>et</strong></span> <span class='ocrx_word' id='word_1_407' title='bbox 2956 2930 3263 3000; x_wconf 67' lang='lat' dir='ltr'><strong>praecipuis</strong></span> <span class='ocrx_word' id='word_1_408' title='bbox 3315 2935 3607 3001; x_wconf 83' lang='lat' dir='ltr'><strong>gestorum</strong></span> <span class='ocrx_word' id='word_1_409' title='bbox 3665 2947 3913 2985; x_wconf 88' lang='lat' dir='ltr'><strong>suorum</strong></span> 
     </span>
    </p>
   </div>
   <div class='ocr_carea' id='block_1_61' title="bbox 408 3016 3913 3105">
    <p class='ocr_par' dir='ltr' id='par_1_61' title="bbox 408 3016 3913 3105">
     <span class='ocr_line' id='line_1_61' title="bbox 408 3016 3913 3105; baseline -0.001 -30"><span class='ocrx_word' id='word_1_410' title='bbox 408 3018 599 3088; x_wconf 85' lang='lat' dir='ltr'><strong>dabat,</strong></span> <span class='ocrx_word' id='word_1_411' title='bbox 649 3017 861 3072; x_wconf 89' lang='lat' dir='ltr'><strong>electus</strong></span> <span class='ocrx_word' id='word_1_412' title='bbox 891 3022 1005 3071; x_wconf 90' lang='lat' dir='ltr'><strong>est:</strong></span> <span class='ocrx_word' id='word_1_413' title='bbox 1040 3016 1100 3072; x_wconf 91' lang='lat' dir='ltr'><strong>in</strong></span> <span class='ocrx_word' id='word_1_414' title='bbox 1152 3034 1264 3089; x_wconf 92' lang='lat' dir='ltr'><strong>quo</strong></span> <span class='ocrx_word' id='word_1_415' title='bbox 1318 3016 1482 3072; x_wconf 91' lang='lat' dir='ltr'><strong>annis</strong></span> <span class='ocrx_word' id='word_1_416' title='bbox 1531 3017 1792 3088; x_wconf 88' lang='lat' dir='ltr'><strong>pluribus</strong></span> <span class='ocrx_word' id='word_1_417' title='bbox 1823 3018 1995 3087; x_wconf 80' lang='lat' dir='ltr'><strong>solus,</strong></span> <span class='ocrx_word' id='word_1_418' title='bbox 2048 3022 2106 3074; x_wconf 91' lang='lat' dir='ltr'><strong>et</strong></span> <span class='ocrx_word' id='word_1_419' title='bbox 2146 3050 2186 3105; x_wconf 65' lang='grc' dir='ltr'>Ο</span> <span class='ocrx_word' id='word_1_420' title='bbox 2214 3019 2539 3090; x_wconf 78' lang='lat' dir='ltr'><strong>lampadem</strong></span> <span class='ocrx_word' id='word_1_421' title='bbox 2570 3036 2687 3073; x_wconf 91' lang='lat' dir='ltr'><strong>non</strong></span> <span class='ocrx_word' id='word_1_422' title='bbox 2709 3019 2920 3074; x_wconf 91' lang='lat' dir='ltr'><strong>minori</strong></span> <span class='ocrx_word' id='word_1_423' title='bbox 2951 3019 3232 3073; x_wconf 85' lang='lat' dir='ltr'><strong>intellexit</strong></span> <span class='ocrx_word' id='word_1_424' title='bbox 3261 3034 3395 3091; x_wconf 81' lang='lat' dir='ltr'><strong>lgna</strong></span> <span class='ocrx_word' id='word_1_425' title='bbox 3420 3019 3686 3073; x_wconf 90' lang='lat' dir='ltr'><strong>rutilare:</strong></span> <span class='ocrx_word' id='word_1_426' title='bbox 3735 3020 3913 3074; x_wconf 81' lang='lat' dir='ltr'><strong>meti-</strong></span> 
     </span>
    </p>
   </div>
   <div class='ocr_carea' id='block_1_62' title="bbox 409 3105 2105 3177">
    <p class='ocr_par' dir='ltr' id='par_1_62' title="bbox 409 3105 2105 3177">
     <span class='ocr_line' id='line_1_62' title="bbox 409 3105 2105 3177; baseline 0 -16"><span class='ocrx_word' id='word_1_427' title='bbox 409 3123 541 3163; x_wconf 89' lang='lat' dir='ltr'><strong>vere</strong></span> <span class='ocrx_word' id='word_1_428' title='bbox 572 3106 888 3161; x_wconf 90' lang='lat' dir='ltr'><strong>monachus</strong></span> <span class='ocrx_word' id='word_1_429' title='bbox 918 3106 1091 3160; x_wconf 88' lang='lat' dir='ltr'><strong>vitam</strong></span> <span class='ocrx_word' id='word_1_430' title='bbox 1138 3107 1261 3159; x_wconf 92' lang='lat' dir='ltr'><strong>sine</strong></span> <span class='ocrx_word' id='word_1_431' title='bbox 1291 3105 1531 3160; x_wconf 90' lang='lat' dir='ltr'><strong>humani</strong></span> <span class='ocrx_word' id='word_1_432' title='bbox 1586 3106 1813 3177; x_wconf 89' lang='lat' dir='ltr'><strong>generis</strong></span> <span class='ocrx_word' id='word_1_433' title='bbox 1849 3111 2105 3161; x_wconf 89' lang='lat' dir='ltr'><strong>consorte</strong></span> 
     </span>
    </p>
   </div>
   <div class='ocr_carea' id='block_1_63' title="bbox 409 3194 2110 3267">
    <p class='ocr_par' dir='ltr' id='par_1_63' title="bbox 409 3194 2110 3267">
     <span class='ocr_line' id='line_1_63' title="bbox 409 3194 2110 3267; baseline 0 -17"><span class='ocrx_word' id='word_1_434' title='bbox 409 3196 709 3267; x_wconf 87' lang='lat' dir='ltr'><strong>transegit.</strong></span> <span class='ocrx_word' id='word_1_435' title='bbox 746 3195 927 3249; x_wconf 91' lang='lat' dir='ltr'><strong>Dabat</strong></span> <span class='ocrx_word' id='word_1_436' title='bbox 951 3195 1098 3249; x_wconf 88' lang='lat' dir='ltr'><strong>feras</strong></span> <span class='ocrx_word' id='word_1_437' title='bbox 1150 3211 1257 3265; x_wconf 90' lang='lat' dir='ltr'><strong>pro</strong></span> <span class='ocrx_word' id='word_1_438' title='bbox 1307 3194 1597 3249; x_wconf 89' lang='lat' dir='ltr'><strong>sodalibus</strong></span> <span class='ocrx_word' id='word_1_439' title='bbox 1654 3200 1929 3250; x_wconf 88' lang='lat' dir='ltr'><strong>montana</strong></span> <span class='ocrx_word' id='word_1_440' title='bbox 1966 3196 2110 3250; x_wconf 91' lang='lat' dir='ltr'><strong>soli-</strong></span> 
     </span>
    </p>
   </div>
   <div class='ocr_carea' id='block_1_64' title="bbox 410 3282 2108 3355">
    <p class='ocr_par' dir='ltr' id='par_1_64' title="bbox 410 3282 2108 3355">
     <span class='ocr_line' id='line_1_64' title="bbox 410 3282 2108 3355; baseline -0.001 -16"><span class='ocrx_word' id='word_1_441' title='bbox 410 3285 579 3340; x_wconf 85' lang='lat' dir='ltr'><strong>tudo:</strong></span> <span class='ocrx_word' id='word_1_442' title='bbox 637 3284 893 3355; x_wconf 88' lang='lat' dir='ltr'><strong>mugitus</strong></span> <span class='ocrx_word' id='word_1_443' title='bbox 940 3284 1060 3337; x_wconf 91' lang='lat' dir='ltr'><strong>ursi</strong></span> <span class='ocrx_word' id='word_1_444' title='bbox 1122 3282 1484 3354; x_wconf 89' lang='lat' dir='ltr'><strong>aliarumque</strong></span> <span class='ocrx_word' id='word_1_445' title='bbox 1547 3284 1869 3337; x_wconf 90' lang='lat' dir='ltr'><strong>belluarum</strong></span> <span class='ocrx_word' id='word_1_446' title='bbox 1918 3283 2108 3338; x_wconf 83' lang='lat' dir='ltr'><strong>minax</strong></span> 
     </span>
    </p>
   </div>
   <div class='ocr_carea' id='block_1_65' title="bbox 411 3371 2108 3444">
    <p class='ocr_par' dir='ltr' id='par_1_65' title="bbox 411 3371 2108 3444">
     <span class='ocr_line' id='line_1_65' title="bbox 411 3371 2108 3444; baseline -0.001 -15"><span class='ocrx_word' id='word_1_447' title='bbox 411 3373 899 3440; x_wconf 90' lang='lat' dir='ltr'><strong>immurmuratio,</strong></span> <span class='ocrx_word' id='word_1_448' title='bbox 936 3388 1039 3444; x_wconf 92' lang='lat' dir='ltr'><strong>pro</strong></span> <span class='ocrx_word' id='word_1_449' title='bbox 1080 3371 1303 3426; x_wconf 87' lang='lat' dir='ltr'><strong>blandae</strong></span> <span class='ocrx_word' id='word_1_450' title='bbox 1336 3372 1813 3427; x_wconf 76' lang='lat' dir='ltr'><strong>contabulationis</strong></span> <span class='ocrx_word' id='word_1_451' title='bbox 1845 3388 2108 3427; x_wconf 90' lang='lat' dir='ltr'><strong>commu-</strong></span> 
     </span>
    </p>
   </div>
   <div class='ocr_carea' id='block_1_66' title="bbox 410 3459 2108 3533">
    <p class='ocr_par' dir='ltr' id='par_1_66' title="bbox 410 3459 2108 3533">
     <span class='ocr_line' id='line_1_66' title="bbox 410 3459 2108 3533; baseline -0.002 -16"><span class='ocrx_word' id='word_1_452' title='bbox 410 3463 587 3518; x_wconf 88' lang='lat' dir='ltr'><strong>nione</strong></span> <span class='ocrx_word' id='word_1_453' title='bbox 608 3462 947 3533; x_wconf 91' lang='lat' dir='ltr'><strong>ponebatur.</strong></span> <span class='ocrx_word' id='word_1_454' title='bbox 986 3459 1240 3530; x_wconf 88' lang='lat' dir='ltr'><strong>Denique</strong></span> <span class='ocrx_word' id='word_1_455' title='bbox 1275 3476 1342 3513; x_wconf 90' lang='lat' dir='ltr'><strong>ea</strong></span> <span class='ocrx_word' id='word_1_456' title='bbox 1366 3464 1701 3530; x_wconf 88' lang='lat' dir='ltr'><strong>tempestate</strong></span> <span class='ocrx_word' id='word_1_457' title='bbox 1735 3476 1901 3513; x_wconf 90' lang='lat' dir='ltr'><strong>ursus</strong></span> <span class='ocrx_word' id='word_1_458' title='bbox 1934 3465 2108 3530; x_wconf 89' lang='lat' dir='ltr'><strong>petu-</strong></span> 
     </span>
    </p>
   </div>
   <div class='ocr_carea' id='block_1_67' title="bbox 413 3548 2108 3621">
    <p class='ocr_par' dir='ltr' id='par_1_67' title="bbox 413 3548 2108 3621">
     <span class='ocr_line' id='line_1_67' title="bbox 413 3548 2108 3621; baseline -0.002 -16"><span class='ocrx_word' id='word_1_459' title='bbox 413 3552 641 3617; x_wconf 90' lang='lat' dir='ltr'><strong>lantior,</strong></span> <span class='ocrx_word' id='word_1_460' title='bbox 674 3550 868 3620; x_wconf 62' lang='lat' dir='ltr'><strong>gloriae</strong></span> <span class='ocrx_word' id='word_1_461' title='bbox 902 3551 1031 3621; x_wconf 89' lang='lat' dir='ltr'><strong>plus</strong></span> <span class='ocrx_word' id='word_1_462' title='bbox 1061 3550 1319 3616; x_wconf 88' lang='lat' dir='ltr'><strong>daturus,</strong></span> <span class='ocrx_word' id='word_1_463' title='bbox 1362 3549 1551 3602; x_wconf 90' lang='lat' dir='ltr'><strong>caules</strong></span> <span class='ocrx_word' id='word_1_464' title='bbox 1581 3548 1762 3619; x_wconf 90' lang='lat' dir='ltr'><strong>ipsius</strong></span> <span class='ocrx_word' id='word_1_465' title='bbox 1793 3548 2108 3619; x_wconf 90' lang='lat' dir='ltr'><strong>puberibus</strong></span> 
     </span>
    </p>
   </div>
   <div class='ocr_carea' id='block_1_68' title="bbox 412 3637 2108 3709">
    <p class='ocr_par' dir='ltr' id='par_1_68' title="bbox 412 3637 2108 3709">
     <span class='ocr_line' id='line_1_68' title="bbox 412 3637 2108 3709; baseline -0.002 -14"><span class='ocrx_word' id='word_1_466' title='bbox 412 3640 561 3696; x_wconf 87' lang='lat' dir='ltr'><strong>foliis</strong></span> <span class='ocrx_word' id='word_1_467' title='bbox 594 3639 856 3706; x_wconf 60' lang='lat' dir='ltr'><strong>laetiores,</strong></span> <span class='ocrx_word' id='word_1_468' title='bbox 899 3644 955 3691; x_wconf 92' lang='lat' dir='ltr'><strong>et</strong></span> <span class='ocrx_word' id='word_1_469' title='bbox 984 3638 1233 3709; x_wconf 87' lang='lat' dir='ltr'><strong>quadam</strong></span> <span class='ocrx_word' id='word_1_470' title='bbox 1264 3638 1497 3691; x_wconf 90' lang='lat' dir='ltr'><strong>domino</strong></span> <span class='ocrx_word' id='word_1_471' title='bbox 1534 3637 1821 3692; x_wconf 86' lang='lat' dir='ltr'><strong>hilaritate</strong></span> <span class='ocrx_word' id='word_1_472' title='bbox 1857 3638 2108 3708; x_wconf 85' lang='lat' dir='ltr'><strong>gestien-</strong></span> 
     </span>
    </p>
   </div>
   <div class='ocr_carea' id='block_1_69' title="bbox 416 3725 2110 3796">
    <p class='ocr_par' dir='ltr' id='par_1_69' title="bbox 416 3725 2110 3796">
     <span class='ocr_line' id='line_1_69' title="bbox 416 3725 2110 3796; baseline -0.002 -13"><span class='ocrx_word' id='word_1_473' title='bbox 416 3734 521 3796; x_wconf 90' lang='lat' dir='ltr'><strong>tes,</strong></span> <span class='ocrx_word' id='word_1_474' title='bbox 576 3727 816 3781; x_wconf 91' lang='lat' dir='ltr'><strong>immani</strong></span> <span class='ocrx_word' id='word_1_475' title='bbox 868 3727 1199 3796; x_wconf 89' lang='lat' dir='ltr'><strong>ingrediens</strong></span> <span class='ocrx_word' id='word_1_476' title='bbox 1244 3727 1591 3780; x_wconf 89' lang='lat' dir='ltr'><strong>contritione</strong></span> <span class='ocrx_word' id='word_1_477' title='bbox 1633 3726 1897 3795; x_wconf 80' lang='lat' dir='ltr'><strong>vastavit,</strong></span> <span class='ocrx_word' id='word_1_478' title='bbox 1932 3725 2013 3779; x_wconf 89' lang='lat' dir='ltr'><strong>ita</strong></span> <span class='ocrx_word' id='word_1_479' title='bbox 2045 3731 2110 3780; x_wconf 91' lang='lat' dir='ltr'><strong>ut</strong></span> 
     </span>
    </p>
   </div>
   <div class='ocr_carea' id='block_1_70' title="bbox 415 3815 2104 3886">
    <p class='ocr_par' dir='ltr' id='par_1_70' title="bbox 415 3815 2104 3886">
     <span class='ocr_line' id='line_1_70' title="bbox 415 3815 2104 3886; baseline -0.001 -16"><span class='ocrx_word' id='word_1_480' title='bbox 415 3832 700 3886; x_wconf 88' lang='lat' dir='ltr'><strong>nusquam</strong></span> <span class='ocrx_word' id='word_1_481' title='bbox 725 3816 793 3869; x_wconf 92' lang='lat' dir='ltr'><strong>de</strong></span> <span class='ocrx_word' id='word_1_482' title='bbox 825 3815 1071 3886; x_wconf 84' lang='lat' dir='ltr'><strong>simplici</strong></span> <span class='ocrx_word' id='word_1_483' title='bbox 1108 3815 1271 3885; x_wconf 86' lang='lat' dir='ltr'><strong>fruge</strong></span> <span class='ocrx_word' id='word_1_484' title='bbox 1303 3831 1430 3884; x_wconf 88' lang='lat' dir='ltr'><strong>spes</strong></span> <span class='ocrx_word' id='word_1_485' title='bbox 1464 3816 1690 3869; x_wconf 85' lang='lat' dir='ltr'><strong>residua</strong></span> <span class='ocrx_word' id='word_1_486' title='bbox 1714 3816 2104 3885; x_wconf 90' lang='lat' dir='ltr'><strong>linqueretur:</strong></span> 
     </span>
    </p>
   </div>
   <div class='ocr_carea' id='block_1_71' title="bbox 415 3902 2109 3976">
    <p class='ocr_par' dir='ltr' id='par_1_71' title="bbox 415 3902 2109 3976">
     <span class='ocr_line' id='line_1_71' title="bbox 415 3902 2109 3976; baseline -0.001 -19"><span class='ocrx_word' id='word_1_487' title='bbox 415 3920 590 3976; x_wconf 88' lang='lat' dir='ltr'><strong>quem</strong></span> <span class='ocrx_word' id='word_1_488' title='bbox 624 3904 720 3957; x_wconf 88' lang='lat' dir='ltr'><strong>ille</strong></span> <span class='ocrx_word' id='word_1_489' title='bbox 760 3903 962 3957; x_wconf 90' lang='lat' dir='ltr'><strong>baculo</strong></span> <span class='ocrx_word' id='word_1_490' title='bbox 1011 3902 1325 3956; x_wconf 90' lang='lat' dir='ltr'><strong>mulcatum</strong></span> <span class='ocrx_word' id='word_1_491' title='bbox 1369 3904 1677 3957; x_wconf 84' lang='lat' dir='ltr'><strong>districtius</strong></span> <span class='ocrx_word' id='word_1_492' title='bbox 1713 3904 1867 3957; x_wconf 85' lang='lat' dir='ltr'><strong>abire</strong></span> <span class='ocrx_word' id='word_1_493' title='bbox 1909 3902 2109 3973; x_wconf 70' lang='lat' dir='ltr'><strong>prmci-</strong></span> 
     </span>
    </p>
   </div>
   <div class='ocr_carea' id='block_1_72' title="bbox 413 3991 2108 4064">
    <p class='ocr_par' dir='ltr' id='par_1_72' title="bbox 413 3991 2108 4064">
     <span class='ocr_line' id='line_1_72' title="bbox 413 3991 2108 4064; baseline 0 -19"><span class='ocrx_word' id='word_1_494' title='bbox 413 3994 597 4064; x_wconf 86' lang='lat' dir='ltr'><strong>piens,</strong></span> <span class='ocrx_word' id='word_1_495' title='bbox 636 3996 842 4045; x_wconf 89' lang='lat' dir='ltr'><strong>testem</strong></span> <span class='ocrx_word' id='word_1_496' title='bbox 871 3992 1095 4044; x_wconf 87' lang='lat' dir='ltr'><strong>virtutis</strong></span> <span class='ocrx_word' id='word_1_497' title='bbox 1144 4008 1283 4057; x_wconf 72' lang='lat' dir='ltr'><strong>sum,</strong></span> <span class='ocrx_word' id='word_1_498' title='bbox 1313 3997 1368 4045; x_wconf 91' lang='lat' dir='ltr'><strong>et</strong></span> <span class='ocrx_word' id='word_1_499' title='bbox 1412 3993 1679 4045; x_wconf 85' lang='lat' dir='ltr'><strong>nuntium</strong></span> <span class='ocrx_word' id='word_1_500' title='bbox 1725 3992 2007 4062; x_wconf 90' lang='lat' dir='ltr'><strong>passionis</strong></span> <span class='ocrx_word' id='word_1_501' title='bbox 2038 3991 2108 4045; x_wconf 91' lang='lat' dir='ltr'><strong>ad</strong></span> 
     </span>
    </p>
   </div>
   <div class='ocr_carea' id='block_1_73' title="bbox 413 4080 2111 4151">
    <p class='ocr_par' dir='ltr' id='par_1_73' title="bbox 413 4080 2111 4151">
     <span class='ocr_line' id='line_1_73' title="bbox 413 4080 2111 4151; baseline -0.001 -15"><span class='ocrx_word' id='word_1_502' title='bbox 413 4081 553 4136; x_wconf 85' lang='lat' dir='ltr'><strong>alias</strong></span> <span class='ocrx_word' id='word_1_503' title='bbox 583 4082 665 4135; x_wconf 90' lang='lat' dir='ltr'><strong>ire</strong></span> <span class='ocrx_word' id='word_1_504' title='bbox 717 4080 923 4135; x_wconf 85' lang='lat' dir='ltr'><strong>bestias</strong></span> <span class='ocrx_word' id='word_1_505' title='bbox 960 4096 1086 4134; x_wconf 91' lang='lat' dir='ltr'><strong>mox</strong></span> <span class='ocrx_word' id='word_1_506' title='bbox 1136 4082 1359 4151; x_wconf 87' lang='lat' dir='ltr'><strong>coegit:</strong></span> <span class='ocrx_word' id='word_1_507' title='bbox 1395 4086 1459 4134; x_wconf 90' lang='lat' dir='ltr'><strong>ut</strong></span> <span class='ocrx_word' id='word_1_508' title='bbox 1502 4081 1840 4151; x_wconf 89' lang='lat' dir='ltr'><strong>impleretur</strong></span> <span class='ocrx_word' id='word_1_509' title='bbox 1880 4080 2111 4135; x_wconf 89' lang='lat' dir='ltr'><strong>Domini</strong></span> 
     </span>
    </p>
   </div>
   <div class='ocr_carea' id='block_1_74' title="bbox 415 4169 2109 4242">
    <p class='ocr_par' dir='ltr' id='par_1_74' title="bbox 415 4169 2109 4242">
     <span class='ocr_line' id='line_1_74' title="bbox 415 4169 2109 4242; baseline -0.001 -18"><span class='ocrx_word' id='word_1_510' title='bbox 415 4170 600 4225; x_wconf 85' lang='lat' dir='ltr'><strong>ﬁdelis</strong></span> <span class='ocrx_word' id='word_1_511' title='bbox 623 4169 980 4242; x_wconf 89' lang='lat' dir='ltr'><strong>pollicitatio,</strong></span> <span class='ocrx_word' id='word_1_512' title='bbox 1005 4185 1131 4240; x_wconf 71' lang='lat' dir='ltr'><strong>qua:</strong></span> <span class='ocrx_word' id='word_1_513' title='bbox 1156 4170 1529 4223; x_wconf 88' lang='lat' dir='ltr'><strong>sectatoribus</strong></span> <span class='ocrx_word' id='word_1_514' title='bbox 1566 4172 1680 4223; x_wconf 87' lang='lat' dir='ltr'><strong>suis</strong></span> <span class='ocrx_word' id='word_1_515' title='bbox 1703 4171 1877 4224; x_wconf 89' lang='lat' dir='ltr'><strong>totius</strong></span> <span class='ocrx_word' id='word_1_516' title='bbox 1906 4170 2109 4223; x_wconf 84' lang='lat' dir='ltr'><strong>veneni</strong></span> 
     </span>
    </p>
   </div>
   <div class='ocr_carea' id='block_1_75' title="bbox 416 4259 2107 4331">
    <p class='ocr_par' dir='ltr' id='par_1_75' title="bbox 416 4259 2107 4331">
     <span class='ocr_line' id='line_1_75' title="bbox 416 4259 2107 4331; baseline -0.002 -16"><span class='ocrx_word' id='word_1_517' title='bbox 416 4266 473 4315; x_wconf 92' lang='lat' dir='ltr'><strong>et</strong></span> <span class='ocrx_word' id='word_1_518' title='bbox 501 4262 761 4314; x_wconf 91' lang='lat' dir='ltr'><strong>omnium</strong></span> <span class='ocrx_word' id='word_1_519' title='bbox 788 4260 1040 4313; x_wconf 86' lang='lat' dir='ltr'><strong>ferarum</strong></span> <span class='ocrx_word' id='word_1_520' title='bbox 1072 4259 1334 4329; x_wconf 88' lang='lat' dir='ltr'><strong>promisit</strong></span> <span class='ocrx_word' id='word_1_521' title='bbox 1368 4259 1728 4331; x_wconf 85' lang='lat' dir='ltr'><strong>obsequium.</strong></span> <span class='ocrx_word' id='word_1_522' title='bbox 1774 4261 1989 4313; x_wconf 83' lang='lat' dir='ltr'><strong>Rursus</strong></span> <span class='ocrx_word' id='word_1_523' title='bbox 2024 4264 2107 4312; x_wconf 92' lang='lat' dir='ltr'><strong>ta-</strong></span> 
     </span>
    </p>
   </div>
   <div class='ocr_carea' id='block_1_76' title="bbox 414 4348 2105 4419">
    <p class='ocr_par' dir='ltr' id='par_1_76' title="bbox 414 4348 2105 4419">
     <span class='ocr_line' id='line_1_76' title="bbox 414 4348 2105 4419; baseline -0.002 -15"><span class='ocrx_word' id='word_1_524' title='bbox 414 4365 550 4405; x_wconf 91' lang='lat' dir='ltr'><strong>men</strong></span> <span class='ocrx_word' id='word_1_525' title='bbox 591 4348 877 4419; x_wconf 80' lang='lat' dir='ltr'><strong>gradienti</strong></span> <span class='ocrx_word' id='word_1_526' title='bbox 922 4348 973 4401; x_wconf 91' lang='lat' dir='ltr'><strong>ei</strong></span> <span class='ocrx_word' id='word_1_527' title='bbox 1016 4364 1119 4418; x_wconf 90' lang='lat' dir='ltr'><strong>per</strong></span> <span class='ocrx_word' id='word_1_528' title='bbox 1149 4348 1495 4402; x_wconf 90' lang='lat' dir='ltr'><strong>destinatum</strong></span> <span class='ocrx_word' id='word_1_529' title='bbox 1538 4348 1736 4401; x_wconf 89' lang='lat' dir='ltr'><strong>callem</strong></span> <span class='ocrx_word' id='word_1_530' title='bbox 1791 4349 2025 4415; x_wconf 90' lang='lat' dir='ltr'><strong>rugiens</strong></span> <span class='ocrx_word' id='word_1_531' title='bbox 2049 4364 2105 4401; x_wconf 90' lang='lat' dir='ltr'><strong>se</strong></span> 
     </span>
    </p>
   </div>
   <div class='ocr_carea' id='block_1_77' title="bbox 412 4436 2109 4509">
    <p class='ocr_par' dir='ltr' id='par_1_77' title="bbox 412 4436 2109 4509">
     <span class='ocr_line' id='line_1_77' title="bbox 412 4436 2109 4509; baseline -0.002 -16"><span class='ocrx_word' id='word_1_532' title='bbox 412 4439 534 4494; x_wconf 86' lang='lat' dir='ltr'><strong>fera</strong></span> <span class='ocrx_word' id='word_1_533' title='bbox 565 4438 883 4509; x_wconf 80' lang='lat' dir='ltr'><strong>suggessit:</strong></span> <span class='ocrx_word' id='word_1_534' title='bbox 912 4453 1081 4508; x_wconf 89' lang='lat' dir='ltr'><strong>quam</strong></span> <span class='ocrx_word' id='word_1_535' title='bbox 1119 4437 1217 4490; x_wconf 90' lang='lat' dir='ltr'><strong>ille</strong></span> <span class='ocrx_word' id='word_1_536' title='bbox 1246 4438 1364 4489; x_wconf 88' lang='lat' dir='ltr'><strong>sola</strong></span> <span class='ocrx_word' id='word_1_537' title='bbox 1393 4436 1649 4506; x_wconf 91' lang='lat' dir='ltr'><strong>jussione</strong></span> <span class='ocrx_word' id='word_1_538' title='bbox 1676 4436 1965 4489; x_wconf 91' lang='lat' dir='ltr'><strong>turbatum</strong></span> <span class='ocrx_word' id='word_1_539' title='bbox 2000 4438 2109 4489; x_wconf 89' lang='lat' dir='ltr'><strong>iter</strong></span> 
     </span>
    </p>
   </div>
   <div class='ocr_carea' id='block_1_78' title="bbox 410 4524 2105 4597">
    <p class='ocr_par' dir='ltr' id='par_1_78' title="bbox 410 4524 2105 4597">
     <span class='ocr_line' id='line_1_78' title="bbox 410 4524 2105 4597; baseline -0.002 -15"><span class='ocrx_word' id='word_1_540' title='bbox 410 4528 546 4583; x_wconf 87' lang='lat' dir='ltr'><strong>fecit</strong></span> <span class='ocrx_word' id='word_1_541' title='bbox 578 4528 834 4597; x_wconf 89' lang='lat' dir='ltr'><strong>aperire;</strong></span> <span class='ocrx_word' id='word_1_542' title='bbox 870 4532 927 4581; x_wconf 89' lang='lat' dir='ltr'><strong>et</strong></span> <span class='ocrx_word' id='word_1_543' title='bbox 956 4530 1227 4596; x_wconf 89' lang='lat' dir='ltr'><strong>occupata</strong></span> <span class='ocrx_word' id='word_1_544' title='bbox 1267 4525 1371 4579; x_wconf 67' lang='lat' dir='ltr'><strong>vim</strong></span> <span class='ocrx_word' id='word_1_545' title='bbox 1403 4526 1651 4577; x_wconf 89' lang='lat' dir='ltr'><strong>claustra</strong></span> <span class='ocrx_word' id='word_1_546' title='bbox 1690 4524 1966 4579; x_wconf 85' lang='lat' dir='ltr'><strong>deserere.</strong></span> <span class='ocrx_word' id='word_1_547' title='bbox 1998 4526 2105 4579; x_wconf 92' lang='lat' dir='ltr'><strong>Sed</strong></span> 
     </span>
    </p>
   </div>
   <div class='ocr_carea' id='block_1_79' title="bbox 414 4614 2108 4684">
    <p class='ocr_par' dir='ltr' id='par_1_79' title="bbox 414 4614 2108 4684">
     <span class='ocr_line' id='line_1_79' title="bbox 414 4614 2108 4684; baseline -0.002 -15"><span class='ocrx_word' id='word_1_548' title='bbox 414 4632 543 4669; x_wconf 90' lang='lat' dir='ltr'><strong>ecce</strong></span> <span class='ocrx_word' id='word_1_549' title='bbox 573 4616 781 4669; x_wconf 88' lang='lat' dir='ltr'><strong>iterum</strong></span> <span class='ocrx_word' id='word_1_550' title='bbox 815 4615 918 4669; x_wconf 88' lang='lat' dir='ltr'><strong>alis</strong></span> <span class='ocrx_word' id='word_1_551' title='bbox 950 4615 1296 4684; x_wconf 88' lang='lat' dir='ltr'><strong>pernicibus,</strong></span> <span class='ocrx_word' id='word_1_552' title='bbox 1343 4630 1445 4683; x_wconf 88' lang='lat' dir='ltr'><strong>per</strong></span> <span class='ocrx_word' id='word_1_553' title='bbox 1491 4614 1833 4684; x_wconf 87' lang='lat' dir='ltr'><strong>proditionis</strong></span> <span class='ocrx_word' id='word_1_554' title='bbox 1870 4632 1989 4667; x_wconf 66' lang='lat' dir='ltr'><strong>sua:</strong></span> <span class='ocrx_word' id='word_1_555' title='bbox 2020 4631 2108 4668; x_wconf 91' lang='lat' dir='ltr'><strong>or-</strong></span> 
     </span>
    </p>
   </div>
   <div class='ocr_carea' id='block_1_80' title="bbox 414 4704 2106 4774">
    <p class='ocr_par' dir='ltr' id='par_1_80' title="bbox 414 4704 2106 4774">
     <span class='ocr_line' id='line_1_80' title="bbox 414 4704 2106 4774; baseline -0.001 -16"><span class='ocrx_word' id='word_1_556' title='bbox 414 4704 627 4767; x_wconf 86' lang='lat' dir='ltr'><strong>dinem,</strong></span> <span class='ocrx_word' id='word_1_557' title='bbox 664 4704 763 4757; x_wconf 90' lang='lat' dir='ltr'><strong>Dei</strong></span> <span class='ocrx_word' id='word_1_558' title='bbox 792 4720 1022 4757; x_wconf 89' lang='lat' dir='ltr'><strong>servum</strong></span> <span class='ocrx_word' id='word_1_559' title='bbox 1062 4704 1121 4757; x_wconf 90' lang='lat' dir='ltr'><strong>iu</strong></span> <span class='ocrx_word' id='word_1_560' title='bbox 1149 4720 1263 4774; x_wconf 90' lang='lat' dir='ltr'><strong>quo</strong></span> <span class='ocrx_word' id='word_1_561' title='bbox 1312 4704 1433 4757; x_wconf 91' lang='lat' dir='ltr'><strong>loco</strong></span> <span class='ocrx_word' id='word_1_562' title='bbox 1467 4704 1697 4774; x_wconf 83' lang='lat' dir='ltr'><strong>degeret</strong></span> <span class='ocrx_word' id='word_1_563' title='bbox 1728 4704 1878 4757; x_wconf 83' lang='lat' dir='ltr'><strong>fama</strong></span> <span class='ocrx_word' id='word_1_564' title='bbox 1907 4704 2106 4773; x_wconf 89' lang='lat' dir='ltr'><strong>vulga-</strong></span> 
     </span>
    </p>
   </div>
   <div class='ocr_carea' id='block_1_81' title="bbox 412 4790 2105 4861">
    <p class='ocr_par' dir='ltr' id='par_1_81' title="bbox 412 4790 2105 4861">
     <span class='ocr_line' id='line_1_81' title="bbox 412 4790 2105 4861; baseline -0.001 -15"><span class='ocrx_word' id='word_1_565' title='bbox 412 4791 531 4857; x_wconf 86' lang='lat' dir='ltr'><strong>vit;</strong></span> <span class='ocrx_word' id='word_1_566' title='bbox 603 4790 758 4845; x_wconf 89' lang='lat' dir='ltr'><strong>aliud</strong></span> <span class='ocrx_word' id='word_1_567' title='bbox 830 4792 899 4846; x_wconf 91' lang='lat' dir='ltr'><strong>de</strong></span> <span class='ocrx_word' id='word_1_568' title='bbox 972 4792 1114 4861; x_wconf 90' lang='lat' dir='ltr'><strong>ipso,</strong></span> <span class='ocrx_word' id='word_1_569' title='bbox 1170 4808 1274 4861; x_wconf 89' lang='lat' dir='ltr'><strong>pro</strong></span> <span class='ocrx_word' id='word_1_570' title='bbox 1343 4792 1755 4846; x_wconf 89' lang='lat' dir='ltr'><strong>sententiarum</strong></span> <span class='ocrx_word' id='word_1_571' title='bbox 1818 4792 2105 4861; x_wconf 87' lang='lat' dir='ltr'><strong>varietate,</strong></span> 
     </span>
    </p>
   </div>
   <div class='ocr_carea' id='block_1_82' title="bbox 414 4878 2107 4950">
    <p class='ocr_par' dir='ltr' id='par_1_82' title="bbox 414 4878 2107 4950">
     <span class='ocr_line' id='line_1_82' title="bbox 414 4878 2107 4950; baseline -0.001 -17"><span class='ocrx_word' id='word_1_572' title='bbox 414 4879 652 4933; x_wconf 89' lang='lat' dir='ltr'><strong>diversis</strong></span> <span class='ocrx_word' id='word_1_573' title='bbox 677 4878 1061 4949; x_wconf 89' lang='lat' dir='ltr'><strong>opinantibus.</strong></span> <span class='ocrx_word' id='word_1_574' title='bbox 1086 4880 1240 4933; x_wconf 92' lang='lat' dir='ltr'><strong>Tunc</strong></span> <span class='ocrx_word' id='word_1_575' title='bbox 1262 4878 1478 4950; x_wconf 80' lang='lat' dir='ltr'><strong>liquido</strong></span> <span class='ocrx_word' id='word_1_576' title='bbox 1505 4879 1689 4949; x_wconf 90' lang='lat' dir='ltr'><strong>patuit</strong></span> <span class='ocrx_word' id='word_1_577' title='bbox 1710 4895 1810 4949; x_wconf 90' lang='lat' dir='ltr'><strong>per</strong></span> <span class='ocrx_word' id='word_1_578' title='bbox 1840 4895 2107 4932; x_wconf 89' lang='lat' dir='ltr'><strong>occursus</strong></span> 
     </span>
    </p>
   </div>
   <div class='ocr_carea' id='block_1_83' title="bbox 413 4967 2106 5039">
    <p class='ocr_par' dir='ltr' id='par_1_83' title="bbox 413 4967 2106 5039">
     <span class='ocr_line' id='line_1_83' title="bbox 413 4967 2106 5039; baseline -0.001 -16"><span class='ocrx_word' id='word_1_579' title='bbox 413 4968 760 5039; x_wconf 89' lang='lat' dir='ltr'><strong>multiplices</strong></span> <span class='ocrx_word' id='word_1_580' title='bbox 790 4967 931 5022; x_wconf 90' lang='lat' dir='ltr'><strong>nihil</strong></span> <span class='ocrx_word' id='word_1_581' title='bbox 962 4968 1188 5022; x_wconf 91' lang='lat' dir='ltr'><strong>obstare</strong></span> <span class='ocrx_word' id='word_1_582' title='bbox 1222 4968 1619 5039; x_wconf 88' lang='lat' dir='ltr'><strong>cupientibus;</strong></span> <span class='ocrx_word' id='word_1_583' title='bbox 1651 4967 1874 5039; x_wconf 89' lang='lat' dir='ltr'><strong>planari</strong></span> <span class='ocrx_word' id='word_1_584' title='bbox 1906 4967 2106 5037; x_wconf 88' lang='lat' dir='ltr'><strong>ardua,</strong></span> 
     </span>
    </p>
   </div>
   <div class='ocr_carea' id='block_1_84' title="bbox 412 5056 2106 5129">
    <p class='ocr_par' dir='ltr' id='par_1_84' title="bbox 412 5056 2106 5129">
     <span class='ocr_line' id='line_1_84' title="bbox 412 5056 2106 5129; baseline -0.002 -16"><span class='ocrx_word' id='word_1_585' title='bbox 412 5056 646 5113; x_wconf 91' lang='lat' dir='ltr'><strong>solidari</strong></span> <span class='ocrx_word' id='word_1_586' title='bbox 674 5056 865 5119; x_wconf 88' lang='lat' dir='ltr'><strong>scissa,</strong></span> <span class='ocrx_word' id='word_1_587' title='bbox 895 5057 1209 5126; x_wconf 91' lang='lat' dir='ltr'><strong>pendentia</strong></span> <span class='ocrx_word' id='word_1_588' title='bbox 1238 5074 1357 5111; x_wconf 91' lang='lat' dir='ltr'><strong>non</strong></span> <span class='ocrx_word' id='word_1_589' title='bbox 1388 5057 1601 5111; x_wconf 90' lang='lat' dir='ltr'><strong>timeri.</strong></span> <span class='ocrx_word' id='word_1_590' title='bbox 1648 5057 1757 5113; x_wconf 92' lang='lat' dir='ltr'><strong>Sed</strong></span> <span class='ocrx_word' id='word_1_591' title='bbox 1788 5056 2106 5129; x_wconf 88' lang='lat' dir='ltr'><strong>potioribus</strong></span> 
     </span>
    </p>
   </div>
   <div class='ocr_carea' id='block_1_85' title="bbox 410 5145 2102 5217">
    <p class='ocr_par' dir='ltr' id='par_1_85' title="bbox 410 5145 2102 5217">
     <span class='ocr_line' id='line_1_85' title="bbox 410 5145 2102 5217; baseline 0 -16"><span class='ocrx_word' id='word_1_592' title='bbox 410 5146 652 5209; x_wconf 84' lang='lat' dir='ltr'><strong>insidiis,</strong></span> <span class='ocrx_word' id='word_1_593' title='bbox 701 5162 773 5200; x_wconf 92' lang='lat' dir='ltr'><strong>ne</strong></span> <span class='ocrx_word' id='word_1_594' title='bbox 805 5162 907 5216; x_wconf 89' lang='lat' dir='ltr'><strong>per</strong></span> <span class='ocrx_word' id='word_1_595' title='bbox 938 5145 1328 5217; x_wconf 88' lang='lat' dir='ltr'><strong>arrogantiam</strong></span> <span class='ocrx_word' id='word_1_596' title='bbox 1376 5147 1559 5200; x_wconf 90' lang='lat' dir='ltr'><strong>hostis</strong></span> <span class='ocrx_word' id='word_1_597' title='bbox 1606 5147 1951 5217; x_wconf 87' lang='lat' dir='ltr'><strong>subriperet,</strong></span> <span class='ocrx_word' id='word_1_598' title='bbox 1986 5147 2102 5201; x_wconf 87' lang='lat' dir='ltr'><strong>for-</strong></span> 
     </span>
    </p>
   </div>
   <div class='ocr_carea' id='block_1_86' title="bbox 408 5234 2105 5305">
    <p class='ocr_par' dir='ltr' id='par_1_86' title="bbox 408 5234 2105 5305">
     <span class='ocr_line' id='line_1_86' title="bbox 408 5234 2105 5305; baseline 0 -16"><span class='ocrx_word' id='word_1_599' title='bbox 408 5236 543 5289; x_wconf 90' lang='lat' dir='ltr'><strong>tiori</strong></span> <span class='ocrx_word' id='word_1_600' title='bbox 587 5235 822 5290; x_wconf 90' lang='lat' dir='ltr'><strong>consilio</strong></span> <span class='ocrx_word' id='word_1_601' title='bbox 872 5251 1077 5289; x_wconf 88' lang='lat' dir='ltr'><strong>manus</strong></span> <span class='ocrx_word' id='word_1_602' title='bbox 1122 5235 1414 5305; x_wconf 89' lang='lat' dir='ltr'><strong>opposuit,</strong></span> <span class='ocrx_word' id='word_1_603' title='bbox 1465 5251 1534 5288; x_wconf 91' lang='lat' dir='ltr'><strong>ne</strong></span> <span class='ocrx_word' id='word_1_604' title='bbox 1590 5234 1711 5304; x_wconf 90' lang='lat' dir='ltr'><strong>jam</strong></span> <span class='ocrx_word' id='word_1_605' title='bbox 1764 5238 2105 5305; x_wconf 66' lang='lat' dir='ltr'><strong>grandaevus</strong></span> 
     </span>
    </p>
   </div>
   <div class='ocr_carea' id='block_1_87' title="bbox 410 5324 2106 5396">
    <p class='ocr_par' dir='ltr' id='par_1_87' title="bbox 410 5324 2106 5396">
     <span class='ocr_line' id='line_1_87' title="bbox 410 5324 2106 5396; baseline 0 -19"><span class='ocrx_word' id='word_1_606' title='bbox 410 5326 695 5394; x_wconf 90' lang='lat' dir='ltr'><strong>perderet,</strong></span> <span class='ocrx_word' id='word_1_607' title='bbox 718 5326 869 5396; x_wconf 89' lang='lat' dir='ltr'><strong>quod</strong></span> <span class='ocrx_word' id='word_1_608' title='bbox 898 5326 1048 5379; x_wconf 92' lang='lat' dir='ltr'><strong>inter</strong></span> <span class='ocrx_word' id='word_1_609' title='bbox 1071 5324 1338 5377; x_wconf 90' lang='lat' dir='ltr'><strong>tirocinia</strong></span> <span class='ocrx_word' id='word_1_610' title='bbox 1357 5325 1564 5378; x_wconf 86' lang='lat' dir='ltr'><strong>virtute</strong></span> <span class='ocrx_word' id='word_1_611' title='bbox 1586 5332 1891 5379; x_wconf 87' lang='lat' dir='ltr'><strong>servasset:</strong></span> <span class='ocrx_word' id='word_1_612' title='bbox 1917 5325 2106 5378; x_wconf 91' lang='lat' dir='ltr'><strong>acrius</strong></span> 
     </span>
    </p>
   </div>
   <div class='ocr_carea' id='block_1_88' title="bbox 413 5412 2105 5483">
    <p class='ocr_par' dir='ltr' id='par_1_88' title="bbox 413 5412 2105 5483">
     <span class='ocr_line' id='line_1_88' title="bbox 413 5412 2105 5483; baseline -0.001 -15"><span class='ocrx_word' id='word_1_613' title='bbox 413 5412 566 5468; x_wconf 85' lang='lat' dir='ltr'><strong>enim</strong></span> <span class='ocrx_word' id='word_1_614' title='bbox 598 5414 748 5468; x_wconf 90' lang='lat' dir='ltr'><strong>circa</strong></span> <span class='ocrx_word' id='word_1_615' title='bbox 775 5414 1042 5469; x_wconf 86' lang='lat' dir='ltr'><strong>robustos</strong></span> <span class='ocrx_word' id='word_1_616' title='bbox 1067 5412 1282 5467; x_wconf 88' lang='lat' dir='ltr'><strong>diaboli</strong></span> <span class='ocrx_word' id='word_1_617' title='bbox 1321 5419 1611 5467; x_wconf 90' lang='lat' dir='ltr'><strong>certamen</strong></span> <span class='ocrx_word' id='word_1_618' title='bbox 1639 5418 1741 5481; x_wconf 92' lang='lat' dir='ltr'><strong>est,</strong></span> <span class='ocrx_word' id='word_1_619' title='bbox 1778 5418 1832 5467; x_wconf 89' lang='lat' dir='ltr'><strong>et</strong></span> <span class='ocrx_word' id='word_1_620' title='bbox 1865 5413 2105 5483; x_wconf 87' lang='lat' dir='ltr'><strong>majori-</strong></span> 
     </span>
    </p>
   </div>
   <div class='ocr_carea' id='block_1_89' title="bbox 412 5500 2105 5574">
    <p class='ocr_par' dir='ltr' id='par_1_89' title="bbox 412 5500 2105 5574">
     <span class='ocr_line' id='line_1_89' title="bbox 412 5500 2105 5574; baseline 0 -19"><span class='ocrx_word' id='word_1_621' title='bbox 412 5500 520 5556; x_wconf 90' lang='lat' dir='ltr'><strong>bus</strong></span> <span class='ocrx_word' id='word_1_622' title='bbox 546 5502 727 5574; x_wconf 88' lang='lat' dir='ltr'><strong>copiis</strong></span> <span class='ocrx_word' id='word_1_623' title='bbox 758 5503 886 5558; x_wconf 90' lang='lat' dir='ltr'><strong>illos</strong></span> <span class='ocrx_word' id='word_1_624' title='bbox 911 5502 1261 5574; x_wconf 88' lang='lat' dir='ltr'><strong>aggreditur,</strong></span> <span class='ocrx_word' id='word_1_625' title='bbox 1289 5502 1389 5573; x_wconf 91' lang='lat' dir='ltr'><strong>qui</strong></span> <span class='ocrx_word' id='word_1_626' title='bbox 1411 5502 1710 5557; x_wconf 82' lang='lat' dir='ltr'><strong>conﬂictus</strong></span> <span class='ocrx_word' id='word_1_627' title='bbox 1735 5502 1858 5573; x_wconf 89' lang='lat' dir='ltr'><strong>ejus</strong></span> <span class='ocrx_word' id='word_1_628' title='bbox 1882 5502 2105 5573; x_wconf 85' lang='lat' dir='ltr'><strong>experti</strong></span> 
     </span>
    </p>
   </div>
   <div class='ocr_carea' id='block_1_90' title="bbox 413 5590 2101 5647">
    <p class='ocr_par' dir='ltr' id='par_1_90' title="bbox 413 5590 2101 5647">
     <span class='ocr_line' id='line_1_90' title="bbox 413 5590 2101 5647; baseline 0.001 -3"><span class='ocrx_word' id='word_1_629' title='bbox 413 5590 634 5645; x_wconf 88' lang='lat' dir='ltr'><strong>roboris</strong></span> <span class='ocrx_word' id='word_1_630' title='bbox 667 5592 872 5646; x_wconf 91' lang='lat' dir='ltr'><strong>sudore</strong></span> <span class='ocrx_word' id='word_1_631' title='bbox 927 5592 1296 5647; x_wconf 90' lang='lat' dir='ltr'><strong>domuerunt.</strong></span> <span class='ocrx_word' id='word_1_632' title='bbox 1352 5590 1623 5646; x_wconf 88' lang='lat' dir='ltr'><strong>Uuiversa</strong></span> <span class='ocrx_word' id='word_1_633' title='bbox 1670 5596 1861 5646; x_wconf 88' lang='lat' dir='ltr'><strong>tamen</strong></span> <span class='ocrx_word' id='word_1_634' title='bbox 1906 5607 2101 5646; x_wconf 86' lang='lat' dir='ltr'><strong>secum</strong></span> 
     </span>
    </p>
   </div>
   <div class='ocr_carea' id='block_1_91' title="bbox 2216 3108 3913 3176">
    <p class='ocr_par' dir='ltr' id='par_1_91' title="bbox 2216 3108 3913 3176">
     <span class='ocr_line' id='line_1_91' title="bbox 2216 3108 3913 3176; baseline 0 -14"><span class='ocrx_word' id='word_1_635' title='bbox 2216 3114 2308 3163; x_wconf 91' lang='lat' dir='ltr'><strong>tus</strong></span> <span class='ocrx_word' id='word_1_636' title='bbox 2339 3114 2423 3163; x_wconf 91' lang='lat' dir='ltr'><strong>est</strong></span> <span class='ocrx_word' id='word_1_637' title='bbox 2450 3109 2667 3163; x_wconf 90' lang='lat' dir='ltr'><strong>fomitis</strong></span> <span class='ocrx_word' id='word_1_638' title='bbox 2709 3108 2797 3163; x_wconf 91' lang='lat' dir='ltr'><strong>sui</strong></span> <span class='ocrx_word' id='word_1_639' title='bbox 2848 3110 3054 3176; x_wconf 91' lang='lat' dir='ltr'><strong>lucem,</strong></span> <span class='ocrx_word' id='word_1_640' title='bbox 3107 3109 3243 3163; x_wconf 91' lang='lat' dir='ltr'><strong>dum</strong></span> <span class='ocrx_word' id='word_1_641' title='bbox 3293 3108 3433 3162; x_wconf 91' lang='lat' dir='ltr'><strong>vidit</strong></span> <span class='ocrx_word' id='word_1_642' title='bbox 3483 3108 3674 3163; x_wconf 91' lang='lat' dir='ltr'><strong>alieni.</strong></span> <span class='ocrx_word' id='word_1_643' title='bbox 3732 3109 3913 3174; x_wconf 81' lang='lat' dir='ltr'><strong>Quasi</strong></span> 
     </span>
    </p>
   </div>
   <div class='ocr_carea' id='block_1_92' title="bbox 2216 3196 3907 3267">
    <p class='ocr_par' dir='ltr' id='par_1_92' title="bbox 2216 3196 3907 3267">
     <span class='ocr_line' id='line_1_92' title="bbox 2216 3196 3907 3267; baseline -0.001 -14"><span class='ocrx_word' id='word_1_644' title='bbox 2216 3198 2366 3253; x_wconf 89' lang='lat' dir='ltr'><strong>inter</strong></span> <span class='ocrx_word' id='word_1_645' title='bbox 2407 3202 2743 3252; x_wconf 89' lang='lat' dir='ltr'><strong>ornamenta</strong></span> <span class='ocrx_word' id='word_1_646' title='bbox 2771 3196 2898 3252; x_wconf 81' lang='lat' dir='ltr'><strong>cceli</strong></span> <span class='ocrx_word' id='word_1_647' title='bbox 2928 3201 2983 3249; x_wconf 92' lang='lat' dir='ltr'><strong>et</strong></span> <span class='ocrx_word' id='word_1_648' title='bbox 3013 3196 3199 3250; x_wconf 90' lang='lat' dir='ltr'><strong>sidera</strong></span> <span class='ocrx_word' id='word_1_649' title='bbox 3230 3198 3401 3267; x_wconf 89' lang='lat' dir='ltr'><strong>pleno</strong></span> <span class='ocrx_word' id='word_1_650' title='bbox 3434 3197 3655 3267; x_wconf 86' lang='lat' dir='ltr'><strong>fulgore</strong></span> <span class='ocrx_word' id='word_1_651' title='bbox 3681 3199 3907 3251; x_wconf 84' lang='lat' dir='ltr'><strong>mican-</strong></span> 
     </span>
    </p>
   </div>
   <div class='ocr_carea' id='block_1_93' title="bbox 2216 3285 3913 3357">
    <p class='ocr_par' dir='ltr' id='par_1_93' title="bbox 2216 3285 3913 3357">
     <span class='ocr_line' id='line_1_93' title="bbox 2216 3285 3913 3357; baseline -0.001 -16"><span class='ocrx_word' id='word_1_652' title='bbox 2216 3287 2314 3353; x_wconf 91' lang='lat' dir='ltr'><strong>tia,</strong></span> <span class='ocrx_word' id='word_1_653' title='bbox 2368 3286 2829 3357; x_wconf 88' lang='lat' dir='ltr'><strong>supervenientis</strong></span> <span class='ocrx_word' id='word_1_654' title='bbox 2877 3286 3016 3339; x_wconf 86' lang='lat' dir='ltr'><strong>astri</strong></span> <span class='ocrx_word' id='word_1_655' title='bbox 3065 3286 3341 3339; x_wconf 88' lang='lat' dir='ltr'><strong>claritudo</strong></span> <span class='ocrx_word' id='word_1_656' title='bbox 3375 3285 3652 3340; x_wconf 89' lang='lat' dir='ltr'><strong>societur:</strong></span> <span class='ocrx_word' id='word_1_657' title='bbox 3685 3292 3913 3341; x_wconf 89' lang='lat' dir='ltr'><strong>certant</strong></span> 
     </span>
    </p>
   </div>
   <div class='ocr_carea' id='block_1_94' title="bbox 2216 3373 3915 3444">
    <p class='ocr_par' dir='ltr' id='par_1_94' title="bbox 2216 3373 3915 3444">
     <span class='ocr_line' id='line_1_94' title="bbox 2216 3373 3915 3444; baseline -0.001 -15"><span class='ocrx_word' id='word_1_658' title='bbox 2216 3375 2337 3429; x_wconf 90' lang='lat' dir='ltr'><strong>sine</strong></span> <span class='ocrx_word' id='word_1_659' title='bbox 2370 3374 2617 3429; x_wconf 91' lang='lat' dir='ltr'><strong>invidia:</strong></span> <span class='ocrx_word' id='word_1_660' title='bbox 2653 3374 2950 3444; x_wconf 90' lang='lat' dir='ltr'><strong>geminare</strong></span> <span class='ocrx_word' id='word_1_661' title='bbox 2999 3373 3209 3438; x_wconf 89' lang='lat' dir='ltr'><strong>radios,</strong></span> <span class='ocrx_word' id='word_1_662' title='bbox 3242 3377 3297 3426; x_wconf 87' lang='lat' dir='ltr'><strong>et</strong></span> <span class='ocrx_word' id='word_1_663' title='bbox 3336 3389 3437 3443; x_wconf 88' lang='lat' dir='ltr'><strong>per</strong></span> <span class='ocrx_word' id='word_1_664' title='bbox 3469 3378 3780 3442; x_wconf 90' lang='lat' dir='ltr'><strong>augmenta</strong></span> <span class='ocrx_word' id='word_1_665' title='bbox 3822 3376 3915 3428; x_wconf 88' lang='lat' dir='ltr'><strong>lu-</strong></span> 
     </span>
    </p>
   </div>
   <div class='ocr_carea' id='block_1_95' title="bbox 2216 3461 3914 3533">
    <p class='ocr_par' dir='ltr' id='par_1_95' title="bbox 2216 3461 3914 3533">
     <span class='ocr_line' id='line_1_95' title="bbox 2216 3461 3914 3533; baseline 0 -17"><span class='ocrx_word' id='word_1_666' title='bbox 2216 3462 2388 3517; x_wconf 89' lang='lat' dir='ltr'><strong>minis</strong></span> <span class='ocrx_word' id='word_1_667' title='bbox 2414 3462 2660 3533; x_wconf 90' lang='lat' dir='ltr'><strong>speciem</strong></span> <span class='ocrx_word' id='word_1_668' title='bbox 2686 3477 2955 3533; x_wconf 88' lang='lat' dir='ltr'><strong>superare</strong></span> <span class='ocrx_word' id='word_1_669' title='bbox 2978 3461 3260 3514; x_wconf 89' lang='lat' dir='ltr'><strong>novitatis.</strong></span> <span class='ocrx_word' id='word_1_670' title='bbox 3284 3461 3408 3515; x_wconf 81' lang='lat' dir='ltr'><strong>Alia</strong></span> <span class='ocrx_word' id='word_1_671' title='bbox 3432 3462 3730 3531; x_wconf 87' lang='lat' dir='ltr'><strong>prolixiori</strong></span> <span class='ocrx_word' id='word_1_672' title='bbox 3754 3464 3914 3516; x_wconf 85' lang='lat' dir='ltr'><strong>crine</strong></span> 
     </span>
    </p>
   </div>
   <div class='ocr_carea' id='block_1_96' title="bbox 2216 3550 3913 3617">
    <p class='ocr_par' dir='ltr' id='par_1_96' title="bbox 2216 3550 3913 3617">
     <span class='ocr_line' id='line_1_96' title="bbox 2216 3550 3913 3617; baseline -0.001 -13"><span class='ocrx_word' id='word_1_673' title='bbox 2216 3550 2396 3604; x_wconf 90' lang='lat' dir='ltr'><strong>facem</strong></span> <span class='ocrx_word' id='word_1_674' title='bbox 2443 3566 2605 3603; x_wconf 90' lang='lat' dir='ltr'><strong>suam</strong></span> <span class='ocrx_word' id='word_1_675' title='bbox 2641 3551 2806 3603; x_wconf 90' lang='lat' dir='ltr'><strong>stella</strong></span> <span class='ocrx_word' id='word_1_676' title='bbox 2850 3551 3248 3603; x_wconf 90' lang='lat' dir='ltr'><strong>commendat:</strong></span> <span class='ocrx_word' id='word_1_677' title='bbox 3284 3550 3394 3602; x_wconf 88' lang='lat' dir='ltr'><strong>alia</strong></span> <span class='ocrx_word' id='word_1_678' title='bbox 3424 3550 3697 3617; x_wconf 87' lang='lat' dir='ltr'><strong>puriore;</strong></span> <span class='ocrx_word' id='word_1_679' title='bbox 3735 3567 3913 3604; x_wconf 89' lang='lat' dir='ltr'><strong>unam</strong></span> 
     </span>
    </p>
   </div>
   <div class='ocr_carea' id='block_1_97' title="bbox 2216 3638 3920 3709">
    <p class='ocr_par' dir='ltr' id='par_1_97' title="bbox 2216 3638 3920 3709">
     <span class='ocr_line' id='line_1_97' title="bbox 2216 3638 3920 3709; baseline -0.001 -16"><span class='ocrx_word' id='word_1_680' title='bbox 2216 3638 2354 3693; x_wconf 86' lang='lat' dir='ltr'><strong>ditat</strong></span> <span class='ocrx_word' id='word_1_681' title='bbox 2402 3639 2591 3709; x_wconf 89' lang='lat' dir='ltr'><strong>potior</strong></span> <span class='ocrx_word' id='word_1_682' title='bbox 2658 3638 2909 3703; x_wconf 87' lang='lat' dir='ltr'><strong>flamma,</strong></span> <span class='ocrx_word' id='word_1_683' title='bbox 2971 3638 3233 3691; x_wconf 87' lang='lat' dir='ltr'><strong>nobilitat</strong></span> <span class='ocrx_word' id='word_1_684' title='bbox 3292 3638 3524 3690; x_wconf 89' lang='lat' dir='ltr'><strong>alteram</strong></span> <span class='ocrx_word' id='word_1_685' title='bbox 3574 3654 3675 3708; x_wconf 87' lang='lat' dir='ltr'><strong>per</strong></span> <span class='ocrx_word' id='word_1_686' title='bbox 3733 3640 3920 3708; x_wconf 88' lang='lat' dir='ltr'><strong>spatia</strong></span> 
     </span>
    </p>
   </div>
   <div class='ocr_carea' id='block_1_98' title="bbox 2216 3726 3919 3796">
    <p class='ocr_par' dir='ltr' id='par_1_98' title="bbox 2216 3726 3919 3796">
     <span class='ocr_line' id='line_1_98' title="bbox 2216 3726 3919 3796; baseline -0.001 -15"><span class='ocrx_word' id='word_1_687' title='bbox 2216 3732 2495 3781; x_wconf 88' lang='lat' dir='ltr'><strong>nocturna</strong></span> <span class='ocrx_word' id='word_1_688' title='bbox 2535 3727 2829 3780; x_wconf 74' lang='lat' dir='ltr'><strong>sincerior.</strong></span> <span class='ocrx_word' id='word_1_689' title='bbox 2880 3727 2968 3780; x_wconf 89' lang='lat' dir='ltr'><strong>Sic</strong></span> <span class='ocrx_word' id='word_1_690' title='bbox 2999 3726 3309 3779; x_wconf 84' lang='lat' dir='ltr'><strong>Antonium</strong></span> <span class='ocrx_word' id='word_1_691' title='bbox 3346 3732 3605 3780; x_wconf 91' lang='lat' dir='ltr'><strong>nostrum</strong></span> <span class='ocrx_word' id='word_1_692' title='bbox 3656 3744 3759 3796; x_wconf 87' lang='lat' dir='ltr'><strong>per</strong></span> <span class='ocrx_word' id='word_1_693' title='bbox 3792 3729 3919 3780; x_wconf 89' lang='lat' dir='ltr'><strong>uni-</strong></span> 
     </span>
    </p>
   </div>
   <div class='ocr_carea' id='block_1_99' title="bbox 2215 3815 3916 3870">
    <p class='ocr_par' dir='ltr' id='par_1_99' title="bbox 2215 3815 3916 3870">
     <span class='ocr_line' id='line_1_99' title="bbox 2215 3815 3916 3870; baseline 0 -1"><span class='ocrx_word' id='word_1_694' title='bbox 2215 3833 2408 3869; x_wconf 86' lang='lat' dir='ltr'><strong>versas</strong></span> <span class='ocrx_word' id='word_1_695' title='bbox 2443 3817 2698 3870; x_wconf 89' lang='lat' dir='ltr'><strong>locorum</strong></span> <span class='ocrx_word' id='word_1_696' title='bbox 2742 3815 3090 3869; x_wconf 83' lang='lat' dir='ltr'><strong>mutationes</strong></span> <span class='ocrx_word' id='word_1_697' title='bbox 3140 3832 3173 3868; x_wconf 88' lang='lat' dir='ltr'><strong>a</strong></span> <span class='ocrx_word' id='word_1_698' title='bbox 3212 3815 3433 3868; x_wconf 85' lang='lat' dir='ltr'><strong>Christo</strong></span> <span class='ocrx_word' id='word_1_699' title='bbox 3466 3816 3699 3868; x_wconf 81' lang='lat' dir='ltr'><strong>veniens</strong></span> <span class='ocrx_word' id='word_1_700' title='bbox 3741 3816 3916 3869; x_wconf 85' lang='lat' dir='ltr'><strong>disci-</strong></span> 
     </span>
    </p>
   </div>
   <div class='ocr_carea' id='block_1_100' title="bbox 2218 3902 3921 3976">
    <p class='ocr_par' dir='ltr' id='par_1_100' title="bbox 2218 3902 3921 3976">
     <span class='ocr_line' id='line_1_100' title="bbox 2218 3902 3921 3976; baseline 0 -19"><span class='ocrx_word' id='word_1_701' title='bbox 2218 3906 2375 3976; x_wconf 89' lang='lat' dir='ltr'><strong>plina</strong></span> <span class='ocrx_word' id='word_1_702' title='bbox 2405 3905 2671 3957; x_wconf 87' lang='lat' dir='ltr'><strong>comitata</strong></span> <span class='ocrx_word' id='word_1_703' title='bbox 2717 3909 2818 3957; x_wconf 87' lang='lat' dir='ltr'><strong>est.</strong></span> <span class='ocrx_word' id='word_1_704' title='bbox 2876 3902 3129 3957; x_wconf 90' lang='lat' dir='ltr'><strong>Providit</strong></span> <span class='ocrx_word' id='word_1_705' title='bbox 3160 3908 3370 3971; x_wconf 89' lang='lat' dir='ltr'><strong>tamen,</strong></span> <span class='ocrx_word' id='word_1_706' title='bbox 3426 3919 3497 3956; x_wconf 90' lang='lat' dir='ltr'><strong>ne</strong></span> <span class='ocrx_word' id='word_1_707' title='bbox 3549 3904 3639 3957; x_wconf 90' lang='lat' dir='ltr'><strong>cui</strong></span> <span class='ocrx_word' id='word_1_708' title='bbox 3698 3904 3757 3957; x_wconf 90' lang='lat' dir='ltr'><strong>in</strong></span> <span class='ocrx_word' id='word_1_709' title='bbox 3818 3905 3921 3957; x_wconf 90' lang='lat' dir='ltr'><strong>illa</strong></span> 
     </span>
    </p>
   </div>
   <div class='ocr_carea' id='block_1_101' title="bbox 2216 3992 3920 4063">
    <p class='ocr_par' dir='ltr' id='par_1_101' title="bbox 2216 3992 3920 4063">
     <span class='ocr_line' id='line_1_101' title="bbox 2216 3992 3920 4063; baseline -0.001 -16"><span class='ocrx_word' id='word_1_710' title='bbox 2216 3994 2438 4047; x_wconf 85' lang='lat' dir='ltr'><strong>nutrice</strong></span> <span class='ocrx_word' id='word_1_711' title='bbox 2500 3998 2827 4046; x_wconf 88' lang='lat' dir='ltr'><strong>sanctorum</strong></span> <span class='ocrx_word' id='word_1_712' title='bbox 2894 3992 3101 4055; x_wconf 87' lang='lat' dir='ltr'><strong>insula,</strong></span> <span class='ocrx_word' id='word_1_713' title='bbox 3150 4008 3277 4045; x_wconf 92' lang='lat' dir='ltr'><strong>cum</strong></span> <span class='ocrx_word' id='word_1_714' title='bbox 3340 3997 3638 4063; x_wconf 68' lang='lat' dir='ltr'><strong>prmstaret</strong></span> <span class='ocrx_word' id='word_1_715' title='bbox 3690 3994 3920 4045; x_wconf 89' lang='lat' dir='ltr'><strong>meritis</strong></span> 
     </span>
    </p>
   </div>
   <div class='ocr_carea' id='block_1_102' title="bbox 2217 4079 3913 4151">
    <p class='ocr_par' dir='ltr' id='par_1_102' title="bbox 2217 4079 3913 4151">
     <span class='ocr_line' id='line_1_102' title="bbox 2217 4079 3913 4151; baseline -0.001 -17"><span class='ocrx_word' id='word_1_716' title='bbox 2217 4080 2477 4151; x_wconf 66' lang='lat' dir='ltr'><strong>praeferri</strong></span> <span class='ocrx_word' id='word_1_717' title='bbox 2524 4081 2813 4134; x_wconf 83' lang='lat' dir='ltr'><strong>videretur</strong></span> <span class='ocrx_word' id='word_1_718' title='bbox 2859 4079 3210 4134; x_wconf 88' lang='lat' dir='ltr'><strong>honoribus:</strong></span> <span class='ocrx_word' id='word_1_719' title='bbox 3244 4080 3427 4134; x_wconf 89' lang='lat' dir='ltr'><strong>sciens</strong></span> <span class='ocrx_word' id='word_1_720' title='bbox 3460 4082 3517 4133; x_wconf 93' lang='lat' dir='ltr'><strong>in</strong></span> <span class='ocrx_word' id='word_1_721' title='bbox 3566 4080 3913 4133; x_wconf 82' lang='lat' dir='ltr'><strong>humilitatis</strong></span> 
     </span>
    </p>
   </div>
   <div class='ocr_carea' id='block_1_103' title="bbox 2217 4152 3912 4241">
    <p class='ocr_par' dir='ltr' id='par_1_103' title="bbox 2217 4152 3912 4241">
     <span class='ocr_line' id='line_1_103' title="bbox 2217 4152 3912 4241; baseline -0.001 -18"><span class='ocrx_word' id='word_1_722' title='bbox 2217 4170 2406 4223; x_wconf 91' lang='lat' dir='ltr'><strong>radice</strong></span> <span class='ocrx_word' id='word_1_723' title='bbox 2461 4170 2780 4241; x_wconf 88' lang='lat' dir='ltr'><strong>plantatum</strong></span> <span class='ocrx_word' id='word_1_724' title='bbox 2826 4152 2921 4222; x_wconf 42' lang='lat' dir='ltr'><strong>&#39;ad</strong></span> <span class='ocrx_word' id='word_1_725' title='bbox 2981 4173 3250 4222; x_wconf 86' lang='lat' dir='ltr'><strong>centenos</strong></span> <span class='ocrx_word' id='word_1_726' title='bbox 3309 4168 3525 4221; x_wconf 86' lang='lat' dir='ltr'><strong>fructus</strong></span> <span class='ocrx_word' id='word_1_727' title='bbox 3586 4184 3912 4238; x_wconf 85' lang='lat' dir='ltr'><strong>assurgere.</strong></span> 
     </span>
    </p>
   </div>
   <div class='ocr_carea' id='block_1_104' title="bbox 2220 4256 3916 4326">
    <p class='ocr_par' dir='ltr' id='par_1_104' title="bbox 2220 4256 3916 4326">
     <span class='ocr_line' id='line_1_104' title="bbox 2220 4256 3916 4326; baseline -0.003 -13"><span class='ocrx_word' id='word_1_728' title='bbox 2220 4257 2469 4313; x_wconf 88' lang='lat' dir='ltr'><strong>Blandus</strong></span> <span class='ocrx_word' id='word_1_729' title='bbox 2512 4258 2842 4326; x_wconf 78' lang='lat' dir='ltr'><strong>juvenibus,</strong></span> <span class='ocrx_word' id='word_1_730' title='bbox 2891 4256 3075 4325; x_wconf 75' lang='lat' dir='ltr'><strong>gravis</strong></span> <span class='ocrx_word' id='word_1_731' title='bbox 3130 4256 3388 4323; x_wconf 81' lang='lat' dir='ltr'><strong>maturis,</strong></span> <span class='ocrx_word' id='word_1_732' title='bbox 3448 4256 3643 4309; x_wconf 88' lang='lat' dir='ltr'><strong>doctus</strong></span> <span class='ocrx_word' id='word_1_733' title='bbox 3689 4256 3916 4325; x_wconf 88' lang='lat' dir='ltr'><strong>peritis,</strong></span> 
     </span>
    </p>
   </div>
   <div class='ocr_carea' id='block_1_105' title="bbox 2148 4344 3919 4413">
    <p class='ocr_par' dir='ltr' id='par_1_105' title="bbox 2148 4344 3919 4413">
     <span class='ocr_line' id='line_1_105' title="bbox 2148 4344 3919 4413; baseline -0.005 -9"><span class='ocrx_word' id='word_1_734' title='bbox 2148 4352 2191 4404; x_wconf 93' lang='lat' dir='ltr'><strong>D</strong></span> <span class='ocrx_word' id='word_1_735' title='bbox 2219 4346 2535 4399; x_wconf 87' lang='lat' dir='ltr'><strong>submissus</strong></span> <span class='ocrx_word' id='word_1_736' title='bbox 2562 4346 2854 4399; x_wconf 82' lang='lat' dir='ltr'><strong>existendo</strong></span> <span class='ocrx_word' id='word_1_737' title='bbox 2899 4344 3278 4413; x_wconf 88' lang='lat' dir='ltr'><strong>simplicibus,</strong></span> <span class='ocrx_word' id='word_1_738' title='bbox 3312 4349 3487 4397; x_wconf 87' lang='lat' dir='ltr'><strong>totam</strong></span> <span class='ocrx_word' id='word_1_739' title='bbox 3530 4345 3685 4396; x_wconf 87' lang='lat' dir='ltr'><strong>illam</strong></span> <span class='ocrx_word' id='word_1_740' title='bbox 3718 4345 3919 4397; x_wconf 85' lang='lat' dir='ltr'><strong>domi—</strong></span> 
     </span>
    </p>
   </div>
   <div class='ocr_carea' id='block_1_106' title="bbox 2222 4433 3928 4506">
    <p class='ocr_par' dir='ltr' id='par_1_106' title="bbox 2222 4433 3928 4506">
     <span class='ocr_line' id='line_1_106' title="bbox 2222 4433 3928 4506; baseline -0.002 -17"><span class='ocrx_word' id='word_1_741' title='bbox 2222 4436 2331 4490; x_wconf 88' lang='lat' dir='ltr'><strong>nici</strong></span> <span class='ocrx_word' id='word_1_742' title='bbox 2355 4436 2545 4506; x_wconf 86' lang='lat' dir='ltr'><strong>gregis</strong></span> <span class='ocrx_word' id='word_1_743' title='bbox 2579 4435 2862 4505; x_wconf 88' lang='lat' dir='ltr'><strong>legionem</strong></span> <span class='ocrx_word' id='word_1_744' title='bbox 2894 4435 3218 4488; x_wconf 88' lang='lat' dir='ltr'><strong>distinctam</strong></span> <span class='ocrx_word' id='word_1_745' title='bbox 3251 4440 3401 4497; x_wconf 89' lang='lat' dir='ltr'><strong>actu,</strong></span> <span class='ocrx_word' id='word_1_746' title='bbox 3434 4433 3708 4486; x_wconf 85' lang='lat' dir='ltr'><strong>variatam</strong></span> <span class='ocrx_word' id='word_1_747' title='bbox 3737 4434 3928 4503; x_wconf 86' lang='lat' dir='ltr'><strong>genti-</strong></span> 
     </span>
    </p>
   </div>
   <div class='ocr_carea' id='block_1_107' title="bbox 2217 4520 3919 4595">
    <p class='ocr_par' dir='ltr' id='par_1_107' title="bbox 2217 4520 3919 4595">
     <span class='ocr_line' id='line_1_107' title="bbox 2217 4520 3919 4595; baseline -0.002 -17"><span class='ocrx_word' id='word_1_748' title='bbox 2217 4526 2343 4591; x_wconf 83' lang='lat' dir='ltr'><strong>bus,</strong></span> <span class='ocrx_word' id='word_1_749' title='bbox 2378 4525 2539 4595; x_wconf 82' lang='lat' dir='ltr'><strong>quasi</strong></span> <span class='ocrx_word' id='word_1_750' title='bbox 2582 4540 2756 4577; x_wconf 88' lang='lat' dir='ltr'><strong>unam</strong></span> <span class='ocrx_word' id='word_1_751' title='bbox 2789 4523 3039 4576; x_wconf 85' lang='lat' dir='ltr'><strong>animam</strong></span> <span class='ocrx_word' id='word_1_752' title='bbox 3091 4523 3151 4576; x_wconf 90' lang='lat' dir='ltr'><strong>in</strong></span> <span class='ocrx_word' id='word_1_753' title='bbox 3196 4540 3299 4575; x_wconf 90' lang='lat' dir='ltr'><strong>sua</strong></span> <span class='ocrx_word' id='word_1_754' title='bbox 3328 4523 3626 4575; x_wconf 76' lang='lat' dir='ltr'><strong>affectione</strong></span> <span class='ocrx_word' id='word_1_755' title='bbox 3658 4520 3919 4589; x_wconf 86' lang='lat' dir='ltr'><strong>collegit,</strong></span> 
     </span>
    </p>
   </div>
   <div class='ocr_carea' id='block_1_108' title="bbox 2216 4610 3925 4683">
    <p class='ocr_par' dir='ltr' id='par_1_108' title="bbox 2216 4610 3925 4683">
     <span class='ocr_line' id='line_1_108' title="bbox 2216 4610 3925 4683; baseline -0.004 -14"><span class='ocrx_word' id='word_1_756' title='bbox 2216 4615 2300 4669; x_wconf 89' lang='lat' dir='ltr'><strong>Ibi</strong></span> <span class='ocrx_word' id='word_1_757' title='bbox 2332 4614 2586 4681; x_wconf 86' lang='lat' dir='ltr'><strong>biennio,</strong></span> <span class='ocrx_word' id='word_1_758' title='bbox 2632 4629 2690 4666; x_wconf 90' lang='lat' dir='ltr'><strong>se</strong></span> <span class='ocrx_word' id='word_1_759' title='bbox 2732 4612 2856 4683; x_wconf 85' lang='lat' dir='ltr'><strong>ipso</strong></span> <span class='ocrx_word' id='word_1_760' title='bbox 2910 4613 3122 4680; x_wconf 89' lang='lat' dir='ltr'><strong>potior,</strong></span> <span class='ocrx_word' id='word_1_761' title='bbox 3194 4612 3394 4664; x_wconf 89' lang='lat' dir='ltr'><strong>mundi</strong></span> <span class='ocrx_word' id='word_1_762' title='bbox 3428 4610 3590 4663; x_wconf 89' lang='lat' dir='ltr'><strong>istius</strong></span> <span class='ocrx_word' id='word_1_763' title='bbox 3634 4612 3925 4663; x_wconf 83' lang='lat' dir='ltr'><strong>sarcinam</strong></span> 
     </span>
    </p>
   </div>
   <div class='ocr_carea' id='block_1_109' title="bbox 2219 4699 3926 4772">
    <p class='ocr_par' dir='ltr' id='par_1_109' title="bbox 2219 4699 3926 4772">
     <span class='ocr_line' id='line_1_109' title="bbox 2219 4699 3926 4772; baseline -0.003 -16"><span class='ocrx_word' id='word_1_764' title='bbox 2219 4702 2532 4772; x_wconf 89' lang='lat' dir='ltr'><strong>deponens,</strong></span> <span class='ocrx_word' id='word_1_765' title='bbox 2582 4701 2762 4754; x_wconf 90' lang='lat' dir='ltr'><strong>victor</strong></span> <span class='ocrx_word' id='word_1_766' title='bbox 2805 4700 3143 4753; x_wconf 86' lang='lat' dir='ltr'><strong>insidiarum</strong></span> <span class='ocrx_word' id='word_1_767' title='bbox 3190 4717 3331 4769; x_wconf 83' lang='lat' dir='ltr'><strong>quas</strong></span> <span class='ocrx_word' id='word_1_768' title='bbox 3380 4699 3601 4768; x_wconf 88' lang='lat' dir='ltr'><strong>antiqui</strong></span> <span class='ocrx_word' id='word_1_769' title='bbox 3636 4700 3926 4767; x_wconf 83' lang='lat' dir='ltr'><strong>serpentis</strong></span> 
     </span>
    </p>
   </div>
   <div class='ocr_carea' id='block_1_110' title="bbox 2217 4787 3924 4860">
    <p class='ocr_par' dir='ltr' id='par_1_110' title="bbox 2217 4787 3924 4860">
     <span class='ocr_line' id='line_1_110' title="bbox 2217 4787 3924 4860; baseline -0.002 -16"><span class='ocrx_word' id='word_1_770' title='bbox 2217 4796 2382 4860; x_wconf 88' lang='lat' dir='ltr'><strong>parat</strong></span> <span class='ocrx_word' id='word_1_771' title='bbox 2413 4790 2637 4856; x_wconf 87' lang='lat' dir='ltr'><strong>astutia,</strong></span> <span class='ocrx_word' id='word_1_772' title='bbox 2688 4789 2840 4843; x_wconf 91' lang='lat' dir='ltr'><strong>diem</strong></span> <span class='ocrx_word' id='word_1_773' title='bbox 2876 4794 3134 4843; x_wconf 88' lang='lat' dir='ltr'><strong>nostrum</strong></span> <span class='ocrx_word' id='word_1_774' title='bbox 3174 4794 3229 4841; x_wconf 92' lang='lat' dir='ltr'><strong>et</strong></span> <span class='ocrx_word' id='word_1_775' title='bbox 3268 4790 3455 4841; x_wconf 90' lang='lat' dir='ltr'><strong>lucem</strong></span> <span class='ocrx_word' id='word_1_776' title='bbox 3485 4787 3786 4857; x_wconf 59' lang='lat' dir='ltr'><strong>praesentis</strong></span> <span class='ocrx_word' id='word_1_777' title='bbox 3819 4804 3924 4841; x_wconf 77' lang='lat' dir='ltr'><strong>sae-</strong></span> 
     </span>
    </p>
   </div>
   <div class='ocr_carea' id='block_1_111' title="bbox 2217 4876 3925 4948">
    <p class='ocr_par' dir='ltr' id='par_1_111' title="bbox 2217 4876 3925 4948">
     <span class='ocr_line' id='line_1_111' title="bbox 2217 4876 3925 4948; baseline -0.002 -15"><span class='ocrx_word' id='word_1_778' title='bbox 2217 4880 2331 4933; x_wconf 92' lang='lat' dir='ltr'><strong>culi</strong></span> <span class='ocrx_word' id='word_1_779' title='bbox 2363 4881 2628 4948; x_wconf 87' lang='lat' dir='ltr'><strong>perpetui</strong></span> <span class='ocrx_word' id='word_1_780' title='bbox 2676 4878 2912 4931; x_wconf 88' lang='lat' dir='ltr'><strong>luminis</strong></span> <span class='ocrx_word' id='word_1_781' title='bbox 2960 4876 3271 4947; x_wconf 86' lang='lat' dir='ltr'><strong>adeptione</strong></span> <span class='ocrx_word' id='word_1_782' title='bbox 3310 4877 3707 4929; x_wconf 86' lang='lat' dir='ltr'><strong>commutavit.</strong></span> <span class='ocrx_word' id='word_1_783' title='bbox 3737 4877 3925 4930; x_wconf 84' lang='lat' dir='ltr'><strong>Taceo</strong></span> 
     </span>
    </p>
   </div>
   <div class='ocr_carea' id='block_1_112' title="bbox 2216 4964 3924 5039">
    <p class='ocr_par' dir='ltr' id='par_1_112' title="bbox 2216 4964 3924 5039">
     <span class='ocr_line' id='line_1_112' title="bbox 2216 4964 3924 5039; baseline -0.001 -18"><span class='ocrx_word' id='word_1_784' title='bbox 2216 4969 2461 5039; x_wconf 88' lang='lat' dir='ltr'><strong>qualiter</strong></span> <span class='ocrx_word' id='word_1_785' title='bbox 2496 4968 2669 5021; x_wconf 89' lang='lat' dir='ltr'><strong>vitam</strong></span> <span class='ocrx_word' id='word_1_786' title='bbox 2702 4966 2881 5037; x_wconf 90' lang='lat' dir='ltr'><strong>ipsius</strong></span> <span class='ocrx_word' id='word_1_787' title='bbox 2914 4966 3115 5019; x_wconf 89' lang='lat' dir='ltr'><strong>mortis</strong></span> <span class='ocrx_word' id='word_1_788' title='bbox 3156 4965 3439 5019; x_wconf 87' lang='lat' dir='ltr'><strong>claritudo</strong></span> <span class='ocrx_word' id='word_1_789' title='bbox 3472 4964 3809 5033; x_wconf 84' lang='lat' dir='ltr'><strong>signaverit,</strong></span> <span class='ocrx_word' id='word_1_790' title='bbox 3847 4982 3924 5019; x_wconf 90' lang='lat' dir='ltr'><strong>ne</strong></span> 
     </span>
    </p>
   </div>
   <div class='ocr_carea' id='block_1_113' title="bbox 2215 5054 3922 5126">
    <p class='ocr_par' dir='ltr' id='par_1_113' title="bbox 2215 5054 3922 5126">
     <span class='ocr_line' id='line_1_113' title="bbox 2215 5054 3922 5126; baseline -0.002 -15"><span class='ocrx_word' id='word_1_791' title='bbox 2215 5058 2483 5111; x_wconf 87' lang='lat' dir='ltr'><strong>universa</strong></span> <span class='ocrx_word' id='word_1_792' title='bbox 2514 5057 2797 5126; x_wconf 86' lang='lat' dir='ltr'><strong>digerens,</strong></span> <span class='ocrx_word' id='word_1_793' title='bbox 2831 5072 2946 5109; x_wconf 91' lang='lat' dir='ltr'><strong>non</strong></span> <span class='ocrx_word' id='word_1_794' title='bbox 2978 5059 3093 5108; x_wconf 88' lang='lat' dir='ltr'><strong>tam</strong></span> <span class='ocrx_word' id='word_1_795' title='bbox 3114 5054 3408 5108; x_wconf 84' lang='lat' dir='ltr'><strong>veritatem</strong></span> <span class='ocrx_word' id='word_1_796' title='bbox 3432 5069 3717 5119; x_wconf 87' lang='lat' dir='ltr'><strong>narrasse,</strong></span> <span class='ocrx_word' id='word_1_797' title='bbox 3737 5070 3922 5119; x_wconf 89' lang='lat' dir='ltr'><strong>quam</strong></span> 
     </span>
    </p>
   </div>
   <div class='ocr_carea' id='block_1_114' title="bbox 2216 5141 3927 5218">
    <p class='ocr_par' dir='ltr' id='par_1_114' title="bbox 2216 5141 3927 5218">
     <span class='ocr_line' id='line_1_114' title="bbox 2216 5141 3927 5218; baseline -0.002 -19"><span class='ocrx_word' id='word_1_798' title='bbox 2216 5146 2474 5218; x_wconf 63' lang='lat' dir='ltr'><strong>praedicti</strong></span> <span class='ocrx_word' id='word_1_799' title='bbox 2524 5146 2788 5200; x_wconf 90' lang='lat' dir='ltr'><strong>laudibus</strong></span> <span class='ocrx_word' id='word_1_800' title='bbox 2833 5145 3029 5198; x_wconf 86' lang='lat' dir='ltr'><strong>videar</strong></span> <span class='ocrx_word' id='word_1_801' title='bbox 3057 5144 3419 5197; x_wconf 89' lang='lat' dir='ltr'><strong>immoratus.</strong></span> <span class='ocrx_word' id='word_1_802' title='bbox 3472 5141 3658 5195; x_wconf 80' lang='lat' dir='ltr'><strong>Veluti</strong></span> <span class='ocrx_word' id='word_1_803' title='bbox 3712 5142 3762 5195; x_wconf 91' lang='lat' dir='ltr'><strong>si</strong></span> <span class='ocrx_word' id='word_1_804' title='bbox 3792 5142 3927 5213; x_wconf 88' lang='lat' dir='ltr'><strong>quis</strong></span> 
     </span>
    </p>
   </div>
   <div class='ocr_carea' id='block_1_115' title="bbox 2216 5231 3925 5300">
    <p class='ocr_par' dir='ltr' id='par_1_115' title="bbox 2216 5231 3925 5300">
     <span class='ocr_line' id='line_1_115' title="bbox 2216 5231 3925 5300; baseline -0.002 -11"><span class='ocrx_word' id='word_1_805' title='bbox 2216 5237 2501 5290; x_wconf 90' lang='lat' dir='ltr'><strong>consitum</strong></span> <span class='ocrx_word' id='word_1_806' title='bbox 2558 5236 2751 5289; x_wconf 92' lang='lat' dir='ltr'><strong>lucum</strong></span> <span class='ocrx_word' id='word_1_807' title='bbox 2796 5234 3089 5287; x_wconf 89' lang='lat' dir='ltr'><strong>frondium</strong></span> <span class='ocrx_word' id='word_1_808' title='bbox 3139 5232 3417 5287; x_wconf 90' lang='lat' dir='ltr'><strong>densitate</strong></span> <span class='ocrx_word' id='word_1_809' title='bbox 3478 5231 3798 5300; x_wconf 88' lang='lat' dir='ltr'><strong>repererit;</strong></span> <span class='ocrx_word' id='word_1_810' title='bbox 3855 5248 3925 5285; x_wconf 85' lang='lat' dir='ltr'><strong>ex</strong></span> 
     </span>
    </p>
   </div>
   <div class='ocr_carea' id='block_1_116' title="bbox 2216 5320 3924 5393">
    <p class='ocr_par' dir='ltr' id='par_1_116' title="bbox 2216 5320 3924 5393">
     <span class='ocr_line' id='line_1_116' title="bbox 2216 5320 3924 5393; baseline -0.002 -17"><span class='ocrx_word' id='word_1_811' title='bbox 2216 5340 2330 5393; x_wconf 90' lang='lat' dir='ltr'><strong>quo</strong></span> <span class='ocrx_word' id='word_1_812' title='bbox 2389 5340 2660 5377; x_wconf 90' lang='lat' dir='ltr'><strong>coronam</strong></span> <span class='ocrx_word' id='word_1_813' title='bbox 2706 5323 2857 5377; x_wconf 90' lang='lat' dir='ltr'><strong>ferro</strong></span> <span class='ocrx_word' id='word_1_814' title='bbox 2910 5323 3225 5389; x_wconf 84' lang='lat' dir='ltr'><strong>stringente</strong></span> <span class='ocrx_word' id='word_1_815' title='bbox 3278 5321 3623 5391; x_wconf 90' lang='lat' dir='ltr'><strong>subripiens,</strong></span> <span class='ocrx_word' id='word_1_816' title='bbox 3678 5320 3924 5390; x_wconf 90' lang='lat' dir='ltr'><strong>genium</strong></span> 
     </span>
    </p>
   </div>
   <div class='ocr_carea' id='block_1_117' title="bbox 2215 5410 3923 5481">
    <p class='ocr_par' dir='ltr' id='par_1_117' title="bbox 2215 5410 3923 5481">
     <span class='ocr_line' id='line_1_117' title="bbox 2215 5410 3923 5481; baseline -0.002 -16"><span class='ocrx_word' id='word_1_817' title='bbox 2215 5413 2391 5478; x_wconf 62' lang='lat' dir='ltr'><strong>silvae,</strong></span> <span class='ocrx_word' id='word_1_818' title='bbox 2439 5412 2575 5465; x_wconf 89' lang='lat' dir='ltr'><strong>dum</strong></span> <span class='ocrx_word' id='word_1_819' title='bbox 2610 5410 2905 5481; x_wconf 68' lang='lat' dir='ltr'><strong>praesumit</strong></span> <span class='ocrx_word' id='word_1_820' title='bbox 2938 5426 3132 5479; x_wconf 89' lang='lat' dir='ltr'><strong>parva,</strong></span> <span class='ocrx_word' id='word_1_821' title='bbox 3194 5426 3313 5463; x_wconf 92' lang='lat' dir='ltr'><strong>non</strong></span> <span class='ocrx_word' id='word_1_822' title='bbox 3359 5415 3612 5474; x_wconf 87' lang='lat' dir='ltr'><strong>amovet;</strong></span> <span class='ocrx_word' id='word_1_823' title='bbox 3656 5410 3923 5463; x_wconf 86' lang='lat' dir='ltr'><strong>meliori-</strong></span> 
     </span>
    </p>
   </div>
   <div class='ocr_carea' id='block_1_118' title="bbox 2212 5498 3923 5571">
    <p class='ocr_par' dir='ltr' id='par_1_118' title="bbox 2212 5498 3923 5571">
     <span class='ocr_line' id='line_1_118' title="bbox 2212 5498 3923 5571; baseline -0.003 -15"><span class='ocrx_word' id='word_1_824' title='bbox 2212 5500 2319 5556; x_wconf 89' lang='lat' dir='ltr'><strong>bus</strong></span> <span class='ocrx_word' id='word_1_825' title='bbox 2350 5501 2618 5571; x_wconf 90' lang='lat' dir='ltr'><strong>equidem</strong></span> <span class='ocrx_word' id='word_1_826' title='bbox 2649 5500 2717 5554; x_wconf 90' lang='lat' dir='ltr'><strong>de</strong></span> <span class='ocrx_word' id='word_1_827' title='bbox 2740 5499 2973 5554; x_wconf 86' lang='lat' dir='ltr'><strong>Antonii</strong></span> <span class='ocrx_word' id='word_1_828' title='bbox 3026 5499 3211 5553; x_wconf 89' lang='lat' dir='ltr'><strong>nostri</strong></span> <span class='ocrx_word' id='word_1_829' title='bbox 3262 5498 3446 5564; x_wconf 84' lang='lat' dir='ltr'><strong>factis,</strong></span> <span class='ocrx_word' id='word_1_830' title='bbox 3474 5515 3600 5569; x_wconf 66' lang='lat' dir='ltr'><strong>quae</strong></span> <span class='ocrx_word' id='word_1_831' title='bbox 3623 5499 3772 5569; x_wconf 83' lang='lat' dir='ltr'><strong>stylo</strong></span> <span class='ocrx_word' id='word_1_832' title='bbox 3805 5516 3923 5553; x_wconf 89' lang='lat' dir='ltr'><strong>non</strong></span> 
     </span>
    </p>
   </div>
   <div class='ocr_carea' id='block_1_119' title="bbox 2216 5584 3912 5662">
    <p class='ocr_par' dir='ltr' id='par_1_119' title="bbox 2216 5584 3912 5662">
     <span class='ocr_line' id='line_1_119' title="bbox 2216 5584 3912 5662; baseline -0.002 -17"><span class='ocrx_word' id='word_1_833' title='bbox 2216 5590 2396 5662; x_wconf 83' lang='lat' dir='ltr'><strong>attigi,</strong></span> <span class='ocrx_word' id='word_1_834' title='bbox 2428 5590 2711 5643; x_wconf 88' lang='lat' dir='ltr'><strong>narranda</strong></span> <span class='ocrx_word' id='word_1_835' title='bbox 2738 5588 2973 5643; x_wconf 89' lang='lat' dir='ltr'><strong>servavi.</strong></span> <span class='ocrx_word' id='word_1_836' title='bbox 3009 5589 3213 5643; x_wconf 88' lang='lat' dir='ltr'><strong>Vincar</strong></span> <span class='ocrx_word' id='word_1_837' title='bbox 3242 5587 3390 5642; x_wconf 88' lang='lat' dir='ltr'><strong>forte</strong></span> <span class='ocrx_word' id='word_1_838' title='bbox 3420 5584 3771 5658; x_wconf 73' lang='lat' dir='ltr'><strong>eloquentiae</strong></span> <span class='ocrx_word' id='word_1_839' title='bbox 3795 5588 3912 5642; x_wconf 78' lang='lat' dir='ltr'><strong>ilu-</strong></span> 
     </span>
    </p>
   </div>
  </div>
