4060 6174
201 291 297 344 245

1637 284 2226 342 EUCHARISTICUM.

3588 287 3692 342 246

199 422 378 476 mine:
408 437 579 476 nemo
601 435 691 475 me
717 419 867 475 circa
891 420 1058 474 illum
1078 417 1374 490 superabit
1398 416 1622 473 affectu.
1659 417 1878 473 Habeat
1916 420 1963 472 Α
1993 416 2237 487 gratiam
2268 416 2419 470 beati
2451 416 2704 470 hominis
2735 431 2905 470 nemo
2938 417 3250 488 praeripiet,
3285 417 3384 488 qui
3415 417 3486 471 ad
3517 417 3690 488 expli-

197 511 285 583 qui
313 514 539 565 secutus
567 509 761 574 fuerit,
784 509 857 565 de
877 507 1100 579 peritia:
1126 521 1308 561 messe
1331 506 1666 577 jactantiam
1697 522 1709 559 :
1738 505 1882 560 mihi

1991 504 2172 558 cauda
2202 504 2324 574 ejus
2358 504 2510 558 bona
2542 505 2762 574 primus
2789 505 3012 560 accessi.

1267 681 1969 768 OPUSCULUM
2027 681 2581 780 QUINTUM.

1303 811 1323 845 ⁴
1362 817 1994 869 Eucharlsucum
2032 819 2130 867 de
2168 816 2332 866 vita
2373 828 2543 867 sua.

253 1027 310 1080 ln
338 1023 577 1078 nomine
606 1022 761 1078 Patri
791 1027 848 1077 et
877 1021 1004 1076 Filii
1029 1025 1086 1076 et
1109 1020 1356 1093 Spiritus
1387 1022 1590 1076 sancti.

255 1115 558 1169 Oraculum
609 1117 698 1166 est
747 1111 1110 1165 scientissimi
1155 1111 1406 1165 doctoris
1464 1110 1725 1182 gentium
1785 1109 1877 1181 (II

194 1204 313 1258 Cor.
342 1217 446 1268 xu,
479 1201 532 1271 9)
571 1200 722 1271 quod
755 1199 943 1270 pariat
975 1199 1280 1254 infirmitas
1311 1203 1503 1253 nostra
1534 1197 1872 1269 potentiam,

191 1298 238 1346 et
266 1291 413 1360 quod
444 1294 678 1343 terrena
707 1289 1048 1342 contritione
1075 1289 1270 1342 anima
1314 1289 1667 1343 convalescat
1695 1303 1707 1342 :
1745 1303 1875 1340 cum

189 1382 350 1438 virtus
390 1395 524 1449 quas
568 1379 639 1432 de
686 1378 1005 1432 substantia
1037 1378 1223 1433 carnis
1270 1379 1514 1444 ﬂuxerit,
1569 1381 1760 1430 currat
1804 1375 1873 1429 ad

190 1469 470 1541 spiritum;
523 1473 579 1522 et
610 1467 747 1521 dum
788 1467 1147 1521 labefactatio
1194 1472 1386 1522 nostra
1427 1467 1715 1520 coelestem
1767 1465 1875 1518 bo-

186 1558 407 1622 minem,
440 1561 502 1610 et
530 1556 592 1609 in
630 1555 824 1609 divina
851 1555 1161 1609 locandum
1187 1572 1314 1610 arce
1342 1554 1635 1625 componit
1661 1553 1730 1607 ad
1762 1554 1875 1607 fru-

1987 1021 2272 1076 deliniunt
2323 1022 2513 1088 verba,
2561 1020 2661 1075 sed
2703 1019 2965 1090 puritas:
3015 1024 3076 1075 tu
3119 1021 3270 1092 apud
3314 1037 3484 1093 quem
3535 1040 3684 1094 saepe

1985 1109 2133 1163 muti
2182 1109 2497 1181 loquimur,
2532 1113 2586 1162 et
2614 1110 2926 1162 clamantes
2971 1114 3245 1164 tacemus.
3281 1111 3371 1165 Sic
3414 1112 3552 1166 dum
3593 1129 3684 1168 me

1986 1197 2440 1252 concinnationis
2496 1198 2801 1268 superﬂua:
2857 1198 2918 1250 in
2970 1199 3265 1253 rhetoricis
3331 1205 3386 1254 et
3449 1202 3684 1271 poeticis

1985 1286 2383 1356 campislepos
2415 1287 2678 1357 agitaret,
2716 1304 2748 1340 a
2778 1303 2910 1340 vera
2939 1287 3223 1357 sapientia
3254 1290 3554 1343 mentitam
3601 1307 3683 1345 se-

1985 1380 2150 1428 cutus
2200 1375 2604 1438 abscesseram,
2658 1376 2803 1429 nihil
2853 1377 3007 1430 aliud
3061 1378 3318 1446 cupiens,
3364 1379 3470 1432 nisi
3531 1380 3683 1434 auris

1986 1479 2142 1518 vana:
2189 1465 2544 1518 laudationes
2589 1466 2881 1535 aucupari.
2940 1467 3067 1518 Erat
3116 1468 3316 1520 orandi
3365 1469 3681 1539 fastidium,

1984 1553 2120 1606 dum
2171 1554 2479 1623 perorandi
2527 1554 2762 1607 tenebar
2809 1554 3122 1624 cupiditate
3167 1556 3427 1610 mercari.
3482 1558 3682 1611 Infelix

187 1661 297 1717 gem
322 1644 589 1715 spiritus;
625 1642 670 1696 si
703 1643 931 1714 quando
965 1643 1092 1697 sine
1131 1645 1356 1698 cultura
1385 1649 1484 1698 aut
1522 1657 1706 1697 messe
1737 1645 1873 1696 sunt
1910 1663 1951 1715 Β
1983 1658 2088 1713 ego
2137 1641 2339 1697 homo!
2394 1643 2520 1713 quis
2572 1659 2662 1696 me
2721 1648 3009 1714 separaret
3065 1643 3134 1698 de
3185 1661 3422 1713 corpore
3481 1645 3682 1700 mortis

192 1751 424 1805 corpora,
480 1733 649 1787 dulce
700 1738 805 1798 est,
853 1737 1070 1786 etcum
1110 1732 1408 1786 accesserit
1451 1737 1688 1803 propter
1735 1747 1870 1801 aug-

193 1830 358 1879 menta
385 1821 734 1876 diminutio:
761 1821 830 1874 ad
867 1821 1099 1876 divitem
1128 1821 1228 1874 Dei
1258 1822 1504 1890 gratiam
1536 1821 1868 1891 pervenitur

186 1912 356 1982 jejuna
385 1914 442 1963 et
471 1908 658 1963 sterili
677 1913 1014 1979 paupertate
1039 1909 1450 1963 membrorum.
1478 1909 1626 1980 Ergo
1647 1907 1752 1962 tibi
1783 1907 1870 1961 de-

185 2000 323 2054 betur
349 2003 485 2068 post
517 1999 720 2059 Deum,
756 1997 1116 2051 imbecillitas
1148 2005 1360 2062 nostra,
1385 1998 1538 2069 quod
1571 1997 1640 2052 de
1672 2011 1868 2050 rerum

187 2087 500 2142 sublimium
543 2086 844 2140 affectione
876 2087 1246 2140 surreximus.
1283 2087 1484 2144 Votiva
1512 2085 1688 2141 febris
1722 2102 1866 2140 meas

184 2178 485 2244 necessitas,
537 2181 592 2230 et
622 2175 845 2229 exustio
886 2176 1282 2246 amplectenda
1320 2176 1727 2241 medullarum,
1761 2175 1867 2228 de-

186 2266 360 2319 derunt
400 2264 553 2318 mihi
584 2268 640 2318 et
691 2265 896 2318 timere
932 2267 1109 2319 Deum
1144 2267 1212 2319 de
1252 2265 1504 2319 abitione
1553 2263 1862 2334 sospitatis,

186 2358 227 2406 et
250 2354 298 2406 in
329 2355 450 2422 ipso
482 2353 738 2423 gaudere
759 2353 828 2407 de
856 2353 1065 2408 reditu.
1098 2355 1345 2408 Laetatur
1369 2369 1523 2406 nunc
1552 2353 1612 2406 in
1636 2357 1865 2406 auctore

185 2450 349 2496 nostro
377 2443 596 2495 mentis
624 2441 840 2494 sanitas
872 2448 1180 2512 procurata
1211 2442 1605 2511 languoribus.
1644 2440 1750 2495 Ubi
1782 2446 1867 2495 est

185 2531 417 2602 superbia
444 2531 657 2584 divina:
690 2529 890 2584 salutis
921 2532 1157 2601 quaesita
1187 2531 1481 2585 ludibrio?
1518 2531 1616 2584 ubi
1646 2547 1751 2600 sup
1767 2545 1864 2584 er-

183 2619 368 2683 cilium,
416 2634 532 2688 per
563 2618 718 2688 quod
741 2618 1002 2671 omnium
1034 2635 1242 2672 munus
1273 2619 1543 2673 credebas
1575 2635 1695 2672 esse
1741 2635 1862 2672 rem

183 2709 490 2778 propriam?
518 2709 771 2778 Repente
803 2708 1054 2763 deseruit
1083 2713 1136 2762 te
1171 2709 1488 2762 constantia
1511 2709 1733 2762 roboris
1756 2708 1860 2775 tui,

184 2803 230 2850 et
269 2796 629 2866 egritudinis
669 2796 923 2866 subjecta
954 2797 1308 2867 ponderibus
1340 2798 1480 2851 elisa
1530 2797 1743 2851 cervice
1770 2800 1860 2866 ja-

183 2885 322 2938 cuisti
359 2889 714 2956 :postquam
745 2886 894 2955 fugit
921 2886 1270 2956 prosperitas
1311 2892 1426 2954 tua,
1463 2902 1649 2940 seram
1683 2886 1864 2939 medi-

1978 1729 2152 1800 hujus
2188 1730 2377 1801 (Rom.
2410 1746 2501 1798 vn,
2551 1731 2685 1799 '24)?
2715 1730 2899 1800 gratia
2928 1731 3049 1798 Dei,
3086 1731 3438 1786 medicabilis
3492 1735 3679 1788 morbi

1980 1834 2248 1873 concessa
2305 1818 2645 1872 ministerio.
2699 1820 2836 1873 Nam
2885 1836 3010 1873 ecce
3063 1827 3298 1891 repente
3356 1823 3425 1875 ad
3484 1823 3677 1878 sedem

1980 1907 2187 1962 animae
2238 1908 2600 1962 formidantis
2631 1907 2794 1962 dolor
2820 1908 3132 1980 ingressus,
3165 1914 3220 1964 et
3251 1916 3464 1966 secreta
3495 1913 3680 1967 cordis

1978 1995 2172 2051 hostili
2215 1997 2371 2068 pavit
2399 1997 2667 2052 incendio
2694 2014 2708 2051 :
2740 2002 2874 2052 tunc
2907 1998 3192 2068 quidquid
3233 2000 3407 2054 homo
3439 2005 3522 2054 est.
3549 2001 3680 2072 jugi

1978 2086 2421 2140 consenescebat
2465 2086 2690 2154 ardore,
2721 2091 2777 2140 et
2805 2103 2909 2157 per
2934 2087 3121 2141 aditus
3151 2089 3442 2142 naturales
3493 2091 3676 2145 coctio

1977 2191 2036 2229 se
2069 2175 2295 2228 interna
2336 2176 2644 2230 reserabat.
2679 2177 2820 2230 Nam
2847 2176 2983 2230 dum
3029 2193 3058 2230 e
3088 2177 3323 2230 latebris
3347 2177 3462 2231 suis
3493 2179 3677 2248 pelle-

1979 2268 2134 2317 retur
2161 2264 2508 2333 arrogantia,
2551 2265 2810 2334 quamvis
2841 2265 3026 2318 adhuc
3057 2265 3249 2336 aliqua
3281 2267 3349 2320 de
3393 2268 3675 2337 snpersti—

1977 2353 2142 2419 tioso,
2189 2359 2383 2406 tamen
2419 2354 2541 2423 jam
2575 2353 2642 2407 de
2674 2355 2978 2424 superstite
3029 2354 3171 2407 nihil
3205 2356 3505 2410 habebam.
3557 2357 3676 2410 Iloc

1976 2443 2164 2495 solum
2192 2447 2548 2496 remanserat
2579 2443 2646 2496 de
2681 2443 3027 2497 conscientia
3059 2444 3316 2511 viventis,
3355 2446 3505 2515 quod
3537 2462 3568 2498 a
3596 2450 3670 2511 te,

1976 2532 2125 2585 Deus
2168 2548 2353 2598 meus,
2402 2532 2592 2585 sanari
2627 2549 2717 2586 me
2749 2549 2918 2604 posse
2957 2533 3336 2598 conﬁdebam,
3381 2551 3552 2604 quem
3603 2535 3674 2588 ad

1978 2621 2424 2675 commotionem
2460 2637 2651 2675 errore
2699 2622 3097 2691 perduxeram.
3136 2624 3246 2676 Nec
3271 2628 3464 2676 tamen
3489 2627 3674 2676 vasta-

1975 2711 2083 2762 trix
2116 2709 2215 2762 illa
2247 2715 2301 2763 et
2332 2710 2603 2779 magistra
2638 2711 2808 2780 pestis
2842 2711 3070 2778 latebat,
3107 2710 3385 2764 viscerum
3416 2712 3674 2764 immissa.

1974 2798 2335 2853 conclavibus
2361 2816 2372 2854 :
2401 2816 2505 2852 nec
2535 2805 2805 2852 contenta
2833 2801 3136 2865 velamine,
3166 2806 3352 2854 totum
3387 2817 3476 2854 me
3497 2801 3672 2854 luridi

1975 2888 2176 2942 coloris
2221 2889 2374 2942 nube
2424 2889 2721 2954 vestierat;
2753 2894 2816 2941 ut
2865 2889 3145 2958 quidquid
3192 2890 3249 2942 in
3289 2891 3512 2942 caeteris
3543 2905 3667 2958 pas-

185 2977 279 3026 tata
302 2975 727 3044 paenitentiam,
752 2974 905 3044 quod
927 2975 1334 3044 praevalueras,
1361 2975 1461 3028 Dei
1487 2975 1668 3028 nostri
1687 2974 1862 3030 fuisse
1903 2965 1944 3022 C
1971 2976 2228 3030 sionibus
2251 2976 2604 3030 medicorum
2629 2977 2911 3045 quaeritur
2933 2977 3147 3045 digitis,
3183 2977 3284 3029 hoc
3311 2977 3670 3047 propositum

183 3061 462 3131 cognoscis.
515 3061 736 3116 Gratias
775 3062 902 3130 tibi,
945 3062 1072 3116 creli
1117 3063 1446 3116 moderator
1484 3068 1541 3116 et
1577 3063 1860 3130 conditor,

187 3150 263 3221 qui
291 3150 723 3222 dispensatione
757 3150 974 3219 subtili,
1008 3155 1064 3204 et
1089 3152 1322 3205 occultis
1350 3151 1661 3206 miserendi
1691 3153 1861 3206 itine-

183 3241 335 3306 ribus,
366 3242 487 3294 vias
532 3245 758 3294 nostras
797 3245 854 3295 et
882 3240 952 3295 de
989 3240 1298 3295 afﬂictione
1338 3241 1652 3312 componis,
1697 3246 1752 3294 et
1793 3241 1864 3295 ad

183 3325 422 3381 virtutem
465 3327 786 3398 perfectam
826 3326 921 3397 pia
959 3328 1304 3382 laceratione
1343 3345 1447 3381 nos
1486 3345 1738 3399 reparas.
1778 3329 1866 3383 Ad

185 3414 497 3468 medicinam
537 3419 694 3467 tuam
729 3415 941 3476 venire,
985 3415 1093 3468 nisi
1127 3414 1399 3484 suﬂ‘ragio
1433 3416 1704 3483 vulneris,
1745 3432 1864 3470 non

183 3501 404 3557 nlemus
434 3520 447 3558 :
483 3519 620 3556 cum
649 3502 921 3556 duritiam
956 3503 1142 3557 cordis
1172 3504 1550 3558 assuescimus
1576 3510 1630 3558 te
1660 3520 1863 3574 percn-

186 3588 333 3644 tiente
361 3593 620 3657 mollire,
641 3596 695 3645 et
717 3591 1144 3662 suggestionem
1167 3601 1408 3647 terrenas
1433 3593 1666 3648 vilitatis
1685 3594 1865 3648 nobili

188 3684 230 3730 et
260 3680 587 3734 dulcissima
619 3681 1011 3735 molestiarum
1046 3688 1372 3736 nostrarum
1403 3683 1661 3754 passione
1701 3699 1865 3736 com-

183 3767 421 3838 primere.
477 3771 626 3824 Ecce
672 3787 778 3840 ego
825 3770 942 3838 ille,
980 3771 1080 3841 qui
1122 3772 1182 3824 in
1226 3771 1465 3843 longum
1509 3772 1674 3826 ducta
1722 3771 1866 3826 mihi

185 3859 444 3913 alacritate
464 3859 857 3930 plaudebam;
886 3876 998 3930 qua
1019 3860 1155 3914 dum
1176 3861 1401 3931 perpeti
1433 3863 1671 3928 fruerer,
1699 3861 1865 3931 quasi

186 3947 317 4001 nulla
358 3949 792 4003 intermissione
839 3949 1181 4012 solveretur,
1229 3951 1560 4020 quaerebam
1618 3950 1866 4020 qualiter

183 4036 370 4104 peccati
398 4036 759 4108 stipendium
793 4053 944 4091 mors
969 4038 1212 4092 veniret.
1251 4040 1390 4092 Nam
1423 4039 1674 4092 elevatus
1705 4039 1864 4092 insa-

185 4124 254 4177 nis
290 4127 664 4194 successibus,
708 4131 1006 4196 poetarum
1048 4145 1140 4182 me
1181 4127 1362 4198 gregi,
1415 4128 1649 4198 ignarus
1689 4145 1864 4182 vene-

187 4214 348 4269 randae
375 4215 777 4286 professionis,
813 4215 1137 4270 indideram
1173 4233 1185 4270 :
1222 4217 1581 4270 delectabant
1611 4217 1864 4270 carmina

190 4304 453 4370 quadratis
514 4303 796 4357 fabricata
849 4304 1172 4374 particulis,
1229 4310 1282 4358 et
1331 4305 1593 4359 ordinata
1653 4306 1866 4376 pedum

189 4393 428 4446 varietate
471 4392 740 4446 solidata.
774 4393 1128 4463 Angelorum
1168 4394 1356 4448 choris
1389 4411 1478 4448 me
1510 4394 1728 4448 ﬂuxum
1770 4399 1870 4448 aut

191 4482 420 4534 tenerum
468 4497 685 4551 poema
717 4482 1033 4537 miscebat:
1077 4488 1134 4536 et
1176 4483 1222 4536 si
1255 4484 1558 4552 evenisset,
1592 4490 1653 4536 ut
1690 4499 1869 4537 essem

192 4569 448 4624 clarorum
486 4586 764 4624 versuum
795 4577 1015 4624 servata
1062 4571 1188 4641 lege
1232 4572 1528 4641 formator,
1577 4572 1682 4626 sub
1715 4572 1870 4642 pedi-

193 4654 278 4710 bus
303 4660 438 4712 meis
472 4659 823 4729 subjectum,
849 4661 1130 4731 quidquid
1153 4661 1279 4715 caeli
1303 4663 1515 4732 tegitur
1535 4677 1656 4729 axe,
1677 4677 1872 4715 cerne-

193 4743 317 4800 bam.
367 4750 640 4819 Ineptum
693 4748 789 4802 diu
825 4750 1100 4804 volutavit
1149 4749 1262 4803 vita
1303 4751 1583 4816 mortalis,
1634 4756 1688 4804 et
1719 4754 1870 4804 certa

194 4835 536 4891 miseriarum
573 4836 798 4891 caecitas
827 4836 894 4891 de
925 4837 1064 4891 falsa
1096 4839 1320 4892 dicendi
1361 4839 1630 4894 felicitate
1662 4855 1868 4911 perex-

192 4923 316 4978 tulit.
366 4925 648 4990 Quotiens
696 4926 1136 4981 acclamantium
1177 4927 1407 4982 ﬂatibus
1450 4934 1686 5000 propter
1734 4928 1869 4983 reli-

195 5011 397 5078 gionem
429 5018 624 5069 vertex
674 5013 924 5069 nudatus
953 5014 1247 5084 intumuit,
1299 5022 1355 5071 et
1389 5017 1758 5071 mendacibus
1795 5018 1872 5072 la-

193 5096 397 5155 biorum
430 5103 594 5156 lusus
625 5103 929 5170 illecebris,
972 5104 1216 5158 credidit
1246 5121 1500 5159 amorem
1537 5105 1624 5158 sui
1655 5107 1870 5160 baben-

191 5187 313 5242 tiurn
362 5191 693 5260 pectoribus
743 5192 1056 5262 imperari?
1103 5195 1187 5248 Tu
1233 5201 1422 5248 autem
1475 5194 1570 5264 qui
1610 5195 1668 5248 in
1716 5194 1869 5248 caelis

191 5273 412 5347 habitas,
467 5279 747 5334 irridebas
797 5297 888 5335 me
941 5282 1123 5352 (Paul.
1177 5300 1234 5351 ιι,
1279 5284 1380 5351 4);
1430 5288 1489 5337 tu
1541 5299 1714 5354 quem
1754 5301 1870 5337 non

255 5403 264 5435 '
299 5404 773 5478 Eucharisticum]
814 5407 1112 5461 Liberatus
1143 5409 1301 5478 gravi
1331 5409 1530 5462 morbo
1563 5409 1870 5474 Ennorlius,

197 5477 386 5541 gratias
412 5477 553 5544 Deo,
597 5483 719 5532 tuin
753 5481 822 5532 de
853 5479 1080 5533 reddita
1124 5477 1324 5546 salute,
1373 5487 1495 5532 tum
1534 5481 1603 5534 de
1651 5481 1871 5534 caeteris

198 5558 307 5612 qua
349 5547 411 5622 in
451 5549 674 5622 reliqua
723 5549 841 5605 vita
891 5556 1192 5622 acceperat
1234 5551 1549 5617 beneﬂciis,
1595 5551 1704 5605 hoc
1755 5551 1873 5621 egit

201 5619 490 5684 opusculo:
544 5619 630 5675 cui
657 5636 791 5676 cum
843 5619 1301 5694 anepigraphum
1345 5629 1516 5690 esset,
1563 5621 1674 5676 nisi
1722 5619 1872 5694 quod

1973 3081 2077 3136 pro
2109 3064 2469 3134 correptione
2516 3065 2604 3117 sui
2636 3067 2840 3134 vulgus
2886 3065 3125 3118 videret.
3167 3065 3372 3119 Urebat
3413 3070 3670 3119 amantes

1971 3153 2086 3207 mei
2134 3154 2303 3222 longa
2333 3152 2651 3218 calamitas;
2703 3153 2907 3207 urebat
2954 3154 3246 3208 inimicos:
3278 3154 3420 3207 alios
3467 3155 3668 3224 despe-

1971 3243 2118 3296 ratio
2169 3242 2354 3296 obitus
2404 3242 2538 3310 mei,
2590 3241 2731 3295 alios
2780 3242 3028 3312 angebat
3078 3243 3370 3310 instantia,
3433 3258 3670 3297 concors

1975 3335 2096 3384 erat
2143 3330 2389 3384 civitatis
2445 3330 2502 3383 in
2553 3330 2728 3384 studii
2773 3330 3048 3384 divisione
3095 3332 3398 3385 sententia.
3447 3331 3672 3384 Interea

1973 3435 2066 3472 me
2100 3419 2236 3472 edax
2284 3418 2430 3489 ignis
2462 3418 2690 3472 interno
2720 3420 3018 3473 vastabant
3048 3420 3257 3487 officio,
3292 3426 3348 3474 et
3387 3419 3670 3474 continuis

1974 3497 2298 3563 curantium
2362 3508 2728 3562 nutriebatur
2767 3509 2990 3563 studiis.
3043 3511 3185 3563 Nam
3230 3510 3393 3580 quasi
3443 3510 3670 3562 morbos

1975 3599 2170 3664 aleret,
2223 3596 2301 3650 ita
2350 3597 2629 3667 quidquid
2669 3601 2866 3649 contra
2907 3597 3058 3666 ipsos
3107 3597 3536 3668 providebatur,
3588 3613 3673 3650 ac-

1974 3686 2157 3741 cessit.
2200 3687 2355 3740 Tuuc
2381 3686 2479 3738 illa
2519 3686 2807 3740 saecularis
2837 3702 3060 3756 pompa:
3091 3687 3477 3756 philosophia,
3533 3687 3672 3757 Hip—

1973 3775 2221 3845 pocratis
2266 3779 2320 3828 et
2359 3775 2556 3829 Galeni
2606 3775 2844 3828 contrita
2876 3775 3162 3842 subsidiis,
3211 3778 3276 3829 ad
3321 3775 3674 3844 adiutorium

1972 3864 2140 3918 fidele
2172 3879 2229 3916 se
2263 3864 2570 3928 transtulit,
2604 3864 2909 3934 aliquando
2935 3864 3183 3916 sentiens
3215 3865 3412 3919 mundi
3445 3864 3674 3918 blandi-

1973 3956 2169 4006 menta
2215 3968 2538 4017 vanescere,
2599 3957 2654 4006 et
2711 3952 2979 4005 humanis
3035 3952 3330 4006 hominem
3388 3953 3673 4023 prmsidiis

1974 4057 2092 4094 non
2129 4039 2337 4110 juvari.
2370 4041 2493 4094 Jam
2527 4040 2772 4094 duorum
2817 4040 2995 4093 ferme
3040 4041 3322 4094 mensium
3373 4043 3674 4098 curriculis

1976 4129 2150 4183 cladis
2195 4128 2366 4197 hujus
2415 4145 2505 4181 me
2539 4129 2645 4182 sibi
2697 4145 2964 4198 pressura
2995 4129 3353 4183 submiserat.
3408 4132 3531 4183 Jam
3578 4145 3674 4184 re-

1977 4217 2155 4271 medii
2205 4216 2322 4269 vice
2356 4215 2652 4269 transitum
2687 4217 3078 4286 praestolabar,
3125 4222 3182 4269 et
3213 4215 3358 4270 nihil
3386 4234 3556 4270 suave
3605 4218 3675 4271 de

1980 4321 2150 4358 usura
2175 4304 2312 4356 lucis
2331 4303 2493 4356 istius
2516 4304 2792 4369 recolens,
2817 4303 3156 4372 abrumpere
3181 4319 3387 4370 moras,
3419 4304 3522 4356 etsi
3544 4318 3676 4357 cum

1977 4393 2194 4464 peccati
2218 4392 2401 4446 iturus
2422 4392 2570 4445 fasce
2593 4392 2913 4462 cupiebam.
2942 4392 3250 4461 Expendite
3272 4393 3524 4461 legentes
3547 4408 3673 4461 quae

1976 4482 2070 4536 hic
2103 4481 2349 4551 ﬂagella,
2384 4497 2511 4551 quae
2545 4485 2832 4534 tormenta
2857 4497 2945 4534 me
2979 4481 3291 4534 manserint
3325 4496 3337 4534 :
3371 4486 3436 4534 ut
3463 4481 3676 4550 suppli-

1977 4571 2197 4625 ciorum
2219 4570 2597 4640 praesentium
2623 4576 2779 4624 metu
2804 4571 3081 4640 gehennae
3105 4586 3300 4639 pcenas
3319 4575 3672 4639 expeterem,

1979 4668 2034 4714 et
2064 4665 2125 4712 ut
2152 4659 2223 4712 ad
2254 4659 2354 4712 illa
2391 4659 2736 4713 immortalis
2767 4658 2977 4712 camini
3024 4662 3079 4711 et
3111 4658 3301 4712 dirum
3353 4659 3676 4712 anhelantis

1977 4749 2203 4821 piacula
2253 4747 2603 4802 festinarem.
2654 4747 2761 4802 Sed
2808 4764 2926 4800 non
2957 4747 3138 4800 defuit
3185 4747 3328 4800 mihi
3376 4747 3674 4817 Dominus,

1980 4839 2077 4910 qui
2106 4836 2414 4901 morliﬂcd
2435 4839 2490 4889 et
2513 4835 2784 4904 vivifical,
2804 4836 3028 4889 deducit
3058 4835 3133 4891 ad
3149 4835 3366 4902 inferos
3383 4840 3436 4891 et
3457 4837 3680 4893 reducit

1979 4927 2040 4998 (Ι
2072 4927 2211 4998 Reg.
2243 4943 2303 4993 ιι,
2328 4925 2404 4993 ὅ),
2441 4925 2740 4995 majestate
2772 4942 2872 4979 sua
2899 4925 3017 4991 ille,
3047 4925 3208 4995 cujus
3235 4927 3319 4978 est
3347 4927 3673 4995 promissio.

1977 5016 2178 5070 Adhuc
2217 5015 2391 5068 verba
2414 5013 2473 5066 in
2502 5030 2599 5068 ore
2627 5019 2750 5081 tuo,
2780 5016 2861 5069 Et
2889 5031 3016 5068 ecce
3046 5014 3274 5080 adsum,
3306 5015 3445 5068 dicit
3481 5015 3677 5069 Domi-

1977 5123 2086 5162 nus
2133 5104 2297 5173 (Isai.
2349 5121 2440 5171 Lu,
2477 5107 2528 5169 6,
2573 5107 2628 5158 et
2659 5121 2807 5173 Lvui,
2842 5105 2917 5175 9).
2972 5105 3113 5158 Nam
3147 5121 3275 5159 cum
3310 5121 3460 5158 unus
3504 5120 3560 5158 se
3611 5122 3678 5159 ex

1979 5198 2067 5252 his
2098 5197 2198 5267 qui
2225 5194 2552 5250 assidebant
2583 5195 2746 5262 mihi,
2777 5199 2832 5249 et
2861 5212 2964 5265 per
2985 5195 3240 5266 singulos
3272 5195 3388 5248 dies
3420 5194 3679 5248 ditabant

1979 5284 2436 5355 inaequalitatem
2466 5301 2652 5340 meam
2689 5284 2986 5355 dispendio
3016 5284 3372 5349 facultatum,
3405 5283 3676 5336 lassatum

1978 5408 2040 5462 in
2071 5424 2189 5462 uno
2222 5408 2414 5461 codice
2447 5408 2668 5463 Relalio
2699 5411 3059 5462 cursusmilaz
3087 5424 3201 5461 sua
3242 5407 3674 5471 inscribebatur,

1980 5480 2362 5534 Eucharistici
2393 5497 2601 5534 nomen
2624 5481 2960 5544 indidimus,
2992 5478 3217 5532 Paulini
3243 5477 3678 5547 Burdegalensis

1982 5551 2270 5622 exemplo,
2320 5551 2420 5623 qui
2452 5551 2708 5623 ejusdem
2757 5549 3086 5622 argumenti
3137 5565 3202 5604 ac
3248 5549 3402 5604 tituli
3445 5565 3679 5604 carmen

1984 5623 2325 5694 composuit.
