4060 6174
299 238 406 295 247

1518 236 1800 296 ENNODII
1838 236 2158 298 EPISCOPI
2192 238 2582 297 TICINENSIS

3678 243 3798 299 248

298 386 356 424 se
404 368 580 426 fuisse
634 372 958 434 testaretur,
1006 385 1113 427 nec
1164 370 1384 443 aliquid
1438 371 1779 426 remansisse
1833 372 1988 444 quod
2024 374 2071 428 Α
2098 371 2272 427 dendi
2312 372 2500 427 aditus
2545 372 2787 442 pateret.
2842 372 2989 428 Deus
3032 387 3213 441 meus,
3262 373 3581 446 redemptio
3634 389 3793 441 mea,

298 460 492 528 fieret;
523 459 674 516 illico
704 459 849 516 mihi
883 477 1044 533 spem
1074 461 1203 516 vitae
1237 460 1442 515 detulit
1470 461 1787 532 desperatio
1818 478 1989 517 cura-

301 550 462 606 toris.
503 551 647 606 Nam
674 550 792 606 illic
817 550 1173 622 promptiora
1202 554 1335 605 sunt
1362 551 1605 606 ccelestis
1637 551 1788 607 bona
1818 553 1990 624 juva-

302 638 496 708 minis,
546 638 649 694 ubi
692 654 753 692 se
800 637 1186 692 subtraxerint
1234 638 1507 709 obsequia
1566 639 1813 694 infausta
1866 640 1990 694 lan-

304 728 630 800 guentibus.
672 727 956 783 Continuo
988 743 1080 781 me
1116 728 1187 781 ad
1222 728 1240 763 ί
1271 728 1422 782 beati
1454 727 1697 784 Victoris
1729 730 1993 800 martyris

306 818 574 890 praesidia
612 834 762 887 saepe
794 821 1025 887 experta
1067 818 1371 884 transvexi,
1404 823 1460 871 et
1488 834 1656 889 opem
1700 818 1995 873 fortissimi

305 912 590 980 precatus,
643 908 755 961 Deo
794 921 897 975 per
959 906 1151 977 ipsum
1198 922 1327 961 cum
1377 907 1643 978 lacrymis
1698 908 1997 979 alleganda

306 993 586 1050 commisi.
635 994 783 1050 Satis
831 1010 955 1049 esse
1020 997 1089 1050 ad
1143 997 1588 1066 promerendam
1634 998 1996 1052 clementiam

307 1086 451 1157 ejus,
488 1084 533 1138 si
571 1099 797 1155 semper
848 1090 979 1139 ante
1013 1086 1202 1138 oculos
1248 1102 1378 1139 suos
1409 1090 1641 1151 statuat,
1691 1087 1842 1141 unde
1895 1102 2000 1142 nos

307 1173 641 1244 sumpserit;
679 1189 782 1226 nec
827 1172 989 1227 facile
1017 1172 1088 1227 ad
1140 1173 1553 1226 sublimitatem
1598 1174 2000 1228 mandatorum

306 1263 460 1317 illius
489 1279 619 1317 cum
651 1262 949 1317 velocitate
985 1268 1301 1316 extremam
1342 1263 1590 1333 migrare
1622 1280 1788 1333 posse
1821 1268 2002 1317 mate-

307 1352 475 1407 riam.
512 1352 782 1416 Quamvis
810 1368 916 1422 per
945 1352 1254 1406 secundam
1286 1352 1368 1422 pii
1401 1357 1665 1405 naturam
1698 1353 2006 1422 baptisma-

310 1442 382 1496 tis
413 1442 673 1495 ablutum
706 1441 778 1494 sit
809 1440 1087 1511 quidquid
1112 1441 1180 1495 de
1208 1441 1346 1495 limo
1372 1446 1606 1512 parente
1637 1441 2002 1497 sorduimus:

310 1537 506 1586 tamen
548 1531 685 1602 quia
732 1530 870 1585 dum
915 1530 1184 1584 inimicus
1224 1531 1420 1584 salutis
1466 1534 1676 1585 nostrae
1717 1530 2006 1586 inclusum

312 1620 720 1675 blandimentis
756 1620 909 1674 fucat
937 1619 1258 1687 interitum,
1295 1620 1446 1674 dulci
1476 1621 1613 1674 vitia
1645 1637 1846 1691 sapore
1878 1638 2009 1675 con-

2098 478 2227 534 quae
2260 461 2406 516 mihi
2432 466 2741 516 occurrunt
2763 461 2832 516 de
2863 462 2952 517 his
2980 478 3108 534 quas
3134 463 3315 518 fecisti
3344 480 3572 519 mecum
3606 482 3618 519 :
3659 481 3803 536 quas

2100 553 2169 606 de
2192 552 2302 608 illis
2324 568 2452 624 quae
2484 552 2631 623 gessi
2663 553 2961 607 adversum
2994 569 3084 607 me
3111 570 3123 607 :
3153 570 3280 625 quas
3321 554 3369 607 si
3399 554 3800 620 conferantur,

2101 641 2325 696 nullum
2357 646 2582 711 tempus
2625 646 2721 696 aut
2748 658 2857 713 ope
2901 646 3018 709 tua,
3052 647 3150 695 aut
3196 643 3399 697 delicto
3426 659 3553 698 meo
3596 644 3666 697 sit
3690 659 3802 696 va-

2102 747 2294 785 cuum.
2340 730 2503 785 Libet
2536 747 2605 785 ex
2650 731 2969 785 innumeris
3015 730 3077 785 in
3108 747 3199 786 me
3247 733 3642 788 collationibus
3681 731 3804 787 tuis

2103 836 2280 875 unam
2327 820 2528 887 libare,
2589 824 2645 873 et
2688 821 3084 891 praetereundo
3127 821 3370 891 populos
3422 822 3807 892 largitionum

2105 915 2358 977 tuarum,
2409 909 2759 979 singularem
2809 925 3036 962 summo
3069 914 3237 963 tenus
3283 910 3585 981 attingere.
3635 912 3810 964 Tem-

2106 1015 2243 1070 pore
2288 1014 2401 1069 quo
2449 998 2668 1052 Italiam
2716 998 3105 1069 optatissimus
3134 999 3465 1054 Theoderici
3514 999 3665 1071 regis
3705 1016 3806 1054 re-

2110 1087 2401 1141 suscitavit
2449 1087 2760 1158 ingressus,
2833 1103 2962 1141 cum
3009 1087 3202 1141 omnia
3252 1089 3320 1142 ab
3371 1089 3617 1142 inimicis
3676 1089 3810 1158 ejus

2110 1175 2501 1247 inexplicabili
2545 1176 2699 1230 clade
2752 1181 3128 1244 vastarentur,
3181 1181 3236 1231 et
3280 1179 3434 1247 quod
3479 1180 3814 1249 superesset

2114 1264 2336 1337 gladiis,
2396 1265 2577 1320 fames
2624 1270 2887 1320 necaret:
2940 1283 3071 1321 cum
3120 1267 3337 1320 excelsa
3380 1268 3664 1321 montium
3716 1282 3815 1320 ca-

2116 1360 2482 1425 strorumque
2524 1369 2678 1407 arces
2730 1354 2972 1423 penuria
3019 1358 3416 1426 perrumperet
3450 1372 3462 1423 ;
3496 1356 3642 1410 etin
3690 1355 3814 1408 cul-

2118 1444 2368 1497 minibus
2420 1443 2633 1497 locatos
2691 1444 2866 1497 armis
2919 1445 3121 1498 suavior
3169 1449 3389 1515 egestas
3447 1444 3734 1499 obsideret
3794 1460 3811 1498 :

2119 1531 2142 1565 ²
2186 1548 2291 1602 ego
2326 1548 2609 1586 annorum
2652 1532 2829 1586 ferme
2858 1533 3124 1598 sedecim,
3154 1534 3340 1587 amitae
3374 1550 3501 1604 qua:
3532 1550 3623 1587 me
3654 1532 3816 1586 alue-

2120 1626 2229 1691 rat,
2280 1637 2347 1675 ea
2391 1626 2729 1692 tempestate
2783 1622 2986 1676 solatio
3038 1624 3292 1693 privatus
3336 1640 3501 1677 sum:
3558 1620 3815 1676 remansi

313 1709 481 1777 divit;
532 1713 589 1763 et
626 1708 764 1762 dum
800 1709 1023 1778 pruritu
1068 1709 1317 1776 aurium,
1367 1710 1505 1764 dum
1546 1688 1814 1780 gustandi
1857 1711 2009 1765 oble-
2050 1688 2088 1741 Β
2120 1688 2291 1778 solus,
2344 1688 2599 1780 inops—re
2651 1717 2705 1764 et
2736 1712 2970 1765 consilio
3005 1688 3326 1775 destitutus,
3360 1714 3451 1766 cui
3482 1713 3601 1765 sola
3627 1728 3819 1765 reme-

314 1799 562 1853 ctatione
595 1796 992 1869 producimur,
1043 1814 1197 1852 mors
1235 1815 1339 1869 per
1371 1799 1644 1853 fenestras
1688 1800 2009 1871 ingreditur

315 1890 450 1955 (λεν.
494 1903 569 1955 rx,
616 1886 733 1958 2i);
770 1904 883 1958 quo
917 1888 1255 1957 fugiendum
1297 1892 1381 1943 est
1410 1889 1479 1942 ab
1523 1890 1609 1943 ira
1656 1889 1856 1959 ipsius,
1899 1891 2011 1943 nisi

317 1977 387 2031 ad
434 1976 889 2031 misericordiam
924 1978 1064 2048 ejus,
1099 1977 1199 2048 qui
1233 1978 1499 2032 reducem
1536 1978 1723 2033 tilium
1766 1983 1823 2032 et
1868 1994 2012 2032 con-

318 2082 489 2120 cessa:
517 2065 823 2137 prodigum
854 2066 1155 2136 portionis,
1189 2083 1361 2138 quem
1388 2073 1693 2139 postquam
1720 2084 1850 2122 cum
1880 2083 2012 2139 por.

320 2155 397 2209 cis
416 2170 519 2225 per
538 2154 847 2209 obscenum
877 2155 1218 2226 siliquarum
1249 2157 1439 2211 cibum
1472 2158 1689 2212 addixit
1715 2158 2017 2212 immunda

321 2244 672 2312 communio,
706 2245 778 2299 ad
808 2246 1013 2299 stolam
1040 2246 1364 2316 candidam,
1395 2248 1464 2303 ad
1483 2250 1761 2303 annulum
1795 2248 2017 2319 pretio-

323 2351 470 2401 sum,
522 2334 590 2389 ad
640 2334 865 2388 divitias
911 2335 1037 2390 illas
1092 2342 1346 2406 paternze
1405 2338 1797 2408 possessionis,
1856 2338 2018 2409 quasi

325 2440 551 2495 semper
612 2428 888 2478 servasset
949 2426 1124 2495 jussa,
1196 2428 1479 2480 revocavit
1527 2428 1685 2496 (Luc.
1748 2444 1838 2495 xv,
1898 2427 2019 2498 1‘2)?

329 2517 592 2569 l’recatus
624 2529 752 2567 sum
777 2530 881 2584 per
911 2515 1157 2568 electum
1190 2517 1334 2585 ejus,
1367 2522 1428 2569 ut
1458 2516 1649 2569 debita
1681 2517 1822 2570 mihi
1854 2518 2021 2586 plura

329 2603 662 2669 dimitteret,
704 2608 770 2656 ut
819 2603 947 2672 plus
984 2603 1298 2673 diligentias
1339 2604 1633 2658 absolutus
1673 2605 2018 2658 exhiberem.

330 2693 397 2746 Et
437 2693 546 2746 hoc
576 2707 707 2745 eum
757 2692 1153 2762 promissionis
1200 2710 1316 2747 suae
1347 2695 1728 2765 chirographo
1770 2699 1825 2747 et
1871 2699 2023 2747 casta

332 2780 639 2850 sponsione
678 2780 1044 2847 conveniens,
1095 2782 1349 2851 poposci,
1400 2787 1461 2835 ut
1510 2784 1669 2837 daret
1706 2784 1874 2836 etiam
1921 2798 2025 2852 per

331 2873 617 2940 prmeepta
664 2885 765 2922 sua
808 2870 1041 2923 amabili
1088 2870 1387 2924 devotione
1436 2888 1528 2925 me
1574 2887 1846 2925 currere:
1891 2871 2025 2941 quia

2117 1798 2274 1853 dium
2325 1800 2579 1853 tribuere
2622 1800 2803 1869 possit
2845 1802 3173 1855 adversitas.
3229 1804 3306 1855 Ne
3340 1802 3489 1856 inter
3521 1806 3815 1871 parentes,

2120 1887 2275 1958 quod
2307 1893 2391 1942 est
2433 1888 2776 1959 captivitatis
2808 1895 2957 1943 sorte
2988 1890 3258 1957 amarius,
3307 1890 3557 1945 subsidia
3588 1889 3821 1944 vivendi

2118 1977 2266 2032 liber
2345 1994 2663 2048 poscerem,
2728 1980 3015 2049 extemplo
3100 1978 3399 2050 porrexisti
3485 1984 3823 2033 consuetam

2123 2065 2437 2133 dexteram,
2486 2066 2739 2121 defensio
2773 2083 2926 2134 mea;
2973 2072 3028 2121 et
3076 2069 3311 2123 domum
3360 2084 3529 2121 censu
3580 2073 3636 2122 et
3683 2067 3819 2121 reli-

2124 2156 2291 2226 gione
2323 2156 2705 2227 praadivitem,
2736 2161 2799 2209 ut
2829 2157 3095 2210 solatium
3131 2174 3321 2211 meum
3354 2175 3468 2211 non
3494 2162 3818 2228 respueret,

2123 2245 2471 2316 compulisti.
2524 2245 2759 2316 Poposci
2800 2246 2857 2299 in
2902 2247 3338 2301 matrimonium
3370 2248 3664 2317 cujusdam
3715 2263 3823 2300 no-

2125 2333 2415 2389 bilissimae
2448 2340 2502 2388 et
2528 2335 2631 2389 tibi
2676 2335 2822 2389 bene
2855 2341 3162 2406 compertw
3192 2338 3489 2406 parvulam
3536 2337 3775 2391 ﬁliolam
3805 2354 3820 2390 :

2127 2424 2412 2494 protinus,
2455 2428 2510 2477 te
2544 2428 2605 2478 ut
2648 2424 2715 2477 ad
2747 2428 2800 2478 te
2847 2424 3068 2479 veniret
3096 2430 3461 2495 procurante,
3495 2427 3659 2495 quasi
3710 2426 3826 2478 hoc

2127 2528 2160 2564 a
2209 2528 2299 2565 me
2352 2512 2569 2582 sperari
2629 2513 2934 2582 debuisset,
2998 2518 3314 2585 exceptus:
3377 2515 3617 2568 contulit
3675 2512 3826 2566 mihi

2127 2601 2478 2670 placentium
2520 2602 2625 2655 tibi
2670 2604 3039 2671 consortium,
3093 2609 3149 2656 et
3193 2608 3253 2657 ut
3300 2604 3587 2657 alimentis
3627 2603 3828 2656 afﬂue-

2131 2705 2275 2755 rem,
2328 2694 2382 2741 et
2410 2690 2476 2742 ad
2524 2691 2808 2744 culturam
2841 2696 2999 2745 tuam
3046 2692 3273 2762 fugiens
3324 2693 3672 2745 infidelitatis
3720 2692 3827 2745 ob-

2133 2794 2295 2830 scura
2351 2793 2757 2847 commearem,
2818 2796 2963 2849 pene
3011 2786 3142 2833 ante
3191 2781 3542 2849 agnitionem
3596 2781 3830 2834 desola-

2133 2865 2306 2919 tionis
2368 2882 2531 2933 meae,
2591 2873 2885 2936 coeperunt
2950 2869 3093 2923 mihi
3146 2870 3438 2939 largienda
3500 2874 3827 2940 suppetere.

334 2974 463 3012 cum
496 2959 570 3012 sit
610 2958 783 3024 illius,
818 2959 970 3028 quod
999 2974 1289 3027 vocamur,
1324 2959 1477 3013 illius
1517 2962 1672 3032 quod
1706 2960 1885 3013 vocati
1936 2976 2023 3013 ac-
2063 2988 2105 3042 Ο
2134 2957 2288 3009 Tunc
2330 2956 2581 3026 primum
2614 2973 2681 3009 ex
2722 2957 2983 3011 mendico
3013 2958 3075 3011 in
3116 2975 3312 3027 regem
3364 2964 3634 3022 mutatus,
3680 2957 3831 3011 afﬂi-

337 3047 705 3119 quiescimus,
749 3063 781 3100 a
810 3047 977 3101 nobis
1008 3053 1282 3119 tanquam
1311 3047 1424 3102 sint
1453 3053 1578 3102 orta
1612 3052 2022 3103 munerantur:

339 3139 395 3187 et
425 3135 568 3189 velle
615 3139 788 3203 recta,
822 3139 877 3188 et
906 3136 1180 3205 perﬁcere
1208 3138 1329 3207 ipse
1370 3138 1623 3208 suggerit
1655 3153 1668 3191 :
1702 3142 1895 3189 tamen
1925 3152 2025 3189 ceu

340 3238 443 3293 pro
492 3228 684 3277 nostra
732 3224 1012 3278 obnoxius
1045 3225 1348 3279 devotione
1378 3226 1473 3279 dat
1518 3227 1841 3295 prmmium.
1889 3225 2027 3278 Pro-

340 3311 473 3365 misi
502 3313 694 3379 etiam,
742 3313 790 3366 si
820 3313 1077 3368 clarioris
1107 3314 1277 3369 studii
1308 3331 1399 3368 me
1448 3331 1550 3385 per
1580 3314 1819 3385 gratiam
1868 3330 2028 3367 suam

345 3402 579 3456 donaret
613 3403 898 3468 atfectum,
966 3402 1036 3456 de
1085 3419 1259 3457 manu
1311 3404 1521 3474 linguae
1567 3419 1705 3457 mea:
1756 3403 2033 3457 confessio

345 3491 454 3545 ista
495 3491 845 3562 procederet,
892 3491 961 3544 de
1000 3492 1332 3545 muneribus
1380 3492 1560 3561 ipsius
1603 3493 1882 3563 ingenioli
1924 3493 2034 3546 mei

347 3581 530 3635 eidem
578 3581 807 3651 adipem
849 3581 1105 3645 litarem;
1159 3584 1220 3633 ut
1264 3596 1563 3651 nunquam
1612 3581 1742 3652 styli
1784 3598 1916 3634 cura
1965 3582 2036 3635 de

348 3669 712 3723 saecularium
758 3684 952 3722 rerum
999 3674 1235 3723 ventosa
1286 3670 1641 3723 exsecutione
1689 3672 2033 3724 lassaretur:

349 3758 598 3828 reliquas
630 3758 801 3811 etiam
831 3758 1040 3827 quibus
1067 3758 1417 3828 suggillabar
1447 3759 1725 3812 fceditates
1758 3760 2036 3826 abnuere;

351 3847 398 3900 si
426 3851 622 3900 tamen
654 3846 796 3916 ipse,
834 3847 988 3917 quod
1019 3847 1177 3918 loqui
1205 3848 1522 3918 inspiravit,
1560 3849 1700 3902 velle
1732 3864 1823 3902 me
1851 3849 2037 3904 faciat.

350 3934 674 4005 Supplicavi
700 3940 763 3988 ut
791 3935 1011 3989 adesset
1040 3935 1099 3988 in
1132 3952 1220 3988 mc
1256 3936 1547 3990 beneficiis
1586 3938 1721 4005 suis,
1756 3954 1862 3991 nec
1892 3954 2046 3991 aver-

350 4027 498 4077 teret
536 4038 594 4077 se
626 4022 697 4077 ab
734 4039 824 4089 eo,
856 4040 1027 4094 quem
1056 4025 1297 4095 genuini
1327 4025 1576 4094 praesidii
1602 4028 1779 4081 tutela
1808 4027 2043 4081 destitu-

353 4115 477 4167 tum
524 4111 755 4167 favisset
808 4113 1271 4180 misericorditer,
1322 4119 1377 4168 et
1430 4114 1543 4168 illis
1591 4116 1689 4187 qui
1740 4122 2045 4187 parentum

352 4202 695 4257 laetabantur
724 4202 1073 4271 defensione,
1100 4204 1480 4273 praetulisset:
1512 4209 1647 4259 etut
1676 4206 1797 4260 haec
1828 4204 2045 4261 tribue-

354 4295 552 4346 rentur
577 4306 696 4345 non
716 4291 898 4346 vicem
918 4291 1263 4347 innocentiae
1290 4310 1433 4348 meae
1458 4294 1728 4361 reddidit,
1747 4294 1844 4347 sed
1867 4310 2045 4364 quan-
2082 4281 2125 4334 Ῑ)
2158 4297 2249 4346 tus
2307 4290 2414 4344 sim
2468 4291 2618 4357 dote,
2670 4291 2968 4344 numeravi

354 4385 479 4435 tum
511 4380 709 4451 gratiae
757 4382 881 4453 ejus
923 4382 1155 4437 deberet
1200 4383 1336 4437 felix
1383 4388 1439 4437 et
1467 4384 1723 4438 eruditus
1754 4389 2036 4454 peccator,

357 4471 625 4527 ostendit.
673 4474 817 4528 Nam
864 4472 913 4528 si
961 4473 1101 4528 recti
1149 4473 1463 4528 custodiam
1507 4473 1776 4544 pietatem
1824 4478 2051 4527 secutus

356 4578 473 4617 non
512 4562 820 4634 linqueret,
866 4566 922 4616 et
950 4578 1057 4618 nos
1101 4567 1340 4617 terreret
1378 4566 1441 4615 ut
1466 4561 1701 4627 arbiter,
1737 4564 1793 4615 et
1823 4577 1940 4615 non
1991 4566 2054 4617 ut

358 4655 521 4723 pater
566 4652 818 4720 foveret;
866 4668 1152 4724 nusquam
1184 4652 1273 4706 via
1317 4651 1539 4720 salutis,
1590 4665 1875 4720 nusquam
1928 4666 2054 4705 eva-

430 4776 450 4813 ί
481 4775 653 4831 Beati
699 4775 961 4849 Victoria]
1016 4774 1917 4849 Martyris;Mediolanensis,_ubi
1963 4774 2057 4829 do-

360 4862 488 4903 mus
537 4852 593 4901 et
638 4848 796 4902 sedes
828 4846 1109 4902 Enn'odio.
1160 4846 1240 4902 De
1281 4847 1385 4901 hac
1452 4848 1576 4918 ipsa
1614 4846 1909 4901 curatione
1953 4861 2057 4918 sua

361 4934 534 4992 quam
582 4918 772 4992 infuso
819 4919 974 4992 beati
1011 4918 1249 4992 Victoris
1282 4920 1408 4973 oleo
1451 4916 1788 4992 consecutus
1837 4922 1938 4984 est,
1979 4916 2057 4992 vi-

363 4988 553 5046 dimus
585 4990 684 5046 lib.
716 5007 833 5057 vui,
863 4991 1028 5062 epist.
1062 4992 1149 5043 '24.
1180 4991 1731 5062 Alterumgejnsdem
1765 4988 2055 5058 martyris,

362 5062 467 5118 etsi
514 5078 575 5117 re
618 5077 683 5117 ac
727 5060 917 5118 modo
949 5062 1162 5133 dispar,
1202 5061 1271 5133 in,
1302 5060 1703 5133 Apollinarem
1740 5063 2055 5115 nostratem

362 5134 887 5206 prseterusitatum
918 5131 1439 5206 mor'emucollatum
1466 5131 1817 5206 beneﬁcium
1866 5134 2059 5185 narrat

363 5203 671 5268 Gregorius
700 5206 914 5260 Turon.
950 5204 1049 5258 lib.
1083 5221 1101 5258 1
1132 5203 1342 5268 Mirac.,
1376 5218 1423 5257 c.
1454 5203 1541 5256 45.

434 5279 456 5314 ³
476 5271 601 5350 Ego
619 5275 1112 5350 angoruntjergne
1129 5273 1398 5350 sedecim]
1419 5274 1555 5350 Hinc
1578 5274 1825 5345 petenda
1846 5271 2058 5350 epoche

364 5344 649 5403 annorum
706 5346 972 5402 Ennodii.
1020 5347 1159 5401 Nam
1200 5346 1246 5398 si
1296 5344 1867 5399 sedecimannorum
1915 5349 2056 5411 erat,

364 5436 496 5474 cum
524 5419 905 5475 Theodericus
935 5418 1155 5472 Italiam
1198 5415 1492 5487 ingressus
1522 5420 1626 5482 est,
1660 5431 1887 5487 nempe
1906 5432 2056 5470 anno

364 5493 488 5558 489,
538 5506 894 5562 consequens
940 5494 1022 5544 est
1071 5494 1152 5562 ut,
1212 5486 1434 5562 Valerio
1477 5487 1731 5553 consule,
1794 5486 1895 5559 qui
1950 5487 2059 5542 fuit

366 5578 551 5617 annus
596 5560 805 5616 Christi
852 5564 947 5617 521
997 5565 1054 5615 et
1083 5560 1340 5616 Ennodio
1374 5564 1721 5631 postremus,
1772 5574 2055 5613 annorum

366 5634 539 5689 fuerit
580 5647 698 5688 non
745 5632 993 5704 amplius
1022 5633 1108 5688 48.
1160 5630 1557 5704 Itaque’hunc
1585 5644 1892 5684 numerum
1938 5645 2057 5684 non

2137 3050 2357 3097 ctorum
2406 3045 2628 3097 orditus
2677 3062 2801 3099 sum
2832 3047 2983 3099 mala
3029 3048 3310 3109 deridere,
3352 3052 3408 3101 et
3447 3048 3607 3118 quasi
3638 3047 3835 3100 debita

2137 3132 2281 3186 mihi
2311 3132 2507 3186 fuisset
2539 3134 2907 3203 prosperitas,
2943 3134 3021 3187 sic
3052 3135 3280 3189 illorum
3314 3137 3601 3205 negligere
3633 3140 3834 3188 aucto-

2136 3236 2281 3275 rem.
2326 3222 2449 3274 Non
2482 3226 2670 3274 tamen
2713 3223 3024 3291 perduellis
3055 3223 3280 3277 animus
3311 3230 3364 3277 et
3393 3225 3549 3278 durae
3597 3223 3837 3277 cervicis

2140 3311 2412 3364 continuo
2459 3327 2491 3363 a
2534 3316 2587 3364 te
2637 3317 2829 3364 tumor
2860 3313 3030 3365 elisus
3075 3318 3196 3366 est:
3240 3313 3553 3381 produxisti
3599 3313 3837 3366 ultionis

2141 3402 2423 3468 tempora,
2458 3416 2527 3453 ne
2560 3400 2707 3454 forte
2741 3417 3179 3472 compungerer,
3213 3408 3266 3456 et
3296 3403 3403 3455 hoc
3433 3406 3677 3467 tantum,
3704 3403 3838 3472 quis

2144 3494 2291 3542 esset
2340 3489 2644 3558 prmstitor,
2701 3497 2934 3544 sanatus
2989 3492 3282 3545 sentirem.
3330 3491 3435 3545 Sed
3479 3491 3613 3560 quia
3659 3490 3839 3543 homo

2146 3593 2262 3630 non
2295 3578 2527 3648 corrigit
2558 3595 2623 3632 ex
2656 3579 2895 3649 injuste,
2933 3595 3037 3633 nec
3066 3580 3228 3633 facile
3260 3580 3326 3633 ad
3361 3580 3670 3633 candidum
3708 3583 3844 3648 post

2146 3667 2396 3720 maculas
2454 3668 2729 3734 sedetur;
2783 3669 2911 3721 steti
2967 3668 3025 3721 in
3077 3669 3360 3722 sententia
3411 3685 3536 3721 mea
3584 3668 3681 3721 illa
3728 3683 3847 3738 qua

2149 3756 2431 3823 caderem,
2483 3756 2591 3810 vici
2638 3757 2972 3826 patientiam
3017 3762 3175 3811 tuam
3230 3757 3657 3811 continuatione
3711 3772 3845 3827 pec-

2152 3844 2280 3897 cati.
2336 3846 2401 3898 Et
2432 3845 2587 3916 quia,
2636 3862 2764 3899 cum
2803 3846 2877 3899 sis
2908 3846 3403 3913 clementissimus,
3452 3862 3568 3900 non
3617 3861 3849 3916 semper

2145 3934 2432 4003 justitiam
2468 3934 2714 4004 reponis,
2753 3935 3000 3988 nudatus
3030 3935 3294 4004 praesidio
3317 3940 3436 3998 tuo,
3457 3951 3652 3989 vocem
3684 3935 3846 3988 illam

2155 4039 2285 4094 quae
2336 4023 2551 4077 directa
2603 4028 2687 4077 est
2732 4023 2803 4077 ad
2861 4040 3025 4077 aures
3081 4024 3255 4094 primi
3307 4024 3579 4094 parentis,
3631 4024 3848 4094 accepi,

2154 4110 2343 4167 Adam
2376 4111 2469 4166 ubi
2494 4128 2555 4165 es
2586 4112 2744 4182 (Gen.
2785 4129 2866 4178 Ill,
2900 4112 2992 4180 9)?
3026 4114 3087 4167 ln
3117 4114 3454 4168 confusione
3490 4130 3630 4181 mea,
3662 4130 3850 4185 quan-

2156 4206 2242 4255 tos
2273 4200 2563 4254 amiserim
2594 4200 2912 4255 clementiae
2944 4206 3057 4255 tua:
3084 4202 3401 4269 thesauros,
3435 4207 3489 4257 et
3521 4220 3632 4273 qua
3657 4204 3852 4257 nuda-

3012 4307 3024 4345 :
3072 4307 3265 4345 rerum
3325 4308 3357 4345 a
3407 4297 3456 4346 te
3514 4293 3852 4346 collatarum

2158 4380 2460 4439 aestimatio
2493 4385 2627 4434 tunc
2652 4396 2916 4433 concessa
2945 4383 3050 4449 est,
3085 4396 3215 4434 cum
3246 4379 3387 4433 mihi
3419 4380 3632 4450 periret
3660 4397 3673 4434 :
3706 4382 3858 4434 redii

2159 4470 2230 4524 ad
2259 4486 2350 4525 me
2395 4473 2566 4540 atque
2610 4469 2679 4522 ad
2711 4485 2996 4523 aerumnas
3045 4485 3221 4536 meas,
3266 4473 3320 4523 et
3362 4476 3596 4540 propter
3643 4471 3857 4539 gaudia

2158 4560 2438 4631 producta
2469 4558 2793 4629 Iacrymavi.
2829 4558 3028 4613 Statim
3062 4558 3295 4629 quidem
3329 4559 3441 4613 alio
3474 4559 3702 4623 itinere,
3737 4575 3855 4613 non

2160 4654 2354 4703 tamen
2384 4648 2626 4718 impare,
2660 4646 2995 4701 subvenisti.
3032 4647 3342 4716 Ordinasti,
3375 4651 3437 4701 ut
3465 4664 3569 4718 per
3599 4647 3853 4703 officium

2163 4773 2417 4828 excessit.
2462 4772 2602 4826 Nam
2634 4770 2897 4826 dissimili
2940 4778 3281 4842 argumento
3309 4777 3534 4827 aetatem
3565 4790 3751 4837 suam,
3800 4776 3859 4828 et

2162 4862 2275 4916 quo
2318 4860 2641 4916 annosnos
2690 4844 2866 4897 libros
2915 4844 3126 4911 ederet,
3178 4844 3434 4916 prodidit
3489 4845 3854 4916 Prudentius,

2163 4914 2455 4970 consulem
2484 4914 2740 4968 indicans
2774 4929 2887 4984 quo
2935 4920 3102 4968 natus
3132 4920 3271 4981 erat,
3318 4916 3381 4969 in
3415 4915 3859 4970 Cathemerinon

2164 4987 2519 5057 praefatione,
2553 5002 2724 5056 quam
2749 4990 2940 5039 vetera
2970 4986 3339 5055 exemplaria,
3377 4990 3439 5039 ut
3469 4986 3644 5039 totius
3666 4987 3861 5056 operis

2164 5057 2534 5184 frudentiani
2564 5057 2932 5126 prooemium,
2972 5057 3031 5111 in
3062 5058 3253 5127 prima
3283 5057 3407 5128 ejus
3439 5057 3626 5112 fronte
3652 5059 3860 5113 merito

2185 5134 2369 5184 ocant.

2185 5134 2369 5184 ocant.

2476 5198 2694 5260 Irrepsit
2722 5198 2893 5247 subito
2924 5198 3144 5247 canities
3177 5198 3306 5255 seni,

2475 5260 2706 5324 Oblitum
2734 5260 2923 5324 veteris
2955 5274 3048 5324 me,
3063 5260 3226 5324 Saliae
3246 5273 3491 5324 arguens,

2537 5322 2645 5371 Sub
2678 5336 2783 5386 quo
2814 5322 2982 5385 prima
3001 5322 3112 5372 dies
3141 5323 3288 5372 mihi.

2164 5412 2313 5470 Salia
2368 5414 2565 5466 consul
2598 5428 2726 5465 cum
2763 5410 3028 5481 Philippo
3076 5411 3186 5467 fuit
3216 5428 3366 5467 anno
3404 5413 3527 5467 348.
3578 5411 3675 5468 His
3720 5412 3863 5468 adde

2166 5501 2347 5541 annos
2388 5487 2453 5557 57
2490 5499 2632 5557 quos
2679 5488 2873 5557 egerat
2901 5482 3246 5539 Prudentius
3280 5500 3294 5538 :
3343 5484 3635 5557 reliquum
3666 5490 3759 5540 est
3803 5490 3865 5539 ut

2166 5562 2286 5613 huic
2314 5554 2603 5627 scripserit
2631 5570 2781 5609 anno
2813 5556 2935 5609 405.
