4060 6174
184 336 262 389 249
1397 324 1647 381 ΡΑΒᾹΞΝ
1657 325 1805 383 ESIS

1957 326 2325 381 lASCALlCA.

3498 331 3605 384 ‘250

187 470 421 524 levitarum
469 467 688 518 coactus
720 477 966 529 sanares,
1021 466 1078 516 et
1126 461 1359 532 impacti
1390 462 1622 517 honoris
1671 479 1791 517 sar-
1828 464 1875 518 Α
1906 462 2201 529 rilitatem,
2252 462 2535 533 religioso:
2584 478 2807 518 mecum
2843 462 3196 517 habitudinis
3231 464 3436 518 decora
3474 479 3605 535 par-

182 560 275 613 cina
316 554 448 627 quod
476 555 769 624 premebat
807 569 852 633 'a
912 567 1002 605 me
1062 552 1287 622 pondus
1334 558 1645 607 amoveret.
1698 553 1801 606 Sed

182 653 425 718 postquam
457 641 790 695 venerandae
835 656 927 694 me
962 657 1229 711 pressura
1277 641 1571 711 dignitatis
1615 642 1803 695 absol-

180 738 252 799 vit,
288 732 437 788 habui
464 732 527 785 de
560 731 728 784 titulo
761 731 1023 799 genium,
1055 745 1173 784 non
1223 730 1292 784 de
1325 731 1561 784 actionis
1619 732 1804 785 nitore

180 820 535 877 conscientiam.
569 819 611 872 Ο
653 835 814 871 mens
844 819 1035 888 rigore
1088 817 1367 872 inebriata
1398 820 1669 884 veneﬁco,
1701 836 1806 873 nec

180 910 394 981 exemplis
434 909 726 973 instructa,
769 924 872 961 nec
920 906 1186 961 monitis!
1235 908 1292 961 Si
1340 908 1547 962 desunt
1581 908 1682 963 tibi
1712 924 1803 961 ve-

181 1000 458 1056 narabilium
503 998 833 1067 magisteria
888 996 1168 1050 librorum
1202 998 1268 1051 ad
1322 998 1665 1067 profectum,
1716 997 1804 1050 in-

180 1088 373 1141 formare
400 1085 725 1155 suppliciis:
769 1088 824 1138 et
868 1084 976 1137 nisi
1020 1089 1075 1137 te
1109 1101 1269 1139 emno
1312 1086 1650 1155 perditionis
1698 1086 1805 1138 im-

180 1177 358 1245 mergis,
390 1175 592 1227 habere
625 1178 783 1244 potes
833 1174 901 1227 de
935 1189 1101 1244 poena
1131 1174 1470 1227 doctrinam.
1529 1175 1637 1229 Sed
1688 1175 1807 1228 haec

178 1266 305 1319 faciat
346 1264 398 1316 in
444 1263 607 1316 nobis
639 1264 735 1316 ille
780 1264 879 1333 qui
927 1264 1216 1333 praecepit,
1268 1269 1324 1317 et
1370 1270 1429 1318 ut
1469 1280 1633 1333 pares
1683 1265 1806 1333 ejus

179 1354 427 1408 existamus
462 1352 745 1422 imperiis,
797 1353 919 1422 ipse
975 1354 1269 1406 nobiscum
1326 1354 1479 1423 quod
1530 1353 1803 1422 injungit,

180 1447 409 1513 operetur.
458 1442 585 1493 Haec
644 1447 699 1495 et
756 1442 865 1495 alia
915 1443 1100 1511 plura,
1156 1442 1303 1496 sicut
1341 1442 1612 1511 praefatus
1662 1458 1804 1503 sum,

177 1548 253 1600 per
286 1536 463 1585 testem
531 1530 1002 1600 probatissimum
1059 1530 1291 1583 beatum
1346 1530 1627 1583 Victorem
1670 1530 1807 1583 inti-

178 1620 339 1673 manda
361 1619 648 1690 suggessi:
684 1636 786 1672 nec
832 1620 1079 1690 requies,
1112 1635 1216 1672 nec
1252 1635 1413 1671 mora
1446 1620 1809 1688 procuranda

1910 552 2132 619 tiretur,
2168 558 2224 605 et
2272 554 2435 607 fieret
2472 552 2729 623 praeclari
2757 553 2865 607 dux
2895 552 3109 607 femina
3134 552 3304 607 tituli.
3350 554 3458 608 Sed
3490 554 3603 608 uti-

1910 658 2044 696 nam
2073 659 2271 697 sexum
2320 643 2577 711 fragilem
2635 644 2695 697 in
2744 642 2921 695 animi
2956 643 3163 695 virtute
3208 658 3601 713 sequeremur,

1912 737 1970 785 et
2034 732 2255 785 actione
2320 732 2495 785 nobili
2572 748 2687 784 non
2747 737 2966 786 tantum
3024 733 3325 785 excelleret
3378 733 3601 798 merito,

1912 826 2189 892 quantum
2237 822 2501 875 femineae
2549 820 2955 873 imbecillitatis
2984 821 3147 890 sequi
3182 822 3472 875 videretur
3504 821 3604 874 ob-

1912 915 2095 964 tentu.
2150 911 2249 963 Illa
2300 910 2566 981 pretiosae
2597 909 2792 979 vigore
2849 908 3181 962 constantiae
3220 911 3371 963 mala
3418 909 3604 963 carnis

1912 1004 2043 1053 vota
2078 1000 2423 1070 perdomuit,
2472 1003 2527 1051 et
2571 997 2913 1051 aftectiosam
2962 998 3201 1051 servavit
3244 998 3604 1067 pudicitiam,

1914 1105 2028 1143 non
2060 1094 2329 1142 coactam.
2368 1090 2464 1141 illa
2511 1088 2647 1139 recti
2679 1086 3117 1149 observantiam,
3154 1088 3289 1139 dum
3323 1088 3607 1141 obstinate

1914 1178 2122 1249 diligit,
2170 1179 2251 1231 ire
2300 1177 2574 1247 compulit
2622 1176 2679 1228 in
2730 1180 3014 1228 naturam.
3055 1176 3280 1229 Utinam
3314 1192 3431 1229 non
3464 1176 3610 1229 mihi

1916 1269 1973 1321 in
2005 1269 2103 1322 illa
2147 1266 2386 1319 districti
2432 1268 2785 1334 proponatur
2830 1265 2972 1317 hora
3011 1264 3215 1331 judicii
3242 1284 3255 1329 ;
3286 1269 3339 1317 et
3370 1265 3503 1317 dum
3550 1266 3611 1318 in

1916 1357 2249 1410 inﬁrmitate
2282 1372 2380 1407 sua
2412 1355 2569 1407 fortis
2601 1353 2951 1423 apparuerit,
2987 1369 3091 1423 ego
3122 1354 3181 1405 in
3224 1354 3468 1406 naturali
3497 1354 3607 1406 vir-

1917 1450 2034 1499 tute
2066 1446 2169 1499 sim
2215 1444 2468 1510 fragilis!
2522 1446 2674 1509 Ecce,
2723 1442 2991 1509 Domine,
3027 1443 3283 1495 recensni
3314 1442 3435 1512 ipsa
3481 1459 3609 1511 qua:

1917 1551 2178 1599 noveras,
2212 1538 2265 1585 et
2296 1533 2353 1585 in
2385 1549 2449 1585 ea
2480 1537 2699 1585 tantum
2744 1531 2825 1583 fui
2858 1531 3041 1584 fidelis
3074 1536 3255 1599 parte,
3290 1536 3352 1583 ut
3388 1546 3505 1583 non
3531 1547 3613 1583 ra-

1918 1640 2113 1693 perem
2165 1622 2319 1693 quod
2386 1622 2638 1675 tenebas.
2695 1620 2920 1687 Adesto,
2986 1636 3086 1673 rex
3144 1620 3364 1689 glorim,
3416 1620 3612 1672 adesto

176 1709 389 1762 leutavit:
423 1708 756 1779 petitionem
790 1724 976 1761 meam
1010 1708 1274 1777 suscepit,
1310 1708 1621 1777 replicavit,
1658 1710 1801 1762 obti-
1845 1748 1885 1802 Β
1920 1710 2281 1781 supplicanti,
2326 1714 2379 1763 et
2412 1710 2723 1763 secundum
2756 1708 3125 1777 benignitatis
3164 1712 3277 1760 ture
3309 1712 3611 1761 consuetu-

178 1799 282 1850 nuit.
312 1798 408 1850 Hoc
438 1797 685 1867 amplius
735 1797 1072 1867 suffragator
1128 1813 1290 1849 meus
1325 1797 1587 1861 emeruit,
1631 1814 1803 1868 quam

177 1888 375 1957 poposci,
402 1892 460 1939 ut
489 1887 613 1957 lilia
644 1903 771 1957 qua:
806 1902 1031 1939 mecum
1064 1886 1418 1939 matrimonii
1460 1887 1662 1940 habuit
1715 1904 1810 1957 pa-

228 2014 239 2042 ‘
271 2011 538 2082 Religiosae
583 2012 828 2083 mecum]
852 2013 1049 2066 Simile
1083 2014 1358 2084 quiddam
1390 2013 1621 2068 Ruricio
1662 2014 1805 2067 acci-

177 2083 283 2137 disse
320 2084 497 2137 scribit
548 2084 788 2137 Faustus
832 2083 1295 2155 lteiensis'epist.
1332 2090 1383 2150 7,
1420 2091 1480 2138 ut
1522 2102 1652 2139 cum
1683 2087 1808 2155 ipso

1920 1800 2134 1865 dinem,
2160 1802 2422 1852 secutura
2444 1798 2700 1866 dispone.
2726 1798 2969 1852 GLOIHA
2999 1811 3214 1861 eum,
3245 1811 3312 1850 ET
3336 1810 3611 1863 FlLIO,ET

1923 1904 2216 1943 SPlRITUI
2264 1902 2527 1943 SANCTO.

1918 2015 2251 2069 ﬁdelissima
2282 2015 2467 2075 Sarra,
2506 2014 2563 2067 id
2606 2018 2688 2068 est
2719 2014 2923 2085 conjux
2960 2029 3082 2078 sua,
3112 2014 3216 2067 sub
3252 2030 3365 2069 uno
3408 2012 3613 2069 Christi

1911 2088 2053 2157 jugo
2077 2089 2145 2141 ad
2180 2102 2547 2139 communem
2580 2086 2840 2139 tenderet
2871 2102 3158 2139 coronam.

1300 2288 1898 2379 OPUSCULUM
1987 2290 2429 2379 SEXTUM.

818 2440 1257 2492 l'armnesls
1295 2443 1776 2494 didascalici:
1817 2445 1917 2493 ad
1956 2444 2463 2494 Ambrosium
2500 2445 2577 2493 et
2616 2444 2959 2492 Beatum.

227 2612 318 2664 Deo
361 2612 754 2685 obsequimnr,
804 2615 943 2669 dum
986 2615 1107 2685 ejus
1140 2617 1535 2671 convenientia
1583 2617 1814 2670 monitis

172 2698 498 2768 imperamus:
533 2720 674 2756 nam
708 2705 861 2774 quod
902 2704 1168 2774 petitioni
1202 2712 1402 2759 vestrae
1442 2706 1627 2759 studio
1668 2706 1812 2759 cari-

174 2790 269 2839 tatis
310 2792 737 2861 acquiescimus,
791 2796 1027 2863 mystica
1078 2800 1212 2847 sunt
1270 2800 1572 2864 prazcepta.
1628 2796 1814 2849 Multis

173 2879 337 2931 etenim
380 2882 898 2951 supplicationibus
950 2883 1234 2952 exegistis,
1286 2889 1351 2935 ut
1396 2884 1608 2951 pagina
1656 2884 1814 2937 vobis

175 2969 571 3025 concinnationis
624 2972 976 3025 didascalicaa
1024 2974 1358 3041 ﬁngeretur.
1392 2974 1597 3025 Volens
1632 2989 1720 3025 me
1754 2974 1813 3026 in
1854 2992 1894 3045 ρ

173 3058 430 3111 multorum
461 3061 598 3129 jura
631 3061 871 3113 submisi
899 3076 911 3113 :
946 3061 1081 3130 quia
1110 3062 1335 3127 videbo,
1372 3062 1509 3131 quid
1542 3062 1599 3131 in
1630 3062 1816 3115 verbis

176 3145 455 3201 adhibeatur
485 3150 812 3215 examinis;
840 3150 1046 3203 sufficit
1078 3151 1125 3203 si
1160 3167 1248 3204 me
1282 3151 1338 3204 in
1373 3157 1500 3204 voto
1537 3152 1815 3222 praedice-

174 3234 237 3286 tis.
273 3236 368 3305 Ego
407 3242 604 3291 tamen
636 3239 695 3291 in
726 3238 946 3291 foribus
995 3239 1316 3309 scriptionis
1364 3241 1514 3310 quod
1569 3242 1816 3294 viviticat

175 3337 261 3375 non
287 3326 483 3379 tacebo.
526 3328 712 3380 Deum
744 3331 861 3379 tota
895 3328 1099 3380 mentis
1130 3328 1446 3381 intentione
1482 3331 1708 3383 mundis
1732 3334 1813 3384 tes

174 3418 269 3464 nete
299 3414 615 3482 visceribus,
646 3421 701 3468 et
746 3416 892 3468 circa
936 3433 1030 3468 vos
1076 3432 1312 3485 precum
1360 3418 1816 3487 frequentatione

174 3502 385 3568 mulcele,
411 3505 583 3557 nullis
611 3505 679 3557 ab
702 3521 767 3557 eo
790 3504 1113 3558 animarum
1137 3505 1626 3572 fornicationibns,
1659 3510 1817 3562 nulla

175 3592 493 3647 transactione
545 3594 803 3647 deducti.
856 3595 1057 3647 Fovete
1092 3595 1264 3648 etiam
1314 3595 1621 3665 proximos,
1675 3614 1818 3667 quos

175 3678 273 3731 facit
315 3683 562 3735 naturale
602 3682 954 3750 collegium;
1000 3688 1055 3736 et
1098 3700 1168 3736 ne
1203 3684 1359 3754 quod
1406 3685 1562 3737 vobis
1606 3686 1818 3739 factum

175 3765 317 3821 dolori
358 3776 519 3837 esset,
575 3788 679 3823 vos
712 3771 909 3824 fecisse
944 3772 1258 3840 gaudeatis.
1297 3774 1476 3844 Hujus
1526 3774 1661 3827 boni
1695 3774 1816 3827 fru-

172 3860 261 3907 ctus
292 3864 385 3923 est,
415 3860 702 3930 quidquid
735 3864 981 3928 optatur.
1019 3863 1100 3915 Me
1146 3867 1339 3915 tamen
1385 3864 1485 3916 diu
1512 3868 1820 3917 tenuerunt

177 3944 361 3999 anxium
393 3948 827 4002 deliberationis
860 3950 1097 4016 incerta,
1124 3956 1315 4005 utrum
1344 3954 1412 4006 ad
1447 3970 1543 4005 vos
1578 3970 1679 4024 per
1705 3970 1818 4007 car~

172 4047 287 4099 men,
332 4054 397 4089 an
450 4038 751 4108 epistulari
798 4039 923 4108 iege
966 4040 1137 4093 verba
1180 4042 1626 4111 promulgarent.
1666 4043 1821 4113 Elegi

174 4122 482 4180 affectionem
542 4144 736 4181 meam
769 4128 917 4180 circa
947 4144 1041 4180 vos
1073 4133 1314 4199 utroque
1399 4132 1621 4184 dicendi
1679 4134 1819 4186 calle

173 4213 477 4276 patefacere:
532 4216 675 4287 quia
705 4220 761 4269 et
810 4217 1238 4287 praecipientem
1288 4219 1447 4272 decet
1496 4220 1657 4273 fortis
1707 4223 1822 4276 elo-

2067 2618 2329 2672 Resolvat
2354 2616 2540 2669 studio
2566 2615 2804 2684 jubente
2838 2615 3042 2669 fortes:

2065 2708 2136 2761 At
2166 2724 2269 2759 nus
2300 2707 2494 2759 Pierize
2522 2706 2757 2758 modum
2789 2706 3033 2775 loquelae

2067 2798 2128 2849 In
2161 2801 2385 2848 tantum
2417 2796 2729 2864 sequimur,
2766 2799 3038 2846 mouente
3065 2810 3222 2856 cura,

2064 2883 2350 2946 Quantum
2381 2884 2475 2936 dat
2507 2884 2729 2952 genius,
2760 2882 3040 2952 vigorque
3068 2882 3188 2935 veri

2067 2973 2275 3025 Christi
2309 2972 2504 3025 militis
2537 2971 2770 3024 insitum
2806 2972 3055 3041 rigorem

2065 3061 2360 3114 Elumbem
2396 3061 2650 3131 patimur
2676 3076 2873 3113 cavere
2904 3061 3159 3113 ductum.

1998 3151 2148 3220 Ergo
2196 3150 2477 3203 dictorum
2525 3149 2868 3219 aliquotiens
2898 3165 3123 3203 amoena
3153 3148 3458 3218 fugientes,
3493 3162 3614 3201 ma-

1926 3239 2130 3292 teriam
2180 3240 2416 3292 solidam
2450 3255 2552 3291 suo
2587 3255 2682 3291 ore
2712 3238 3087 3303 celebremus,
3124 3255 3191 3290 ne
3239 3237 3449 3290 sentiat
3481 3237 3614 3290 viri-

1927 3329 2054 3381 litas
2086 3329 2271 3397 operis
2322 3328 2572 3381 enervati
2619 3329 2829 3381 damna
2879 3329 3178 3379 sermonis.
3235 3328 3354 3379 Non
3406 3328 3618 3396 refugit

1928 3417 2338 3488 professionem
2390 3434 2572 3470 meam
2621 3418 2920 3469 monitoris
2969 3416 3242 3481 officium,
3293 3415 3426 3486 quia
3457 3417 3619 3469 decet

1926 3506 2311 3576 praecedentes
2342 3506 2663 3559 emendatio
2703 3522 2715 3558 :
2746 3510 2803 3558 et
2831 3506 2975 3559 sicut
3004 3511 3131 3575 post
3152 3510 3376 3574 tergum
3408 3505 3617 3558 relictis

1928 3612 2032 3665 par
2059 3600 2141 3648 est
2161 3595 2337 3647 facem
2368 3595 2433 3647 de
2458 3594 2784 3647 innocentia
2808 3594 3074 3665 proferri;
3101 3594 3177 3647 ita
3210 3595 3352 3647 ratio
3374 3595 3616 3664 flagitat,

1929 3684 2181 3737 utetiam
2200 3682 2386 3736 verbis
2407 3684 2515 3737 iter
2536 3685 2687 3753 quod
2710 3690 3025 3754 sequantur
3046 3684 3348 3737 ostendas:
3384 3700 3515 3736 cum
3539 3684 3619 3736 di-

1929 3773 2047 3825 vini
2066 3788 2197 3825 voce
2223 3777 2437 3827 constet
2454 3772 2814 3838 liortaminis,
2836 3777 3028 3845 Argue
3047 3773 3365 3844 sapientem
3386 3775 3440 3825 et
3464 3789 3618 3826 ama-

1931 3860 2008 3913 bit
2039 3866 2088 3916 Ic
2116 3863 2297 3931 (Prov.
2335 3878 2405 3929 ix,
2432 3866 2484 3930 8)
2518 3878 2529 3914 :
2560 3868 2751 3915 etnon
2777 3863 3008 3917 reticeat
3028 3862 3313 3916 saecularis
3351 3870 3614 3915 assertor.

1930 3950 2036 4013 Qui
2080 3956 2489 4019 praeceptorem
2535 3953 2713 4005 stlncti
2748 3954 2974 4005 voluere
3010 3954 3429 4023 parentis-esse
3470 3953 3615 4005 loco.

1928 4041 2058 4094 Jure
2092 4039 2244 4092 enim
2287 4039 2345 4091 in
2378 4040 2696 4093 affectionis
2729 4041 3034 4110 supercilio
3069 4042 3398 4106 collocatur,
3448 4056 3618 4110 quem

1931 4128 2253 4198 benignitas
2299 4129 2620 4195 corrigendi
2674 4131 2996 4200 promptius
3047 4130 3248 4181 asserit
3279 4146 3450 4199 quam
3497 4129 3623 4198 ipsa

1931 4223 2133 4271 natura
2156 4218 2403 4286 generis.
2427 4218 2700 4272 Genuisse
2723 4220 2934 4271 etenim
2960 4218 3210 4272 libidinis
3227 4218 3617 4271 testimonium

173 4300 310 4367 cutio,
351 4311 405 4357 et
474 4306 694 4375 pressis
749 4306 1142 4360 admonitione
1196 4308 1480 4362 mentibus
1541 4311 1819 4365 mollioris
1860 4328 1903 4382 ι)
1936 4312 2020 4361 est
2066 4306 2321 4359 erudisse
2361 4307 2603 4376 pietatis.
2644 4308 2788 4376 Ergo
2833 4308 2900 4360 ad
2947 4307 3377 4377 disciplinarum
3431 4321 3621 4359 arcem

172 4391 272 4457 styli
312 4408 437 4448 cura
485 4395 852 4449 subvenitur.
904 4396 1049 4465 Ergo
1100 4396 1349 4467 benigne
1394 4405 1588 4453 exacta
1647 4402 1824 4455 susci-

178 4478 280 4545 pite.

736 4587 897 4627 LAES
942 4587 1270 4627 VERSUUM.

282 4660 540 4723 Quamvis
572 4661 650 4715 sit
679 4666 944 4715 tenerum
975 4664 1203 4717 madore
1234 4664 1438 4733 mellis,

282 4749 669 4822 Quodcunque
695 4752 945 4820 strepuit
977 4767 1180 4821 parens
1211 4755 1496 4821 Camcena,

282 4839 339 4891 Et
367 4842 563 4894 ﬁctum
599 4841 796 4911 lepido
828 4841 1012 4894 nitore
1040 4858 1272 4895 carmen

282 4928 528 4999 Captivet
561 4930 768 4984 docilis
799 4936 1089 4985 momenta
1119 4932 1333 4985 cordis:

280 5017 381 5071 Nec
410 5035 649 5088 semper
668 5020 867 5073 deceat
889 5036 1094 5092 poema
1124 5020 1327 5089 virtus,

282 5104 428 5170 Quod
452 5109 542 5162 lex
577 5109 922 5180 praecipiens
950 5114 1145 5164 tenere
1169 5110 1387 5163 fluxum

223 5230 233 5261 ¹
270 5232 579 5310 Parznesis
610 5235 994 5310 didascalicaj
1029 5239 1243 5291 Auctor
1291 5235 1410 5305 ipse
1441 5236 1827 5310 sub__initium

168 5306 637 5375 concinnationem
700 5306 1130 5362 diadaseal'icam
1198 5312 1379 5375 vocat,
1441 5312 1496 5360 et
1551 5306 1651 5361 lib.
1712 5326 1827 5373 vni,

1935 4400 2330 4466 properantes,
2374 4400 2613 4448 matrem
2647 4396 2930 4449 bonorum
2974 4412 3212 4464 operum
3243 4399 3427 4447 amate
3461 4409 3620 4447 vere-

1934 4484 2231 4538 cundiam:
2270 4500 2399 4555 qum
2431 4484 2509 4538 ita
2538 4500 2602 4537 ex
2653 4501 2711 4537 se
2760 4484 3048 4537 variarum
3096 4484 3311 4553 species
3345 4482 3620 4537 virtutum

1934 4574 2172 4629 fecunda
2218 4578 2272 4627 et
2317 4574 2476 4644 virgo
2511 4574 2779 4644 parturit,
2816 4578 2875 4626 ut
2907 4573 3268 4643 impudentia
3314 4588 3523 4643 procax
3570 4579 3626 4627 et

1937 4669 2204 4734 corrupta
2258 4662 2549 4716 vitiorum.
2598 4666 2724 4717 Haec
2780 4679 2877 4716 vos
2934 4662 3039 4715 hac
3095 4678 3251 4725 voce,
3286 4668 3352 4717 ut
3399 4662 3469 4717 ad
3499 4678 3625 4718 eam

1937 4753 2202 4820 tendatis,
2228 4754 2506 4807 hortetur.

2569 4855 2999 4895 VERECUNDIA.

2078 4930 2343 5001 Tinguite
2376 4930 2681 4983 candentes
2714 4946 2878 4984 roseo
2908 4929 2975 4983 de
3008 4929 3223 4983 murice
3256 4929 3463 4997 vultus,

2220 5021 2405 5089 Atque
2438 5019 2610 5072 ﬁdem
2644 5035 2871 5072 morum
2902 5019 3135 5088 pandite
3169 5020 3236 5073 de
3266 5019 3430 5073 facie.

2079 5110 2144 5162 In
2177 5109 2341 5161 niveo
2373 5124 2647 5179 spargens
2683 5108 2936 5163 maculas
2969 5109 3045 5162 sis
3082 5109 3372 5180 pulchrior
3403 5124 3521 5176 ore,

1938 5238 2081 5299 tum,
2136 5234 2240 5288 etsi
2274 5234 2452 5303 patris
2497 5234 2618 5303 ejus
2661 5252 2868 5289 nomen
2926 5252 3042 5290 non
3088 5234 3295 5304 prodit,
3344 5233 3631 5287 nobilissi-

1940 5322 2097 5385 mum
2143 5313 2209 5385 et
2248 5307 2552 5385 sublimen}
2608 5308 3029 5385 adolescentem
3077 5306 3323 5385 appellat
3369 5304 3629 5385 libuvnr,

168 5382 300 5450 θριξὶ.
332 5379 412 5443 28,
446 5381 751 5447 epistolam
786 5380 1189 5434 admonitionis
1224 5397 1235 5435 :
1270 5380 1503 5449 dignam
1531 5396 1666 5433 sane
1701 5396 1829 5450 qua:

172 5441 914 5522 adplescentibusromnibus,
966 5453 1064 5522 qui
1098 5453 1165 5505 ad
1202 5441 1468 5505 virtutem
1504 5456 1560 5505 et
1612 5441 1832 5505 litteras

172 5514 539 5588 informantur,
606 5521 848 5591 legenda
902 5514 1002 5575 ac-
1036 5523 1334 5591 paedagogi
1392 5524 1512 5575 loco
1564 5524 1832 5577 sectanda

173 5598 508 5662 proponatur.
549 5594 753 5645 Beatus
795 5598 851 5647 et
878 5592 1212 5646 Ambrosius
1255 5593 1327 5646 ad
1374 5609 1514 5662 quos
1546 5610 1611 5647 ea
1656 5595 1829 5648 missa

174 5660 660 5737 eithefepistolis
702 5664 822 5737 noti
867 5660 1434 5737 sunt‘.__Ambrosiur_n
1476 5663 1629 5717 enim
1680 5666 1829 5737 Ean-

174 5730 280 5781 stini
318 5730 498 5787 ﬁlium
537 5734 715 5787 fuisse
756 5736 952 5790 docuit
998 5734 1096 5788 lib.
1136 5751 1206 5801 ix,
1241 5735 1403 5806 epist.
1438 5736 1471 5788 2
1515 5742 1569 5791 et
1601 5737 1651 5789 3.
1690 5736 1825 5789 Bea-

1941 5377 2105 5445 epist.
2141 5380 2206 5431 38
2243 5382 2291 5430 et
2328 5380 2413 5430 39.
2461 5378 2543 5431 Ad
2575 5379 2839 5431 eumdem
2889 5379 3061 5433 etiam
3097 5377 3311 5445 aliquot
3360 5380 3493 5428 sunt
3519 5377 3633 5445 epi-

1942 5447 2096 5501 stola:
2136 5449 2399 5512 Ennodii,
2444 5454 2499 5500 et
2546 5449 2833 5503 Ambrosii
2887 5451 3119 5502 nomine
3171 5448 3561 5501 controversia
3610 5448 3632 5480 θ

1943 5518 2001 5571 in
2052 5520 2384 5573 aleatorem.
2434 5520 2765 5573 Ambrosius
2798 5537 2928 5572 Vt'l‘u
2964 5521 3007 5571 is
3051 5519 3275 5571 videtur
3307 5518 3402 5585 qui
3438 5526 3633 5588 postea

1944 5596 2195 5659 quaestor
2239 5592 2343 5644 fuit
2366 5592 2671 5645 Athalarici
2703 5592 2873 5660 regis,
2910 5590 3059 5660 apud
3091 5590 3493 5644 Cassiodorum
3527 5591 3627 5644 lib.

1940 5676 2057 5724 \‘lll,
2093 5662 2254 5732 epist.
2302 5663 2356 5715 l3
2392 5667 2448 5715 et
2486 5664 2564 5715 lvi.
