4060 6174
340 304 437 357 251

622 434 766 490 Cum
793 433 1003 489 sudans
1031 436 1296 490 tenerum
1325 431 1547 489 roscida
1574 433 1719 489 colla
1752 432 1920 490 feras.

482 524 571 580 Nil
598 524 703 580 tibi
732 524 862 596 plus
889 524 1091 595 lingua
1119 522 1357 593 tribuas,
1388 538 1561 595 quam
1593 522 1878 579 schemate

1716 611 1958 683 [frontis.

625 703 915 776 Quidquid
945 717 1134 757 amare
1164 701 1326 771 libet,
1352 701 1487 757 hinc
1515 702 1619 758 tibi
1648 701 1906 757 concilia.

413 793 583 850 Nefas
628 797 711 848 est
734 792 886 860 .huic
919 796 1035 846 tam
1079 808 1241 847 sacro
1291 808 1491 847 manus
1523 808 1733 864 negare
1776 790 2034 861 consilio,

343 883 572 955 quando
602 886 656 936 et
692 881 816 951 ipsa
838 897 966 952 quae
997 881 1271 952 loquitur,
1304 882 1617 953 quaestuosi
1645 882 1866 937 decoris
1904 882 2034 937 dote

340 971 628 1039 redimita,
660 969 971 1024 nobilitatis
994 970 1078 1024 vel
1108 970 1419 1041 amplificat
1446 970 1597 1025 bona
1633 972 1722 1025 vel
1752 970 2031 1042 suggerit.

341 1059 549 1115 Pudori
572 1074 705 1128 ergo
727 1062 1029 1128 cognatam
1051 1075 1278 1129 semper
1292 1060 1500 1114 sociate
1512 1059 1844 1131 pudicitiam
1872 1075 2035 1130 :qua:

340 1148 519 1203 astatis
577 1148 973 1218 prmjudicium
1018 1164 1160 1201 cana
1214 1149 1610 1203 moderatione
1684 1155 2031 1218 temperans,

341 1238 506 1291 annis
538 1236 761 1291 fervore
792 1238 1148 1290 tumentibus
1179 1237 1501 1307 peregrinae
1525 1237 1706 1308 frigus
1736 1238 2036 1308 dispensa-

340 1326 515 1381 tionis
547 1326 892 1380 admisceat:
923 1330 979 1379 et
1009 1327 1258 1380 edomita
1280 1327 1490 1380 erroris
1523 1326 1875 1396 appetentia,
1912 1343 2032 1381 car-

341 1431 473 1469 nem
536 1431 740 1485 sapore
807 1420 1015 1467 sancta:
1072 1414 1515 1469 conversationis
1572 1416 1832 1482 illiciens,
1893 1415 2036 1469 recti

340 1503 699 1573 diligentiam
753 1503 1066 1557 studiosam
1122 1504 1184 1557 in
1242 1504 1396 1557 vobis
1444 1504 1621 1557 videri
1669 1504 1859 1573 faciat,
1900 1520 2035 1570 ,non

342 1597 615 1645 coactam.
670 1594 796 1646 Haec
844 1597 1035 1645 tamen
1094 1592 1305 1646 ventris
1353 1593 1727 1663 castigatione
1775 1608 2037 1663 procure-

341 1685 456 1747 tur,
498 1696 604 1735 nec
641 1680 873 1735 inimica
904 1683 1026 1751 ejus
1055 1681 1404 1736 ferculorum
1426 1682 1718 1753 populosis
1749 1682 2035 1736 nutriatur

343 1769 649 1824 erroribus.
690 1770 874 1840 Exigit
923 1770 1078 1825 enim
1129 1772 1490 1837 comessatio,
1536 1788 1744 1841 magno
1793 1771 2034 1842 quaesita

343 1859 669 1929 dispendio,
718 1858 890 1913 etiam
950 1860 1238 1913 bonorum
1288 1860 1499 1914 damna
1554 1861 1913 1926 meritorum,
1977 1865 2035 1913 et

344 1965 458 2002 uno
490 1947 630 2001 calle
663 1964 888 2002 morum
935 1947 1175 2002 veniunt
1223 1948 1565 2003 detrimenta
1612 1950 1702 2003 vel
1732 1965 2030 2003 censuum.

344 2038 478 2091 Hmc
509 2038 554 2090 si
586 2038 654 2091 ad
688 2054 784 2090 vos
814 2053 1075 2107 gressum
1123 2038 1494 2108 protenderit,
1550 2038 1640 2093 his
1668 2054 1796 2093 eam
1838 2044 2036 2092 tonare

348 2130 573 2197 oportet
604 2125 865 2198 eloquiis.

1033 2230 1361 2271 CASTITAS.

485 2304 572 2357 Nil
606 2320 799 2357 moror
824 2303 1060 2358 afﬂictos
1092 2310 1418 2359 constanter
1450 2304 1691 2375 prodere
1720 2305 1928 2372 vultus,

488 2394 635 2448 Dum
675 2392 817 2446 mihi
840 2395 1182 2463 praeniteaut
1210 2395 1350 2448 casti
1385 2399 1761 2449 monumenta
1792 2394 2036 2449 decoris.

487 2480 732 2550 Pinguia
775 2497 911 2535 nam
940 2487 1175 2535 tenuem
1203 2482 1481 2535 suifocant
1509 2498 1753 2551 corpora
1783 2499 2037 2550 sensum,

485 2571 553 2622 Et
582 2570 727 2622 male
753 2570 899 2623 farta
930 2586 1059 2623 suas
1093 2573 1430 2625 conculcant
1461 2571 1673 2624 viscera
1702 2576 1943 2626 mentes.

487 2661 559 2712 At
606 2659 748 2712 mihi
794 2675 935 2712 crux
986 2658 1195 2730 cuSpis,
1244 2676 1381 2713 crux
1424 2662 1670 2727 scutum,
1718 2665 1734 2697 ί
1786 2677 2042 2731 cruxque

524 2750 529 2753 “
1687 2748 1936 2822 [thoraca
1958 2767 1969 2803 :

490 2837 601 2890 Hac
646 2839 830 2907 tegar,
877 2835 984 2891 hac
1039 2836 1265 2905 feriam,
1327 2837 1432 2891 hac
1482 2837 1637 2908 pacis
1679 2838 1892 2893 foedera
1940 2838 2044 2891 lir-

1779 2930 1972 2993 [mem.

1530 298 1633 359 EN
1640 300 1837 358 NODII
1877 302 2196 361 EPISCOPI
2235 301 2628 361 TlClNENSlS

2066 437 2116 493 A

3724 303 3834 356 252

2281 437 2393 492 Nec
2420 450 2523 507 per
2549 433 2797 489 urbanos
2824 432 3023 490 volitat
3050 436 3351 506 potentes:

2285 524 2554 581 Conscius
2585 524 2723 579 recti
2746 528 2903 579 tenet
2923 524 3076 579 inter
3104 523 3288 579 undas

2564 610 2777 685 Stagna
2810 612 3026 667 salutis.

2284 702 2595 758 Barbarum
2629 701 2890 774 quamvis
2925 705 3146 756 tumeat
3173 701 3443 769 Gelonus,

2280 792 2542 849 Parthica
2571 797 2627 849 et
2651 793 2818 849 latret
2847 791 3098 846 Morinus
3127 791 3334 862 ﬁgura,

2283 884 2463 940 Omne
2490 884 2645 955 quod
2668 881 2870 936 mundi
2895 881 3081 936 rabies
3114 884 3372 936 susurrat

2570 972 2838 1044 Despicit,
2867 976 3036 1026 arcet.

2283 1063 2462 1117 Intrat
2491 1062 2695 1116 excelsi
2722 1061 3015 1133 penetrale
3040 1059 3213 1130 regis,

2283 1151 2533 1205 Divitum
2568 1152 2705 1206 tutis
2741 1156 2934 1205 manet
2963 1152 3022 1203 in
3046 1148 3249 1204 ruinis.

2283 1241 2384 1295 Ille
2412 1257 2516 1295 nec
2546 1241 2731 1311 legem
2761 1240 2979 1311 patitur
2998 1238 3263 1311 sepulcri,

2529 1330 2639 1383 Nec
2664 1330 2813 1383 mala
2842 1329 2992 1383 vitae.

2212 1438 2291 1490 De
2335 1436 2588 1506 praefatis
2630 1436 2937 1491 virtutibus
2978 1437 3219 1490 facessat
3267 1434 3592 1489 studiorum
3622 1433 3831 1489 libera-

2141 1524 2283 1579 lium
2319 1526 2514 1579 deesse
2558 1526 2939 1596 diligentiam,
2992 1542 3268 1596 perquam
3304 1524 3628 1579 divinarum
3682 1524 3834 1577 bona

2142 1631 2335 1668 rerum
2368 1615 2528 1684 quasi
2562 1616 2797 1686 pretiosi
2832 1615 3063 1669 monilis
3088 1616 3212 1669 luce
3238 1613 3658 1668 sublimentur:
3698 1613 3835 1684 quia

2073 1737 2114 1792 Β
2144 1719 2261 1757 non
2297 1696 2544 1758 multum
2571 1722 2602 1758 a
2626 1704 2879 1760 fceditate
2902 1704 3226 1776 sejungitur
3257 1702 3590 1774 imperfecta
3619 1702 3834 1792 formo:-

2145 1793 2282 1846 sitas
2310 1808 2322 1845 :
2357 1796 2412 1846 et
2456 1793 2554 1863 qui
2597 1810 2714 1847 non
2742 1794 3092 1847 sufﬁcienter
3124 1808 3467 1862 magnorum
3494 1790 3738 1845 tetendit
3769 1789 3835 1843 ad

2144 1882 2416 1948 culmina,
2450 1882 2792 1936 miserorum
2824 1882 3054 1936 inﬁrma
3082 1882 3169 1937 vix
3202 1881 3453 1951 reliquit.
3491 1882 3619 1933 istae
3644 1883 3835 1932 tamen

2144 1986 2265 2041 prus
2296 1970 2515 2024 foribus
2547 1971 2711 2042 quasi
2761 1970 3043 2025 nutricem
3094 1975 3435 2025 caeterarum
3480 1972 3839 2039 anteponunt

2145 2059 2601 2130 grammaticam,
2661 2076 2789 2129 quas
2849 2058 3301 2113 adolescentium
3354 2063 3573 2111 mentes
3635 2072 3837 2127 sapore

2146 2147 2380 2201 artiticis
2410 2152 2465 2201 et
2508 2149 2697 2217 planae
2727 2147 3032 2202 locutionis
3076 2147 3293 2211 illiciat,
3327 2153 3385 2200 et
3415 2146 3483 2200 ad
3513 2144 3836 2200 Tullianum

2148 2235 2395 2288 calorem
2454 2235 2727 2290 scintillas
2769 2237 3126 2306 praefigurati
3172 2236 3398 2306 vaporis
3438 2236 3703 2289 adducat.
3748 2235 3839 2287 Fa-

2147 2322 2433 2377 bricatum
2467 2325 2698 2378 Martius
2723 2341 2958 2395 campus
2989 2325 3231 2378 militem
3264 2323 3516 2393 suscipit,
3561 2339 3733 2386 quem
3776 2322 3842 2375 si-

2148 2411 2471 2463 mulacrum
2524 2412 2780 2465 mentitae
2828 2411 3213 2464 dimicationis
3247 2410 3554 2463 animavit:
3607 2425 3713 2462 nec
3733 2424 3838 2478 pe-

2150 2498 2279 2551 dem
2336 2504 2693 2570 retorqueta
2743 2500 3013 2569 classicis,
3062 2500 3154 2553 cui
3204 2499 3576 2552 buccinarum
3606 2500 3841 2566 clangor

2150 2593 2208 2640 et
2244 2586 2562 2641 ministeria
2596 2588 2732 2641 belli
2776 2589 2926 2641 inter
2972 2589 3126 2658 pacis
3168 2588 3563 2642 blandimenta
3604 2603 3841 2657 crepue-

2150 2676 2302 2728 runt.
2342 2674 2449 2728 Usu
2483 2674 2638 2728 enim
2685 2676 2863 2729 virtus
2903 2675 3121 2729 nutrita
3169 2675 3510 2745 grandescit,
3547 2674 3704 2727 etde
3756 2672 3842 2725 in-

2153 2762 2448 2815 stitutione
2494 2764 2744 2817 nascitur
2788 2765 3177 2834 periculorum
3208 2764 3551 2817 tolerantia:
3583 2777 3845 2816 consum-

2160 2851 2298 2906 mati
2334 2852 2552 2905 roboris
2584 2853 2734 2906 viros
2765 2853 3047 2923 principia
3079 2853 3345 2907 viderunt
3375 2852 3659 2906 timentes.
3696 2852 3847 2905 Bene

2156 2944 2263 3007 est,
2298 2941 2349 2994 si
2386 2941 2684 2995 rhetorum
2735 2942 2989 3007 dextera,
3026 2945 3081 2996 et
3110 2942 3343 2995 libertas
3372 2942 3471 2995 illa
3514 2940 3846 3010 linguarum

490 3016 617 3069 Haec
680 3014 822 3069 mihi
876 3015 988 3069 dux
1045 3014 1182 3070 belli
1237 3018 1343 3083 θεῖ,
1397 3031 1511 3086 (ΙΠο
1575 3015 1773 3069 νίοὶΐίΧ
1828 3015 2045 3070 lllbl‘ica
2084 3029 2427 3092 Cformatos
2458 3032 2964 3101 grammaticorum
2995 3032 3226 3085 fornace
3254 3047 3417 3087 enses
3441 3031 3715 3100 accipiat:
3747 3028 3849 3098 qui

1705 3105 1969 3176 [calcans,

493 3194 624 3247 Dira
664 3192 953 3264 cupidinei
984 3193 1236 3247 detestor
1268 3193 1436 3246 mella
1468 3191 1693 3246 veneni.

489 3282 575 3337 Ad
603 3298 694 3335 me
725 3287 1017 3335 currentes
1042 3297 1289 3351 puerum
1324 3281 1584 3350 seponite
1625 3280 1805 3349 factis,

492 3371 686 3440 Deque
717 3386 843 3423 meo
875 3370 1108 3440 juvenes
1138 3385 1341 3423 canam
1375 3368 1707 3439 praesumite
1738 3368 1932 3422 vitam.

419 3459 572 3513 Hanc
602 3460 963 3513 admittentes
992 3457 1123 3512 ﬁdei
1184 3464 1383 3511 ornate
1429 3457 1754 3511 consortio:
1806 3458 1943 3527 quia
1977 3455 2047 3509 si-

349 3552 445 3601 cut
473 3547 533 3601 in
563 3548 880 3601 emendatis
912 3546 1168 3601 moribus
1216 3546 1540 3616 principem
1575 3547 1764 3599 locum
1796 3544 2043 3612 obtinet,

351 3634 428 3687 ita
469 3634 585 3688 suis
639 3635 881 3704 spoliata
927 3634 1155 3688 dotibus
1200 3651 1316 3688 non
1362 3640 1624 3688 tenetur:
1661 3649 1766 3687 nec
1820 3633 1905 3686 fas
1962 3640 2046 3688 est

349 3721 513 3791 quasi
540 3721 842 3791 ,singulare
879 3722 1146 3790 occupari
1174 3739 1187 3786 ;
1228 3722 1380 3792 quod
1412 3726 1629 3774 constat
1656 3737 1721 3774 ex
1758 3719 2041 3791 pluribus.

348 3810 569 3865 Nobilia
613 3815 763 3864 serta
797 3808 905 3863 nisi
949 3809 1366 3879 multiplicibus
1395 3812 1692 3880 pratorum
1742 3824 1857 3862 non
1891 3823 2045 3861 com-

349 3903 643 3970 ponuntur
673 3898 867 3970 spoliis
894 3915 907 3953 :
957 3914 1025 3952 ex
1057 3898 1224 3952 variis
1263 3897 1506 3968 gemmis
1561 3914 1676 3951 una
1705 3896 2046 3952 diadematis

348 3989 491 4041 solet
521 3992 779 4042 constare
819 3988 1102 4043 formatio.
1161 3987 1399 4058 Semper
1446 3986 1803 4041 admirabilis
1844 3984 2043 4041 electri

351 4092 558 4147 corpus
606 4094 913 4132 numerosa
950 4077 1316 4131 metallorum
1359 4076 1618 4131 membra
1665 4080 2045 4147 pepererunt.

351 4166 619 4233 Proinde,
654 4167 790 4238 quia
844 4167 986 4221 nihil
1036 4171 1120 4221 est
1165 4166 1319 4238 quod
1360 4166 1535 4221 fidem
1576 4165 1758 4236 possit
1799 4165 2044 4231 anteire,

350 4255 631 4324 foveatur,
689 4261 744 4309 et
786 4255 866 4309 ita
916 4256 973 4309 in
1031 4255 1341 4326 diligentiae
1395 4271 1577 4309 messe
1626 4254 1922 4319 coalescat,
1974 4266 2045 4305 ne

350 4346 561 4400 lacteus
605 4345 863 4399 alimenti
906 4344 1097 4399 divitis
1132 4346 1354 4399 culmus
1385 4344 1715 4414 importuna
1747 4342 2042 4396 demessus
2080 4336 2124 4390 D

348 4434 490 4489 falce
514 4434 805 4489 moriatur.
834 4434 980 4504 Ergo
1005 4434 1233 4507 recedat
1253 4434 1323 4487 ab
1348 4433 1610 4487 instituto
1630 4436 1814 4485 vestro
1837 4430 2045 4485 clauda

349 4524 709 4594 pollicitatio,
765 4526 820 4576 et
870 4538 972 4593 per
1006 4538 1172 4575 usum
1226 4522 1286 4575 in
1341 4526 1607 4574 naturam
1657 4524 1910 4573 transeat
1954 4534 2045 4573 res

352 4612 663 4683 sequenda.
701 4613 829 4666 Haec
874 4616 1066 4666 tamen
1104 4610 1193 4666 his
1224 4627 1318 4665 vos
1349 4609 1649 4664 convenire
1688 4612 1926 4680 putetur
1958 4608 2044 4664 af-

353 4696 587 4752 fetibus.

1110 4802 1293 4843 FIDES

497 4875 605 4939 Qui
631 4875 788 4947 cupit
816 4876 956 4931 coelo
979 4875 1192 4930 sociare
1222 4880 1456 4944 terram,

497 4965 778 5035 Linquere
808 4970 866 5019 et
896 4966 1044 5019 laxas
1079 4964 1281 5018 vitium
1309 4963 1586 5035 parentis,

492 5055 575 5110 Me
600 5058 778 5125 petat,
812 5058 1031 5108 certum
1063 5054 1253 5122 decu5,
1290 5058 1345 5108 et
1365 5068 1638 5107 coronam

781 5143 1030 5197 Muneris
1062 5142 1180 5196 alti.

497 5233 595 5289 Ille
625 5246 730 5286 nec
762 5232 953 5286 dirum
974 5229 1180 5284 metuit
1212 5229 1487 5298 tribunal,

428 5378 446 5414 ¹
513 5377 769 5447 Cruxque
800 5372 1056 5443 thoraca]
1129 5375 1236 5429 Pro
1268 5372 1525 5447 thoraca,
1556 5372 1667 5447 hoc
1725 5373 2047 5447 est__lorica,

360 5443 694 5503 Basilieuses
726 5452 786 5499 ut
842 5448 1057 5500 labanti
1111 5451 1292 5499 metro
1332 5443 1721 5510 subvenirent,
1755 5445 2053 5499 ediderant

358 5533 583 5574 corona.
619 5518 730 5573 Sed
776 5534 875 5572 nos
924 5517 1096 5572 fidem
1136 5521 1393 5570 veterum
1434 5516 1711 5570 librorum
1742 5516 1902 5587 sequi
1934 5533 2051 5569 ma-

358 5588 589 5657 luimus,
640 5605 814 5659 quam
862 5588 1044 5644 seduli
1092 5587 1339 5643 nimium
1383 5587 1778 5659 emendatores
1820 5587 2047 5659 videri:

359 5657 683 5731 praesertim
714 5675 845 5714 cum
874 5660 1048 5731 hujus
1087 5660 1312 5731 generis
1354 5658 1631 5731 exemplis
1662 5657 1916 5714 abundet
1944 5659 2053 5713 En-

2155 3135 2228 3174 ne
2260 3119 2573 3173 manifestis
2603 3121 2808 3174 cedant
2828 3120 3052 3188 ictibus,
3078 3121 3347 3191 frequens
3377 3118 3619 3173 contulit
3652 3118 3848 3185 imago

2153 3207 2418 3262 feriendi.
2452 3208 2518 3261 In
2556 3208 2662 3261 hac
2703 3209 2967 3262 cautione
3020 3224 3163 3279 opus
3206 3213 3311 3273 est,
3360 3212 3427 3261 ut
3457 3222 3629 3277 supra
3662 3205 3849 3258 aetatis

2155 3296 2481 3351 immaturae
2528 3298 2851 3351 naturalem
2911 3314 3057 3367 pene
3105 3296 3395 3352 licentiam
3446 3296 3583 3349 artis
3632 3299 3851 3349 crescat

2155 3386 2418 3439 affectio:
2453 3391 2510 3439 et
2556 3386 2626 3439 de
2676 3387 2947 3439 continua
2994 3402 3097 3457 per
3142 3386 3505 3457 paedagogos,
3546 3388 3601 3437 et
3632 3383 3847 3436 indicta

2153 3475 2491 3529 necessitate
2556 3475 2697 3528 clari
2744 3476 2935 3545 operis
2997 3482 3311 3545 spontanee
3355 3490 3492 3527 cura
3543 3472 3846 3542 prosiliat:

2156 3563 2406 3618 ostendit
2454 3566 2648 3617 tamen
2701 3564 2771 3617 ad
2831 3564 3042 3617 bonam
3103 3564 3454 3617 voluntatem
3500 3579 3557 3615 se
3586 3561 3846 3624 tendere,

2153 3652 2253 3722 qui
2296 3656 2358 3706 ut
2396 3656 2632 3722 cogatur
2662 3653 2990 3721 acquiescit.
3041 3652 3163 3707 Jam
3198 3667 3342 3722 pene
3375 3651 3436 3704 in
3464 3650 3650 3703 studio
3678 3649 3851 3702 habet

2153 3741 2534 3805 honestatem,
2559 3757 2732 3811 quem
2758 3757 2875 3795 non
2908 3740 3144 3795 offendit
3173 3740 3491 3794 sollicitudo
3523 3738 3845 3792 monitoris.

2154 3829 2369 3883 Tamen
2398 3829 2767 3883 sectatoribus
2798 3828 2905 3882 ista
2932 3830 3011 3882 sic
3036 3830 3291 3899 loquitur
3316 3844 3329 3883 :
3641 3815 3644 3819 ’

2774 3967 3223 4009 GRAMMATICA.

2296 4078 2576 4133 Mentibus
2641 4076 2845 4131 damus
2899 4092 3185 4146 saporem,
3256 4075 3394 4130 dum
3454 4073 3703 4146 polimus
3762 4073 3850 4132 fa-

3556 4161 3768 4236 [bulas.

2292 4258 2547 4314 Judicem
2596 4260 2856 4311 tenemus
2905 4271 3159 4331 aequum,
3210 4253 3256 4309 si
3310 4253 3451 4325 quid
3511 4258 3665 4307 errat
3718 4268 3849 4323 par-

3567 4342 3777 4413 [vulus.

2297 4435 2606 4492 Abstinens
2658 4450 2854 4500 manu,
2888 4433 3171 4504 pudorem
3202 4447 3341 4486 aure
3372 4436 3429 4486 et
3460 4446 3557 4485 ore
3588 4430 3850 4483 verbero.

2298 4519 2587 4591 Quidquid
2641 4536 2732 4574 ars
2806 4519 2979 4574 habet
3027 4519 3371 4590 pavendum,
3432 4534 3521 4570 ars
3570 4516 3852 4586 loquendi

3444 4608 3775 4677 [temperat.

2300 4699 2443 4755 Cum
2482 4695 2795 4767 pusillisfet
2825 4696 3089 4769 jocamur
3120 4695 3269 4750 inter
3295 4695 3419 4766 ipsa
3447 4695 3739 4765 dogmata.

2296 4789 2437 4842 Nam
2463 4787 2628 4858 jubet
2658 4786 2815 4856 rigor
2836 4787 3129 4857 magister,
3164 4801 3233 4839 ne
3276 4802 3378 4857 per
3409 4800 3581 4839 omne
3607 4789 3850 4838 terreas.

2300 4878 2412 4932 Nos
2440 4880 2703 4948 parentes
2734 4876 2875 4930 dixit
2905 4881 3041 4930 tetas
3071 4874 3169 4929 illa
3196 4876 3380 4946 major
3409 4874 3676 4945 Optimos.

2299 4965 2463 5030 Quod
2506 4965 2700 5019 favore
2731 4969 3133 5035 computamus
3187 4979 3308 5018 esse
3342 4968 3538 5017 nostra
3578 4962 3851 5033 pignora,

2300 5052 2435 5116 Qum
2482 5053 2638 5107 dedit
2685 5056 2884 5107 venter
2928 5058 3253 5107 tumescens
3294 5050 3533 5105 litterati
3588 5049 3853 5112 seminis,

2302 5141 2416 5194 Nec
2442 5139 2619 5194 libido
2647 5138 2975 5210 subjugavit
3002 5139 3136 5209 jura
3165 5137 3302 5191 clari
3331 5136 3595 5208 pectoris.

2229 5230 2345 5283 Hoc
2374 5244 2470 5282 vos
2501 5228 2885 5299 digredientes
2902 5228 3021 5298 jam
3046 5227 3330 5293 instituto,
3365 5224 3665 5281 rhetoricis
3698 5224 3859 5279 lituis

2158 5371 2380 5433 nodius,
2431 5371 2662 5425 thoraca
2711 5370 2906 5439 igitur,
2955 5386 3061 5440 pro
3097 5384 3164 5423 eo
3197 5369 3349 5441 quod
3395 5373 3481 5441 est
3517 5368 3757 5441 thorax:
3796 5372 3863 5420 ut

2157 5443 2423 5521 lampada
2470 5443 2681 5521 passim
2734 5457 2835 5510 pro
2885 5457 2950 5493 eo
2972 5442 3135 5521 quod
3168 5440 3409 5521 lampas.
3445 5440 3567 5521 ‘S-ed
3602 5440 3858 5521 primam

2112 5558 2113 5561 η
2158 5510 2436 5585 praeterea
2473 5510 2771 5584 syllabam
2837 5512 3133 5584 corripuit,
3182 5528 3313 5566 cum
3346 5512 3406 5565 in
3440 5512 3607 5585 θώρας
3632 5510 3858 5581 produ-

2159 5592 2339 5641 catur.
