4060 6174
231 339 328 393 253

1503 342 1909 400 ΡΑΒΑΞΝΕΞΙΞ

2050 342 2431 399 )ASCALICA.
3623 344 3731 398 254

228 474 420 526 evocat
453 472 668 525 Mavors
697 470 1068 543 eloquentiae;
1108 476 1164 527 et
1212 472 1376 545 quasi
1428 473 1662 531 loricam
1705 476 1910 545 hamis,
1952 478 1999 533 Α
2029 475 2100 528 ab
2124 474 2266 529 urbe
2298 472 2679 529 sacratissima
2735 488 2853 527 non
2895 472 3186 527 recedunt.
3228 474 3290 527 In
3332 472 3470 544 ipsis
3526 477 3611 529 est
3637 489 3728 528 no-

226 562 301 616 ita
317 562 615 632 componit
646 561 814 616 variis
831 566 885 615 et
912 560 1177 617 connexis
1211 579 1511 618 causarum
1566 565 1928 619 munimenta

225 651 540 722 particulis.
569 652 707 705 Nam
739 652 968 706 nodosis
1006 652 1283 706 orationis
1333 653 1569 708 artubus
1599 653 1657 707 in
1682 654 1923 710 solidam

226 746 282 794 et
314 739 635 811 simplicem
663 740 908 795 formam
937 743 1168 807 coactis,
1193 758 1366 796 unam
1426 758 1758 797 sermonum
1796 744 1923 814 pin-

226 830 308 901 git
344 828 599 900 efﬁgiem
635 847 648 884 :
686 831 745 884 in
777 846 887 901 qua
914 829 990 883 ita
1024 830 1315 901 quadratis
1360 831 1651 887 sociantur
1701 832 1925 886 diversa

226 918 530 985 mensuris,
568 922 631 971 ut
670 935 772 972 nec
813 919 1014 973 divisio
1064 920 1300 990 deroget
1356 921 1769 992 conjunctioni,
1822 938 1924 976 nec

227 1007 442 1060 viritim
483 1008 848 1078 aggreganda
894 1010 1091 1076 valeat,
1145 1024 1275 1063 cum
1297 1023 1439 1079 Opus
1477 1015 1579 1077 est,
1622 1025 1923 1080 segregare

225 1095 478 1164 partitio.
505 1096 612 1149 Vos
644 1096 937 1167 praemisso
968 1096 1149 1152 laudis
1173 1113 1377 1167 sapore
1439 1098 1689 1151 mascula
1747 1097 1921 1152 dictio

224 1188 277 1236 et
310 1184 555 1238 humani
579 1186 801 1255 saporis
819 1186 1038 1240 Latiare
1070 1186 1438 1257 supercilium
1461 1187 1538 1239 sic
1555 1188 1917 1241 adhortatur:

226 1290 251 1325 ι
277 1274 649 1344 Postapicem
675 1274 983 1331 divinitatis
1004 1276 1221 1346 egoilla
1236 1292 1361 1330 sum
1378 1293 1505 1347 quae
1531 1277 1920 1330 velcommuto

224 1361 271 1415 si
290 1362 407 1415 sint
436 1363 608 1429 facta,
640 1363 726 1416 vel
757 1363 899 1417 facio
935 1381 947 1417 :
982 1366 1297 1434 quantisvis
1335 1365 1625 1419 actionum
1677 1366 1923 1419 tenebris

224 1450 485 1504 involuto
516 1452 610 1503 lux
649 1452 877 1519 sufﬁcit,
918 1470 1090 1524 quam
1122 1455 1407 1524 loquendo
1429 1455 1740 1508 contulere.
1807 1456 1920 1525 Ego

224 1554 351 1592 sum
388 1556 496 1610 per
520 1556 695 1611 quam
720 1547 1045 1611 exspectant
1068 1543 1325 1596 homines
1355 1550 1575 1597 reatum
1595 1544 1662 1598 de
1699 1542 1923 1598 turbida

224 1634 277 1681 et
307 1628 704 1682 innocentiam
740 1629 808 1682 de
838 1646 1067 1683 serena:
1103 1646 1204 1700 per
1236 1646 1324 1683 me
1356 1631 1513 1684 fusca
1558 1631 1922 1701 splendorem

223 1717 598 1785 conscientia,
629 1734 731 1788 per
752 1734 842 1772 me
876 1720 998 1772 luce
1022 1736 1121 1772 sua
1155 1719 1380 1773 radians
1402 1721 1710 1774 adventitia
1758 1725 1921 1775 nocte

226 1805 481 1874 tegitur:
516 1807 603 1859 vel
636 1807 681 1860 si
712 1808 782 1860 sit
829 1808 1032 1878 ignara
1077 1808 1466 1876 tenebrarum,
1514 1812 1598 1862 est
1638 1809 1790 1879 quod
1821 1825 1923 1863 nec

226 1894 465 1948 conﬁdit
500 1896 740 1966 puritas,
766 1912 870 1950 nec
892 1897 1061 1967 culpa
1088 1898 1350 1967 suspirat.
1387 1898 1469 1952 Ad
1537 1914 1730 1952 meum
1776 1914 1928 1971 com-

226 1984 513 2054 pendium
543 1985 874 2056 ubicunque
909 1990 993 2040 est
1050 1988 1342 2041 Romanus
1386 1987 1646 2056 invigilat
1678 2003 1690 2040 :
1726 1987 1924 2052 fasces,

228 2075 480 2143 divitias,
534 2076 799 2142 honores,
853 2076 898 2128 si
956 2093 1071 2130 non
1129 2076 1438 2140 ornaveris,
1497 2078 1717 2148 abjecta
1757 2082 1926 2131 sunt:

227 2180 329 2218 nos
364 2180 553 2234 regna
579 2165 854 2235 tegimus,
891 2170 947 2219 et
985 2165 1332 2236 imperantes
1355 2165 1604 2219 salubria
1636 2166 1928 2235 jubemus.

229 2253 376 2317 Quid
412 2254 571 2325 quod
603 2254 1081 2309 declamationum
1098 2260 1415 2309 nostrarum
1441 2255 1745 2309 oblectatio
1760 2255 1932 2308 vincit

228 2344 504 2397 universa
535 2359 665 2414 quae
698 2344 947 2414 sapiunt,
983 2349 1035 2398 et
1058 2344 1392 2415 opinionem
1446 2360 1619 2414 quam
1673 2343 1933 2397 concilia-

227 2449 357 2486 mus
385 2438 607 2486 aeterna
631 2433 755 2487 est?
795 2434 940 2489 Ante
991 2432 1271 2503 scipiones
1303 2438 1357 2487 et
1409 2433 1631 2486 trabeas
1663 2437 1745 2485 est
1774 2449 1932 2503 pom-

228 2538 371 2593 posa
407 2521 671 2575 recitatio
706 2538 719 2576 :
755 2522 824 2577 de
857 2522 1108 2576 virorum
1160 2522 1397 2577 fortium
1446 2521 1607 2575 factis
1639 2523 1794 2593 quod
1843 2538 1929 2575 vo-

230 2612 429 2664 lumus
459 2612 749 2664 creditur:
782 2614 969 2664 actum
1003 2628 1172 2664 nemo
1205 2612 1453 2664 aestimat
1477 2611 1627 2680 quod
1658 2611 1927 2665 silemus:

230 2700 451 2752 nobilia
484 2700 768 2769 germina,
810 2716 876 2753 ex
929 2700 1093 2752 nobis
1122 2700 1269 2766 fusa,
1328 2700 1526 2752 orbem
1583 2703 1766 2752 totum
1815 2700 1933 2753 sole

232 2789 390 2841 clara
443 2788 807 2858 perfectionis
844 2788 1141 2842 irradiant.
1207 2788 1451 2855 Poetica,
1504 2788 1653 2858 juris
1705 2789 1932 2858 peritia,

231 2878 559 2946 dialectica,
602 2878 979 2939 arithmetica,
1016 2894 1146 2931 cum
1181 2894 1268 2930 me
1307 2882 1546 2931 utantur
1593 2879 1754 2948 quasi
1784 2880 1938 2948 geni-

230 2969 399 3032 trice,
435 2983 528 3021 me
556 2973 747 3021 tamen
772 2974 1055 3021 asserente
1118 2972 1250 3021 sunt
1288 2968 1490 3037 pretio.
1528 2989 1553 3018 »
1617 2969 1818 3023 Audite
1849 2975 1935 3022 ta-

2037 564 2166 619 bilis
2188 563 2358 617 curias
2407 562 2808 633 principatus:
2868 578 3011 633 quos
3069 561 3297 629 vidisse,
3350 562 3565 617 erudiri
3618 568 3722 618 est.

2036 655 2161 708 Non
2189 654 2341 724 apud
2363 669 2456 706 eos
2490 668 2678 707 sermo
2707 652 2775 706 de
2803 652 3054 716 ludicris,
3099 668 3203 705 nec
3237 652 3723 723 pantomimorum

2033 743 2124 796 vix
2148 740 2491 812 ignoscenda
2512 740 3003 795 commemoratio.
3040 741 3131 795 Illi
3157 757 3357 795 auram
3378 742 3721 812 popularem

2033 847 2137 902 per
2158 830 2389 902 pudoris
2425 830 2766 885 detrimenta
2797 846 2911 884 non
2943 830 3175 900 capiunt
3203 850 3220 886 :
3264 830 3513 885 contenti
3554 830 3723 885 rectis

2033 920 2217 991 magis
2250 921 2473 990 placere
2526 935 2699 990 quam
2733 920 3016 989 plurimis,
3079 920 3399 974 sortiuntur
3455 922 3523 975 de
3553 920 3722 973 inno-

2032 1010 2181 1064 centi
2211 1009 2434 1063 actione
2457 1008 2871 1062 testimonium.
2905 1009 3151 1063 Istorum
3188 1010 3448 1081 quamvis
3502 1010 3561 1063 in
3593 1026 3722 1063 om-

2033 1099 2201 1153 nibus
2234 1099 2391 1169 jussa
2410 1098 2703 1167 sequenda
2734 1096 2867 1163 sint,
2902 1103 2985 1151 est
3016 1103 3208 1152 tamen
3250 1100 3309 1152 in
3363 1099 3477 1153 illis
3517 1104 3573 1153 et
3601 1115 3723 1152 ma-

2031 1191 2208 1261 gistra
2238 1189 2614 1256 taciturnitas,
2642 1191 2695 1242 et
2717 1188 2929 1243 eruditi
2951 1188 3135 1243 forma
3168 1189 3399 1244 silentii.
3428 1191 3523 1244 Est
3550 1190 3724 1244 etiam

2030 1280 2316 1334 Probinus
2348 1278 2641 1348 patricius,
2698 1277 2907 1347 placidi
2939 1278 3215 1347 germinis
3235 1279 3562 1332 examinata
3607 1280 3723 1332 cla-

2032 1369 2250 1422 ritudo:
2279 1384 2445 1439 quem
2480 1368 2837 1421 eruditorum
2870 1366 3103 1420 familiae.
3139 1383 3324 1420 mores
3357 1367 3427 1420 ad
3468 1383 3724 1437 unguem

2032 1456 2183 1510 ducti
2213 1455 2578 1509 contulerunt
2606 1472 2617 1508 :
2654 1454 2753 1525 qui
2785 1461 2841 1507 et
2871 1456 2937 1509 de
2970 1455 3147 1524 patris
3194 1459 3249 1507 et
3276 1455 3344 1507 de
3373 1455 3551 1508 soceri
3583 1456 3723 1509 hau-

2031 1545 2100 1599 sit
2126 1545 2295 1611 fonte,
2329 1544 2483 1614 quod
2523 1544 2769 1597 mundus
2802 1548 2904 1596 est.
2950 1545 3043 1596 Est
3091 1543 3364 1613 patricius
3420 1544 3722 1614 uethegus,

2032 1634 2153 1704 ejus
2179 1632 2329 1687 ﬁlius
2361 1633 2448 1685 vir
2478 1632 2811 1699 consularis,
2848 1631 2946 1702 qui
2981 1648 3183 1685 canam
3216 1631 3579 1703 prudentiam
3618 1631 3727 1685 mi-

2034 1737 2138 1775 nor
2169 1719 2616 1788 transgrediens,
2666 1719 2787 1773 sine
2837 1717 3021 1771 aetatis
3083 1718 3418 1788 praejudicio
3461 1718 3636 1772 habet
3674 1721 3729 1773 et

2037 1814 2431 1882 provectorum
2463 1824 2723 1878 soporem
2751 1811 2806 1862 et
2836 1809 3005 1861 mella
3044 1809 3324 1879 pueritiae.
3375 1810 3468 1862 Est
3499 1808 3729 1862 Boetius

2037 1900 2329 1971 patricius,
2366 1899 2423 1952 in
2455 1914 2567 1968 quo
2600 1897 2684 1951 vix
2716 1897 2970 1951 discendi
3005 1914 3186 1951 annos
3240 1898 3494 1967 respicis,
3562 1902 3618 1951 et
3646 1896 3730 1951 in-

2036 1989 2245 2059 telligis
2296 1987 2603 2058 pueritiam
2656 1987 2914 2039 sufticere
2965 1987 3087 2056 jam
3148 1987 3435 2041 docendi:
3494 1988 3562 2041 de
3616 2003 3729 2057 quo

2037 2078 2469 2131 emendatorum
2494 2076 2771 2145 judicavit
2826 2075 3044 2128 electio.
3098 2076 3188 2129 Est
3215 2076 3503 2147 {Agapitus
3548 2076 3729 2146 patri-

2039 2163 2179 2227 cius,
2209 2168 2264 2216 et
2296 2164 2587 2217 honestate
2615 2163 2770 2217 dives
2802 2167 2857 2215 et
2896 2162 3150 2217 scientia.
3186 2165 3285 2218 Est
3340 2165 3548 2234 probus
3592 2165 3651 2216 V.
3686 2166 3726 2217 Ι.

2040 2267 2213 2320 quem
2245 2251 2289 2304 si
2323 2250 2667 2321 sequamini,
2702 2252 2867 2306 illum
2900 2253 3169 2306 Faustum
3196 2257 3252 2305 et
3270 2253 3553 2306 Avienum
3587 2268 3733 2323 quos

2039 2339 2384 2409 prmdixistis
2415 2344 2743 2409 praesentes,
2784 2340 2954 2394 etiam
2987 2357 3118 2395 cum
3164 2341 3372 2395 desunt
3424 2340 3728 2395 habebitis.

2040 2430 2284 2483 Caeteros
2312 2430 2491 2481 claros
2548 2430 2695 2482 viros
2726 2446 2867 2500 quos
2898 2434 3118 2483 tantum
3150 2430 3218 2484 ad
3250 2446 3340 2483 me
3402 2430 3598 2499 Opinio
3636 2430 3729 2483 de-

2040 2517 2194 2585 tulit,
2225 2517 2451 2571 silentio
2480 2518 2745 2589 relinquo
2781 2534 2920 2589 :per
2950 2535 3069 2585 vos,
3126 2518 3173 2571 si
3222 2518 3379 2571 vobis
3405 2519 3522 2589 jam
3579 2518 3733 2572 cordi

2042 2612 2127 2660 est
2154 2598 2475 2675 maturitas,
2505 2613 2602 2660 aut
2634 2625 2736 2678 per
2758 2624 2852 2660 eos
2885 2624 3027 2677 quos
3058 2624 3185 2660 sum
3221 2608 3512 2677 prazfatus,
3553 2623 3734 2677 agno-

2044 2698 2216 2751 scite:
2256 2696 2572 2749 manifestis
2603 2698 2756 2749 enim
2790 2702 2947 2765 patet
2999 2696 3223 2749 indiciis
3282 2697 3500 2749 amicus
3556 2696 3733 2749 bono-

2042 2804 2170 2841 rum
2199 2804 2210 2840 :
2242 2803 2343 2839 nec
2375 2786 2431 2838 in
2465 2787 2644 2839 altero
2674 2800 2861 2838 mores
2892 2785 3197 2855 quisquam
3240 2785 3562 2851 hominum,
3626 2784 3736 2836 nisi

2045 2892 2191 2946 quos
2222 2875 2275 2927 in
2298 2891 2353 2927 se
2376 2874 2685 2944 formavit;
2712 2874 3095 2943 amplectitur.
3155 2875 3277 2927 Jam
3340 2874 3387 2928 si
3442 2878 3733 2926 matrona-

2044 2980 2173 3016 rum
2232 2964 2473 3016 delectat
2526 2963 2720 3029 aditio,
2771 2962 2991 3015 habetis
3050 2962 3325 3015 domnam
3402 2961 3731 3028 Barbaram,

232 3073 372 3110 men
413 3061 469 3110 et
526 3072 779 3121 carmen,
842 3058 1016 3111 alieni
1058 3057 1213 3127 quod
1256 3057 1423 3111 nobis
1454 3058 1712 3129 suggerit
1768 3058 1936 3112 ludus
1977 3066 2018 3120 α
2049 3052 2288 3106 Romani
2314 3052 2416 3104 ﬂos
2447 3052 2620 3120 genii,
2658 3068 2783 3121 qua:
2819 3051 3149 3103 testimonio
3181 3051 3370 3103 vultus
3426 3049 3736 3118 patefaciet

231 3145 441 3199 ofﬁcii.

907 3249 1294 3289 RHETORICA.

384 3324 473 3379 Sit
504 3327 701 3377 noster
722 3326 967 3391 tantum,
988 3339 1103 3377 non
1130 3324 1422 3394 stringunt
1451 3323 1703 3391 carmina
1731 3340 1938 3395 quem-

1643 3414 1863 3486 [quam.

386 3504 503 3556 Nos
529 3502 659 3555 vita:
678 3503 930 3556 maculas
952 3502 1229 3571 tergimus
1261 3501 1400 3555 artis
1422 3518 1550 3573 Ope.

376 3592 441 3645 Si
472 3592 641 3643 niveo
675 3596 895 3645 constet
926 3592 1129 3644 merito
1155 3592 1302 3661 quis,
1336 3596 1480 3644 teste
1504 3596 1724 3657 senatu,

377 3682 659 3749 Cogimus
682 3680 834 3733 hunc
857 3697 1055 3733 omnes
1089 3680 1275 3734 dicere
1311 3684 1475 3733 nocte
1500 3685 1706 3732 satum.

383 3770 455 3822 Et
476 3785 625 3835 reus,
651 3774 705 3822 et
736 3774 964 3822 sanctus
998 3770 1064 3821 de
1099 3774 1291 3821 nostro
1316 3769 1567 3821 nascitur
1615 3784 1711 3821 ore
1747 3784 1760 3822 :

380 3859 533 3910 Dum
567 3859 883 3928 loquimur,
919 3864 1150 3928 captum
1175 3858 1402 3911 ducitur
1432 3856 1755 3910 arbitrium.

382 3947 539 4000 Lana
563 3947 883 4000 Tarentinas
916 3948 1035 4000 laus
1060 3947 1236 4012 urbis,
1272 3962 1517 4016 gemma,
1552 3950 1818 4015 potestas,

379 4036 535 4099 Quid
563 4040 697 4088 sunt
729 4036 799 4089 ad
831 4042 1089 4090 nostrum
1118 4036 1315 4105 juncta
1348 4034 1715 4103 supercilium
1734 4034 1761 4087 ?

382 4124 496 4188 Qui
524 4123 730 4177 nostris
754 4124 924 4177 servit
946 4124 1188 4190 studiiis,
1210 4140 1341 4176 mox
1364 4124 1610 4193 imperat
1637 4121 1781 4177 orbi.

384 4215 481 4268 Nil
516 4214 757 4267 dubium
790 4218 1048 4267 metuens
1081 4230 1169 4266 ars
1198 4212 1335 4266 mihi
1370 4229 1547 4281 regna
1568 4212 1743 4266 dedit.

307 4306 449 4358 Haec
498 4319 656 4373 ergo,
708 4303 1038 4369 dulcissimi,
1093 4306 1149 4355 et
1200 4302 1423 4372 assequi
1481 4300 1826 4366 contendite,
1887 4304 1942 4353 et

233 4393 459 4463 adepta
483 4392 780 4444 custodite.
805 4392 910 4445 Sed
953 4391 1255 4460 replicetis,
1299 4390 1509 4460 quibus
1533 4390 1598 4443 ad
1623 4389 1727 4441 ista
1760 4389 1943 4458 magi-

235 4484 395 4543 stris,
432 4480 648 4550 quibus
671 4479 1619 4547 utamurinstitutoribus,quorum
1656 4477 1947 4546 erigamur

234 4571 559 4640 exemplis;
593 4586 723 4622 cum
756 4571 1019 4622 Faustum
1054 4572 1108 4621 et
1158 4569 1466 4635 Avienum,
1520 4567 1712 4620 saeculi
1769 4565 1949 4619 nostri

233 4660 692 4722 beatitudinem,
716 4658 1019 4711 etl.atiaris
1038 4658 1248 4710 tlumen
1273 4656 1508 4726 eloquii,
1535 4656 1734 4709 aulicis
1760 4654 1950 4709 distri-

234 4756 400 4803 ctum
440 4753 630 4802 teneat
660 4763 782 4799 sors
801 4746 1046 4800 secunda
1078 4745 1369 4799 consiliis?
1408 4761 1551 4814 quos
1583 4745 1720 4797 dum
1755 4746 1950 4795 manet

235 4853 401 4901 cura,
451 4852 485 4888 a
515 4836 889 4905 generalitate
918 4834 1206 4888 nescitur:
1251 4848 1501 4903 quorum
1540 4836 1758 4885 tentare
1802 4847 1948 4900 pra:-

236 4928 417 4980 conia
440 4926 595 4979 idem
628 4930 714 4979 est
745 4942 808 4978 ac
838 4924 884 4977 si
942 4925 1127 4977 lucem
1188 4923 1319 4976 solis
1357 4927 1412 4976 et
1444 4921 1763 4991 potentiam
1810 4920 1949 4975 velis

237 5016 569 5069 divinitatis
588 5013 991 5067 asserere.Sed
1041 5012 1165 5065 istis
1206 5011 1266 5065 in
1298 5011 1450 5064 bono
1502 5010 1733 5081 publico
1780 5009 1949 5063 desu-

238 5105 544 5166 dantibns,
574 5104 839 5174 patricii‘
868 5104 1061 5157 Festus
1088 5106 1146 5156 et
1164 5100 1556 5171 Symmachus,
1579 5099 1840 5153 omnium
1863 5098 1949 5152 di-

236 5194 625 5266 sciplinarum
658 5192 928 5246 materias
960 5196 1013 5245 et
1042 5196 1366 5245 constantes
1397 5190 1580 5243 forma
1632 5186 1949 5259 sapientiae,

316 5374 333 5406 ί
368 5370 572 5423 Festus
600 5372 653 5422 ef
674 5365 1081 5439 Symmachus]
1116 5368 1180 5420 In
1212 5368 1319 5420 hoc
1342 5364 1652 5419 illustrium
1696 5364 1949 5439 vigorum

239 5442 515 5509 estalogo
568 5437 914 5509 dignitatum
992 5437 1252 5493 ordinem
1322 5442 1545 5509 secutus
1596 5442 1696 5509 est.
1761 5437 1951 5509 Festus

240 5514 411 5565 enim
456 5506 562 5563 hoc
629 5506 913 5580 tempore,
972 5516 1034 5563 ut
1080 5510 1412 5564 Anastasius
1474 5508 1533 5560 in
1593 5506 1952 5580 Symmacho

238 5589 443 5646 notat,
466 5588 635 5654 caput
657 5578 888 5635 senatus
910 5587 1051 5654 erat,
1072 5581 1461 5654 consularium
1487 5578 1950 5654 antiquissimus:

241 5672 311 5708 ex
346 5670 506 5708 anno
533 5649 818 5709 'videlicet
858 5656 981 5708 472.
1015 5652 1385 5725 Symmachus
1447 5650 1714 5705 eumdem
1768 5649 1952 5704 hono-

2049 3142 2232 3194 lucem
2266 3140 2559 3211 sanguinis
2591 3144 2644 3192 et
2666 3140 2882 3209 saporis
2918 3156 2929 3192 :
2966 3140 3024 3193 in
3055 3156 3169 3209 qua
3194 3138 3497 3193 invenietis
3545 3144 3601 3193 et
3652 3155 3737 3193 ve-

2049 3229 2359 3284 recundam
2399 3228 2784 3293 securitatem,
2818 3232 2873 3280 et
2898 3228 2967 3281 de
2991 3227 3143 3281 bono
3176 3226 3417 3280 actionis
3455 3226 3738 3282 conﬁden-

2051 3324 2165 3373 tem
2219 3318 2667 3371 verecundiam:
2728 3332 3051 3370 sermonem
3113 3316 3363 3369 naturali
3432 3321 3488 3369 et
3535 3315 3736 3369 artiﬁci

2050 3407 2410 3479 simplicitate
2442 3406 2760 3468 conditum,
2792 3412 2854 3458 ut
2886 3422 2987 3459 nec
3013 3406 3172 3475 lepos
3214 3405 3549 3459 devenustet
3600 3406 3734 3458 allo-

2051 3497 2190 3568 quii,
2216 3513 2317 3549 nec
2344 3495 2500 3548 duris
2522 3494 2794 3565 splendor
2841 3494 3186 3548 feminarum
3248 3494 3490 3563 rigescat
3547 3492 3734 3547 affati-

2050 3586 2172 3651 bus,
2202 3585 2400 3655 inqua
2446 3584 2523 3636 sic
2574 3585 2633 3636 in
2693 3589 2955 3638 naturam
2990 3583 3212 3636 transiit
3266 3581 3577 3635 honestatis
3619 3580 3740 3635 dili»

2050 3674 2263 3744 gentia,
2302 3678 2362 3725 ut
2392 3674 2437 3725 si
2471 3674 2554 3725 vel
2588 3673 2819 3726 mentiri
2851 3674 3004 3737 velit,
3052 3688 3167 3726 non
3224 3672 3407 3741 possit
3462 3686 3734 3724 errorem.

2048 3763 2217 3817 Sonat
2249 3762 2514 3832 pudicam
2547 3761 2742 3831 lingua
2767 3760 3144 3825 dulcedinem,
3181 3776 3284 3812 nec
3319 3760 3523 3812 mentis
3580 3758 3741 3810 nubi-

2051 3852 2170 3904 lum
2202 3856 2347 3903 tecto
2381 3851 2567 3903 sereni
2603 3850 2880 3903 sermonis
2928 3849 3173 3920 Operitui
3218 3865 3229 3902 :
3264 3848 3371 3901 hoc
3422 3851 3499 3901 est
3543 3854 3741 3917 pecto—

2050 3941 2148 4006 ris,
2174 3940 2322 4010 quod
2357 3940 2615 4009 loquelae.
2672 3941 2772 3992 Det
2808 3940 3031 3991 veniam
3092 3937 3435 3991 feminarum
3482 3936 3744 3990 diadema

2050 4028 2442 4101 praesumenti,
2479 4029 2629 4099 quod
2664 4030 2785 4098 ejus
2814 4028 3037 4081 invideo
3074 4026 3271 4097 'quieti
3303 4043 3315 4080 :
3368 4026 3538 4079 velim
3588 4025 3743 4078 illam

2053 4118 2319 4172 omnibus
2366 4117 2539 4170 Italiae
2594 4118 2851 4187 partibus
2903 4116 3281 4169 imitationem
3344 4114 3618 4186 praeferri,
3654 4114 3746 4166 "ut

2052 4224 2177 4279 quae
2208 4222 2321 4260 non
2352 4206 2722 4275 acquiescunt
2756 4206 3005 4269 monitis,
3031 4204 3417 4257 formarentur
3446 4202 3741 4272 exemplis.

2058 4297 2153 4350 Est
2180 4296 2295 4348 illic
2342 4296 2516 4348 etiam
2566 4293 2896 4364 Stephanio,
2956 4292 3487 4362 splendidissimum
3548 4290 3747 4343 catho-

2058 4386 2179 4438 licm
2211 4385 2403 4437 lumen
2437 4384 2715 4449 Ecclesim,
2751 4382 2912 4453 cujus
2962 4381 3178 4434 natales
3230 4380 3309 4433 ita
3363 4380 3579 4448 majore
3624 4379 3746 4432 luce

2057 4474 2370 4540 fuscantur,
2412 4474 2455 4525 si
2505 4489 2688 4525 mores
2738 4470 3043 4541 intelligas,
3101 4486 3165 4521 ac
3216 4467 3264 4521 si
3322 4468 3501 4520 facem
3549 4466 3748 4520 mundi

2058 4563 2256 4617 oculus
2285 4563 2365 4615 sol
2394 4562 2735 4615 obumbret:
2768 4559 2816 4613 si
2846 4558 3120 4629 ingenitas
3153 4554 3599 4609 conversationis
3655 4570 3748 4608 ra-

2057 4652 2179 4706 dios
2210 4668 2473 4721 seponas,
2507 4652 2632 4719 plus
2676 4651 2798 4720 ejus
2859 4648 3137 4718 sanguine
3191 4645 3273 4699 nil
3331 4645 3557 4699 lucebit.
3615 4645 3749 4697 Isto-

2057 4758 2208 4809 rum,
2243 4757 2608 4811 quoscunque
2668 4738 2942 4809 praefatus
2992 4753 3138 4802 sum,
3190 4735 3435 4789 ccelestis
3482 4749 3590 4799 vos
3642 4732 3751 4787 dis-

2056 4831 2316 4901 pensatio
2342 4833 2550 4898 jungat
2576 4826 2886 4897 obsequiis.
2935 4827 3071 4879 Ecce
3129 4824 3349 4879 habetis
3378 4822 3577 4895 gratias
3606 4837 3752 4876 meas

2055 4919 2310 4973 obsidem
2343 4917 2635 4986 paginam,
2677 4931 2848 4986 quam
2910 4915 3068 4967 velut
3133 4913 3517 4983 paedagogum
3574 4914 3752 4964 secta-

2057 5007 2220 5062 mini.
2248 5008 2349 5060 Det
2405 5012 2595 5058 autem
2665 5004 2826 5058 vobis
2888 5004 3036 5057 Deus
3093 5002 3247 5074 quod
3286 5000 3448 5054 decet
3495 5004 3552 5053 et
3607 4999 3751 5052 velle

2058 5112 2282 5167 semper
2297 5099 2352 5148 et
2383 5094 2586 5148 facere.
2618 5094 2761 5164 Ergo
2783 5094 2827 5146 si
2858 5109 3141 5164 pomposa
3187 5090 3441 5144 oratione
3501 5102 3617 5143 non
3666 5104 3753 5141 va-

2058 5185 2159 5252 lui,
2194 5184 2451 5239 oratione
2482 5199 2600 5251 vos,
2632 5199 2855 5237 memor
2882 5180 3270 5254 professionis,
3305 5178 3516 5249 adjuvi.

2061 5376 2187 5435 rem
2214 5360 2452 5435 adeptus
2485 5376 2633 5415 anno
2664 5364 2781 5435 375.4
2812 5360 3089 5435 Probinus
3111 5374 3257 5411 anno
3298 5354 3420 5410 489.
3471 5353 3757 5435 Cethegus

2062 5432 2292 5485 Probini
2332 5433 2481 5484 tilius
2510 5450 2659 5484 anno
2689 5433 2809 5484 30's.
2850 5432 3074 5486 Boetius
3108 5446 3277 5492 anno,
3315 5432 3753 5489 utmonuimus,

2061 5506 2181 5557 510.
2216 5504 2496 5583 Agapitus
2522 5503 2777 5583 nondum
2813 5503 3039 5571 quidem
3066 5500 3443 5583 consulicu'm
3484 5498 3760 5583 scriberet

2060 5568 2370 5641 Ennodius,
2404 5574 2498 5627 sed
2533 5579 2725 5645 postea
2750 5568 2975 5627 futurus
3008 5587 3155 5625 anno
3198 5570 3320 5625 517.
3384 5570 3599 5623 Probus
3647 5568 3761 5623 for-

2060 5652 2207 5701 tasse
2231 5661 2384 5700 anno
2416 5647 2541 5699 525.
