4060 6174
313 325 418 378 255

459 456 567 510 Per
598 457 673 522 te,
698 456 716 491 ¹
747 468 852 525 per
871 452 972 525 qui
991 457 1049 508 te
1069 453 1242 508 talem
1271 467 1523 524 genuere
1550 457 1836 525 parentes,

455 544 815 616 Symmache,
875 559 950 600 ne
1007 548 1262 598 nostram
1308 547 1539 598 maneat
1587 559 1708 598 sors
1737 544 1880 598 dura
1928 547 2014 598 ta-

1693 631 1942 704 [bellam,

461 725 542 779 Da
572 723 828 778 dextram
858 721 1038 788 tenui,
1073 725 1130 776 et
1159 725 1341 779 tecum
1377 736 1470 775 me
1499 721 1636 776 tolle
1675 738 1780 793 per
1812 723 2010 776 undas.

461 815 585 868 Non
616 813 748 866 facit
779 811 849 865 ad
889 827 1076 865 mores
1098 811 1421 865 credentem
1454 812 1649 865 fallere
1681 816 1922 865 sanctos.

462 901 614 956 Nihil
639 916 849 966 moror,
882 916 954 954 en
988 901 1227 971 supplex
1277 900 1490 954 venio:
1550 899 1823 953 miserere
1877 916 2013 970 pre-

1746 989 1941 1062 [canti,

394 1137 554 1189 ‘Per
583 1137 655 1203 te,
688 1151 791 1207 per
832 1133 931 1206 qui
970 1136 1040 1202 te]
1090 1132 1648 1207 Miserat_E_nnodius
1699 1133 2012 1207 Paraenesis

319 1209 642 1276 exemplum
674 1204 740 1260 ad
775 1204 1529 1276 Sy'mmachumpatricium,
1557 1208 1620 1257 ut
1667 1220 1792 1257 eam
1834 1205 2010 1257 corri-

316 1275 497 1348 geret,
530 1280 627 1332 lib.
660 1295 776 1344 vnn,
817 1275 986 1346 epist.
1017 1279 1102 1330 28.
1140 1279 1444 1346 Propterea
1483 1275 1541 1328 hi
1577 1291 1769 1329 versus
1827 1293 2010 1346 parae-

1801 1416 2045 1424 —_—.___-

1515 321 1801 378 ENNODII
1841 319 2156 379 EPISCOPI
2193 321 2584 378 TICINENSIS

3703 325 3811 379 256

2259 453 2400 508 Vilia
2421 452 2692 509 divitibus
2722 452 3133 509 commendans
3153 453 3302 509 dicta
3338 453 3614 526 patronis.

2552 543 2818 599 Germina
2847 545 2998 597 clara

2550 633 2770 688 Sumite
2803 632 2932 686 sicci

2546 722 2730 775 Verba
2756 721 3027 791 parentis.

2550 811 2749 864 Nobile
2782 811 2994 864 dictum
3023 813 3128 873 est,

2548 899 2710 963 Quod
2745 898 2892 952 bona
2925 900 3224 952 monstrat.

2124 1132 2246 1186 nesi
2294 1131 2695 1202 subjiciuntur.
2765 1131 2974 1186 Adonii
3017 1146 3151 1186 vero
3201 1131 3274 1186 ad
3348 1129 3718 1185 Ambrosium
3763 1135 3818 1183 et

2126 1205 2358 1258 Beatum
2398 1203 2702 1257 referendi.

1453 1518 2055 1608 OPUSCULUM
2143 1520 2670 1608 SEPTIMUM.

603 1675 1100 1739 Praeceptum,
1143 1675 1463 1734 quando
1494 1674 1706 1734 junsi
1746 1678 1930 1723 sunt
1969 1684 2236 1724 omnes
2272 1674 2617 1736 episcopi
2665 1669 2681 1703 ί
2732 1673 3170 1724 cellulanos
3207 1673 3527 1722 habere.

393 1871 541 1926 Nulli
573 1871 812 1926 dubium
838 1876 940 1939 est,
972 1871 1266 1926 hominem
1295 1871 1393 1943 qui
1437 1873 1680 1926 carnalis
1741 1873 2008 1942 concupi-
2052 1878 2091 1930 Β
2122 1873 2496 1928 aestimatione
2554 1871 2858 1942 percurrit.
2915 1874 3027 1927 Nos
3057 1877 3250 1926 tamen
3312 1889 3455 1943 quos
3510 1872 3820 1942 pastoralis

322 1962 552 2015 scentiae
598 1961 893 2015 illecebras
952 1961 1091 2015 sacri
1142 1967 1361 2015 amator
1409 1962 1678 2027 instituti,
1735 1963 2012 2032 magistra

321 2051 546 2105 vivendi
581 2056 698 2105 arte
726 2051 1031 2112 domuerit,
1067 2056 1124 2105 et
1177 2062 1594 2122 praeceptorum
1655 2052 1797 2105 falce
1851 2053 2012 2106 ccele-

322 2145 472 2194 stum
503 2141 767 2194 erraticos
797 2141 1062 2210 palmites
1091 2141 1158 2194 de
1185 2141 1629 2194 conversationis
1661 2158 1775 2195 suae
1825 2141 2011 2195 radice

321 2231 633 2297 sustulerit,
668 2231 823 2284 vitali
854 2232 1168 2285 traditurus
1198 2231 1482 2299 incendio,
1511 2232 1819 2300 fructuosaf’;
1848 2232 2011 2302 plan-

321 2319 464 2373 taria
495 2320 565 2373 ad
586 2336 899 2389 supernum
918 2320 1111 2374 fovere
1144 2321 1386 2374 valitura
1402 2321 1835 2390 compendium,
1860 2321 2012 2374 unde

322 2424 541 2461 annuas
572 2409 765 2462 divina
789 2410 946 2478 jussa
975 2409 1211 2478 capiunt
1239 2410 1562 2479 pensiones,
1596 2414 1651 2462 et
1699 2425 1831 2463 eum
1869 2410 2014 2463 sicut

322 2497 649 2552 sinceritate
683 2497 1045 2564 innocentiae,
1089 2498 1169 2551 ita
1194 2498 1478 2568 Opinionis
1537 2499 1659 2552 luce
1714 2498 2009 2566 gratulari,

323 2588 436 2640 Nec
453 2587 733 2640 bonorum
763 2587 942 2640 facem
975 2587 1314 2640 meritorum
1350 2587 1741 2642 maledicentis
1783 2588 2015 2641 creden-

321 2676 458 2729 dum
519 2681 605 2729 est
649 2675 932 2746 exstingui
976 2692 1148 2746 posse
1196 2675 1491 2729 conflatu:
1552 2676 1836 2746 quomodo
1881 2680 1936 2729 et
1966 2674 2012 2728 si

321 2765 489 2818 dente
511 2769 780 2834 tangatur
803 2765 983 2818 invidi
1011 2765 1283 2835 splendor
1312 2765 1465 2831 vitae,
1517 2765 1782 2818 umbram
1842 2779 2012 2818 vene-

319 2857 466 2906 natae
497 2851 874 2906 oblocutionis
899 2853 1166 2908 excludit.
1200 2856 1506 2907 Auctorem
1538 2858 1804 2923 repetunt
1846 2858 2010 2906 tene-

319 2940 456 3006 brae,
490 2957 618 3011 quae
649 2943 716 2994 ad
752 2941 1349 3011 involvendumjubar
1392 2946 1701 3011 aptantur:
1764 2942 2009 2995 nitorem

320 3029 572 3084 siderum
604 3047 712 3084 nox
743 3032 932 3084 infusa
962 3047 1078 3084 non
1101 3030 1292 3084 obruit
1321 3047 1332 3084 :
1359 3031 1430 3084 ad
1461 3031 1696 3101 genium
1737 3031 2009 3084 claritatis

2118 1979 2254 2016 cura
2306 1960 2665 2032 constringit,
2725 1961 2935 2032 quibus
2979 1963 3322 2016 tuendarum
3366 1963 3678 2016 commissa
3733 1967 3818 2016 est

2121 2053 2444 2106 animarum
2468 2051 2788 2121 diligentia,
2825 2068 2896 2105 ne
2929 2068 3283 2106 summorum
3314 2052 3600 2122 quispiam
3639 2051 3817 2105 mini-

2120 2158 2463 2212 morumque
2543 2142 2862 2211 dispereat;
2927 2142 3172 2196 maxime
3233 2157 3362 2195 cum
3437 2141 3575 2194 mali
3632 2141 3817 2211 ipsius

2121 2247 2315 2285 recens
2349 2230 2526 2284 oculis
2575 2232 2847 2284 olt'eratur
2901 2232 3246 2301 exemplum,
3296 2247 3426 2284 cum
3478 2229 3809 2301 apostolicze

2121 2321 2269 2374 sedis
2291 2320 2615 2390 praesulem,
2650 2324 2705 2373 et
2750 2321 3009 2374 omnium
3057 2336 3202 2390 pene
3271 2319 3648 2374 Ecclesiarum
3697 2334 3812 2388 gu-

2121 2410 2429 2464 bernacula
2482 2414 2841 2474 tractantem,
2893 2425 2998 2479 per
3028 2409 3273 2480 proximi
3303 2410 3580 2463 tumultus
3619 2409 3818 2461 incen-

2121 2498 2278 2552 dium
2310 2497 2676 2551 inimicorum
2707 2499 2895 2552 rabies
2924 2499 3025 2551 tali
3083 2515 3181 2551 ore
3211 2498 3627 2564 momordisset,
3667 2501 3728 2550 et
3756 2496 3817 2549 in

2121 2589 2348 2640 ruinam
2381 2604 2541 2640 suam
2555 2588 2882 2657 aliquorum
2908 2589 3066 2640 furor
3089 2588 3209 2640 sine
3227 2588 3382 2656 justa
3414 2585 3815 2656 indignatione

2122 2678 2493 2730 surrexerint.
2521 2678 2672 2730 Hanc
2705 2692 2842 2747 ergo
2875 2677 3130 2730 volentes
3163 2677 3490 2730 morborum
3548 2676 3814 2730 desecare

2119 2765 2456 2836 perniciem,
2490 2767 2639 2818 nein
2673 2766 2858 2818 locum
2884 2765 3096 2836 iniquae
3129 2765 3456 2820 assertionis
3483 2769 3815 2818 nostrorum

2119 2855 2327 2925 aliquis
2361 2855 2733 2925 negligentias
2756 2860 3093 2923 aucupetur,
3159 2860 3212 2908 et
3260 2854 3630 2908 similitudine
3671 2853 3818 2907 veri-

2118 2944 2250 2998 tatis
2297 2944 2365 2996 ad
2402 2943 2900 3012 impugnationem
2950 2944 3126 2996 fultus
3181 2947 3485 2997 occurrat:
3541 2943 3660 3012 qui,
3755 2948 3817 2994 ut

2119 3033 2299 3098 aiunt,
2333 3033 2460 3085 viva
2488 3032 2787 3085 hominum
2812 3031 3140 3084 testimonia
3172 3048 3285 3085 non
3315 3031 3649 3094 formidant,
3672 3031 3814 3083 dum

319 3119 545 3188 proﬁcit
600 3135 731 3173 cum
793 3120 1138 3174 obscuritate
1183 3121 1521 3173 conflictus:
1580 3120 1799 3174 lunaris
1854 3121 2007 3190 globi
2048 3161 2087 3215 Ο
2123 3122 2277 3192 quod
2310 3120 2466 3174 nefas
2492 3120 2644 3174 dictu
2675 3126 2779 3185 est,
2803 3120 3047 3173 convicti
3095 3121 3218 3174 loco
3261 3121 3565 3190 deputatur
3623 3120 3820 3172 incau-

318 3207 702 3261 ministerium
733 3207 822 3260 die
855 3208 1154 3261 recedente
1187 3209 1314 3277 plus
1336 3209 1552 3273 rutilat,
1600 3214 1655 3261 et
1676 3210 1861 3277 placet
1907 3225 2008 3262 suo

317 3296 555 3362 lumine,
589 3297 724 3350 dum
756 3297 1204 3366 fugatalienum.
1241 3298 1357 3352 Sub
1415 3303 1715 3351 externum
1751 3297 1854 3367 ljus
1895 3313 2013 3352 non

319 3385 593 3452 mittitur,
629 3385 727 3456 qui
756 3385 939 3438 lucem
979 3386 1184 3452 facere,
1233 3391 1297 3439 ut
1329 3391 1544 3453 auctor,
1580 3386 1838 3440 assumit.
1902 3387 2010 3441 Sed

319 3473 606 3544 quomodo
643 3475 829 3528 noxiae
869 3480 1089 3528 mentes
1121 3475 1373 3529 deﬁnitis
1410 3491 1468 3529 se
1500 3475 1787 3528 aestimant
1829 3475 2014 3528 senio-

320 3563 480 3616 ribus
513 3579 629 3616 non
680 3564 882 3629 teneri,
945 3568 1213 3633 putantes
1267 3564 1678 3634 prophetarum
1727 3568 2014 3634 praecepta

319 3650 629 3704 dicentium
665 3669 676 3706 :
711 3653 782 3707 Os
815 3653 1164 3706 detrahentis
1209 3653 1610 3718 eradicabitur,
1670 3669 1799 3706 cum
1849 3658 2011 3706 aetate

319 3744 700 3806 veterescere;
751 3746 808 3794 et
852 3741 1236 3795 valetudinem
1292 3758 1408 3794 non
1463 3742 1671 3794 habere
1724 3757 1829 3812 per
1873 3746 2014 3794 tem-

319 3845 462 3898 pora
479 3829 505 3882 ?
536 3829 699 3899 quasi
721 3830 961 3883 novellis
984 3835 1204 3883 tantum
1239 3829 1411 3884 timor
1441 3830 1718 3884 debeatur
1763 3831 2008 3897 statutis,

321 3923 376 3971 et
394 3922 462 3971 ad
496 3934 720 3989 poenam
754 3935 879 3971 reos
912 3920 995 3973 lex
1045 3935 1262 3972 annosa
1289 3935 1402 3972 non
1437 3924 1627 3973 teneat
1659 3936 1672 3974 :
1702 3936 1830 3974 cum
1874 3925 2012 3974 tem-

320 4023 527 4076 porum
588 4012 855 4076 operator
909 4009 1078 4074 Deus,
1137 4008 1432 4078 prophetae
1490 4025 1626 4061 usus
1689 4009 1897 4075 officio,
1957 4012 2013 4062 et

321 4096 556 4165 antiqua
575 4096 829 4165 jusserit,
863 4101 920 4150 et
951 4097 1225 4150 moderna
1250 4097 1516 4168 disponat
1541 4114 1552 4164 ;
1578 4103 1633 4152 et
1660 4115 1810 4152 unus
1842 4103 2011 4169 atque

319 4184 472 4238 idem
503 4185 639 4238 boni
681 4185 990 4239 fabricator
1019 4186 1289 4251 instituti,
1341 4187 1490 4241 circa
1544 4188 1810 4241 homines
1859 4187 2012 4257 quod

318 4273 599 4344 praemisit
651 4275 712 4328 in
766 4275 1120 4344 parentibus,
1165 4281 1347 4329 servet
1393 4275 1453 4328 in
1493 4277 1750 4346 posteris.
1792 4277 1897 4330 Sed
1939 4276 2011 4329 ad

318 4364 679 4433 propositum
709 4368 1081 4417 revertamur.
1126 4365 1468 4418 Exercentur
1503 4366 1734 4436 quidem
1803 4370 2009 4418 sancta:

2122 3215 2232 3276 tus,
2266 3215 2320 3262 et
2364 3208 2559 3263 fecisse
2601 3210 2781 3262 scelus
2841 3209 3111 3276 creditur,
3163 3209 3260 3280 qui
3325 3209 3574 3279 potuisse
3627 3209 3818 3261 facere

2119 3297 2471 3369 perhibetur.
2505 3299 2682 3351 Nemo
2716 3298 2814 3352 Dei
2840 3299 3048 3362 oculos,
3103 3314 3276 3368 quam
3333 3297 3606 3362 hominis,
3657 3297 3816 3366 judi-

2122 3391 2210 3440 cat
2239 3388 2364 3457 plus
2397 3387 2620 3440 timeri:
2657 3385 2931 3440 errorem
2988 3387 3241 3440 creditur
3298 3387 3486 3440 fovere
3543 3385 3814 3447 solitudo,

2122 3479 2178 3528 et
2221 3473 2563 3544 profundam
2621 3474 2942 3544 nequitiam
3018 3475 3384 3528 incomitatus
3444 3475 3811 3528 admittere:

2124 3562 2287 3632 quasi
2347 3563 2487 3615 coelo
2535 3562 2789 3616 facinora
2842 3564 3231 3632 penetralibus
3290 3564 3508 3617 inclusa
3567 3578 3680 3615 non
3729 3579 3819 3632 pa-

2120 3655 2294 3717 teant,
2328 3656 2382 3704 et
2413 3651 2688 3704 vindicari
2719 3652 2933 3705 malum
2961 3669 3076 3706 non
3112 3659 3299 3722 queat,
3323 3653 3470 3723 quod
3496 3653 3670 3705 homo
3693 3667 3814 3704 non

2120 3739 2391 3810 respicit:
2423 3741 2714 3793 credentes
2774 3741 2926 3810 quod
2976 3757 3096 3794 rem
3138 3742 3310 3795 studii
3361 3740 3580 3810 possint
3627 3740 3808 3809 depu-

2120 3834 2240 3882 tare
2273 3828 2640 3883 necessitati:
2674 3833 2729 3883 et
2777 3830 2915 3883 dum
2974 3830 3148 3884 homo
3198 3830 3419 3884 homini
3468 3834 3658 3882 custos
3705 3834 3811 3893 est,

2122 3917 2233 3971 alio
2258 3917 2633 3971 maledicendi
2663 3918 2885 3986 ordine,
2935 3919 3268 3988 pudicitiam
3318 3919 3543 3971 valeant
3587 3933 3812 3970 accom—

2121 4007 2350 4060 modare
2372 4005 2682 4061 formidini.
2715 4007 2824 4059 Nos
2878 4007 3109 4076 quidem
3140 4009 3226 4061 vel
3259 4024 3325 4061 ex
3351 4023 3462 4060 una
3497 4012 3656 4077 parte
3683 4021 3814 4058 car-

2121 4095 2640 4166 pendioccasiones
2684 4093 2985 4149 incidimus
3018 4112 3159 4150 :nos
3214 4113 3476 4167 supernas
3530 4111 3815 4149 memores

2121 4184 2456 4254 disciplinae,
2524 4184 2988 4255 qualemcunque
3047 4185 3455 4239 sacerdotalem
3517 4184 3812 4238 dexteram

2119 4274 2439 4327 volentibus
2464 4273 2646 4344 perire
2693 4273 3074 4343 porrigimus;
3139 4280 3192 4328 et
3214 4291 3247 4327 a
3276 4274 3456 4328 ruinae
3489 4274 3812 4344 przecipitio

2121 4363 2411 4417 diabolicis
2486 4367 2638 4417 actos
2707 4364 2952 4417 stimulis
3001 4363 3400 4417 retardamus:
3470 4369 3533 4417 ut
3589 4363 3814 4416 discant

319 4452 527 4507 animae
551 4453 914 4506 sermonibus
943 4454 1470 4520 aemulorum,etad
1493 4455 2013 4524 glorimaugmenta
2050 4463 2093 4516 D
2122 4453 2406 4523 loquaces,
2482 4454 2568 4506 vel
2623 4458 2753 4523 post
2813 4454 3038 4508 decreta
3103 4453 3409 4524 praesentia
3471 4453 3811 4523 religiosum

319 4541 616 4610 deputant,
645 4542 922 4612 quidquid
951 4547 1148 4596 contra
1184 4559 1381 4596 earum
1413 4543 1683 4596 meritum
1717 4550 2009 4597 accusator

319 4630 620 4699 ingesserit
655 4648 666 4684 :
707 4632 852 4685 sicut
900 4632 1098 4685 doctor
1141 4633 1401 4704 gentium
1446 4633 1672 4699 clamat,
1744 4633 2010 4687 homines

321 4719 784 4775 oblocutionibus
840 4722 1111 4776 exerceri.
1172 4723 1238 4776 Ut
1269 4723 1451 4775 solent
1491 4721 1720 4775 arbores
1750 4739 1878 4792 quas
1938 4723 2009 4776 ad

320 4811 486 4861 terrae
509 4809 827 4877 penetralia
859 4810 1061 4864 validis
1117 4810 1406 4864 radicibus
1456 4814 1860 4881 pervenerunt,
1913 4811 2009 4864 de-

319 4896 538 4965 spicere
567 4897 746 4951 flabra
787 4903 1111 4963 ventorum,
1165 4902 1221 4952 et
1265 4899 1596 4954 certaminis
1628 4900 2008 4969 procellarum

319 4985 626 5041 stabilitate
708 4989 942 5058 propria
999 4989 1292 5042 animante
1359 4993 1768 5043 contemnere:
1802 4989 1881 5042 sic
1927 4988 2010 5042 illi

319 5077 688 5146 repudiantes
714 5077 1091 5147 superstitiosi
1151 5093 1279 5146 qua:
1331 5077 1576 5148 impacta
1614 5078 1788 5132 fuerit
1825 5078 2008 5148 caligo

317 5166 602 5236 figmenti,
649 5183 751 5238 per
808 5167 1012 5221 sudum
1070 5165 1258 5220 radios
1316 5167 1483 5221 bona:
1565 5167 2010 5222 conversationis

321 5257 650 5310 ostendunt.
713 5257 852 5310 Nam
906 5256 1041 5309 dum
1101 5256 1229 5326 quis
1282 5254 1512 5309 illorum
1577 5256 1831 5326 objectis,
1880 5273 2010 5310 con-

319 5345 559 5400 scientia
590 5351 754 5413 teste,
785 5345 1172 5416 congreditur,
1197 5345 1266 5399 ad
1292 5345 1574 5416 triumphi
1603 5362 1763 5416 spem
1787 5346 2012 5401 interna

397 5474 408 5506 ¹
445 5471 782 5526 Cellulanos
818 5471 1042 5537 habere]
1081 5471 1479 5543 Scriptamest
1504 5471 1574 5524 ab
1603 5471 1862 5526 Ennodio
1895 5472 2013 5543 epi-

319 5544 477 5615 scopi
511 5545 599 5596 sui
630 5543 881 5596 nomine.
919 5543 1060 5598 Cum
1075 5542 1417 5615 enimjussit
1457 5548 1695 5615 essenta
1744 5560 1893 5614 papa
1915 5542 2014 5599 aut

321 5613 538 5685 synodo
563 5619 768 5683 (neque
790 5614 945 5685 enim
980 5613 1269 5685 proditum
1293 5613 1417 5685 est).
1475 5613 1756 5684 episc0pi’
1788 5631 2008 5683 omnes,

321 5684 1023 5756 contubernalesclerico$
1061 5685 1270 5740 habere
1318 5684 1448 5739 vitae
1505 5700 1620 5739 suae
1666 5690 2012 5756 actuumque

319 5761 511 5824 testes,
546 5755 617 5810 ad
637 5755 988 5810 amoliendas
1018 5756 1430 5813 maledicorum
1463 5756 1776 5813 calumnias
1807 5755 2015 5828 quibus

2118 4559 2309 4597 amare
2344 4543 2652 4596 silentium.

2190 4633 2420 4686 Nullum
2472 4648 2607 4702 ergo
2654 4633 3034 4698 sacerdotum,
3096 4632 3348 4703 antiquis
3407 4636 3462 4685 et
3518 4632 3810 4686 modernis

2117 4721 2340 4791 legibus
2388 4720 2819 4792 obsequentem,
2891 4722 3231 4792 nullumque
3298 4721 3622 4784 levitarum,
3689 4722 3811 4775 sine

2118 4810 2265 4864 bene
2288 4811 2530 4880 probata
2571 4811 2833 4864 volumus
2893 4811 2951 4864 in
3010 4827 3353 4881 quocunque
3412 4810 3520 4864 10ci
3575 4827 3811 4863 manere

2117 4913 2409 4969 persona:
2444 4899 2530 4952 vel
2581 4916 2751 4969 quem
2801 4899 3131 4953 substantiae
3176 4900 3396 4952 exilitas
3432 4916 3544 4952 non
3593 4900 3808 4970 permi-

2119 4988 2255 5041 serit
2279 4988 2486 5041 habere
2516 4993 2856 5054 consortem,
2917 4989 3039 5057 ipse
3068 4989 3466 5042 concellaneus
3513 4987 3614 5041 fiat
3666 4989 3812 5042 alte—

2119 5077 2254 5131 rius.
2289 5077 2589 5132 Publicum
2621 5077 2693 5131 sit
2723 5077 2870 5148 apud
2898 5077 3193 5147 religiosos
3260 5094 3430 5131 omne
3477 5077 3629 5148 quod
3663 5078 3814 5146 geri-

2117 5170 2242 5232 tur;
2290 5167 2641 5220 clandestina
2681 5166 3021 5236 repudietur
3063 5166 3410 5232 obscuritas;
3468 5167 3679 5220 multos
3722 5167 3818 5220 ba-

2119 5256 2257 5313 beat
2287 5259 2513 5309 actuum
2571 5256 2849 5320 conscios,
2901 5256 3000 5325 qui
3048 5257 3161 5310 Deo
3191 5255 3359 5309 debet
3400 5255 3813 5309 innocentiam.

2119 5346 2358 5400 Videant
2387 5344 2602 5412 aamuli,
2639 5346 2776 5415 quia
2805 5347 2904 5416 qui
2924 5349 3093 5399 testes
3122 5345 3370 5411 adhibet,
3395 5345 3516 5399 vult
3537 5345 3771 5414 probari
3799 5361 3811 5398 :

2120 5477 2350 5526 vexatus
2382 5487 2568 5541 nuper
2587 5471 2773 5525 fuerat
2797 5471 3169 5542 Symmachus
3204 5489 3215 5526 :
3281 5471 3554 5541 episcopi,
3602 5475 3664 5524 ut
3714 5487 3818 5539 par

2122 5550 2260 5610 erat,
2293 5546 2616 5613 exemplum
2647 5543 2849 5611 secuti,
2882 5543 3382 5612 presbyterisitem
3442 5558 3504 5596 ac
3556 5542 3816 5596 diaconis

2121 5631 2353 5669 suarum
2386 5615 2694 5668 dimcesum
2754 5613 2811 5668 id
2870 5615 3059 5684 ipsum
3119 5617 3534 5684 praeceperunt,
3591 5618 3654 5684 ut
3702 5613 3816 5680 ipsi

2121 5702 2350 5758 quoque
2372 5686 2493 5740 sine
2525 5686 2768 5758 aliorum
2799 5683 3173 5740 contubernio
3207 5701 3323 5740 non
3360 5690 3565 5739 essent.
3629 5683 3816 5758 Cella-

2123 5755 2284 5812 lanos
2312 5757 2522 5828 itaque_
2550 5757 2958 5828 interpretatur
3002 5757 3415 5821 concellaneos,
3478 5755 3810 5828 aur/x010“.
