4060 6174
223 253 306 305 257
1611 242 2021 299 BENEDICTIO
2062 243 2285 298 (IEREI.
3566 244 3669 296 258

218 384 339 440 male
388 380 732 450 deprehensa
776 379 1065 450 judicetur
1120 377 1496 445 conversatio,
1560 395 1690 450 quae
1745 396 1861 433 non
1898 378 2142 445 APetri,
2176 377 2263 430 vel
2312 376 2574 447 praesulis
2629 374 2752 445 ejus
2802 375 3138 430 auctoritate
3191 392 3356 447 papas
3414 376 3664 443 subnixi,

218 476 345 543 optat
373 468 611 539 agnosci.
667 468 827 522 Certe
887 468 975 521 vel
1007 466 1053 521 si
1111 483 1273 520 mens
1328 467 1402 521 sit
1446 466 1585 520 recti
1617 466 1865 532 conscia,

214 560 420 615 vindicta
449 559 651 629 dignus
693 562 795 617 est,
850 557 951 627 qui
994 557 1092 610 alii
1142 557 1334 610 existit
1382 572 1553 610 causa
1583 555 1862 625 periculi:

214 652 324 703 dum
351 647 491 701 enim
524 646 947 717 suspicionibus
996 646 1265 717 patefacit
1292 661 1602 711 accessum,
1638 644 1699 697 fit
1748 642 1866 696 fra-

211 738 331 791 terni
373 737 523 806 origo
576 736 963 790 discriminis:
1020 740 1073 790 et
1128 735 1227 806 qui
1292 716 1565 805 peccandi
1611 734 1868 787 fomenta

212 825 393 891 tribuit,
424 826 541 894 ipse
569 825 841 895 jugulum
872 824 1072 878 mortis
1099 824 1391 894 impingit,
1429 829 1493 877 ut
1525 823 1604 876 ait
1635 822 1865 877 divinus

213 919 255 969 et
289 916 466 969 beatus
494 931 718 984 praeco:
754 914 879 971 Noli
907 913 1212 969 detrahere
1238 930 1310 967 ne
1357 912 1671 967 eradiceris
1721 913 1865 966 Con-

212 1006 361 1059 tessor
387 1004 749 1058 Ambrosius:
792 1004 951 1058 Multi
981 1019 1097 1057 non
1125 1004 1408 1058 dederunt
1441 1004 1624 1056 errori
1656 1003 1866 1067 locum,

214 1098 259 1148 et
303 1094 562 1147 dederunt
596 1094 924 1165 suspicioni.
990 1093 1251 1163 Suspicio
1304 1092 1410 1146 ista
1459 1098 1542 1146 est
1601 1092 1869 1145 interitus

214 1182 626 1251 suspicantisget
670 1200 842 1253 quam
882 1198 997 1236 non
1033 1188 1186 1236 caret
1222 1186 1453 1252 peccato
1487 1181 1586 1252 qui
1634 1180 1869 1235 dederit.

215 1272 345 1326 Unde
373 1288 639 1325 mansuro
679 1288 811 1326 cum
842 1272 942 1325 Dei
990 1275 1046 1325 et
1077 1270 1476 1341 Redemptoris
1506 1268 1686 1323 nostri
1717 1266 1870 1322 ordi-

1975 483 2103 538 qme
2150 466 2289 520 vitia
2360 465 2644 520 desiderat
2697 464 2971 519 radicitus
3017 465 3325 534 amputari,
3378 470 3443 519 ut
3468 466 3666 519 nullus

1975 555 2379 625 religiosorum
2427 554 2495 609 de
2543 554 2877 607 memoratis
2907 554 3227 619 ordinibus,
3270 554 3436 617 aliter
3489 569 3667 623 quam

1976 644 2199 715 prcefati
2244 660 2463 708 sumus,
2514 644 2719 697 audeat
2780 644 3145 708 conversari;
3199 644 3287 697 vel
3339 643 3669 713 quicunque

1976 734 2470 804 praesumpserint,
2526 748 2657 786 cum
2722 733 3030 786 amissione
3086 732 3325 803 pudoris
3385 733 3671 785 honorum

1976 824 2183 877 damna
2244 824 2563 877 sustineant
2623 823 2918 886 Quomodo
2982 822 3197 892 grande
3269 822 3487 876 malum
3543 824 3667 886 est;

1977 913 2221 967 dicatam
2281 914 2395 966 Deo
2469 928 2777 982 personam
2851 912 3199 965 salutaribus
3267 912 3503 965 monitis
3554 924 3671 963 non

1975 1018 2195 1073 parere.
2254 1003 2457 1056 Nullus
2507 1016 2698 1054 secum
2732 1005 3030 1054 extraneas
3079 1001 3334 1054 habeat‘
3378 1000 3668 1064 mulieres,

1977 1097 2184 1162 praeter
2230 1106 2505 1160 personas
2554 1090 2868 1143 canonibus
2917 1090 3276 1159 designatas;
3329 1106 3401 1143 ne
3447 1090 3670 1159 agendo

1976 1181 2184 1246 taliter,
2217 1180 2441 1233 etiamsi
2479 1178 2596 1233 vita
2640 1179 2712 1233 sit
2739 1178 3033 1247 innocens,
3074 1179 3351 1233 damnum
3379 1177 3670 1249 opinionis

1978 1270 2249 1323 incurrat.

212 1362 406 1415 natione
445 1361 753 1415 constituto
803 1361 1106 1427 sancimus,
1158 1358 1487 1430 apostolicae
1530 1357 1679 1413 sedis
1717 1356 1870 1411 beati

1975 1493 2268 1533 sacrorum
2315 1493 2591 1531 canonum
2616 1494 2859 1549 censura
2886 1476 3206 1549 permittit:
3242 1476 3304 1533 id
3347 1479 3432 1531 est
3464 1481 3669 1538 matre,

1977 1552 2176 1615 amita,
2191 1566 2470 1620 germana
2482 1552 2537 1601 et
2553 1548 2691 1603 aliis
2702 1550 3052 1619 hujusmodi,
3067 1550 3135 1603 de
3147 1550 3349 1619 quibus
3364 1566 3546 1620 prava
3559 1565 3672 1603 non

1978 1621 2155 1692 possit
2177 1637 2297 1675 esse
2320 1620 2588 1692 suspicio.

276 1491 290 1524 ι
323 1486 583 1539 Mulieres
600 1484 913 1539 canonibus
935 1482 1292 1555 designatas]
1310 1483 1613 1553 Gregorius
1636 1483 1869 1555 Magnus

218 1559 297 1612 lib.
324 1575 406 1619 vu,
438 1559 604 1627 epist.
635 1559 740 1610 39:
771 1556 837 1610 Si
869 1557 966 1627 qui
995 1552 1393 1627 episCOporum
1434 1552 1561 1609 eum
1599 1552 1862 1627 mulieri-

214 1630 294 1683 bus
338 1624 559 1700 degunt,
597 1628 755 1682 nullo
784 1624 951 1683 motio
992 1624 1268 1698 patiaris,
1318 1627 1567 1697 exceptis
1611 1624 1695 1678 eis
1725 1640 1870 1695 quas

1317 1833 1921 1923 OPUSCULUM
2007 1831 2520 1924 OCTAVUM.

721 1999 734 2034 ι
773 1991 1243 2043 Petllorlum
1281 2000 1441 2049 quo
1479 1989 1897 2039 absolutus
1940 1990 2055 2037 est
2092 1984 2514 2036 Gerontlus
2564 1994 2763 2045 puer
2800 1983 3125 2045 Agaplﬂ.

262 2199 388 2253 Deus
429 2198 648 2253 arbiter
677 2198 1064 2253 universitatis
1095 2203 1150 2253 et
1178 2198 1441 2253 conditor
1486 2198 1585 2251 illa
1615 2213 1703 2250 res
1744 2197 1852 2250 hu—
1893 2200 1931 2251 B
1962 2194 2200 2248 civitatis
2250 2194 2500 2265 gaudere
2531 2193 2861 2248 consortio:
2918 2193 3079 2262 cujus
3123 2208 3228 2261 ego
3278 2190 3675 2246 absolutionia

210 2302 369 2342 manas
417 2289 580 2342 lance
630 2289 941 2359 dispensat,
993 2292 1059 2342 ut
1109 2294 1166 2342 et
1214 2288 1411 2342 ﬁdeles
1461 2286 1769 2358 praemium
1812 2289 1869 2338 et
1978 2301 2091 2338 non
2123 2289 2239 2337 tam
2272 2284 2529 2353 largitor,
2574 2299 2747 2353 quam
2798 2282 2957 2336 testis
2990 2281 3209 2335 existo:
3253 2281 3470 2351 abjecta
3519 2280 3673 2334 enim

208 2391 395 2445 poenam
426 2378 673 2431 rebelles
724 2378 1022 2448 accipiant.
1084 2378 1265 2431 Lassis
1322 2378 1477 2430 enim
1528 2378 1864 2430 devotorum
1978 2378 2124 2427 esset
2192 2378 2399 2426 natura
2466 2371 2768 2441 designati,
2838 2370 2949 2424 nisi
3011 2370 3267 2423 moribus
3319 2371 3669 2440 vulgaretur.

209 2466 451 2537 obsequiis
494 2468 888 2521 valetudinem
922 2466 1160 2522 tribuit:
1199 2467 1337 2520 dum
1389 2466 1648 2519 muneris
1707 2465 1862 2518 obla-
1978 2463 2137 2516 Hunc
2180 2462 2413 2531 quidem
2445 2477 2570 2514 sum
2620 2460 2841 2513 dudum
2880 2459 3298 2512 interveniente
3350 2463 3671 2511 commuta-

208 2553 330 2609 tione
359 2557 676 2610 succurrit:
712 2558 904 2626 perdit
938 2557 1150 2610 laboris
1182 2556 1525 2610 memoriam
1559 2570 1719 2608 mens
1751 2558 1862 2607 ter-
1976 2551 2130 2603 tione
2165 2554 2481 2603 mercatus:
2530 2548 2629 2601 sed
2666 2548 2802 2618 quia
2832 2548 3057 2600 nullum
3086 2553 3170 2599 est
3202 2546 3383 2616 majus
3417 2562 3671 2599 commo-

208 2644 329 2697 renis
366 2646 615 2716 obligata
664 2646 1001 2711 carceribus,
1044 2649 1309 2717 quotiens
1364 2645 1445 2698 illi
1477 2644 1865 2697 vicissitudine
1976 2638 2112 2691 dum
2146 2654 2318 2709 quam
2358 2637 2500 2690 illud
2542 2638 2692 2707 quod
2729 2652 2998 2689 serenum
3036 2651 3272 2689 examen
3304 2636 3667 2705 assequitur;

204 2734 530 2788 subvenitur:
570 2735 629 2788 in
653 2735 954 2806 antiquum
973 2736 1198 2788 sudoris
1224 2735 1538 2803 juvenescit
1575 2734 1860 2801 affectum,
1976 2728 2122 2798 elegi
2153 2728 2405 2797 palmam
2431 2726 2655 2795 judicii,
2692 2742 2867 2795 quam
2897 2726 2964 2779 de
2987 2726 3262 2795 acquisito
3284 2725 3492 2779 habere
3515 2741 3668 2778 com-

205 2824 282 2891 qui
308 2823 703 2878 necessitatem
737 2826 937 2893 gratiae
960 2825 1127 2877 melle
1158 2829 1491 2877 commutat.
1526 2824 1864 2879 Sanctorum
1973 2817 2288 2886 pendium:
2332 2816 2580 2869 ostendit
2621 2816 2761 2867 mihi
2788 2815 2942 2883 justa
2973 2814 3234 2883 praedicti
3263 2814 3503 2867 servitus
3534 2830 3670 2883 per-

202 2927 367 2980 paanzr,
391 2914 522 2966 dum
552 2929 765 2966 corona
791 2915 1091 2983 quaeritur,
1118 2913 1475 2982 abjurantur.
1503 2912 1865 2967 Cuidubium
1975 2922 2175 2958 sonam
2222 2921 2338 2959 non
2387 2920 2508 2957 esse
2558 2903 2841 2956 servilem.
2876 2904 3023 2971 Ergo
3071 2902 3366 2955 nominato
3409 2919 3524 2954 non
3551 2907 3669 2954 tam

204 3006 282 3066 est,
312 3002 450 3071 quod
484 3017 596 3056 nec
635 3002 706 3055 ad
740 3004 944 3057 ccelum
985 3003 1107 3056 sine
1143 3002 1353 3055 liducia
1384 3000 1863 3055 remunerationis
1973 2995 2140 3063 cupio
2173 2993 2593 3063 ingenuitatem
2628 2990 2821 3051 tribui,
2857 3006 3031 3060 quam
3061 2990 3321 3043 refundi:
3365 2991 3479 3043 scio
3514 2989 3669 3059 quod

203 3092 490 3145 acceditur?
537 3092 828 3145 Imitanda
884 3096 1017 3145 sunt
1047 3092 1383 3145 mortalibus
1412 3091 1552 3143 duce
1584 3089 1865 3159 sapientia
1969 3090 2121 3136 recte
2150 3082 2260 3135 vile
2293 3097 2506 3135 nomen
2554 3080 2859 3149 expulerit,
2895 3078 2994 3148 qui
3028 3085 3158 3132 ante
3190 3078 3479 3148 ingenuus
3510 3078 3666 3131 credi

204 3178 292 3244 illa,
329 3181 527 3250 quibus
563 3186 814 3234 aeternus
846 3181 984 3234 ordo
1017 3180 1412 3251 componitur:
1449 3185 1743 3233 secuturus
1780 3181 1865 3231 est
1981 3171 2210 3233 meruit,
2256 3187 2426 3240 quam
2474 3171 2684 3223 vocari.
2748 3168 3004 3221 Remisso
3051 3184 3187 3237 ergo
3230 3168 3299 3221 ab
3361 3184 3451 3235 eo,
3515 3167 3672 3237 quod

203 3270 389 3322 animus
432 3270 680 3334 actibus,
716 3270 868 3323 unde
902 3270 1147 3340 sumpsit
1192 3269 1504 3338 originem,
1562 3269 1698 3321 dum
1749 3267 1863 3319 Deo
1974 3261 2117 3313 mihi
2171 3260 2506 3323 debebatur,
2553 3258 2851 3328 obsequio,
2887 3273 3058 3327 quam
3099 3273 3261 3310 suam
3295 3272 3415 3309 esse
3443 3271 3672 3309 conver-

201 3355 364 3410 devote
435 3358 788 3413 famulantes
863 3358 1016 3428 quod
1089 3360 1510 3428 praestolamur,
1546 3356 1858 3411 olferimus.
1974 3351 2188 3404 satione
2231 3348 2445 3414 docuit,
2498 3348 2682 3402 eidem
2729 3348 2971 3401 restituo
3030 3347 3392 3399 libertatem:
3451 3345 3668 3415 suppli-

200 3446 233 3497 Α
282 3462 513 3517 superna
566 3448 725 3503 enim
774 3448 1203 3501 conversatione
1256 3463 1372 3500 non
1429 3446 1731 3514 discrepat,
1764 3443 1861 3514 qui
1905 3497 1940 3517 η
1974 3455 2107 3493 cans
2151 3454 2376 3491 corona:
2408 3443 2627 3504 vestrae,
2662 3441 2722 3490 ut
2754 3437 2925 3506 gestis
2978 3434 3366 3489 ecclesiasticis
3416 3450 3483 3488 ex
3514 3434 3673 3488 omni

202 3533 340 3588 talem
361 3537 813 3608 obsequentibus
846 3536 1133 3605 impendit
1154 3535 1473 3601 dominum,
1504 3534 1732 3605 qualem
1757 3532 1866 3586 sibi
1904 3523 1943 3550 υ
1976 3528 2336 3583 obnoxietate
2391 3527 2677 3592 solvatur;
2737 3530 2800 3579 ut
2852 3531 3131 3595 perpetuo
3183 3525 3456 3577 Romanae
3515 3523 3672 3577 urbis

202 3625 292 3679 vult
321 3643 431 3681 esse
482 3628 691 3680 salutis
735 3631 1046 3680 auctorem.
1081 3627 1415 3679 Gerontium
1458 3625 1674 3695 itaque,
1702 3624 1865 3692 cujus
1976 3615 2156 3686 possit
2213 3613 2497 3667 eXSUItal‘e
2572 3611 2828 3681 COllegiO,
2888 3610 3047 3667 Omni
3112 3611 3337 3679 Ρθευιίο
3393 3627 3495 3663 5110
3549 3610 3671 3663 Sine

201 3727 224 3763 a
266 3729 345 3767 me
397 3722 698 3787 comperta
750 3716 911 3781 ﬁdes,
972 3715 1182 3784 pudor,
1237 3714 1555 3783 integritas,
1591 3718 1648 3767 et
1678 3712 1868 3783 ,exigit
1976 3704 2167 3773 aliqua
2198 3702 2603 3756 imminutione
2652 3716 2951 3754 concesso:
3004 3716 3108 3753 nec
3151 3700 3235 3753 fas
3287 3702 3372 3752 est
3410 3699 3565 3752 enim
3604 3698 3672 3751 de

198 3800 500 3872 libertatem,
559 3809 620 3858 et
675 3804 789 3858 suis
820 3804 1046 3859 dotibus
1103 3802 1427 3871 innotescit,
1478 3818 1582 3872 per
1610 3818 1867 3873 praesens
1978 3792 2267 3862 vaUiSitiS
2320 3792 2634 3862 quidquam
2694 3789 2905 3859 minlli,
2955 3805 3127 3859 quem
3181 3788 3457 3860 P011i0801‘
3505 3788 3673 3843 donis

199 3891 496 3956 petitorium
557 3910 596 3946 a
628 3892 984 3947 beatitudine
1034 3897 1222 3945 vestra
1272 3892 1541 3945 Romana:
1592 3891 1868 3961 deprecor
1978 3882 2149 3935 etiam
2172 3880 2493 3950 PotiOI‘ibUS
2525 3878 3017 3948 subsequendum.

1977 4024 2119 4078 dum
2140 4022 2301 4077 ducis
2320 4021 2382 4075 in.
2402 4020 2702 4076 ecclesiam
2727 4038 2739 4076 :
2764 4022 3041 4075 recitatur
3061 4020 3422 4083 libellus,'aut
3442 4019 3510 4089 ﬁt
3529 4019 3674 4074 desi-

1978 4094 2131 4149 derii
2149 4093 2231 4147 tui
2246 4092 2580 4165 prosecutio.
2601 4093 2753 4148 Dicis
2767 4096 2818 4145 te
2828 4109 3052 4165 servum
3068 4095 3229 4165 tuum
3248 4090 3671 4165 manumittere,

1980 4168 2078 4237 qui
2135 4162 2330 4220 tibi'in
2379 4164 2637 4237 omnibus,
2691 4164 3007 4237 servaverit
3046 4162 3219 4237 ﬁdem
3278 4162 3413 4237 Ejus
3449 4163 3673 4231 antiqui

1982 4233 2158 4291 fuoris
2202 4238 2539 4306 praeclarum
2586 4235 2674 4287 hic
2724 4235 3051 4303 exemplum
3095 4234 3152 4285 in
3185 4233 3455 4306 Gerontio
3476 4248 3669 4306 servo,

1984 4325 2154 4379 quem
2190 4304 2458 4361 dominus
2480 4307 2631 4375 apud
2650 4306 2985 4379 episcopum
3018 4304 3393 4379 manumit_tit.
3424 4304 3673 4379 Alterius

1988 4374 2122 4450 ergo
2156 4378 2387 4432 nomine
2420 4374 2694 4450 scriptum
2726 4377 2833 4428 hoc
2857 4376 3049 4450 etiam
3082 4375 3417 4450 opusculum
3465 4375 3534 4426 ab
3566 4374 3676 4450 En-

1983 4444 2177 4513 nodio,
2206 4450 2435 4518 Agapiti
2464 4444 2758 4509 nimirum,
2781 4448 2942 4514 cujus
2962 4461 3171 4498 nomen
3197 4445 3361 4496 titulo
3395 4444 3634 4518 apposui
3660 4460 3671 4497 :

1986 4523 2120 4592 quia
2166 4523 2223 4574 in
2258 4515 2541 4592 veteribus
2588 4519 2748 4592 libris
2783 4520 3096 4592 {lenonius
3148 4531 3294 4569 PUER
3334 4530 3410 4592 ss.
3447 4515 3672 4592 dicitur,

1985 4586 2091 4646 Hoc
2136 4600 2217 4644 est
2257 4590 2647 4661 suprascripti.
2701 4589 3010 4657 Subjicitur
3057 4593 3248 4642 autem
3297 4587 3554 4658 epistola:
3606 4586 3677 4639 ad

1985 4663 2315 4733 Agapitum,
2359 4680 2487 4733 qua:
2521 4668 2603 4716 est
2634 4664 2664 4714 6
2695 4662 2793 4714 lib.
2828 4676 2900 4714 1v.

247 4033 268 4112 _‘
309 4035 794 4112 _Petitori_um_qu_0_
838 4034 1133 4112 absolutus
1179 4039 1285 4112 est_
1316 4032 1637 4112 Gerqntius]
1674 4034 1867 4088 Manu-

199 4105 456 4161 missiones
480 4109 627 4161 olim
664 4107 723 4159 in
758 4106 997 4159 Ecclesia
1016 4105 1249 4169 ﬁebant,
1272 4105 1553 4158 benelicio
1587 4108 1868 4159 Constan-

199 4175 284 4227 tini
325 4178 524 4247 Magni,
562 4178 730 4246 cujus
776 4181 957 4230 exstat
990 4178 1077 4230 lex
1120 4178 1186 4229 ad
1232 4179 1613 4245 Protogenem
1647 4176 1867 4247 episco-

197 4261 310 4313 pum
358 4246 779 4312 Serdicensem,
813 4264 938 4316 quae
973 4248 1280 4300 formulam
1310 4247 1574 4299 declarat.
1626 4246 1751 4299 cod.
1792 4248 1870 4299 De

199 4318 382 4395 bisqui
413 4322 472 4395 in
508 4319 761 4395 Ecclesia
791 4317 1689 4395 manumittuutur._Jamdudum
1716 4317 1871 4395 _pla_-

198 4388 291 4441 cuit
314 4388 393 4443 iut
428 4391 489 4444 in.
524 4390 802 4446 Ecclesia
828 4388 1115 4442 catholica
1156 4389 1473 4443 libertatem
1508 4388 1725 4439 domini
1752 4388 1871 4445 suis

199 4461 407 4519 famulis
424 4466 717 4532 praestare
734 4460 1033 4530 possint,si
1051 4460 1151 4512 sub
1164 4463 1397 4530 aspectu
1414 4458 1595 4529 plebis
1606 4456 1876 4532 assistens

199 4530 781 4590 libusChrisliazzorum
796 4533 1146 4596 antistitibus
1164 4532 1388 4596 faciant
1402 4540 1467 4587 ut
1478 4532 1716 4601 propter
1714 4530 1877 4598 facti

202 4607 666 4675 memoriamjtice
708 4612 968 4662 actorum
1016 4607 1415 4674 interponatur
1463 4602 1877 4672 qualiscunque

199 4678 479 4750 scriptura.
520 4680 580 4731 in
606 4697 719 4750 qua
742 4680 855 4748 ipsi
876 4679 994 4732 vice
1020 4676 1248 4730 tes/ium
1269 4679 1495 4750 signent
1512 4675 1873 4750 {augustiuus

202 4744 243 4799 iu
264 4742 509 4804 sermone
544 4742 807 4805 nondum
835 4766 854 4783 ο
877 4750 1047 4815 edito,
1075 4750 1168 4801 sed
1192 4748 1288 4817 qui
1312 4742 1343 4798 εἰ
1370 4747 1486 4799 Nic.
1514 4746 1693 4797 Faliro
1712 4742 1871 4817 brevi

602 4764 807 4831 ξμαιιιῐι
835 4766 854 4783 ⁸
877 4764 1168 4831 εσξιολδθα
1192 4764 1343 4831 (ιυιρι
1370 4764 1486 4799 Μο·
1514 4764 1693 4797 ¹⁴³¹³Γ⁰
1712 4764 1871 4831 ﬂre“
1910 4817 1949 4831 ἢ
2047 4768 2229 4817 Editus
2249 4770 2429 4831 postea
2454 4782 2573 4816 cum
2604 4768 2718 4816 aliis
2749 4768 2809 4816 39
2842 4767 2907 4816 ab
2931 4768 3045 4830 ipso
3075 4764 3373 4815 Sirmondo.

198 4817 352 4875 lucem
379 4839 509 4876 cum
535 4824 665 4876 aliis
683 4827 970 4893 exspectat
993 4837 1005 4874 :
1030 4821 1261 4875 Servum
1284 4820 1440 4871 tuum
1465 4817 1868 4870 manumitten-
1910 4817 1953 4871 D

1386 5019 2004 5112 OPUSCULUM
2086 5021 2471 5112 NONUM.

1526 5192 1541 5229 ¹
1584 5201 2035 5253 Benedictio
2087 5202 2295 5252 cel-el
2310 5231 2327 5251 .

1792 5333 2059 5347 —————

1985 5387 2041 5435 et
2072 5397 2206 5435 voce
2227 5381 2533 5434 solvamus.
2568 5378 2783 5432 Etlicet
2804 5382 3000 5431 nostra
3044 5376 3244 5445 lingua
3294 5372 3541 5428 auctoris
3588 5374 3677 5427 sui

1984 5470 2276 5525 beneﬁciis
2306 5469 2481 5539 digno
2503 5482 2871 5538 nequaquam
2891 5464 3237 5535 respondere
3259 5463 3438 5533 possit
3458 5462 3636 5517 aifatu
3659 5481 3675 5516 :

258 5379 295 5432 Ι.
342 5382 596 5452 Dignum
640 5388 697 5438 et
721 5383 940 5453 justum
972 5386 1077 5438 est.
1108 5384 1246 5437 Vere
1276 5382 1517 5452 dignum
1556 5385 1613 5435 et
1655 5381 1874 5451 justum

201 5470 289 5534 est,
317 5475 378 5523 ut
403 5472 557 5542 quod
605 5488 634 5526 a
666 5478 745 5539 te,
784 5473 1048 5539 Domine,
1078 5472 1419 5543 accepimus,
1462 5486 1630 5542 prece
1673 5471 1876 5525 saltem

1984 5600 2100 5650 tem
2148 5593 2221 5648 ad
2262 5594 2596 5665 priscamret
2646 5592 2963 5665 solemnem
2996 5590 3066 5665 in
3111 5586 3349 5665 ecclesia
3376 5586 3537 5665 _cerei
3581 5603 3677 5657 pa-

256 5597 273 5629 ¹
310 5594 637 5681 Benedictio
665 5597 836 5670 cerei]
868 5601 1081 5681 Harum
1118 5600 1372 5681 alteram,
1405 5615 1533 5681 quae
1562 5598 1877 5681 posteriore
1984 5600 2100 5681 tem
2123 5594 2221 5681 “ad
2262 5594 2596 5681 priscam‘et
2646 5594 2963 5670 solemnem
2996 5594 3074 5681 ἱῑιΔ
3111 5594 3385 5681 coelestia.

1986 5666 2190 5722 schalis
2218 5661 2716 5730 consuetudinem,
2750 5661 2914 5732 cujus
2945 5663 3237 5717 auctorem
3267 5661 3555 5716 Zosimum
3581 5673 3679 5727 pa-

201 5658 306 5719 loco
331 5668 517 5736 posita
545 5674 651 5736 est,
682 5658 837 5727 nunc
863 5672 1119 5742 primum
1154 5658 1395 5728 edimus.
1420 5658 1733 5728 ‘Pertinent
1770 5685 1878 5727 au-
