4060 6174
304 223 405 278 259

1536 216 1823 274 ENNODII
1862 215 2181 273 EPISCOPI
2220 185 2612 274 TlCINENSIS

3693 215 3799 269 260

299 357 421 412 vult
446 360 639 411 tamen
665 351 855 408 divino
888 350 1156 423 mysterio
1187 349 1510 421 profecisse,
1532 350 1684 421 quod
1706 350 1851 404 facta
1876 354 1980 405 est.
2022 352 2067 405 Α
2094 350 2368 421 Agnoscit
2410 350 2501 405 hic
2540 350 2775 404 odorem
2807 364 2975 403 suum
3013 348 3322 403 salutiferas
3350 348 3584 419 virginis
3618 350 3797 421 filius,

306 448 448 502 Nam
494 460 623 498 cum
656 440 877 497 caeteris
918 440 1259 495 animalibus
1298 439 1564 493 hebetata
1619 439 1988 510 caligantium

304 532 622 589 crassitudo
655 532 726 585 sit.
776 546 1070 597 sensuum,
1114 533 1313 582 vernat
1360 528 1418 583 in
1475 529 1582 582 hoc
1616 528 1991 598 dispositione

306 623 596 678 dominica
636 620 936 675 hominum
986 618 1206 671 factura
1252 617 1642 686 praestantior,
1693 618 1845 687 quod
1877 618 1995 671 sola

306 712 537 767 uberius
567 714 757 781 potest
784 708 992 761 sentire
1022 709 1301 759 factorem
1327 722 1339 759 :
1374 722 1500 774 qum
1538 710 1733 758 tamen
1767 706 1993 759 cernuis

306 806 390 855 est
420 800 682 854 socianda
720 802 869 851 recte
902 795 1239 865 pecudibus,
1272 794 1319 847 si
1346 794 1592 863 caelestis
1637 794 1835 865 ignara
1867 810 1992 847 mu-

310 891 480 958 neris,
544 890 699 941 velut
749 884 1017 954 elinguis,
1070 884 1349 938 beneficia
1404 884 1676 937 divinitus
1732 898 1996 937 concessa

309 978 622 1034 concludat.
663 976 804 1028 Nam
853 978 915 1027 ut
963 972 1203 1026 absolvit
1238 990 1268 1025 a
1298 971 1535 1025 crimine
1566 972 1625 1024 in
1657 972 1997 1025 holocaustis

308 1067 575 1139 mysticis,
604 1081 718 1117 non
745 1063 955 1117 habere
987 1062 1143 1132 quod
1194 1061 1434 1115 offeras:
1471 1062 1551 1114 ita
1581 1061 1752 1130 digna
1774 1060 1998 1131 piaculo

310 1175 395 1212 res
427 1160 529 1222 est,
576 1154 867 1208 offerenda
911 1152 1266 1205 subtrahere.
1307 1151 1480 1204 Parili
1510 1166 1757 1221 namque
1784 1150 2000 1219 judicio

308 1244 624 1301 censendus
676 1246 774 1306 est,
830 1245 884 1293 et
914 1240 1013 1309 qui
1061 1254 1359 1308 nunquam
1405 1239 1660 1309 loquitur
1696 1255 1800 1308 per
1829 1243 1995 1293 natu-

310 1351 451 1400 ram,
485 1339 540 1386 et
558 1332 655 1402 qui
680 1328 832 1400 quod
850 1328 1123 1398 loquitur,
1149 1344 1266 1380 non
1293 1327 1478 1380 reddit
1497 1327 1732 1380 auctori.
1756 1328 1993 1393 Idcirco,

312 1422 572 1483 Domine,
597 1417 865 1487 stupendi
887 1416 1060 1486 hujus
1083 1416 1275 1486 Opifex
1304 1417 1593 1478 elementi,
1620 1417 1871 1486 aliquam
1898 1416 2000 1471 tibi

309 1529 343 1566 a
388 1510 553 1566 nobis
583 1507 742 1561 reddi
773 1506 1057 1560 credimus
1098 1505 1302 1558 humili
1335 1504 1715 1559 satisfactione
1746 1506 1999 1575 particu-

311 1603 444 1667 lam,
479 1598 631 1669 quod
652 1601 835 1651 totum
868 1595 1262 1663 cognoscimus
1292 1611 1409 1647 non
1442 1594 1669 1647 debere.
1694 1594 1828 1659 Quis
1851 1595 1999 1648 enim

311 1690 455 1743 alius
491 1692 697 1757 praeter
724 1690 779 1738 te
813 1684 1012 1737 mundi
1046 1682 1318 1736 fabricam
1352 1682 1765 1753 perpendiculo
1800 1699 2003 1752 repen-

314 1779 449 1832 tinas
494 1775 768 1847 jussionis
807 1778 1060 1827 exactam
1102 1772 1279 1826 bifida
1331 1770 1665 1826 auctoritate
1708 1772 2006 1837 solidavit;

316 1884 443 1920 cum
476 1866 729 1935 primum
760 1861 1028 1933 prascepti
1069 1861 1150 1913 tui
1183 1860 1458 1913 miraculo
1499 1864 1649 1913 terra
1683 1860 2009 1929 coagulare-

316 1961 409 2009 tur
442 1956 497 2008 in
530 1955 783 2025 pelagus,
819 1956 876 2005 et
908 1950 1165 2004 deductis
1206 1949 1413 2003 deinde
1448 1964 1729 2023 aquarum
1760 1949 2002 2017 impres-

314 2044 568 2099 sionibus
610 2042 707 2095 illa
742 2040 1014 2106 naufraga
1045 2043 1170 2108 post
1199 2037 1422 2091 sitiret?
1456 2039 1627 2107 Cujus
1655 2036 1850 2101 etiam,
1886 2033 2003 2089 nisi

317 2138 429 2187 ture
486 2128 898 2200 investigabilis
970 2128 1090 2181 fotu
1137 2126 1411 2196 jussionis
1454 2130 1716 2196 suscepta
1746 2123 2006 2195 germina

318 2222 693 2277 nutriuntur?
723 2218 821 2290 qui
848 2218 1096 2271 calorem
1118 2214 1316 2285 ,gignit
1336 2214 1560 2284 infusis,
1582 2214 1681 2285 qui
1711 2214 2011 2267 humorem

320 2312 492 2365 stillat
522 2306 862 2363 arentibus?
894 2305 1015 2377 qui,
1047 2305 1153 2358 nisi
1184 2305 1333 2358 Deus
1354 2308 1566 2369 noster,
1592 2303 2011 2373 succiduajun-

319 2399 403 2469 git
431 2397 782 2468 temporibus
830 2400 1111 2464 tempora,
1162 2408 1409 2463 quorum
1455 2396 1621 2445 terra:
1667 2391 1815 2444 fetus
1861 2404 2016 2443 nunc

318 2490 451 2559 igne
483 2488 819 2552 fervescant,
861 2500 1015 2538 nunc
1061 2482 1239 2553 glacie
1279 2485 1692 2551 temperentur,
1744 2494 1898 2533 nunc
1935 2482 2015 2531 te—

324 2592 462 2648 pore
485 2575 830 2640 animentur,
866 2588 1017 2625 nunc
1044 2570 1238 2625 bibulo
1269 2570 1494 2640 liquore
1515 2571 1972 2638 conspergantur
1988 2566 2015 2621 ?

322 2665 458 2730 Quis
502 2664 624 2718 haec
670 2662 863 2716 omnia
912 2665 968 2714 et
1003 2659 1136 2713 fecit
1180 2675 1245 2711 ex
1276 2657 1475 2725 nihilo,
1510 2661 1566 2711 et
1613 2672 1717 2727 per
1762 2655 1902 2710 lucis
1926 2655 2015 2724 ja-

323 2770 498 2809 nuam
540 2771 571 2807 a
618 2755 909 2824 perpetuae
956 2748 1136 2803 noctis
1182 2747 1346 2801 furva
1394 2746 1674 2800 densitate
1727 2743 2014 2811 discrevit,

321 2842 569 2913 fecitque
608 2838 940 2912 perenniter
982 2836 1269 2891 laudanda
1300 2834 1674 2905 dispositione
1703 2832 2013 2904 piissimus,

2099 438 2198 492 ubi
2253 438 2374 493 sine
2412 438 2566 492 coitu
2594 439 2853 494 nascitur
2883 436 3160 508 quidquid
3196 437 3452 491 offertur.
3493 438 3612 492 Non
3643 440 3802 493 enim

2099 527 2191 581 hic
2233 529 2550 581 turicremis
2602 528 2912 582 Pancbzeus
2964 527 3222 582 adoletur
3284 527 3436 597 ignis
3484 528 3799 588 altaribus:

2101 632 2216 669 non
2269 618 2338 670 ad
2366 617 2523 670 triste
2558 616 2949 670 ministerium
3010 619 3329 669 extremum
3385 616 3653 685 mugiens
3696 617 3803 670 bos

2101 722 2371 775 percussa
2404 706 2637 760 litatur:
2680 721 2797 759 non
2837 705 3139 759 bidentum
3189 705 3335 760 fetus
3382 706 3664 759 carnificis
3704 721 3805 775 po-

2103 795 2233 861 tius,
2290 812 2463 865 quam
2513 794 2822 849 sacerdotis
2875 811 3071 848 mucro
3127 794 3397 848 desecuit.
3458 795 3677 849 Sufficit
3730 793 3807 847 ad

2105 885 2531 954 reparationem
2561 885 2897 938 aeternitatis
2929 884 3190 954 perditae,
3220 884 3371 954 quod
3406 900 3523 937 non
3554 901 3585 937 a
3614 882 3804 949 nobis,

2107 974 2203 1027 sed
2250 989 2353 1044 pro
2384 973 2567 1039 nobis,
2598 976 2794 1043 Agnus
2825 974 3041 1027 occisus
3070 979 3175 1027 est.
3218 974 3412 1027 Procul
3456 973 3590 1026 hinc
3622 972 3809 1026 aberit

2108 1064 2310 1116 lanista
2334 1063 2620 1131 Iudaicus,
2655 1063 2755 1133 qui
2788 1079 2888 1133 per
2918 1061 3208 1116 cicatrices
3242 1061 3551 1132 inguinum
3582 1061 3809 1115 animas

2108 1152 2213 1205 sibi
2261 1152 2562 1223 acquisitas
2626 1156 2711 1206 tot
2758 1151 2901 1205 solet
2961 1167 3263 1205 numerare
3316 1155 3457 1220 quot
3514 1151 3804 1204 vulnerat.

2110 1242 2319 1296 Christi
2376 1241 2560 1295 nostri
2606 1240 2882 1295 libamina
2929 1241 3185 1295 infucata
3229 1241 3592 1311 simplicitate
3654 1256 3814 1294 com-

2111 1333 2356 1403 plentur.
2391 1331 2617 1401 Peragit
2648 1331 3071 1385 dedicationem
3111 1332 3362 1401 corporis
3408 1330 3608 1395 nostri,
3647 1346 3810 1397 crux,

2114 1421 2285 1487 unda,
2319 1420 2615 1473 confessio.
2659 1421 2734 1473 'l‘e
2766 1435 2903 1489 ergo
2944 1436 3297 1490 quaesumus,
3335 1420 3596 1483 Domine,
3647 1423 3711 1472 ut
3744 1418 3813 1471 si-

2110 1516 2205 1563 cut
2251 1510 2439 1579 typico
2488 1508 2674 1579 prisca
2705 1508 2999 1578 mysterio,
3058 1509 3136 1562 ita
3192 1508 3519 1563 renovanda
3570 1507 3811 1577 agmina

2117 1599 2285 1652 ducat
2314 1599 2434 1651 haec
2471 1598 2736 1651 columna
2770 1602 2925 1651 trans
2954 1598 3209 1667 gurgites
3234 1614 3247 1651 :
3300 1603 3499 1652 testuet
3529 1596 3697 1651 nobis
3728 1613 3814 1650 se—

2121 1688 2259 1741 mita
2308 1693 2626 1757 praeparata
2660 1702 2762 1756 per
2812 1686 3015 1752 maria,
3046 1691 3101 1740 et
3146 1687 3304 1740 sitiat
3350 1686 3506 1740 callis
3544 1687 3818 1755 pulveru-

2116 1778 2307 1832 lentus
2340 1776 2400 1829 in
2447 1775 2733 1829 fluctibus.
2787 1775 2941 1830 Nihil
2992 1775 3087 1830 hic
3134 1775 3307 1829 estin
3339 1792 3453 1846 quo
3486 1775 3818 1844 discrepent

2119 1867 2359 1937 antiqua
2401 1865 2564 1918 novis
2622 1870 2719 1918 aut
2770 1866 3049 1919 moderna
3105 1864 3409 1919 veteribus.
3463 1865 3547 1918 Tu
3586 1878 3819 1932 semper

2119 1956 2272 2010 idem
2307 1956 2578 2009 Dominus
2609 1959 2664 2007 et
2680 1954 2940 2008 sacerdos
2968 1959 3318 2007 memoratus
3346 1969 3450 2023 per
3481 1952 3815 2023 prophetas.

2123 2046 2223 2099 Hic
2252 2049 2338 2098 est
2374 2044 2443 2097 ad
2482 2044 2644 2112 cujus
2686 2049 2983 2114 precatum
3026 2044 3244 2097 ﬂuenta
3285 2043 3586 2107 siccentur,
3616 2044 3682 2094 ut.
3716 2041 3821 2094 He-

2121 2132 2309 2187 braeus
2356 2135 2625 2196 transeat,
2676 2132 2974 2201 Egyptius
3016 2131 3394 2201 deprimatur,
3428 2134 3485 2185 et
3513 2129 3717 2184 mersis
3758 2128 3819 2181 in

2122 2239 2270 2293 aqua
2322 2220 2676 2291 corporibus,
2741 2222 2862 2274 sola
2926 2219 3136 2275 sentiat
3202 2222 3371 2291 culpa
3420 2217 3812 2288 naufragium.

2123 2313 2240 2366 Hoc
2277 2315 2470 2365 autem
2516 2310 2642 2376 tibi,
2678 2309 2940 2378 Domine,
2992 2314 3161 2363 castas
3196 2308 3529 2379 operatricis
3583 2322 3817 2371 munus,

2124 2409 2179 2457 et
2216 2402 2363 2457 hanc
2399 2403 2627 2456 intactae
2660 2400 2858 2455 matris
2889 2400 3144 2454 sobolem
3175 2397 3684 2463 commendamus;
3716 2409 3821 2465 per

2123 2509 2298 2564 quam
2327 2495 2582 2547 meretur
2612 2491 2823 2546 habere
2854 2494 3006 2543 terra
3042 2488 3196 2560 quod
3228 2486 3356 2542 coeti
3394 2491 3515 2539 est:
3550 2500 3680 2555 qua:
3713 2497 3819 2552 per

2124 2582 2325 2636 domos
2356 2595 2547 2633 cereas
2579 2578 2771 2635 divino
2821 2575 3037 2647 stipant
3070 2576 3240 2629 mella
3274 2573 3653 2645 compendio:
3692 2571 3823 2643 qui-

2125 2671 2232 2725 bus
2277 2684 2446 2723 causa
2479 2673 2564 2723 est
2617 2682 2940 2722 numerosas
2986 2664 3287 2735 progeniei
3318 2663 3565 2718 nescisse
3611 2660 3818 2731 conju-

2125 2761 2285 2831 gium
2310 2775 2324 2813 :
2354 2775 2425 2813 ne
2456 2758 2595 2813 dum
2628 2758 2967 2827 copularum
2995 2754 3233 2809 nexibus
3264 2757 3636 2823 occupantur,
3670 2750 3825 2805 labo-

2126 2850 2292 2904 randi
2318 2853 2548 2919 tempus
2578 2846 2872 2917 effugiant,
2898 2852 2956 2899 et
2975 2849 3303 2914 exspectent
3329 2847 3392 2896 ut
3406 2841 3628 2912 prolem
3656 2856 3824 2895 suam

326 2936 453 3001 post
490 2931 633 2986 lucis
674 2929 992 2983 claritatem
1029 2943 1144 2980 non
1178 2925 1403 2979 horreri
1434 2923 1697 2978 tenebras
1731 2926 2017 2976 reverten-
2058 2948 2098 3002 ο
2126 2938 2356 3009 turgida
2381 2938 2542 2992 alvus
2572 2935 2846 3002 effundat,
2867 2949 3040 3005 quam
3062 2933 3373 2987 herbarum
3400 2931 3557 2983 lucro
3580 2928 3827 2999 diligen.

323 3030 405 3076 tes
435 3038 537 3092 per
567 3021 790 3075 dierum
811 3018 975 3073 dies?
1008 3016 1155 3085 Quis}
1175 3019 1229 3069 te
1260 3015 1345 3069 vel
1376 3014 1582 3084 dignus
1616 3018 1713 3067 aut
1741 3010 2020 3066 facundus

324 3111 587 3164 laudator
617 3108 927 3178 eloquitur,
956 3104 1115 3173 cujus
1146 3102 1453 3157 terminata
1482 3099 1808 3155 distributio
1841 3114 2022 3152 succe-

326 3200 497 3253 dente
544 3197 815 3250 varietate
844 3194 911 3248 ﬁt
958 3194 1212 3262 gratior:
1251 3208 1365 3262 quo
1390 3190 1627 3259 jubente
1659 3188 1880 3242 dulcior
1922 3187 2020 3240 lux

326 3293 430 3354 est,
464 3302 591 3358 quin
622 3283 934 3355 aliquando
978 3281 1209 3346 desinit,
1261 3294 1436 3349 quam
1467 3279 1513 3331 si
1539 3276 1759 3348 jugiter
1789 3291 2017 3347 perma-

325 3376 529 3433 neret?
579 3374 718 3428 Ecce
750 3373 847 3426 illa
877 3387 1005 3436 nox,
1060 3385 1188 3439 quas
1237 3366 1520 3420 mundum
1569 3367 1845 3420 hactenus
1876 3364 2017 3434 jugo

325 3464 735 3522 crudelissimas
759 3457 1066 3515 deditionis
1113 3461 1494 3528 oppresserat,
1529 3453 1774 3525 populos
1802 3470 1835 3508 a
1865 3451 2020 3507 nexi-

323 3558 427 3610 bus
474 3553 739 3608 violentae
771 3546 1114 3603 conditionis
1146 3545 1410 3612 absolvit,
1434 3549 1491 3599 et
1519 3542 1585 3597 ﬁt
1616 3542 1894 3597 libertatis
1939 3542 2019 3595 al-

330 3646 457 3711 trix,
489 3658 616 3714 quze
659 3644 842 3694 mater
883 3638 1072 3692 fuerat
1102 3633 1410 3689 servitutis.
1455 3633 1516 3686 In
1548 3631 1718 3701 hujus
1749 3629 1871 3697 tibi,
1914 3630 2022 3684 Do-

329 3734 504 3800 mine,
539 3729 907 3785 sanctissimre
939 3724 1122 3779 noctis
1152 3721 1475 3777 ministerio
1526 3720 1636 3775 hoc
1665 3734 1895 3773 cereum
1928 3718 2020 3772 lu-

331 3839 463 3877 men
490 3818 805 3885 offerimus,
853 3831 958 3885 per
988 3812 1143 3885 quod
1183 3811 1364 3881 caligo
1395 3814 1615 3864 vetusta
1645 3809 1927 3879 pellatur:
1962 3807 2022 3861 in

330 3928 444 3982 quo
492 3908 708 3980 species
746 3904 897 3960 trino
947 3902 1348 3972 compaginata
1378 3898 1691 3966 consortio,
1735 3894 2022 3952 societatis

329 3997 752 4071 propemodum
780 3992 1033 4064 mysticae
1064 3991 1289 4061 glutino
1317 3988 1739 4059 conjungatur;
1772 4001 2019 4057 quarum

332 4104 520 4144 ceram
551 4084 770 4157 paravit
813 4080 1089 4136 nectareis
1135 4078 1411 4151 partubus
1438 4077 1555 4131 feta
1583 4076 1879 4147 virginitas
1918 4089 2019 4144 pa-

332 4193 533 4250 pyrum
579 4176 650 4230 ad
701 4173 972 4227 alimenta
1014 4169 1239 4240 ignium
1292 4168 1528 4238 lympha
1558 4163 1893 4231 transmisit,
1930 4164 2016 4216 lu-

335 4243 467 4322 iiien
493 4265 794 4320 adhibetur
833 4278 863 4315 e
895 4260 1057 4314 coelo.
1093 4258 1246 4312 Nihil
1283 4256 1376 4310 hic
1403 4255 1574 4309 habet
1620 4270 1728 4307 vox
1767 4253 2021 4307 humana
2058 4243 2101 4297 D

337 4355 493 4431 quod
543 4355 851 4414 consecret,
902 4348 998 4403 ubi
1026 4352 1211 4403 totum
1240 4344 1437 4416 dirigit
1465 4358 1717 4415 superna
1748 4338 2020 4412 cognitio.

339 4548 473 4603 pam
508 4530 735 4603 faciunt
761 4523 1379 4603 ritualiumjlibrorum“
1391 4519 1695 4598 scriptores
1725 4515 2023 4603 Alcuinus,

336 4587 392 4658 et
425 4616 445 4638 ’
490 4598 828 4665 Amalarius,
865 4613 982 4651 non
1011 4587 1708 4665 episcopusTrevirensis,
1738 4594 1823 4665 ut
1850 4587 2023 4656 vulgo

337 4676 721 4741 nuncupatur,
768 4660 864 4722 sed
910 4660 1655 4741 diaconusfquiepiscopo
1701 4662 2029 4741 aetate-sup-

338 4760 443 4816 par
473 4729 741 4816 deovici
768 4738 1152 4816 imperatoris
1162 4729 1324 4816 jus—su
1356 4732 1415 4785 id
1431 4746 1588 4811 .Opus
1616 4729 1927 4816 contexuit:

414 4815 433 4849 ⁸
472 4814 537 4870 Si
563 4817 691 4884 quia
718 4799 1197 4884 ltinc‘sumpserii]
1219 4805 1331 4858 Mos
1351 4799 1649 4884 enim‘erat
1663 4816 1837 4881 quem
1856 4799 2030 4884 iidem

342 4870 598 4942 auctores
642 4882 894 4949 tradunt,
943 4870 1012 4934 ut
1055 4894 1119 4949 ex
1170 4870 1333 4929 cereo
1365 4873 1617 4949 paschali
1669 4870 2029 4949 quisabbato

341 4940 534 5012 sancto
582 4940 892 5023 conceptis'
915 4948 1179 5023 precibus
1210 4940 1461 5023 sacratus
1501 4940 1707 5023 fuerat,
1736 4940 2030 5023 particulas

340 5011 800 5098 decerperentur,
867 5011 935 5075 ac
986 5019 1198 5098 populo
1257 5015 1685 5098 die-dominica
1717 5011 1792 5098 lin
1848 5011 2025 5098 Albis,

339 5106 468 5171 post
507 5084 747 5171 ‘sacr‘am
786 5084 1268 5171 comm-unionem
1325 5086 1823 5171 distribuerentur,
1848 5084 2030 5164 .unde

341 5154 597 5226 suffitum
644 5168 707 5220 in
753 5165 970 5219 {edibus
1015 5160 1133 5214 suis
1180 5159 1450 5223 facerent,
1489 5157 1579 5212 vel
1614 5171 1779 5226 agros
1806 5154 2032 5209 vineas-

342 5258 455 5314 que
497 5238 796 5314 mu_ni_rent
840 5234 1110 5314 adversus
1166 5230 1495 5314 daemonum
1547 5226 1890 5314 prmstigias,
1934 5229 2035 5314 aut

341 5296 539 5369 dontra
581 5309 812 5379 fulgura
853 5309 911 5359 et
950 5302 1220 5379 topitrua,
1267 5302 1389 5366 Quo
1418 5296 1591 5379 etiam
1635 5302 1894 5379 spectant
1934 5296 2034 5379 illa

344 5366 587 5440 EnnOdii
625 5366 833 5434 BEned.
861 5392 903 5431 ιι
936 5390 951 5432 :
996 5366 1299 5445 Sumptam
1340 5385 1413 5426 ea:
1439 5369 1541 5427 hoc
1575 5366 1777 5424 contra
1812 5366 2033 5438 procel-

2124 3028 2237 3082 tius
2270 3030 2505 3099 possunt
2546 3041 2643 3079 ore
2691 3024 2997 3096 profligare
3046 3036 3222 3093 quam
3271 3020 3508 3074 semine.
3546 3019 3611 3073 In
3642 3018 3825 3088 hujus

2128 3123 2322 3172 autem
2355 3115 2505 3171 cerei
2534 3114 2771 3169 luminis
2800 3128 3040 3182 corpore
3066 3116 3144 3177 te,
3177 3109 3438 3175 Domine,
3464 3108 3826 3179 postulamus

2130 3212 2194 3261 ut
2226 3221 2493 3277 supernae
2534 3202 2952 3259 benedictionis
3017 3215 3227 3255 munus
3277 3197 3714 3252 accommodes:
3767 3202 3827 3251 et

2129 3293 2149 3327 ¹
2191 3296 2239 3350 si
2269 3295 2398 3366 quis
2423 3293 2559 3347 hinc
2590 3291 2918 3363 sumpserit,
2967 3290 3236 3344 adversus
3267 3287 3448 3342 ﬂabra
3481 3290 3823 3351 ventorum,

2129 3385 2397 3439 adversus
2442 3382 2678 3453 spiritus
2707 3380 3111 3450 procellarum,
3161 3382 3261 3432 tua
3284 3378 3443 3447 jussa
3481 3374 3717 3437 faciens,
3752 3373 3828 3426 sit

2126 3474 2212 3528 illi
2242 3473 2530 3543 singulare
2580 3469 2945 3542 profugium:
2984 3469 3058 3523 sit
3100 3482 3299 3522 murus
3328 3464 3399 3519 ab
3442 3465 3606 3520 hoste
3636 3462 3825 3516 ﬁdeli-

2127 3562 2255 3617 bus.
2301 3562 2484 3617 Simul
2528 3561 2704 3615 etiam
2733 3574 3061 3630 quaesumus
3087 3562 3144 3611 te
3179 3561 3241 3611 ut
3270 3554 3404 3626 quia
3434 3553 3504 3607 ad
3533 3550 3825 3607 vernantis

2129 3650 2267 3705 anni
2294 3650 2500 3704 faciem
2542 3647 2821 3719 passionis
2875 3663 2938 3701 ac
2966 3642 3401 3699 resurrectionis
3432 3646 3550 3695 tua:
3593 3645 3826 3709 tempus

2129 3739 2358 3812 aptasti,
2391 3754 2523 3794 cum
2550 3742 2679 3809 post
2704 3740 2997 3791 concretas
3024 3732 3259 3789 hiemali
3288 3737 3519 3801 torpore
3549 3728 3745 3800 glebas
3768 3733 3827 3781 et

2129 3832 2413 3886 infrenata
2442 3830 2622 3901 glacie
2663 3828 2927 3897 ﬂumina,
2974 3824 3226 3880 novellas
3267 3821 3561 3877 frondium
3600 3819 3825 3873 tunicas

2130 3936 2359 3992 gemma
2384 3919 2731 3986 conscendit,
2782 3922 2839 3972 et
2884 3932 3015 3970 cum
3060 3920 3290 3968 auctore
3340 3911 3670 3982 germinum
3712 3908 3824 3961 Do-

2130 4010 2290 4064 mino
2321 4009 2485 4063 nobis
2505 4008 2699 4062 omnia
2722 4006 3104 4061 reviviscunt:
3131 4004 3202 4057 da
3228 4000 3575 4072 multiplices
3600 3999 3826 4053 fructus

2128 4099 2190 4153 in
2216 4097 2403 4163 terris,
2433 4102 2695 4153 nostrum
2725 4096 2885 4151 effice
2917 4095 3069 4166 quod
3098 4092 3371 4159 ostendis,
3410 4096 3467 4145 et
3511 4086 3829 4142 sacerdotis

2132 4189 2334 4256 nostri,
2376 4189 2465 4243 vel
2494 4188 2670 4243 totius
2709 4186 2846 4241 cleri
2890 4184 3280 4240 incolumitate
3311 4185 3551 4249 servata,
3592 4179 3829 4233 uberta-

2132 4284 2249 4336 tem
2274 4283 2603 4349 temporum
2629 4277 2751 4332 sine
2778 4275 3015 4331 adversa
3044 4276 3383 4344 tempestate
3413 4267 3679 4324 concede.

2136 4525 2227 4580 las
2253 4526 2342 4581 vet
2363 4539 2558 4579 omnes
2583 4520 2849 4576 incursus
2873 4521 2974 4585 fac
3003 4516 3291 4574 dimicare
3320 4514 3687 4588 particulam.
3715 4514 3837 4568 Cae-

2134 4603 2323 4651 terum
2356 4596 2450 4650 hic
2496 4611 2621 4648 mos
2661 4595 2800 4647 olim
2841 4597 2997 4646 extra
3036 4590 3237 4643 urbem
3287 4587 3581 4643 duntaxat.
3631 4587 3835 4639 Romae

2136 4669 2293 4721 enim
2323 4667 2471 4721 cerei
2498 4664 2779 4736 paschalis
2807 4664 2925 4717 vice
2957 4678 3146 4736 ceram
3169 4662 3296 4736 oleo
3327 4658 3621 4736 perfusam
3652 4657 3837 4710 bene-

2137 4738 2361 4793 dicebat
2407 4730 2872 4791 archidiaconus:
2922 4734 3052 4787 inde
3096 4731 3406 4802 particulas
3437 4730 3495 4802 in
3546 4743 3837 4802 agnorum

2138 4810 2391 4879 efﬁgiem
2440 4824 2733 4879 expressas
2782 4798 3125 4879 asservabat,
3176 4803 3401 4879 populo
3441 4801 3709 4879 similiter
3727 4798 3839 4879 ‘die

2139 4870 2627 4951 qua'dictumest,
2678 4878 3031 4951 dividendae.
3064 4870 3209 4951 Quae
3231 4870 3320 4929 res
3348 4872 3623 4951 nimirum
3653 4870 3837 4939 origi-

2138 4945 2275 5006 nem
2304 4951 2457 5006 dedti
2480 4951 2659 5004 cereis
2713 4949 2847 5019 agni
2902 4946 3143 5001 caelestis
3197 4945 3566 5019 imaginibus,
3626 4957 3760 5012 quas
3802 4957 3836 5019 a

2137 5022 2505 5094 pontificibus
2551 5021 2690 5092 ipsis
2724 5012 3054 5091 augustiore
3098 5021 3299 5090 postea
3323 5012 3456 5070 'ritu
3509 5012 3839 5068 consecrari

2141 5098 2457 5164 cceperunt.

2171 5209 2225 5281 μ’
2258 5208 2388 5280 Vide
2404 5207 2541 5257 inter
2561 5204 2827 5255 Sirmondi
2843 5204 3007 5277 ipsius
3028 5201 3301 5316 opuscula,
3324 5201 3388 5251 de
3400 5198 3609 5250 duobus
3629 5196 3843 5270 Amala:

2171 5285 2233 5316 ns
2252 5270 2528 5316 epistolam
2544 5270 2611 5316 ad
2632 5270 3037 5316 Constantinum
3097 5269 3369 5316 aietanum
3392 5263 3637 5314 abbatem
3660 5260 3839 5312 Sancti

2141 5270 2528 5384 gggpgtolam
2544 5270 2611 5319 ad
2632 5260 3037 5321 Constantinum
3057 5260 3369 5330 Cajetanum
3392 5263 3637 5314 abbatem
3660 5260 3839 5312 Sancti
