4008 6170
169 265 260 318 26!
1344 326 1359 333 _
1570 262 1983 322 BENEDICTIO
2020 263 2257 321 cnam.

3538 274 3669 327 '262

1319 532 1922 625 OPUSCULUM
1998 534 2479 625 DECIMUM.

1552 712 2002 764 Benedictio
2038 714 2271 765 cel-el.

238 944 303 997 Il.
333 943 591 1014 Dignum
622 946 678 997 et
721 944 939 1016 justum
971 947 1071 1000 est.
1113 945 1254 999 Vere
1294 945 1535 1015 dignum
1567 951 1619 1001 et
1644 946 1865 1017 justum
1904 951 1951 1004 A
1980 946 2121 1003 duce
2152 946 2319 1017 culpa
2358 950 2655 1000 revocatus
2699 946 2960 1001 exsilium
2989 948 3163 1003 ﬂevit.
3213 950 3369 1005 Hunc
3398 950 3508 1005 nisi
3538 968 3668 1007 om-

176 1037 274 1099 est,
324 1038 392 1087 ut
422 1033 689 1104 principe
743 1036 869 1088 loco
918 1034 1066 1088 fores
1132 1036 1314 1089 beatae
1364 1035 1566 1103 noctis,
1614 1036 1869 1091 adhibito

174 1123 443 1192 prazsenti
496 1122 842 1190 ministerio,
896 1124 1068 1195 digno
1118 1125 1283 1195 quasi
1312 1125 1465 1179 clave
1502 1133 1868 1179 reserentur:

179 1216 235 1265 ut
264 1212 482 1267 nobilis
515 1213 753 1268 nuntius
803 1214 935 1268 vitm
976 1218 1212 1267 testetur
1261 1214 1589 1280 adventum,
1622 1218 1687 1268 ut
1724 1230 1872 1285 prm-

178 1300 329 1354 conis
362 1302 576 1356 merito
610 1307 876 1357 secutura
897 1302 1317 1374 ponderentur,
1349 1303 1521 1357 sacris
1553 1303 1723 1358 fidem
1756 1318 1874 1373 my-

178 1390 359 1444 steriis
410 1391 776 1445 venerandus
831 1407 1140 1461 praecessor
1187 1392 1595 1445 accommodet.
1649 1393 1873 1446 Justum

179 1488 255 1535 est
282 1485 351 1533 ut
401 1480 837 1551 proximitatem
869 1480 1137 1534 salutaris
1168 1497 1332 1551 aquae
1363 1480 1596 1534 ﬂamma
1627 1480 1871 1534 manife-

179 1572 280 1621 stet
309 1585 322 1621 :
353 1568 783 1622 elementorum
813 1568 1106 1622 diversitas
1144 1568 1206 1622 in
1235 1568 1541 1638 peregrina
1571 1584 1706 1639 pace
1737 1584 1872 1622 con-

178 1656 365 1710 veniat
395 1673 409 1711 :
445 1656 818 1729 lympharum
862 1657 923 1711 in
948 1663 1219 1729 promptu
1266 1674 1388 1713 esse
1435 1657 1693 1712 remedia
1718 1673 1875 1712 sacer

176 1745 321 1816 ignis
373 1746 678 1800 ostendat:
729 1751 1071 1816 agnoscatur
1127 1763 1244 1801 non
1297 1762 1417 1801 esse
1474 1750 1713 1815 naturae,
1774 1746 1873 1801 sed

177 1834 615 1906 redemptionis,
668 1835 824 1907 quod
867 1836 1175 1891 concordat
1232 1836 1385 1891 unda
1436 1851 1566 1890 cum
1616 1835 1863 1890 lumine.

180 1924 426 1978 Laetetur
496 1924 558 1977 in
604 1924 873 1995 operibus
924 1925 1041 1979 suis
1096 1924 1406 1979 fabricator
1458 1926 1554 1979 ille
1608 1924 1869 1994 caalestis,

179 2029 296 2066 cum
340 2013 638 2067 benedicit
670 2014 792 2085 ipse
823 2016 974 2084 quod
1009 2014 1244 2068 tribuit:
1272 2030 1399 2068 cum
1425 2014 1565 2068 illud
1598 2014 1748 2085 quod
1783 2030 1871 2067 se-

181 2103 306 2156 creti
358 2102 451 2155 sui
484 2104 755 2172 producit
785 2105 1028 2173 origine,
1070 2103 1333 2156 nobilitat
1363 2106 1741 2156 sacramento.
1778 2104 1871 2158 In-

177 2190 394 2262 telligat
419 2192 637 2263 linguae
669 2198 875 2246 nostrze
901 2192 1222 2246 ministerio
1245 2192 1545 2262 specialem
1572 2206 1744 2262 quam
1776 2207 1873 2245 no-

178 2281 257 2335 bis
300 2282 597 2335 concessit
641 2280 990 2336 distantiam.
1048 2281 1401 2352 Mancipetur
1452 2281 1715 2334 laudibus
1754 2281 1875 2351 ejus

179 2370 459 2441 quidquid
493 2388 524 2423 a
573 2371 795 2424 czeteris
826 2369 1171 2424 animalibus
1194 2370 1367 2439 jussit
1394 2369 1456 2423 in
1486 2368 1721 2423 homine
1752 2385 1875 2424 esse

176 2460 558 2529 pmstantius.
604 2458 749 2523 Quia
799 2459 1007 2530 optimi
1037 2458 1349 2513 conditoris
1389 2463 1585 2527 aperta
1614 2464 1747 2513 sunt
1775 2458 1874 2511 be-

176 2549 371 2602 neﬁcia
397 2564 411 2613 ;
448 2553 507 2603 et
532 2548 619 2602 ira
645 2565 675 2602 a
707 2548 918 2619 pietate
950 2564 1066 2602 non
1096 2548 1397 2618 discrepat,
1440 2548 1671 2617 quando
1702 2550 1757 2600 et
1785 2562 1875 2601 ar-

178 2642 282 2691 tem
338 2653 448 2691 nos
482 2637 846 2708 supplicandi
878 2637 1093 2703 docuit,
1125 2642 1179 2691 et
1225 2637 1341 2689 suis
1381 2634 1716 2689 muneribus
1754 2636 1877 2689 vult

179 2728 407 2796 placari.
445 2729 575 2799 Ipse
608 2728 763 2782 enim
796 2727 1095 2781 hominem
1126 2726 1236 2781 sibi
1272 2728 1474 2797 templi
1505 2727 1625 2781 vice
1656 2726 1877 2780 daedala

178 2819 510 2888 provisione
565 2818 853 2872 formavit.
907 2819 1028 2888 lpse
1089 2817 1407 2888 penetralia
1455 2816 1642 2870 cordis
1694 2816 1876 2871 nostri

180 2914 367 2962 sancto
400 2907 708 2962 eruderata
738 2906 936 2976 pandit
965 2906 1226 2973 introitu,
1257 2906 1367 2959 nisi
1392 2922 1495 2975 per
1514 2906 1874 2975 propositum

182 2998 459 3051 libertatis
491 2996 641 3051 foedo
674 2996 1049 3050 obstruantur
1079 2996 1304 3049 interna
1340 2995 1627 3065 contagio.
1665 2995 1872 3062 Quare,

178 3087 452 3141 universis
487 3102 683 3140 rerum
714 3085 895 3155 liquet
940 3085 1183 3151 arcanis,
1234 3084 1464 3138 vitalem
1495 3100 1598 3154 per
1639 3084 1875 3154 sapien-

182 3176 307 3229 tiam
344 3175 585 3229 factoris
615 3174 962 3241 machinam,
992 3174 1103 3227 nisi
1129 3190 1234 3244 per
1254 3190 1421 3227 suum
1448 3172 1721 3239 studium,
1758 3189 1875 3226 non

182 3266 388 3335 perire.
430 3264 542 3329 Qui
566 3280 673 3317 nos
704 3269 760 3317 et
790 3264 861 3317 ad
888 3264 1129 3317 meliora
1150 3263 1438 3330 formavit,
1462 3267 1519 3316 et
1539 3262 1748 3333 quibus
1778 3262 1873 3315 iti-

184 3354 412 3407 neribus
444 3352 601 3405 salus
630 3356 924 3422 peteretur
946 3351 1215 3405 ostendit.
1246 3351 1387 3407 Cum
1410 3351 1565 3405 enim
1598 3367 1661 3403 ex
1698 3350 1875 3404 humo

184 3442 475 3496 hominem
527 3441 811 3509 fingeret;
862 3457 989 3495 cum
1021 3445 1177 3494 terra
1204 3440 1484 3493 victuram
1518 3422 1791 3509 migraret
1816 3440 1874 3493 in

1983 1036 2305 1106 nipotentia
2351 1040 2469 1102 tua,
2515 1036 2776 1101 Domine,
2814 1042 3178 1107 regeneraret
3220 1038 3531 1109 perditum,
3575 1058 3671 1111 pa-

1980 1141 2110 1180 rum
2141 1129 2333 1196 posset
2364 1125 2634 1195 prodesse
2665 1126 2815 1196 quod
2845 1125 3092 1193 feceras;
3129 1132 3184 1181 et
3206 1128 3317 1181 nisi
3351 1145 3520 1200 opem
3549 1129 3671 1183 fer-

1980 1222 2069 1270 ret
2089 1222 2143 1270 et
2166 1231 2408 1270 numero
2431 1218 2487 1269 et
2506 1215 2883 1286 prosperitate
2902 1216 3143 1271 fecunda
3164 1218 3448 1287 nativitas,
3485 1219 3671 1290 prima

1980 1306 2041 1359 in
2072 1322 2185 1376 qua
2218 1309 2465 1359 mortem
2483 1320 2645 1358 error
2674 1304 2919 1375 peperit,
2948 1321 3065 1359 non
3081 1305 3327 1376 juvaret.
3352 1309 3668 1376 Postremo,

1982 1394 2128 1447 nihil
2194 1399 2340 1447 esset
2386 1394 2539 1464 quod
2595 1394 2667 1448 ad
2722 1394 2999 1448 fabricam
3060 1399 3316 1449 nostram
3368 1397 3671 1452 materiam

1981 1483 2193 1537 humus
2244 1482 2510 1553 praebuit,
2592 1482 2703 1535 nisi
2767 1483 2924 1537 unda
2981 1489 3380 1539 succurreret:
3440 1487 3672 1539 unicum

1981 1572 2147 1626 nobis
2192 1571 2531 1625 sacramenti
2595 1572 2767 1642 hujus
2816 1571 3083 1627 solatium
3143 1574 3455 1641 contulisti,
3519 1575 3676 1645 quod

1983 1678 2147 1731 aqua:
2192 1661 2421 1716 diluunt
2454 1666 2684 1731 peccata
2711 1662 2951 1715 telluris.
2987 1663 3130 1732 Ergo
3154 1663 3273 1733 jam
3317 1668 3486 1734 typus
3513 1679 3675 1719 rece-

1985 1750 2118 1817 dat;
2167 1755 2221 1805 et
2267 1749 2366 1820 qui
2411 1749 2761 1821 imaginibus
2815 1752 3307 1806 annuntiaverunt
3357 1753 3673 1824 sequentia,

1981 1839 2380 1894 conticescant.
2416 1840 2481 1893 lu
2513 1839 2748 1893 veritate
2788 1843 3051 1894 tenemus
3098 1840 3380 1911 quidquid
3428 1842 3678 1896 colorata

1982 1929 2124 1998 legis
2175 1929 2380 1983 umbra
2426 1928 2787 1998 promiserat.
2849 1930 3096 2000 Tempus
3143 1935 3226 1983 est
3270 1947 3383 2000 quo
3434 1946 3678 2001 corpora

1981 2024 2196 2086 nostra,
2238 2018 2325 2071 vel
2359 2019 2564 2071 animae
2614 2019 2987 2087 Redemptori
3039 2019 3261 2073 Christo
3311 2019 3514 2073 feriato
3547 2036 3675 2073 mu-

1983 2124 2153 2161 crone
2184 2106 2559 2171 dedicentur;
2604 2124 2717 2177 quo
2753 2108 2905 2160 salus
2937 2123 3041 2178 per
3092 2109 3329 2161 vulnera
3364 2124 3481 2161 non
3518 2124 3676 2178 quae-

1981 2202 2175 2251 ratur:
2210 2212 2322 2265 quo
2356 2195 2664 2249 sacerdotis
2716 2196 2942 2249 dextera
2976 2196 3193 2249 lanistae
3224 2213 3369 2267 opus
3411 2197 3673 2267 abjuret:

1985 2300 2099 2356 quo
2141 2284 2627 2339 consecrationem
2657 2284 2893 2355 impleat
2924 2284 3081 2352 fides,
3122 2285 3378 2356 lympha,
3408 2285 3673 2355 signacu-

1983 2373 2104 2427 lum
2143 2389 2156 2428 :
2192 2388 2306 2444 quo
2340 2372 2657 2427 humanum
2691 2388 2870 2443 genus
2904 2373 3055 2427 unde
3085 2373 3317 2442 decidit,
3350 2373 3477 2428 fons
3503 2374 3675 2429 redu-

1985 2471 2092 2518 cat.
2126 2462 2188 2516 In
2227 2462 2401 2532 hujus
2430 2478 2565 2532 ergo
2609 2462 2985 2532 suspiciendae
3025 2463 3204 2518 noctis
3256 2464 3467 2532 ofﬁcio,
3498 2481 3677 2519 vene-

1981 2551 2177 2605 randis
2226 2558 2580 2622 compactam
2635 2551 2935 2605 elementis
2991 2551 3176 2606 facem
3234 2552 3358 2615 tibi,
3411 2552 3673 2619 Domine,

1984 2640 2378 2711 mancipamus
2403 2656 2415 2694 :
2436 2640 2495 2694 in
2518 2655 2631 2711 qua
2653 2641 2827 2694 trium
2860 2642 3065 2711 copula
3087 2656 3395 2695 munerum
3423 2642 3678 2713 primum

1983 2729 2054 2784 de
2087 2729 2297 2800 impari
2326 2745 2569 2783 numero
2590 2729 2997 2799 complacebit:
3032 2746 3157 2800 quze
3184 2730 3338 2799 quod
3362 2730 3539 2800 gratis
3564 2730 3675 2783 Deo

1981 2818 2173 2872 veniat
2222 2818 2569 2884 auctoribus,
2618 2834 2735 2871 non
2806 2818 3051 2872 habetur
3097 2819 3420 2872 incertum:
3471 2832 3676 2885 unum,

1983 2907 2136 2979 quod
2172 2907 2241 2960 de
2268 2907 2475 2960 fetibus
2496 2907 2803 2961 fluminum
2835 2907 3110 2961 accedunt
3139 2907 3491 2960 nutrimenta
3513 2907 3678 2960 ﬂam-

1982 3011 2211 3050 marum
2239 3011 2252 3049 :
2289 2994 2443 3048 aliud
2473 2994 2625 3065 quod
2658 3010 2832 3064 apum
2878 2994 3081 3047 tribuit
3110 2994 3452 3049 intemerata
3477 2994 3674 3048 fecun-

1985 3086 2151 3151 ditas,
2181 3084 2239 3138 in
2270 3100 2515 3155 quarum
2542 3083 2819 3153 partubus
2846 3083 3005 3136 nulla
3035 3083 3252 3153 patitur
3275 3084 3484 3137 damna
3506 3082 3674 3153 virgi-

1982 3174 2167 3228 nitas:
2218 3173 2367 3243 ignis
2413 3172 2587 3227 etiam
2618 3172 2760 3226 caelo
2810 3171 3032 3225 infusus
3065 3172 3390 3227 adhibetur.
3431 3171 3675 3226 Redem-

1984 3267 2114 3333 ptor
2144 3261 2299 3315 enim
2329 3261 2565 3331 proprio
2597 3277 2774 3332 aquas
2804 3260 3085 3315 dedicavit
3112 3260 3454 3331 baptismate
3480 3276 3492 3314 :
3526 3260 3675 3314 inte-

1985 3350 2253 3421 gritatem
2287 3350 2475 3421 diligit
2506 3366 2678 3420 quam
2712 3355 2769 3404 et
2798 3350 3083 3404 nascendo
3108 3350 3165 3403 in
3195 3356 3375 3403 matre
3399 3349 3675 3403 servavit:

1984 3445 2106 3494 uta
2135 3440 2416 3510 propheta
2450 3443 2645 3493 nosset
2670 3438 2896 3508 inspici,
2933 3438 3165 3493 innocui
3194 3455 3400 3509 corpus
3434 3438 3682 3509 suscepit

186 3531 463 3596 formam;
518 3546 650 3583 cum
701 3535 868 3600 putre
915 3530 1097 3583 solum
1132 3544 1339 3584 novam
1373 3528 1645 3583 transiret
1690 3529 1749 3582 in
1786 3529 1873 3582 fa-
1915 3553 1955 3608 ρ
1984 3529 2256 3595 incendii,
2304 3544 2431 3582 cum
2464 3527 2764 3583 frondibus
2791 3529 2850 3583 in
2899 3529 3041 3583 rubo
3076 3528 3487 3599 crepitantibus
3520 3527 3681 3582 nulla.

188 3621 319 3675 ciem
344 3639 358 3687 ;
387 3636 525 3674 cum
555 3618 946 3672 insufflatione
978 3618 1211 3689 spiritus
1241 3618 1331 3671 sui
1362 3623 1730 3672 moverentur
1745 3633 1881 3671 arva

186 3711 449 3779 vestigiis,
486 3714 544 3763 et
573 3709 743 3762 tellus
774 3709 1078 3779 respiceret
1106 3723 1490 3778 possessorem
1537 3724 1601 3761 ex
1628 3707 1880 3778 propriis

189 3800 530 3853 abstractum
555 3798 777 3851 sinibus
814 3797 1054 3867 inopina
1083 3798 1215 3851 dote
1248 3801 1637 3867 prmstantem,
1671 3797 1883 3851 haben-

189 3892 291 3942 tem
325 3888 486 3959 quod
518 3888 642 3957 ipsa
671 3902 800 3957 quae
832 3891 1015 3940 mater
1046 3886 1360 3957 putabatur
1390 3902 1531 3953 esse,
1554 3902 1669 3940 non
1696 3886 1878 3939 dede-

188 3983 302 4043 rat;
332 3992 468 4031 cum
519 3976 761 4030 referret
787 3976 1030 4047 gloriam
1092 3975 1391 4029 nobilitata
1442 3990 1546 4045 per
1579 3975 1871 4042 sobolem;

189 4065 535 4137 imperfectio
581 4069 719 4131 erat,
756 4064 802 4117 si
842 4070 1071 4118 actuum
1105 4064 1305 4117 callem
1331 4080 1445 4117 non
1477 4080 1579 4117 suo
1602 4064 1731 4133 jure
1763 4063 1877 4117 dis-

193 4160 436 4223 poneret.
490 4152 872 4216 Quotidianus
914 4157 1128 4219 tamen,
1172 4152 1430 4217 Domine,
1471 4152 1880 4206 beneficiorum

194 4246 413 4297 tuorum
466 4258 760 4296 successus
826 4257 1068 4295 munera
1127 4242 1355 4295 Seniora
1400 4240 1772 4309 transcendit,
1825 4244 1883 4294 et

196 4333 563 4387 :estimatione
586 4332 950 4403 sequentium
973 4336 1194 4385 vetusta
1216 4334 1577 4401 superantur.
1606 4331 1703 4384 llle
1726 4330 1881 4384 enim

198 4426 527 4493 perpetuam
557 4421 877 4475 destinatus
909 4420 979 4475 ad
1008 4420 1208 4488 vitam,
1242 4419 1338 4474 ille
1371 4420 1437 4474 de
1473 4422 1711 4491 parente
1738 4419 1879 4474 limo

202 4511 317 4563 creti
360 4511 499 4564 civis
552 4509 807 4570 effectus,
866 4509 934 4563 ad
993 4509 1277 4579 originem
1328 4509 1651 4563 voluntario
1690 4524 1881 4562 errore

202 4598 454 4653 detrusus
500 4604 603 4653 est.
661 4598 729 4651 Et
780 4598 913 4669 quir
975 4598 1112 4651 dum
1166 4598 1378 4665 liceret,
1440 4598 1624 4652 noluit
1682 4596 1882 4652 sectari

204 4689 448 4752 meliora,
480 4686 899 4742 sublimitatem
931 4686 1177 4758 perdidit
1221 4703 1396 4758 quam
1438 4686 1681 4741 feliciter
1708 4686 1883 4757 dege-

206 4792 399 4832 nerans
446 4776 597 4833 dono
647 4776 964 4833 conditoris
995 4782 1310 4848 acceperat,
1358 4781 1414 4832 et
1443 4776 1515 4832 ad
1554 4776 1885 4849 prosapiam

1984 3618 2172 3673 frutex
2202 3618 2546 3673 detrimenta
2576 3618 2843 3685 sentiret;
2868 3634 2994 3671 cum
3024 3618 3182 3672 arida
3211 3618 3491 3688 pabulum
3523 3616 3684 3671 flam-

1986 3706 2117 3773 mis,
2149 3707 2285 3761 dum
2325 3707 2742 3775 lamberentur,
2778 3707 2934 3778 ligna
2965 3723 3077 3761 non
3109 3707 3336 3761 fierent.
3372 3708 3520 3777 Ergo
3551 3722 3681 3777 pro-

1986 3796 2177 3868 prium
2207 3796 2313 3849 tibi
2351 3800 2455 3861 est,
2490 3795 2753 3862 Domine,
2783 3796 3066 3867 quidquid
3096 3796 3157 3850 in
3204 3796 3311 3849 hoc
3361 3811 3524 3849 cereo
3558 3810 3682 3849 ser-

1984 3901 2182 3939 vorum
2204 3889 2434 3939 tuorum
2458 3886 2801 3955 praeparavit
2823 3886 3186 3957 obsequium.
3219 3885 3445 3941 Serenis
3471 3883 3533 3938 in
3563 3884 3675 3938 isto

1981 3973 2200 4045 respice
2240 3974 2439 4040 oculis,
2476 3974 2626 4043 quod
2659 3974 2905 4029 contulit
2925 3975 3154 4041 coelum,
3188 3974 3426 4040 ﬂuenta,
3460 3971 3682 4045 pudici-

1986 4063 2084 4117 tia.
2119 4063 2199 4117 Tu
2226 4062 2297 4116 ad
2332 4062 2696 4116 tribuendam
2735 4063 3194 4118 benedictionem
3222 4067 3485 4118 evocatus
3517 4061 3684 4116 mini-

1987 4151 2159 4205 sterio
2214 4150 2451 4204 humani
2481 4151 2777 4218 sermonis,
2814 4151 3086 4207 inlabere.
3130 4154 3211 4205 Tu
3241 4150 3683 4204 resurrectionis

1984 4243 2099 4294 tute
2129 4243 2407 4309 tempore,
2442 4254 2556 4309 quo
2583 4243 2782 4292 vernat
2811 4239 2947 4292 anni
2981 4238 3366 4293 reviviscentis
3412 4236 3675 4303 infantia,

1987 4332 2271 4398 sumptam
2334 4343 2397 4381 ex
2431 4327 2540 4381 hoc
2573 4330 2770 4381 contra
2807 4327 3081 4397 procellas
3126 4327 3213 4381 vel
3254 4341 3452 4379 omnes
3494 4325 3683 4379 incur-

1986 4433 2104 4485 sus,
2162 4416 2249 4471 fac
2304 4416 2574 4471 dimicare
2606 4416 2994 4485 particulam:
3049 4420 3110 4470 ut
3161 4414 3471 4468 sacerdotis
3500 4412 3682 4467 nostri

1992 4505 2179 4559 votiva
2222 4505 2510 4567 omnibus,
2562 4504 2649 4558 vel
2697 4504 2874 4558 totius
2930 4503 3067 4559 cleri
3124 4504 3247 4574 ejus
3290 4501 3682 4556 incolumitate

1990 4610 2275 4661 concessa,
2314 4595 2634 4649 ubertatem
2665 4603 2945 4648 terrarum
2980 4608 3110 4648 cum
3140 4597 3370 4648 actuum
3402 4591 3683 4646 innocen-

1990 4682 2072 4739 tia
2099 4688 2158 4739 et
2185 4683 2562 4755 prosperitate
2595 4683 2889 4738 concedas.
