4060 6174
1258 385 1672 472 MAGNI
1767 385 2293 470 FELICIS

780 245 3865 267 W—__—_—_——

2318 263 2350 273 νη

2382 382 3006 468 ENNODII

1539 584 2725 713 ‘DICTIONES.

1765 895 2087 969 DICTIO
2166 894 2493 967 PRIMA.

1126 1055 1147 1088 ²
1187 1060 1273 1109 ιιι
1331 1056 1586 1108 natali
1641 1056 2048 1108 Laurentii
2108 1055 2714 1107 Mediolanenslo
2766 1055 3131 1117 episcopi.

1001 1328 1199 1369 SACRA
1250 1328 1475 1367 PRIMA.

455 1409 761 1477 Quousque
796 1422 884 1459 me
916 1404 1068 1458 iners
1101 1403 1423 1459 diffidentia
1462 1403 1614 1457 intra
1644 1405 1951 1471 angustum
1982 1418 2078 1471 pa-

384 1480 492 1550 tuit
536 1495 825 1566 penetrale
875 1493 1205 1547 delitescere
1229 1491 1255 1545 ‘2
1288 1506 1586 1562 quousque
1637 1489 1819 1544 nimia
1847 1487 2072 1542 cautio:

379 1584 660 1639 terminos
690 1582 916 1637 honesti
960 1582 1198 1651 pudoris
1235 1596 1602 1649 exsuperans,
1635 1578 1928 1648 dispendia
1960 1578 2077 1647 opi-

381 1673 572 1728 nionis
605 1690 733 1744 qua:
779 1672 976 1736 evitat,
1021 1668 1327 1723 incurret?
1363 1670 1476 1723 Usu
1511 1668 1665 1721 enim
1698 1684 1890 1721 rerum
1923 1666 2079 1721 venit

380 1763 530 1817 inter
560 1762 845 1829 homines,
878 1766 940 1814 ut
971 1766 1251 1829 quantum
1278 1758 1446 1812 famae
1484 1758 1811 1827 decerpitur
1844 1773 1946 1827 per
1979 1773 2075 1809 au-

384 1852 622 1919 daciam,
658 1850 1011 1921 superfluum
1060 1866 1175 1902 non
1206 1848 1398 1902 minus
1431 1851 1628 1917 pereat
1655 1862 1759 1916 per
1788 1846 2072 1900 timorem.

382 1942 503 1997 Non
532 1941 685 1995 enim
712 1940 879 1993 debet
901 1938 1087 1992 notari
1116 1938 1273 1990 velut
1301 1952 1482 1990 avarae
1515 1935 1698 1989 laudis
1731 1943 2073 2004 assumptor,

378 2047 493 2085 non
534 2028 585 2083 ei
630 2028 837 2082 ascribi
879 2027 1086 2097 cupido
1116 2025 1387 2079 affectatae
1419 2022 1740 2078 devotionis
1783 2023 2070 2076 ostentui:

381 2120 525 2191 apud
560 2134 733 2189 quem
762 2134 852 2171 res
888 2115 1133 2169 obnoxia
1168 2114 1406 2184 pudoris
1436 2112 1683 2166 stimulis
1713 2112 1910 2165 adacta
1930 2127 2078 2165 com-

378 2209 568 2280 pletur
592 2236 602 2262 ε
640 2207 777 2278 quia
806 2206 951 2259 sicut
979 2205 1039 2258 in
1069 2204 1335 2257 umbram
1368 2202 1520 2272 cogit
1542 2200 1741 2270 glorias
1764 2201 2074 2271 appetitus,

380 2298 639 2353 oratione
673 2299 809 2351 dum
841 2295 1121 2366 quaeritur
1146 2310 1158 2360 ;
1184 2294 1263 2347 ita
1287 2309 1402 2345 non
1434 2290 1674 2345 reddere
1695 2290 1848 2360 quod
1878 2290 2076 2344 deberi

379 2387 623 2442 noveris.
637 2385 1061 2456 proximitatem
1076 2382 1259 2436 noctis
1279 2380 1502 2435 indicit.
1524 2380 1592 2434 Su
1604 2379 1863 2449 perfluua
1878 2378 2077 2432 scribe-

379 2493 460 2544 re,
494 2493 585 2530 res
612 2473 901 2545 jactantiae
917 2478 1001 2527 est
1030 2489 1042 2527 :
1068 2472 1385 2526 necessaria
1406 2470 1663 2531 reticere,
1688 2473 2069 2539 contemptus.

376 2561 537 2632 Saepe
550 2559 987 2630 vituperationis
1002 2562 1209 2612 nostrae
1228 2560 1406 2610 mater
1419 2561 1502 2608 est
1520 2554 1771 2608 doctoris
1794 2554 2075 2607 occultata

380 2652 651 2706 laudatio.
670 2650 828 2703 Dicat
848 2648 1089 2702 forsitan
1110 2647 1317 2717 aliquis
1339 2644 1529 2698 animo
1544 2643 1899 2710 consulendi,
1924 2642 2075 2713 quod

380 2741 568 2811 operis
582 2755 776 2810 pressa
795 2736 1185 2806 magnitudine
1200 2734 1461 2788 exhausti
1475 2733 1681 2806 macies
1696 2732 2077 2802 arescatinge-

380 2830 485 2896 nii,
506 2834 563 2883 et
580 2828 849 2882 destituta
870 2826 1094 2880 dicendi
1115 2824 1437 2877 valetudine
1460 2822 1766 2893 garrulitas
1790 2822 2076 2877 defectum

386 2923 668 2973 mercetur
694 2932 757 2970 ex
789 2915 988 2986 copia:
1019 2930 1124 2967 ceu
1154 2913 1198 2966 si
1232 2913 1290 2965 in
1322 2913 1547 2965 alveum
1590 2912 1781 2980 magni
1821 2910 2076 2966 fluminis

383 3007 651 3062 stillantis
667 3010 887 3076 guttam
902 3003 1105 3058 fundas
1123 3002 1360 3073 eloquii,
1378 3016 1743 3071 nequaquam
1759 3000 1827 3053 ad
1845 3016 2075 3054 cursum

380 3096 609 3167 proficis
636 3094 875 3165 liquoris
908 3092 1227 3162 impendio,
1262 3096 1318 3145 et
1347 3091 1439 3143 vix
1473 3089 1777 3143 humorem
1808 3090 2073 3159 parturit,

383 3186 537 3257 quod
567 3186 636 3238 ad
686 3184 867 3237 undas
900 3187 1150 3252 aptatur.
1204 3180 1306 3235 Sed
1358 3180 1688 3233 testimanus
1726 3178 1917 3233 animo
1950 3195 2077 3249 quae

386 3274 649 3329 dicantur
667 3273 731 3325 ad
752 3271 1003 3341 pretium
1022 3270 1289 3323 meritum
1305 3268 1568 3322 dictionis
1593 3284 1604 3321 :
1626 3271 1836 3320 etvena
1850 3282 1980 3337 qua:
1994 3271 2079 3321 est

383 3380 488 3433 per
536 3366 801 3416 naturam
848 3359 1084 3426 torrida,
1126 3359 1457 3428 frequenter
1494 3356 1670 3410 currit
1716 3372 1749 3408 a
1776 3356 2072 3410 themate:

385 3451 723 3523 eloquentia:
751 3450 970 3503 exilitas
992 3449 1381 3520 propositione
1410 3445 1751 3517 pinguescit.
1788 3446 1949 3514 Saepe
1974 3461 2076 3515 pro

385 3557 584 3596 eorum
616 3539 834 3594 meritis
857 3539 1067 3610 quibus
1088 3554 1145 3592 se
1168 3536 1586 3605 mancipaverit
1607 3534 1813 3601 oratio,
1840 3534 2077 3589 dicenda

385 3632 753 3696 tribuuntur;
779 3629 1026 3682 maxime
1058 3628 1104 3681 si
1135 3642 1291 3680 mera
1321 3624 1619 3679 atlectione
1655 3623 1942 3677 laudando
1975 3623 2077 3676 mi-

385 3720 505 3775 litet
536 3726 871 3774 narraturus
898 3736 909 3770 :
946 3722 1081 3771 tunc
1114 3717 1418 3770 verborum
1449 3713 1861 3767 abundantiam
1890 3718 2073 3767 trans-

384 3810 558 3863 mittit
587 3808 805 3863 afi‘ectio
830 3824 842 3861 :
875 3812 1011 3861 tunc
1038 3822 1198 3859 amor
1230 3803 1506 3874 suggerit,
1544 3802 1698 3873 quod
1728 3806 1900 3872 negat
1928 3802 2080 3871 inge-

2120 1313 2165 1364 A
2189 1311 2298 1365 hoc
2345 1314 2429 1365 est
2460 1311 2650 1367 dicere
2689 1314 2745 1365 et
2775 1311 2985 1365 indicio
3037 1315 3189 1366 certo
3221 1315 3561 1379 monstrare,
3594 1310 3734 1383 quia
3765 1327 3880 1366 non

2189 1400 2394 1470 diligit,
2445 1400 2545 1472 qui
2571 1401 2838 1471 pavescit.
2894 1400 3028 1455 Sine
3059 1401 3224 1473 culpa
3249 1401 3493 1455 vincitur
3539 1402 3730 1455 oneris
3771 1401 3877 1455 im-

2188 1490 2513 1557 mensitate,
2559 1490 2658 1561 qui
2708 1490 2774 1544 ad
2816 1491 3158 1560 portandan:
3189 1492 3467 1546 sarcinam
3502 1495 3557 1545 et
3588 1491 3635 1544 si
3666 1492 3876 1562 impar,

2186 1585 2381 1633 tamen
2412 1580 2649 1634 devotus
2680 1581 2948 1635 occurrit.
2997 1581 3113 1634 lllis
3144 1581 3225 1634 ita
3252 1598 3310 1635 se
3341 1581 3705 1647 habentibus.
3740 1581 3879 1636 festa

2184 1668 2465 1722 nascentis
2496 1669 2633 1722 anni
2660 1686 2760 1722 cur
2787 1686 2902 1723 non
2934 1670 3121 1724 votivo
3150 1686 3411 1724 sermone
3438 1670 3878 1725 concelebrem?

2181 1772 2283 1811 cur
2331 1758 2504 1811 lucidi
2538 1757 2742 1811 natalis
2775 1759 3012 1813 exordia
3057 1759 3272 1813 silentii
3320 1759 3574 1813 fceditate
3617 1760 3877 1814 dehone-

2186 1847 2378 1900 stem?
2410 1848 2601 1901 Manca
2634 1852 2718 1901 est
2763 1847 2886 1901 sine
2927 1863 3190 1903 sermone
3223 1848 3501 1915 hilaritas,
3556 1853 3613 1903 et
3643 1850 3877 1903 simula-

2185 1951 2343 1990 crum
2375 1936 2633 1990 maeroris
2675 1941 2781 2001 est,
2835 1937 3119 1991 occultare
3169 1937 3318 2008 quod
3352 1938 3638 2008 gaudeas;
3692 1944 3750 1992 et
3796 1938 3878 1993 af-

2184 2025 2446 2079 ﬂictionis
2473 2025 2742 2092 imitatio,
2768 2041 2968 2079 vocem
2997 2026 3056 2079 in
3086 2027 3287 2080 latitia
3313 2044 3430 2081 non
3454 2026 3687 2081 habere.
3722 2028 3871 2099 Ergo

2183 2114 2308 2182 tibi,
2342 2119 2535 2168 sancte
2565 2118 2746 2185 pater,
2772 2114 2944 2169 officii
2965 2115 3222 2169 conscius
3242 2116 3415 2171 verba
3437 2133 3552 2171 non
3581 2116 3834 2171 tribuam
3852 2117 3879 2173 ?

2188 2203 2346 2257 Libet
2374 2208 2570 2258 tamen
2601 2204 2827 2257 dicendi
2858 2204 3143 2275 principia
3168 2205 3611 2259 consecrationis
3641 2210 3757 2259 tuae
3786 2207 3878 2260 de-

2184 2293 2368 2346 rivare
2399 2293 2467 2347 de
2498 2297 2777 2363 tempore,
2812 2299 2868 2347 et
2900 2310 3029 2347 cum
3063 2294 3197 2348 anni
3228 2295 3580 2349 renascentis
3609 2295 3873 2361 infantia,

2184 2383 2507 2449 llorulenta,
2540 2383 2586 2435 si
2616 2382 2797 2450 valeo,
2822 2382 3070 2437 dictione
3092 2399 3350 2437 vernare.
3377 2385 3533 2438 Nunc
3555 2400 3684 2437 cum
3709 2388 3876 2437 terra;

2185 2488 2385 2525 succus
2430 2487 2534 2541 per
2572 2488 2743 2526 venas
2806 2472 3092 2525 arentium
3150 2472 3531 2542 virgultorum
3586 2473 3764 2527 currit
3818 2473 3877 2527 in

2184 2559 2473 2630 germina,
2496 2564 2553 2614 et
2584 2561 2740 2614 alvus
2771 2560 2903 2614 sicci
2937 2560 3155 2614 fomitis
3192 2562 3435 2616 humore
3470 2562 3736 2617 maritata
3764 2566 3877 2616 tur-

2192 2649 2369 2720 gescit
2395 2666 2408 2703 :
2437 2666 2567 2703 cum
2596 2649 2659 2703 in
2696 2648 2968 2703 blandam
3011 2649 3198 2703 lucem
3231 2651 3440 2705 novelli
3478 2651 3876 2722 praesegminis

2184 2756 2359 2793 comae
2407 2738 2762 2809 explicantur
2792 2739 3073 2810 arboreae,
3114 2743 3171 2793 et
3211 2740 3397 2793 omnis
3426 2756 3719 2795 ramorum
3752 2741 3874 2811 ple-

2185 2835 2343 2883 ctura
2367 2827 2725 2896 diffunditur,
2755 2829 2841 2881 vel
2871 2842 2997 2898 quae
3015 2827 3166 2882 intra
3194 2829 3444 2882 tunicam
3477 2834 3677 2883 natura
3698 2836 3877 2884 arcta-

2184 2923 2342 2973 verat
2387 2917 2677 2971 frondium
2711 2917 2919 2971 decora
2960 2917 3298 2972 solvuntur:
3332 2933 3459 2972 cum
3510 2919 3701 2972 avium
3742 2935 3877 2975 can-

2186 3008 2365 3063 tilena
2404 3007 2649 3060 comitur
2687 3022 2888 3077 sapore
2929 3006 3261 3061 modulato:
3313 3023 3442 3061 cum
3473 3007 3588 3061 vita
3615 3012 3878 3079 segetum

2187 3098 2370 3169 glebis
2422 3097 2646 3168 sepulta
2698 3095 3063 3165 hiemalibus,
3110 3096 3274 3167 quasi
3328 3096 3537 3168 algoris
3597 3097 3876 3168 repagula

2188 3187 2392 3241 emissa
2422 3190 2478 3239 et
2505 3192 2704 3257 tepore
2735 3185 2854 3239 fota
2892 3185 3227 3254 concipitur.
3265 3187 3425 3240 Nunc
3461 3186 3519 3240 in
3552 3202 3690 3240 cano
3738 3187 3877 3240 flore

2186 3293 2346 3348 spem
2376 3275 2667 3329 fructuum
2699 3273 2934 3329 metitur
2967 3275 3237 3345 agricola,
3271 3292 3401 3329 cum
3432 3276 3645 3330 mutuis
3674 3276 3877 3347 palmi-

2186 3370 2307 3419 tum
2348 3363 2597 3419 brachiis
2645 3363 2943 3417 vinearum
2974 3364 3188 3418 texitur
3216 3365 3407 3434 aprica
3438 3363 3786 3432 formositas,
3822 3369 3879 3420 et

2186 3459 2318 3508 ante
2350 3452 2695 3507 maturitatis
2724 3456 2949 3523 tempus
2998 3453 3221 3507 vultum
3265 3453 3605 3523 frugiferum
3649 3455 3877 3509 cultura

2186 3542 2503 3614 componit,
2538 3542 2678 3597 dans
2708 3546 3066 3597 venustatem
3097 3542 3238 3597 falce
3269 3542 3585 3610 domitrice,
3615 3548 3673 3597 et
3714 3542 3879 3599 luxu-

2188 3634 2333 3688 riam
2403 3632 2767 3686 infecundam
2824 3632 2974 3686 ferro
3034 3632 3411 3687 fructiﬁcante
3484 3649 3872 3703 compescens.

2188 3723 2329 3778 Cum
2369 3722 2640 3793 profundi
2672 3722 2915 3792 gurgitis
2942 3722 3129 3776 rabies
3162 3722 3439 3776 blandum
3478 3724 3680 3777 transit
3706 3722 3770 3776 in
3802 3724 3878 3776 si-

2186 3812 2387 3878 bilum,
2423 3816 2476 3865 et
2509 3816 2775 3866 enervata
2804 3815 2999 3881 tepore
3032 3814 3334 3866 ventorum
3366 3811 3631 3865 ferocitas
3663 3812 3877 3882 migrat

384 3899 565 3955 nium.
608 3898 798 3953 Sancti
828 3894 1118 3952 Laurentii
1164 3894 1523 3963 aliquatenus
1553 3907 1656 3959 pro
1688 3906 1816 3944 mea
1852 3890 2077 3944 medio-
2117 3908 2157 3963 ρ
2184 3901 2246 3956 in
2275 3900 2504 3956 delicias
2552 3899 2910 3969 navigamus;
2945 3898 3083 3954 dum
3114 3904 3303 3954 tutum
3350 3906 3435 3955 est
3462 3900 3725 3971 cymbam
3759 3902 3879 3955 5310

384 3987 581 4042 critate
634 3986 785 4041 bona
816 3986 1093 4049 dicturus,
1146 3983 1385 4053 plenum
1425 3980 1658 4050 quidem
1692 3979 1904 4033 laboris
1935 3995 2079 4049 opus

386 4076 710 4147 aggredior,
757 4073 857 4127 sed
887 4073 1126 4143 plenum
1177 4068 1451 4123 caritatis.
1502 4070 1758 4122 Facessat
1788 4084 1925 4138 ergo
1957 4068 2076 4122 for-

385 4166 539 4220 mido
573 4162 899 4218 venerando
929 4160 1165 4214 inimica
1210 4157 1537 4230 proposito:
1567 4158 1805 4227 fugitiva
1834 4161 1919 4211 est
1952 4158 2075 4226 glo-

384 4256 485 4309 ria:
519 4270 680 4308 mens
710 4252 965 4322 subjecta
995 4247 1221 4315 terrori,
1255 4248 1538 4301 clamante
1569 4247 1745 4300 Paulo
1777 4246 2035 4316 apostolo
2061 4261 2074 4300 :

387 4344 655 4412 Perfecta
681 4340 901 4397 caritas
910 4339 1080 4407 foras
1098 4336 1275 4392 millit
1298 4336 1556 4391 timorem
1579 4336 1637 4407 (Ι
1652 4337 1829 4390 Joan.
1854 4351 1927 4401 1v,
1954 4333 2076 4405 l8);

460 4498 475 4529 ¹
518 4492 825 4561 Dictiones]
871 4491 1050 4545 Dictio
1099 4489 1390 4544 interdum
1443 4493 1527 4542 est
1556 4487 1807 4561 cujusvis
1853 4486 2077 4556 generis

386 4566 566 4621 oratio
622 4581 721 4618 seu
770 4560 905 4617 vera
956 4579 1053 4615 seu
1107 4562 1258 4615 ficta.
1317 4561 1517 4628 Itaque
1566 4560 1756 4612 Cicero
1810 4574 1913 4627 pro
1944 4574 2078 4611 vera

387 4642 626 4703 usurpat
655 4651 783 4687 cum
814 4634 1083 4688 scribitin
1119 4636 1288 4686 Bruto
1321 4633 1488 4683 malle
1511 4645 1767 4703 seunam
1889 4629 2076 4703 Crassi

386 4725 490 4777 pro
531 4700 599 4761 Μ.
634 4706 802 4762 Curio
840 4706 1148 4777 dictionem
1181 4718 1355 4777 quam
1387 4701 1725 4777 castellanos
1756 4700 2076 4777 triumphos

387 4772 549 4833 duos.
599 4778 884 4831 Ennodius
914 4792 1019 4845 pro
1072 4772 1309 4845 ﬁcta’in
1362 4772 1622 4845 epistolis
1670 4772 1904 4845 passim,
1945 4787 2075 4824 cum

386 4849 607 4912 Avieni,
664 4841 933 4911 Messalae,
973 4844 1265 4900 Parthenii
1308 4844 1732 4897 adulescentum
1788 4841 2077 4895 declama—

385 4921 669 4975 tiunculas
702 4920 974 4973 dictiones
1006 4921 1201 4969 vocat:
1238 4915 1353 4967 suis
1392 4915 1563 4967 etiam
1613 4919 1735 4966 tum
1767 4913 1914 4966 veris
1952 4918 2076 4966 tum

387 4992 533 5046 ﬁctis
562 4992 714 5045 idem
749 5005 960 5043 nomen
1000 4987 1261 5056 imponit.
1311 4987 1459 5049 Quas
1510 4984 1743 5055 quidem
1783 4984 1843 5037 in
1897 5000 2077 5056 unum

386 5064 647 5118 collectas
688 5067 933 5131 quatuor
976 5058 1035 5111 in
1063 5055 1269 5131 classes
1308 5057 1667 5131 digessimus.
1704 5057 1842 5131 Duze
1875 5055 2076 5131 primae

386 5150 548 5189 veras
582 5126 935 5186 laudationes
964 5129 1278 5194 continent,
1310 5126 1714 5197 pertinentque
1755 5130 1852 5179 aut
1883 5126 1952 5179 ad
1988 5142 2077 5179 res

2188 3992 2399 4057 laxare,
2424 3996 2479 4043 et
2501 3989 2886 4043 anchorarum
2908 4005 3133 4043 morsus
3165 3990 3491 4044 absolvere:
3514 3991 3651 4044 dum
3672 3989 3881 4045 fractu-

2187 4096 2253 4134 ra
2296 4079 2679 4151 procellarum
2711 4094 2842 4149 quaa
2881 4084 3085 4133 nautas
3115 4078 3389 4133 hactenus
3436 4080 3705 4146 terrebat,
3736 4080 3880 4134 invi-

2187 4174 2292 4238 tat,
2325 4172 2381 4223 et
2422 4184 2525 4239 per
2564 4168 2681 4223 uda
2712 4167 2962 4239 aequoris
2993 4168 3174 4239 spatia
3207 4185 3474 4223 somnum
3504 4168 3878 4240 gubernantis

2188 4257 2456 4323 admittit,
2491 4272 2619 4310 cum
2650 4256 2840 4311 colore
2865 4256 3131 4310 distincta
3160 4257 3450 4327 geminato
3481 4257 3641 4311 verni
3672 4259 3879 4328 opibus

2187 4351 2351 4417 prata
2380 4345 2696 4411 ditescunt;
2751 4349 2806 4399 et
2853 4344 2913 4400 in
2960 4344 3318 4400 ordinatione
3359 4347 3569 4401 summi
3597 4348 3882 4418 pontiﬁcis

2185 4502 2311 4555 vm,
2356 4486 2523 4557 epist.
2562 4489 2646 4554 ll,
2678 4486 2827 4560 inter
2856 4486 2970 4560 alia
2984 4486 3063 4560 sic
3084 4487 3316 4541 scribit:
3340 4488 3479 4557 Hic,
3505 4491 3569 4542 ut
3588 4496 3877 4560 arreptum

2185 4557 3216 4632 suaserafopus,gethicamdiclionem
3232 4573 3338 4629 pro
3362 4576 3630 4629 personae.
3658 4557 3880 4632 tenipo-

2185 4631 2269 4683 ris
2284 4634 2335 4683 et
2356 4630 2466 4684 loci
2485 4627 2766 4699 qualitate
2779 4627 3073 4694 variabat;
3095 4627 3263 4699 vulgo
3285 4627 3450 4698 male,
3465 4635 3520 4686 et
3534 4631 3626 4686 hic
3640 4627 3880 4689 addi-(io-

2185 4717 2352 4754 nem:
2387 4717 2516 4754 nam
2550 4708 2704 4754 certa
2731 4708 2815 4753 est
2850 4701 3198 4753 emendatio.

2258 4773 2279 4805 ²
2317 4773 2393 4846 I_n
2412 4772 2603 4846 natali
2623 4770 2919 4846 Laurentii
2940 4772 3397 4846 Mediolanensis
3410 4772 3687 4846 episcopi]
3716 4777 3878 4830 Nate-

2186 4842 2299 4917 lem
2342 4844 2599 4917 intellige
2628 4860 2742 4896 non
2774 4844 2926 4909 vita),
2960 4844 3373 4917 sedgcathedrae
3407 4842 3463 4898 et
3493 4842 3874 4917 episcopatus.

2187 4913 2351 4986 Hunc
2383 4914 2537 4966 enim
2569 4914 2777 4986 festum
2805 4915 3112 4983 quotannis
3145 4916 3390 4983 agebant
3419 4913 3708 4986 episcopi;
3735 4919 3880 4972 sicut

2187 4985 2568 5058 impegatores
2602 4985 2871 5058 natalem
2900 5001 2999 5038 seu
3041 4992 3229 5039 ortum
3280 4987 3511 5058 imperii
3550 4985 3658 5049 sui,
3691 4990 3821 5058 lege
3852 4991 3879 5041 2

2186 5056 2319 5127 cod.
2356 5056 2581 5127 Theod.
2615 5056 2686 5109 de
2731 5056 2925 5123 Feriis,
2974 5061 3029 5111 et
3075 5058 3228 5127 quod
3260 5058 3345 5111 vel
3368 5056 3445 5111 ex
3489 5058 3591 5112 hac
3632 5056 3879 5113 Ennodii

2190 5126 2437 5180 dictione
2451 5126 2739 5199 discimus,
2766 5126 3252 5199 quemadmodum
3276 5128 3561 5199 principes
3575 5130 3754 5183 natali
3777 5148 3877 5185 suo

385 5220 785 5275 personasque,
815 5200 1240 5275 ecclesiasticas,
1275 5204 1375 5251 aut
1398 5200 1475 5275 ad
1512 5199 1865 5275 schola_r_n_et
1904 5197 2070 5275 au_di-
2114 5212 2155 5265 ι)
2189 5198 2518 5275 panegyrici
2551 5198 2900 5275 orationibus
2921 5198 3139 5252 laudari
3167 5197 3289 5275 mos
3308 5206 3430 5275 erat
3452 5197 3479 5254 :-
3500 5206 3563 5254 ut
3595 5206 3879 5275 testantur

385 5268 598 5331 torium
625 5293 637 5329 ε
676 5268 826 5327 unde
858 5273 983 5325 illas
1014 5272 1081 5324 ab
1106 5274 1445 5339 argumento
1474 5285 1658 5322 sacras
1680 5268 1949 5335 diximus,
1974 5269 2075 5321 has

387 5347 768 5401 scholasticas.
822 5345 884 5397 In
916 5343 1084 5396 tertio
1118 5342 1319 5394 ordine
1358 5345 1489 5393 sunt
1536 5339 1975 5393 controversias:
2019 5339 2079 5392 in

387 5424 675 5488 postremo
708 5433 848 5486 quas
880 5413 1057 5488 Grmci
1089 5412 1360 5472 ἡθοποιῖας
1390 5414 1476 5462 καὶ
1497 5409 1911 5488 ἠθικρὺςιλόγους
1935 5426 2078 5464 nun-

386 5481 619 5560 cupant,
668 5481 797 5560 qua:
839 5487 1053 5540 alienos
1090 5501 1272 5560 mores
1320 5488 1376 5536 et
1420 5482 1590 5560 verba
1620 5481 1941 5560 imitantur,
1976 5498 2077 5534 nos

387 5552 615 5615 ethicas
651 5552 930 5614 dictiones
970 5556 1404 5628 appellavimus,
1464 5552 1763 5628 Sidonium
1794 5559 2076 5628 _nostr_u_m

386 5631 586 5697 secuti,
632 5629 733 5701 qui
780 5628 851 5686 de
898 5622 1225 5699 Lampridio
1258 5626 1485 5682 rhetore
1534 5622 1942 5695 Burdegalensi
1970 5623 2072 5679 lib.

2187 5268 2515 5339 panegyrici
2546 5269 2678 5322 dicti
2717 5269 2775 5322 in
2806 5269 3350 5339 quinquennalibus,
3380 5272 3790 5326 decennalibus
3827 5276 3878 5326 et

2190 5338 2326 5412 alii:
2374 5338 2450 5393 ita
2491 5339 2664 5393 etiam
2717 5338 3013 5410 epiScopos
3055 5341 3446 5395 anniversario
3495 5342 3584 5397 die
3628 5345 3875 5412 suscepti

2189 5409 2585 5482 episcopatus:
2635 5409 2791 5482 quod
2846 5412 3146 5466 confirmat
3182 5415 3363 5467 altera
3400 5414 3637 5468 Ennodii
3681 5409 3875 5479 dictio,

2189 5497 2319 5551 quae
2350 5480 2589 5555 dietaiin
2617 5480 2795 5536 natali
2826 5482 3147 5555 ‘Epiphanii
3186 5484 3435 5555 episcopi
3479 5484 3793 5554 tricesimo,
3825 5490 3878 5538 et

2188 5552 2724 5680 ξὲἶὲλαῗαξιοξειωω
2747 5552 3104 5626 episcopum,
3141 5552 3241 5628 qui
3273 5552 3488 5613 est—107
3518 5556 3667 5612 inter
3698 5552 3877 5626 Chry-

2188 5638 2535 5694 sonogianos.
