4060 6174
226 226 307 276 '265

1712 214 2100 271 DICTIONES.

3552 228 3657 280 266

222 361 404 412 natura:
431 348 696 422 gaudium
742 348 1024 402 elementa
1068 349 1368 402 testantur.
1400 347 1525 402 Tibi
1555 363 1713 418 ergo,
1744 364 1852 402 an-
1889 354 1937 405 Λ
1964 336 2286 404 ειιειὶηθιῆιε
2343 354 2631 408 tormenta
2658 378 2663 379 ί
2686 353 3045 431 multorum,
3078 363 3145 411 ut
3202 358 3281 415 ait
3308 361 3654 430 Apostolus:

222 448 360 509 tistes,
413 456 555 495 nunc
605 454 724 492 non
773 438 1011 492 reddam
1056 437 1210 509 quod
1263 436 1386 491 aliis
1434 441 1706 508 pra-stare
1732 438 1852 509 jam

219 539 392 607 didici;
424 551 585 607 quem
607 534 675 587 ad
698 534 1080 603 pontiﬁcalem
1105 532 1323 603 apicem
1353 533 1621 602 gravitas,
1644 528 1850 604 pudor,

220 626 466 702 pudicitia,
494 629 758 677 venustas
800 624 1067 688 adduxit;
1102 622 1201 693 qui
1230 627 1314 675 tot
1342 622 1573 676 dotibus
1611 624 1765 677 velut
1794 623 1854 678 in

214 732 433 773 acervum
462 712 685 780 coactis,
736 728 934 766 canam
963 712 1305 781 dignitatem
1352 711 1650 782 praesentis
1677 711 1854 766 ofﬁcii

214 805 483 876 suscepisti,
515 804 731 857 habens
764 808 1054 856 tantarum
1087 802 1526 855 honestamenta
1553 802 1853 868 virtutum,

212 903 509 969 quantarum
536 894 777 963 singulas
808 892 1115 962 probatum
1147 891 1399 945 facerent
1428 891 1644 961 species
1670 906 1854 945 sacer-

212 990 367 1043 dotem
385 987 411 1039 ?
428 986 600 1039 Taceo
629 982 1013 1037 universitatis
1045 982 1105 1036 in
1126 981 1406 1037 electione
1426 988 1520 1036 tua
1542 998 1857 1036 consonan-

210 1080 337 1143 tiam,
369 1081 414 1130 et
435 1074 803 1129 discretarum
826 1072 1123 1126 nationum
1147 1072 1489 1127 concordem
1513 1072 1856 1126 sententiam

209 1184 297 1221 non
321 1165 564 1219 revolvo:
594 1168 806 1217 statuat
843 1162 950 1216 ista
976 1162 1101 1216 loco
1133 1161 1339 1227 laudis,
1374 1162 1465 1215 cui
1497 1178 1613 1216 non
1644 1178 1853 1233 suppe-

208 1257 259 1311 tit
302 1255 435 1326 quod
481 1252 657 1323 possit
710 1251 1017 1322 praedicare
1077 1251 1147 1305 de
1222 1250 1497 1304 moribus.
1559 1248 1856 1303 Momentis

209 1347 329 1400 enim
372 1344 704 1413 plerumque
741 1340 940 1394 incerti
985 1340 1193 1394 favoris
1242 1356 1378 1393 aura
1412 1337 1707 1409 popularis
1744 1338 1855 1391 im-

206 1434 413 1505 pellitur,
467 1436 523 1485 et
572 1431 763 1486 nescia
814 1429 1091 1484 examinis
1139 1429 1307 1482 turba
1363 1428 1671 1492 Quiritum,
1717 1427 1855 1481 dum

204 1523 365 1577 studiis
393 1521 626 1591 rapitur,
661 1524 814 1573 amat
844 1519 1181 1589 incognitas.
1218 1519 1283 1571 In
1316 1522 1368 1571 te
1411 1518 1615 1571 libram
1647 1516 1853 1585 tenuit,

206 1612 284 1682 qui
320 1609 601 1680 petitionis
632 1614 747 1662 tua:
780 1612 876 1662 aut
907 1609 1122 1661 socium
1156 1623 1214 1661 se
1246 1606 1511 1677 praestitit
1541 1611 1638 1660 aut
1662 1610 1856 1660 aucto-

202 1716 313 1754 rem.
366 1700 650 1769 imperita:
718 1704 899 1752 cretus
961 1696 1304 1751 multudinis
1363 1697 1632 1750 meritum
1690 1700 1857 1750 tuum

201 1788 431 1860 expendit
460 1789 621 1842 lance
655 1787 888 1859 perfecti
918 1803 929 1841 :
963 1786 1177 1840 etdum
1212 1786 1266 1840 in
1299 1790 1353 1840 te
1386 1789 1857 1840 ornamentorum

200 1880 402 1932 varietas
432 1879 639 1949 placet,
691 1877 853 1947 quasi
885 1893 1033 1930 unus
1064 1876 1249 1930 hmres
1280 1876 1650 1930 diversissimi
1682 1875 1858 1929 fueris

199 1968 434 2034 instituti;
481 1968 567 2021 sic
597 1967 810 2037 singuli
858 1966 965 2019 hoc
994 1966 1063 2020 de
1092 1965 1352 2019 claritate
1396 1970 1497 2019 tua
1545 1965 1858 2019 censebant

199 2058 415 2111 sufﬁcere
447 2057 608 2126 quod
653 2056 1011 2126 probabant:
1050 2054 1369 2125 quia,hona
1401 2054 1597 2109 omnia
1640 2070 1859 2124 nequa-

200 2163 335 2217 quam
356 2146 627 2201 omnibus
660 2149 797 2199 nota
827 2162 947 2199 esse
982 2150 1331 2214 potuerunt:
1378 2149 1433 2198 et
1466 2143 1759 2214 speciatim
1790 2143 1861 2197 ad

197 2235 408 2291 favorem
456 2236 666 2289 sideris
700 2235 785 2289 tui
814 2234 1110 2288 universos
1142 2234 1428 2302 illexeras,
1461 2233 1624 2287 alteri
1658 2237 1860 2289 osten-

198 2326 345 2379 dendo
387 2326 535 2395 quod
574 2325 703 2396 pius
734 2340 814 2390 es,
848 2323 1009 2377 alteri
1040 2324 1196 2394 quod
1228 2339 1475 2390 severus,
1510 2322 1675 2376 alteri
1706 2322 1859 2393 quod

195 2413 308 2468 bene
358 2414 623 2486 acquisiti
682 2412 1018 2468 distributor
1070 2412 1424 2485 patrimonii,
1487 2412 1652 2466 alteri
1706 2411 1859 2482 quod

193 2504 332 2556 scires
368 2508 512 2557 recte
550 2507 721 2574 parta
754 2518 998 2557 servare.
1034 2502 1096 2557 Id
1141 2501 1318 2556 studii
1348 2500 1593 2572 sumpsit
1624 2500 1859 2555 univer—

192 2592 316 2657 sitas,
344 2594 402 2645 ut
440 2608 578 2646 cum
608 2592 676 2645 de
706 2592 1000 2663 proposita
1025 2591 1196 2645 laude
1226 2590 1627 2662 unusquisque
1660 2589 1859 2643 vince—

192 2685 274 2745 ret,
302 2682 604 2735 collatione
636 2684 830 2735 tamen
853 2681 911 2735 in
940 2679 1240 2751 praeconiis
1270 2681 1380 2734 tuis
1418 2679 1673 2733 melioris
1705 2678 1857 2732 tituli

191 2770 245 2823 ab
286 2772 447 2825 altero
503 2772 854 2825 vinceretur.
906 2771 1046 2825 Nolo
1094 2770 1215 2824 istis
1266 2770 1481 2823 diutius
1536 2768 1856 2823 immorari.

188 2860 499 2916 V’eniendum
528 2869 621 2916 est
644 2862 713 2915 ad
739 2860 948 2914 laboris
973 2860 1055 2913 tui
1086 2858 1393 2928 exercitia;
1426 2859 1561 2929 quia
1600 2875 1726 2929 ego,
1756 2857 1857 2929 qui

187 2963 276 3002 non
303 2966 418 3003 sum
458 2951 520 3005 in
585 2949 916 3004 laudatione
951 2948 1312 3003 tnaidoneus
1347 2947 1635 3010 maximis,
1667 2946 1855 3000 nescio

186 3053 279 3091 esse
307 3038 321 3071 ι
353 3056 522 3109 parva
576 3043 900 3092 contentus.
936 3038 956 3068 ¹
987 3037 1232 3092 Novellis
1262 3042 1317 3091 te
1346 3038 1532 3091 adhuc
1566 3036 1852 3107 impositae

186 3126 432 3196 dignitatis
504 3128 804 3183 labentem
870 3126 1127 3196 vestigiis
1199 3126 1498 3181 iueluctati
1579 3125 1853 3196 temporis

184 3219 390 3289 suscepit
433 3219 771 3284 adversitas,
828 3220 883 3271 et
940 3217 1189 3271 tironem
1242 3216 1521 3287 pontiﬁcii
1580 3215 1852 3269 exercita-

183 3303 427 3358 tissimum
471 3305 726 3359 militem
768 3303 1033 3358 adversus
1066 3303 1387 3358 libertatem
1420 3304 1666 3375 impacta
1704 3302 1855 3357 bella

183 3392 536 3449 reddiderunt.
579 3397 662 3449 Tu
698 3394 981 3465 praedonis
1012 3393 1243 3447 nescisti
1283 3393 1485 3446 timere
1536 3392 1809 3447 smvitiam
1839 3412 1852 3459 ;

182 3485 226 3533 tu
252 3482 774 3538 blandimentorum
818 3484 969 3553 quod
1005 3484 1064 3537 in
1099 3482 1396 3536 malitiosis
1427 3483 1725 3535 nocentius
1758 3487 1845 3535 te-

180 3568 271 3624 lum
299 3578 393 3639 est,
436 3580 610 3627 scuto
634 3573 974 3627 constantia;
1010 3588 1227 3626 venena
1252 3570 1541 3641 respuisti.
1574 3569 1854 3634 Quotiens

179 3662 219 3709 te
255 3662 343 3729 qui
371 3661 695 3716 certamine
723 3678 839 3715 non
876 3661 1081 3732 potuit,
1116 3660 1392 3714 insidiosa
1421 3659 1854 3713 honoriﬁcentia

178 3745 473 3805 lacessivit?
500 3750 787 3815 Quotiens
818 3751 876 3804 in
905 3751 1115 3806 damno
1138 3750 1303 3804 bonae
1327 3749 1611 3820 opinionis
1636 3748 1853 3802 servitii

177 3838 244 3889 sui
268 3844 314 3892 te
347 3841 600 3894 credidit
625 3840 902 3911 ﬁgmenta
926 3840 1234 3911 suscipere,
1267 3840 1374 3893 hoc
1406 3855 1438 3893 a
1460 3844 1513 3892 te
1537 3840 1850 3909 postulans,

177 3930 227 3978 ut
262 3927 505 3984 adhibito
541 3930 774 3983 hostem
821 3929 1066 3983 colludio
1102 3930 1252 3982 intra
1296 3927 1451 3982 urbis
1485 3944 1679 3981 muros
1715 3943 1854 3980 con-

176 4016 417 4086 cluderes,
453 4023 510 4072 et
543 4018 743 4073 ovium
793 4023 1023 4073 tuarum
1055 4018 1383 4088 dissipanda
1414 4017 1563 4087 lupis
1597 4016 1855 4070 membra

174 4108 485 4173 przestares?
537 4108 703 4180 paris
753 4108 903 4176 facti,
942 4108 1097 4179 quod
1144 4108 1298 4161 dictu
1340 4107 1495 4160 nefas
1530 4111 1613 4159 est
1642 4108 1851 4159 multo-

176 4207 278 4246 rum
323 4199 593 4267 exempla
651 4213 984 4267 suggerens.
1031 4197 1169 4260 Quae
1219 4196 1448 4267 quidem
1504 4200 1568 4249 tu
1627 4195 1857 4250 vitanda

176 4279 478 4353 despiciens,
512 4291 573 4340 et
625 4287 693 4340 ad
727 4286 1038 4340 vindictam
1091 4286 1277 4339 sereni
1323 4284 1596 4356 temporis
1626 4300 1855 4338 servans

175 4376 432 4429 memorias
482 4375 851 4442 commisisti,
905 4375 1263 4429 detestabilia
1311 4374 1584 4441 retinens,
1638 4390 1708 4428 ne
1754 4389 1856 4444 per

176 4459 493 4519 oblivionem
526 4466 775 4535 impune
803 4465 1128 4531 transirent,
1163 4470 1220 4519 et
1248 4464 1522 4534 majorem
1558 4464 1855 4517 horrorem

174 4554 461 4608 excessibus
498 4554 748 4620 deberis,
784 4554 920 4608 dum
954 4554 1184 4607 ruinam
1216 4554 1422 4606 metuis
1446 4553 1710 4606 aliorum.
1744 4551 1855 4606 Sed

176 4643 375 4697 remotis
408 4643 652 4698 dicendi
682 4642 1013 4709 obstaculis,
1046 4642 1343 4697 veniamus
1375 4641 1443 4695 ad
1476 4642 1571 4695 illa
1603 4657 1731 4712 qua:
1762 4657 1851 4694 re-

175 4726 343 4798 ligioso
397 4737 541 4787 sunt
574 4732 755 4804 digna
790 4736 1131 4786 memoratu.
1170 4732 1310 4786 Cum
1350 4730 1574 4784 hostilis
1606 4729 1851 4800 irruptio

170 4830 293 4872 more
348 4837 637 4892 pecorum
696 4821 1084 4875 Christianum
1138 4820 1424 4891 populum
1478 4835 1582 4889 per
1628 4817 1850 4873 diversa

168 4902 494 4978 distraheret,
550 4914 618 4966 ut
654 4910 946 4965 variorum
995 4909 1301 4981 generibus
1350 4909 1704 4963 cruciatuum
1747 4924 1844 4962 ca-

167 4996 377 5062 piebaris
424 5002 485 5055 in
520 4998 824 5069 omnibus,
878 5004 944 5056 tu
1004 5004 1242 5072 paterna
1286 5002 1600 5054 conventus
1630 4997 1845 5069 pietate

220 5144 231 5175 t

220 5145 231 5175 ¹
271 5145 481 5212 Schot.,
514 5162 722 5218 parra.

215 5209 235 5244 ²
268 5216 527 5287 Νουείἰὶε
555 5221 614 5271 te
632 5216 847 5287 adhuc]
879 5214 1159 5271 Successit
1192 5214 1530 5287 Laurentius
1562 5213 1621 5268 in
1653 5212 1843 5267 cathe-

158 5280 239 5357 dra
265 5286 679 5344 Mediolanensi
710 5280 1012 5343 Theodoro
1044 5289 1334 5357 episcopo,
1370 5286 1429 5340 in
1462 5303 1633 5357 quem
1663 5289 1843 5340 exstat

160 5353 370 5431 Ennodii
401 5362 776 5431 epigramma
826 5363 913 5414 88.
971 5353 1145 5413 Paulo
1183 5353 1310 5430 post
1354 5353 1544 5411 secuta
1573 5358 1840 5431 e>t_dire-

160 5427 253 5499 ptio
281 5427 455 5483 urbis'
481 5427 932 5486 Mediolanensis
986 5436 1042 5484 et
1086 5427 1348 5484 exsilium
1390 5428 1697 5489 Laurentii,
1740 5444 1842 5499 per

160 5493 444 5573 Qdoacrem
475 5502 714 5573 opinor,
751 5502 985 5573 quando
1015 5502 1154 5555 Tufa
1177 5502 1341 5566 duce,
1368 5506 1428 5555 ut
1455 5501 1514 5554 in
1539 5493 1841 5573 Epiphanii

160 5564 260 5640 fita
301 5564 536 5628 dictum.
579 5564 712 5640 est;
738 5564 1011 5628 adversus
1062 5564 1474 5627 Theodericum
1524 5564 1834 5626 rebellavit.

160 5634 475 5701 Theoderico
538 5634 782 5700 victoria
833 5646 1017 5716 potito
1066 5644 1406 5702 Laurentius
1455 5643 1839 5700 Mediolanum

478 5746 767 5813 PATROL.
820 5744 1043 5813 LXIII.

514 5162 722 5218 parra.

1961 438 2097 505 Qui:
2120 442 2367 494 reslrum
2396 439 2713 511 cruciatur,
2741 445 2937 499 etnon
2980 460 3076 517 ego
3119 447 3211 515 (Il
3243 448 3363 503 Cor.
3407 464 3485 519 xx,
3522 450 3657 520 t9)?

1964 529 2116 582 Inter
2146 528 2252 583 ista
2283 534 2477 585 tamen
2504 531 2747 587 fractum
2773 538 2829 587 te
2852 550 2966 589 non
2999 536 3139 589 vidit
3170 537 3482 593 adversitas
3508 555 3520 593 :
3550 539 3659 594 hoc

1960 617 2269 688 triumphis
2316 620 2431 673 suis
2487 620 2713 691 decerpi
2746 623 2922 677 sensit
2972 623 3259 692 inimicus,
3320 628 3474 698 quod
3506 629 3658 699 capti

1962 708 2268 762 sacerdotis
2296 708 2553 764 animum
2585 727 2701 766 non
2727 712 2971 783 subegit.
3010 716 3309 784 Pugnabas
3342 717 3527 771 adhuc
3548 733 3652 789 pro

1965 797 2319 853 absolutione
2351 800 2760 869 plurimorum,
2807 806 2863 855 et
2916 802 3020 857 tibi
3081 804 3223 858 nihil
3270 812 3551 876 metuens,
3588 808 3657 863 de

1962 887 2148 957 plebis
2186 893 2298 943 tuae
2323 889 2607 944 anxietate
2648 891 2958 960 pendebas.
2992 892 3133 947 Nolo
3166 893 3379 949 diutius
3406 896 3661 953 tristibus

1963 976 2304 1046 immorari;
2356 980 2491 1033 nolo
2544 981 2877 1050 tragoediam
2931 982 3170 1053 maligni
3216 986 3492 1055 temporis
3529 1003 3660 1058 ape-

1966 1067 2100 1135 rire,
2147 1068 2332 1122 libens
2389 1068 2457 1122 de
2506 1069 2711 1122 illustri
2745 1073 3176 1127 conservatione
3225 1076 3325 1127 tua
3370 1074 3663 1146 aliquanta

1964 1158 2331 1228 prretervolo,
2365 1174 2436 1212 ne
2487 1162 2539 1212 te
2575 1159 2857 1212 narrando
2905 1177 3105 1229 cogam
3156 1162 3345 1218 denuo
3381 1166 3663 1221 sustinere

1966 1262 2095 1317 quas
2127 1264 2329 1317 passus
2361 1263 2456 1301 es:
2492 1264 2821 1318 quanquam
2855 1249 3052 1303 doctor
3086 1252 3345 1322 gentium
3393 1255 3452 1309 in
3482 1256 3661 1311 tribu-

1964 1335 2179 1389 latione
2212 1336 2525 1389 exercitum
2559 1354 2616 1391 se
2660 1337 2831 1391 fuisse
2864 1345 3274 1393 commemoret
3308 1341 3660 1399 vociferans:

1965 1427 2111 1478 Cum
2140 1426 2420 1495 inﬁrmor,
2446 1429 2563 1479 tum
2582 1429 2783 1497 potens
2802 1444 2928 1481 sum
2950 1427 3040 1499 (II
3062 1431 3193 1483 Cor.
3220 1446 3317 1497 xu,
3344 1432 3444 1501 10).
3483 1433 3663 1487 Taceo

1964 1513 2237 1575 inediam,
2275 1514 2472 1585 frigus,
2507 1519 2560 1569 et
2600 1515 2859 1586 injurias,
2894 1523 2947 1571 et
3001 1518 3100 1571 illa
3132 1535 3261 1589 quae
3305 1518 3408 1574 tibi
3449 1520 3666 1575 inimici

1967 1604 2193 1657 animus
2240 1604 2488 1675 providit
2536 1611 2847 1675 augmenta
2881 1607 3234 1662 morborum.
3297 1608 3424 1677 Sed,
3474 1612 3663 1672 credo,

1898 1660 1937 1713 Β
1967 1693 2090 1747 haec
2135 1694 2396 1762 pueritia,
2449 1698 2503 1747 et
2542 1710 2705 1748 succo
2752 1694 3006 1766 antiquae
3057 1696 3399 1750 valetudinis
3432 1698 3667 1752 robusta

1967 1782 2226 1836 membra
2257 1783 2598 1837 tolerabant.
2648 1784 2846 1839 Nonne
2894 1785 3168 1839 emortuis
3212 1801 3314 1857 per
3358 1802 3666 1857 compages

1969 1871 2227 1938 artubus,
2279 1876 2334 1926 et
2372 1888 2405 1926 a
2435 1873 2814 1944 possibilitate
2861 1875 3097 1945 propria
3146 1876 3317 1945 longa
3352 1876 3473 1946 jam
3503 1880 3668 1931 astate

1964 1960 2267 2028 distractis,
2308 1961 2429 2015 sola
2460 1962 2653 2016 anima
2684 1962 2833 2016 ﬂecti
2856 1963 3047 2017 nescia
3068 1962 3407 2033 sustinebat,
3441 1967 3498 2019 et
3535 1963 3669 2018 imi-

1966 2050 2138 2103 tanda
2184 2049 2505 2105 intentione
2555 2052 2823 2106 adversus
2867 2052 3273 2124 impugnantes
3309 2069 3474 2108 muro
3525 2069 3663 2109 con-

1967 2138 2192 2193 stantiae
2240 2140 2492 2194 stabilita
2544 2142 2846 2196 certabat?
2884 2144 3017 2197 Post
3070 2143 3191 2197 haec
3241 2142 3313 2198 ad
3350 2142 3666 2198 redivivum

1967 2232 2179 2282 statum
2213 2228 2491 2283 libertatis
2524 2235 2733 2302 optata
2759 2248 3054 2303 nunquam
3078 2232 3175 2302 pia
3194 2236 3323 2287 vota
3349 2231 3670 2303 despiciens

1970 2318 2225 2373 Christus
2268 2318 2618 2389 Redemptor
2662 2326 2853 2375 noster
2896 2322 3161 2389 occurrit,
3209 2325 3265 2376 et
3305 2321 3510 2377 fractas
3552 2324 3665 2378 Ro-

1967 2407 2124 2461 mani
2154 2408 2402 2462 nominis
2431 2410 2577 2464 vires
2617 2410 2819 2464 artifici
2858 2411 3083 2465 medela
3124 2411 3365 2465 solidata
3411 2412 3473 2466 in
3509 2413 3668 2483 vigo-

1965 2512 2090 2551 rem
2121 2498 2477 2553 salutiferum
2521 2515 2611 2553 res
2643 2499 2889 2554 contrita
2918 2500 3215 2555 remeavit.
3259 2502 3407 2558 Cum
3456 2518 3520 2556 ex
3555 2503 3671 2557 alto

1966 2586 2230 2657 benignis
2270 2587 2449 2642 oculis
2479 2589 2723 2643 caelestis
2765 2588 3095 2645 dominator
3123 2591 3360 2661 aspexit,
3400 2592 3669 2647 Mediola-

1972 2675 2239 2730 nensium
2304 2676 2433 2730 urbi
2486 2677 2584 2731 lux
2650 2682 2736 2732 est
2786 2678 3006 2750 proprii
3064 2680 3287 2735 reddita
3338 2681 3663 2735 sacerdotis.

1968 2766 2124 2819 Tunc
2154 2781 2283 2819 cum
2314 2782 2475 2818 rarus
2509 2766 2819 2835 habitator,
2853 2773 2990 2822 tunc
3035 2784 3165 2823 cum
3198 2785 3364 2823 error
3394 2770 3454 2823 in
3484 2770 3667 2824 domi-

1967 2855 2090 2918 bus,
2128 2859 2184 2908 et
2216 2871 2320 2924 per
2343 2855 2529 2908 dulcia
2547 2856 2942 2911 cubiculorum
2972 2857 3172 2911 limina
3188 2859 3423 2913 confusa
3448 2859 3667 2914 discur-

1968 2945 2087 3011 sio;
2129 2949 2262 2997 tunc
2294 2960 2421 2997 cum
2457 2944 2666 3015 ubique
2697 2962 2873 3015 pavor
2902 2952 2958 2999 et
2990 2946 3192 3012 luctus,
3231 2953 3287 3001 et
3312 2948 3412 3001 Dei
3445 2949 3663 3019 templa

1964 3034 2215 3088 ferarum
2260 3032 2605 3087 habitationi
2657 3035 2926 3104 deputata
2959 3035 3302 3090 sordebant:
3338 3052 3466 3091 cum
3512 3053 3664 3091 mar-

1960 3122 2813 3193 ceusincuriajsplendidissima
2852 3124 3072 3179 dudum
3119 3125 3267 3180 atria
3314 3125 3426 3180 situ
3458 3127 3666 3182 vetusti

1960 3211 2219 3267 humoris
2268 3212 2608 3278 obnuberat,
2643 3212 2901 3267 laetitiam
2947 3212 3167 3267 caeteris
3210 3217 3309 3268 tuo
3361 3214 3566 3269 dedisti
3597 3215 3665 3269 de

1962 3302 2175 3367 reditu,
2207 3304 2269 3355 tu
2298 3317 2592 3372 regressus
2628 3302 2697 3355 ad
2730 3302 3027 3373 lacrymas.
3062 3304 3217 3359 Tunc
3249 3320 3406 3359 more
3450 3304 3664 3372 avium,

1965 3391 2190 3462 quibus,
2226 3391 2361 3444 dum
2385 3397 2536 3445 terra
2558 3391 2783 3445 nivibus
2813 3393 3071 3460 vestitur,
3103 3397 3158 3447 et
3179 3392 3420 3464 alicujus
3452 3393 3561 3447 loci
3604 3394 3667 3448 in

1964 3496 2125 3551 spem
2158 3479 2267 3534 cibi
2299 3480 2578 3550 spoliatur
2609 3481 2887 3552 angustia,
2936 3482 3157 3537 videres
3207 3499 3335 3554 quas
3367 3499 3665 3538 remanere

1962 3574 2274 3640 potuerunt
2303 3569 2489 3640 plebis
2517 3570 2788 3641 reliquias
2824 3571 3187 3639 confluxisse,
3216 3577 3271 3627 et
3303 3573 3370 3627 ad
3402 3574 3534 3628 boni
3566 3590 3663 3645 pa-

1963 3659 2131 3713 storis
2161 3659 2526 3728 praasentiam
2559 3660 2813 3731 undique
2834 3659 3085 3732 fatigatis
3111 3661 3302 3717 balatu
3326 3663 3659 3719 nemoribus

1960 3764 2161 3819 greges
2195 3764 2508 3804 accurrere.
2541 3750 2699 3803 Alios
2743 3755 2901 3818 tunc,
2953 3751 3259 3821 multiplici
3304 3753 3664 3808 sustentandi

1965 3854 2195 3907 genere,
2235 3839 2523 3892 mulcebas
2572 3839 2778 3908 affatu;
2813 3841 2953 3894 alios
3000 3839 3297 3896 reﬁciebas
3325 3842 3661 3913 impendio;

1961 3926 2098 3981 alios
2149 3928 2467 3981 hortabaris
2517 3930 2800 3999 exemplo.
2863 3930 3020 3984 Brevi
3066 3936 3192 4001 post
3246 3932 3306 3986 in
3355 3933 3662 4004 antiquum

1964 4021 2173 4070 statum
2205 4017 2304 4087 qui
2337 4017 2441 4071 tibi
2473 4023 2600 4088 post
2631 4020 2809 4072 Deum
2849 4019 3109 4086 debetur,
3143 4020 3278 4076 urbs
3302 4021 3425 4092 jam
3464 4024 3659 4094 sepul-

1962 4109 2019 4160 ta
2053 4107 2292 4159 revaluit
2318 4121 2333 4175 ;
2371 4110 2425 4159 et
2456 4123 2584 4177 qua:
2615 4124 2732 4161 non
2761 4107 3029 4163 credebat
3049 4109 3107 4163 in
3130 4126 3188 4162 se
3212 4112 3467 4180 reparari
3490 4128 3660 4181 posse

1965 4194 2120 4265 quod
2154 4195 2358 4261 fuerat,
2405 4195 2719 4267 ccepitjam
2766 4197 3005 4252 meliora
3042 4199 3323 4253 aemulari.
3363 4202 3519 4254 Tunc
3566 4202 3667 4271 qui

1967 4283 2097 4337 vitm
2144 4299 2276 4336 usus
2325 4287 2410 4337 est
2442 4283 2564 4354 jam
2615 4300 2849 4339 cernere
2902 4290 3022 4339 erat
3061 4286 3254 4339 omnia
3283 4287 3357 4341 ad
3398 4287 3663 4343 latiorem

1969 4372 2290 4443 profectum
2322 4372 2487 4427 bonis
2519 4373 2873 4427 successibus
2909 4373 3160 4428 invitari.
3208 4374 3383 4429 Curro
3414 4392 3519 4447 per
3545 4378 3663 4432 sin-

1969 4462 2124 4532 gula,
2166 4461 2407 4516 strictim
2452 4462 2748 4517 referendo
2794 4461 2999 4534 quibus
3044 4480 3188 4534 opus
3220 4469 3305 4519 est
3343 4465 3501 4536 larga
3536 4483 3663 4522 nar-

1966 4552 2151 4623 ratio;
2185 4552 2252 4605 ad
2300 4568 2543 4623 agonem
2575 4552 2702 4607 vita:
2736 4556 2867 4617 tuas,
2913 4553 2981 4607 ad
3022 4553 3232 4608 summi
3276 4554 3664 4611 celebritatem

1963 4641 2244 4712 propositi
2276 4647 2675 4711 perventurus.
2712 4646 2733 4677 ³
2760 4642 3017 4697 Secunda
3063 4646 3192 4714 post
3237 4642 3479 4700 dubium
3520 4650 3665 4702 tem-

1963 4730 2115 4802 poris
2148 4734 2280 4785 nata
2318 4734 2402 4785 est
2444 4730 2501 4784 in
2536 4730 2779 4785 Ecclesia
2810 4733 3071 4786 Romana
3101 4732 3420 4802 captivitas,
3453 4751 3582 4807 quae
3614 4741 3666 4793 te

1962 4820 2125 4892 quasi
2157 4820 2280 4891 jam
2314 4820 2413 4875 diu
2440 4819 2715 4889 desidem,
2759 4827 2812 4876 et
2841 4822 3048 4876 laboris
3080 4822 3341 4893 fugacem
3373 4824 3441 4879 de
3472 4826 3660 4899 longas

1958 4910 2087 4963 sinu
2109 4909 2320 4982 quietis
2352 4909 2748 4978 abstraheret;
2798 4926 2929 4965 cum
2970 4911 3060 4965 vix
3108 4928 3207 4982 spe
3257 4913 3414 4983 pacis
3446 4914 3658 4969 laboris

1958 5000 2043 5055 tui
2088 5015 2253 5054 arma
2300 4999 2558 5070 deposita
2614 5004 3006 5056 resumuntur.
3056 5002 3369 5058 Deberetur
3398 5004 3654 5075 quidem,

1896 2969 1935 3024 C

1894 4346 1936 4400 D

1956 5142 2145 5206 rediit,
2180 5142 2498 5214 urbemque
2529 5158 2597 5195 ex
2627 5141 2882 5214 pristinis
2913 5142 3187 5197 aerumnis
3233 5145 3529 5214 recreavit.

2035 5213 2329 5268 ’Secunda
2356 5214 2418 5267 in
2444 5213 2709 5269 Ecclesia
2740 5215 3008 5269 Romana
3033 5213 3364 5285 captivitas]
3395 5216 3476 5271 Ob
3492 5216 3665 5273 schis-

1954 5285 2296 5361 maticorum
2323 5286 2773 5361 machinationes
2794 5288 3060 5361 adversus
3086 5288 3493 5361 Symmachum
3519 5305 3665 5361 ;qua

1952 5358 2020 5433 de
2051 5374 2220 5433 causa
2244 5359 2438 5433 [totum
2470 5358 2567 5411 diu
2593 5362 2845 5433 versatus
2878 5363 2960 5413 est
2993 5359 3350 5433 Laurentius,
3399 5366 3455 5414 et
3499 5358 3665 5433 syno-

1953 5429 2025 5483 do
2058 5430 2433 5483 absolutionis
2462 5430 2711 5499 praefuit,
2736 5446 2910 5500 quam
2933 5434 3195 5484 senatum
3221 5432 3394 5485 curiae
3419 5429 3663 5489 ccelestis

1952 5501 2228 5575 nominat,
2265 5500 2848 5575 impugnantiumque
2887 5500 3029 5555 odiis
3075 5506 3131 5556 et
3161 5502 3343 5559 furori
3375 5511 3668 5575 constanti

1950 5573 2145 5629 animo
2174 5573 2399 5629 restitit.

3265 5752 3301 5805 9
