4008 6170
487 293 591 346 267

1709 293 1990 348 ENNODII
2031 294 2342 350 EPISCOPI
2380 295 2767 351 TICINENSIS

3808 311 3882 362 ‘268

476 423 590 477 nisi
617 437 710 479 me
757 422 941 477 laudis
969 427 1083 478 tua:
1130 423 1372 477 cenSura
1404 422 1784 492 pertraheret,
1836 424 1895 476 in
1928 425 2175 494 lugenda
2213 431 2259 482 A
2290 427 2544 481 verentia
2567 427 2782 497 fugatis
2813 428 3146 482 instituatur
3177 429 3566 497 libaminibus;
3597 436 3725 503 quod
3750 453 3884 492 sacra-

476 526 647 566 causa
669 512 987 579 silentium,
1022 516 1088 566 ut
1116 511 1176 565 in
1207 527 1321 565 una
1342 515 1508 564 aetate
1531 512 1825 565 memoriae
1853 517 2050 582 pereat
2079 529 2169 566 res

475 601 745 656 nefanda.
796 601 1037 658 Senatus
1076 601 1171 654 ille
1197 601 1372 654 curias
1403 599 1648 655 caelestis
1673 601 1884 654 accitus
1911 609 2034 655 est:
2067 602 2167 656 ubi

473 704 543 744 ex
567 691 738 745 variis
768 690 1078 762 provinciis
1098 689 1500 760 episcoporum
1531 690 1699 744 turba
1719 690 1998 744 confluxit
2021 707 2035 745 :
2068 690 2162 744 ubi

471 785 650 834 castus
681 779 798 847 ille,
831 784 972 850 quot
1015 779 1319 833 hominum
1350 795 1585 848 genera,
1630 784 1715 832 tot
1745 778 2162 833 sententiarum

470 869 771 923 varietates
791 868 1032 923 advexit.
1066 867 1173 922 Sed
1196 868 1405 938 quibus
1440 868 1623 922 inerat
1651 868 1962 937 spiritualis
1994 883 2165 937 sapor

467 957 883 1028 intelligentiae,
920 957 1083 1028 quasi
1114 957 1314 1011 ducem
1345 965 1398 1010 te
1427 956 1761 1025 principalis
1795 956 2159 1010 deliberatio-

467 1045 555 1098 nis
585 1046 817 1100 caritate
847 1049 1175 1099 tenuerunt.
1209 1045 1365 1098 Tunc
1391 1059 1504 1112 quo
1535 1043 1880 1097 minantium
1913 1044 2159 1113 impetus

464 1133 991 1189 blandimentorum
1045 1123 1213 1187 melle
1271 1131 1561 1199 domuisti,
1614 1149 1726 1203 qua
1779 1133 2158 1202 superbarum

461 1225 631 1279 corda
679 1223 1004 1278 veneranda
1051 1221 1393 1276 humilitatis
1434 1221 1722 1275 erectione
1761 1222 2000 1292 fregisti,
2042 1238 2158 1292 qua

458 1312 776 1370 labantium
809 1314 1032 1366 animos
1060 1311 1280 1365 consilii
1324 1310 1510 1364 radice
1556 1310 1826 1376 fundasti,
1875 1310 2154 1382 explicare

460 1418 578 1456 non
605 1402 788 1456 valeo.
823 1402 923 1455 Rei
955 1406 1128 1471 gestae
1159 1399 1415 1454 notitiam
1451 1400 1591 1453 scire
1613 1400 1885 1469 cupidum
1920 1415 1988 1454 ex
2024 1401 2155 1454 facti

457 1491 944 1561 contemplatione
997 1489 1300 1559 compello.
1357 1489 1543 1543 Unum
1582 1495 1636 1542 te
1677 1490 1856 1542 secuti
1887 1494 2021 1542 sunt
2072 1494 2155 1544 tot

456 1578 640 1646 electi,
686 1583 742 1632 et
790 1579 850 1632 in
907 1579 1249 1632 sententiam
1289 1583 1448 1632 tuam
1493 1577 1821 1631 reciderunt
1859 1583 2149 1631 tantarum

453 1665 744 1737 principes
773 1666 1088 1720 civitatum.
1125 1666 1403 1736 Coquitur
1441 1665 1866 1720 lamentationis
1895 1668 2143 1731 aestibus,

453 1755 554 1826 qui
583 1772 617 1808 a
663 1761 721 1810 te
774 1755 947 1809 cruda
978 1755 1362 1810 obstinatione
1392 1755 1658 1821 descivit;
1707 1761 1762 1808 et
1795 1756 1939 1810 nihil
1977 1755 2149 1810 habet

451 1845 512 1899 in
543 1845 809 1899 solatium
854 1849 1060 1915 praeter
1097 1845 1432 1899 calamitatis
1465 1845 1762 1917 lacrymas,
1797 1847 1895 1916 qui
1931 1845 2145 1900 divisus

450 1937 556 1988 est.
591 1933 751 1988 Dicat
779 1933 986 2004 aliquis
1027 1933 1287 2000 forsitan,
1322 1949 1514 1988 rerum
1539 1940 1828 2004 gestarum
1861 1936 2144 2006 malignus

448 2021 750 2093 interpres,
785 2039 960 2094 quam
992 2024 1191 2078 sortita
1223 2027 1307 2077 est
1340 2023 1409 2077 de
1448 2023 1781 2093 hujusmodi
1825 2025 2145 2078 constantia

446 2127 702 2182 praesens
733 2129 900 2168 causa
934 2113 1320 2168 decisionem:
1356 2117 1596 2184 quaerat,
1623 2114 1721 2183 qui
1749 2111 1893 2166 ﬁnes
1928 2113 1998 2166 de
2028 2113 2146 2168 lau-

445 2200 578 2256 dato
616 2202 823 2257 sudore
850 2203 1232 2271 contigerunt.
1271 2202 1412 2256 Huic
1457 2217 1563 2272 ego
1594 2202 1775 2255 fidens
1815 2202 2139 2270 replicabo;

445 2293 502 2344 te
529 2292 774 2360 praesule
806 2292 1040 2356 factum,
1071 2307 1142 2344 ne
1191 2290 1510 2344 sacerdotes
1537 2289 1826 2343 ministros
1862 2291 2143 2360 acciperet

444 2377 606 2434 furor
653 2379 909 2433 alienus:
965 2395 1037 2434 ne
1093 2385 1344 2433 cruenta:
1375 2376 1758 2448 indignationi
1801 2380 2137 2445 pontificum

445 2468 730 2522 sententia
761 2469 1075 2534 militaret;
1116 2484 1187 2520 ne
1227 2468 1288 2521 in
1315 2483 1482 2520 nsum
1525 2467 1672 2520 male
1711 2467 1984 2520 commoti
2019 2473 2139 2521 tra-

441 2555 642 2610 herent
672 2557 900 2611 evenire
939 2573 1104 2626 posse
1139 2555 1293 2626 quod
1323 2556 1545 2609 vellent.
1598 2556 1888 2608 Postremo
1921 2556 2137 2625 impro-

442 2643 648 2700 borum
700 2646 1015 2716 loquacitas
1045 2645 1422 2710 Obmutescat,
1456 2644 1627 2713 hujus
1657 2645 1857 2696 saltem
1895 2644 2136 2698 aestima-

440 2733 598 2788 tione
630 2736 868 2800 secreti;
919 2733 1056 2804 quia
1105 2735 1364 2788 odiorum
1411 2732 1678 2786 incendia
1729 2748 1857 2803 qua
1910 2749 2020 2786 non
2070 2752 2134 2788 ex

440 2819 765 2895 impugnati
795 2824 1018 2889 merito,
1051 2824 1149 2878 sed
1190 2839 1255 2876 ex
1287 2822 1608 2876 studiorum
1658 2821 1927 2876 fomentis
1981 2840 2133 2877 arse-

440 2918 595 2980 runt,
628 2929 733 2966 nec
759 2917 983 2984 ,sanctas
1017 2911 1443 2966 deliberationis
1488 2915 1803 2980 potuerunt
1832 2911 1987 2964 fonte
2045 2928 2131 2966 re-

438 3003 673 3074 stingui.
707 3004 830 3058 Tibi
879 3019 1016 3074 ergo
1045 3003 1288 3056 debetur
1315 3000 1728 3054 venerabilium
1761 3001 2016 3054 custodia
2044 3017 2131 3055 ca-

435 3108 672 3147 nonum.
725 3093 851 3147 Tibi
903 3092 1057 3162 quod
1091 3093 1214 3146 sine
1270 3090 1582 3160 episcopali
1637 3094 1773 3141 nota
1805 3091 2130 3159 contigerit,

436 3181 720 3252 quidquid
756 3181 817 3235 in
865 3180 1176 3250 praesentia
1205 3179 1364 3232 saevit
1395 3178 1753 3248 improbitas.
1794 3178 1916 3230 Tibi
1950 3179 2132 3248 patuit

433 3269 582 3338 quod
632 3269 757 3322 aliis
799 3273 1132 3323 accusantes
1187 3267 1541 3322 clandestina
1590 3265 1790 3318 fraude
1821 3270 2126 3322 texerunt:

433 3357 586 3428 apud
617 3362 671 3411 te
714 3364 1077 3426 compertum
1122 3357 1248 3422 fuit,
1301 3372 1419 3409 non
1466 3351 1929 3408 satisfaciendum
1962 3355 2125 3419 odiis,

433 3446 699 3516 quotiens
746 3447 859 3500 fide
891 3446 1174 3500 deseritur
1203 3446 1302 3516 qui
1330 3444 1571 3498 lacessit.
1620 3441 1727 3496 Sed
1769 3442 1971 3496 melius
2001 3445 2126 3497 aliis

430 3540 730 3590 servantur
772 3535 1060 3590 narranda
1106 3533 1484 3605 temporibus.
1532 3531 1713 3599 Salve,
1735 3525 2123 3604 [Ecclesiarum

431 3623 607 3690 sidus,
655 3629 713 3678 et
765 3625 834 3679 ad
889 3627 1240 3678 senectutem
1285 3623 1494 3677 bonam
1541 3623 1778 3676 Abrahae
1823 3623 2126 3676 aemulator

429 3713 671 3782 accede;
702 3713 839 3784 quia
870 3712 1264 3767 testimonium
1311 3711 1615 3782 probitatis
1645 3718 1748 3779 est,
1793 3713 1892 3766 diu
1937 3711 2124 3766 homi-

428 3819 560 3857 nem
610 3803 670 3856 in
721 3801 1096 3856 ecclesiastica
1147 3817 1273 3856 arce
1320 3800 1550 3866 servari,
1585 3805 1648 3854 ut
1677 3801 1954 3871 scriptum
1989 3805 2116 3854 est:

440 3891 568 3945 Viri
593 3894 945 3963 sanguinum
973 3893 1028 3944 et
1055 3889 1240 3946 dolosi
1294 3906 1407 3942 non
1437 3889 1814 3943 dimidiabunt
1835 3889 1958 3944 dies
1984 3905 2118 3943 suos

425 3979 608 4050 (Prol.
645 3997 787 4047 LXiv,
836 3980 951 4050 24).
1005 3982 1084 4034 Tu
1120 3996 1239 4034 aevo
1264 3984 1540 4045 maturus,
1588 3984 1643 4032 et
1673 3979 1743 4033 ad
1787 3980 2114 4050 religiosum

425 4069 695 4125 sudorem
741 4069 1050 4140 primaevus
1113 4084 1406 4138 exsupera.
1459 4069 1541 4122 Tu
1587 4068 1796 4138 pietate
1847 4068 2116 4122 laudabili

423 4157 584 4213 bonis
623 4159 943 4230 disciplinis
991 4159 1252 4228 exempla
1288 4173 1571 4227 suggere;
1608 4158 1786 4211 malos
1817 4157 2114 4211 severitate

419 4262 752 4319 compesce;
804 4253 859 4302 et
907 4246 1044 4300 boui
1076 4247 1375 4317 utriusque
1406 4246 1584 4299 fibula
1632 4247 1819 4316 operis
1868 4246 1925 4299 in
1963 4247 2115 4300 testi-

423 4338 611 4393 monio
641 4354 881 4392 summae
912 4337 1108 4409 gloriae
1143 4337 1264 4390 sine
1299 4337 1424 4389 labe
1449 4336 1720 4406 perdura.

1104 4425 1334 4479 DICTIO
1376 4425 1444 4478 Il.

421 4515 436 4547 ί
464 4514 656 4570 Missa
675 4515 980 4570 Honora/0
1005 4511 1269 4584 epis-capo
1292 4510 1731 4576 Novarz'ensi,in
1760 4509 2116 4566 dedicatione

488 4603 738 4659 basilicae
767 4602 1193 4676 Apostolorum,
1227 4601 1323 4655 ubi
1359 4601 1637 4672 templum
1663 4600 1780 4668 fuit
1811 4601 2110 4656 idolorum.

985 4706 1188 4746 SACRA
1233 4705 1546 4745 SECUNDA.

487 4781 668 4836 Credo
713 4796 820 4850 ego
861 4797 978 4848 vos,
1011 4781 1214 4835 fratres
1257 4780 1560 4847 carissimi,
1592 4783 1707 4833 tota
1739 4779 1948 4833 mentis
1977 4797 2112 4834 cura

416 4868 698 4934 venerari,
733 4869 889 4939 quod
920 4869 978 4922 in
1013 4869 1134 4922 loco
1164 4869 1292 4935 hoc,
1327 4874 1593 4922 manente
1624 4869 1823 4940 templi
1853 4869 2109 4934 nomine,

415 4965 574 5015 vetus
600 4958 837 5030 perierit
868 4974 972 5030 pro
1002 4959 1282 5029 religione
1306 4959 1526 5012 cultura
1553 4975 1566 5012 :
1606 4957 1754 5030 quod
1783 4957 2004 5011 delubri
2029 4975 2110 5011 re-

489 5087 503 5118 ¹
551 5083 736 5138 Dictio
779 5083 958 5139 missa
988 5085 1311 5151 Hanorato]
1355 5086 1568 5156 Scripta
1613 5086 1735 5138 haec
1765 5083 1993 5156 quidem
2039 5083 2107 5136 ab

417 5155 699 5224 Ennodio,
734 5158 828 5210 sed
863 5157 920 5210 in
949 5157 1188 5225 gratiam
1219 5155 1489 5210 Honorati
1512 5157 1769 5209 Novarize
1802 5155 2103 5208 Insubrum

412 5227 695 5296 episcopi,
733 5229 830 5296 qui
862 5245 984 5280 eam
1019 5230 1294 5290 recitavit,
1349 5234 1412 5282 ut
1441 5244 1620 5280 suam.
1657 5229 1746 5281 Sic
1776 5226 1946 5279 etiam
1979 5241 2106 5294 quae

413 5300 674 5370 proxime
710 5300 968 5370 sequitur
1010 5300 1079 5353 ab
1122 5299 1376 5352 Ennodio
1421 5299 1736 5370 composita
1779 5302 1882 5362 est,
1923 5313 1954 5349 a
1984 5297 2105 5350 Ste-

410 5368 608 5438 phano
639 5368 851 5424 vicario
883 5373 1270 5441 pronuntiata.
1295 5372 1439 5424 Sunt
1458 5377 1513 5422 et
1534 5370 1657 5422 aliae
1681 5369 1733 5423 id
1763 5385 1942 5438 genus
1971 5384 2108 5441 non-

410 5442 614 5507 nullae,
648 5458 790 5512 quas
823 5440 926 5512 pro
957 5443 1194 5496 diversis
1227 5441 1588 5510 composuit:
1627 5457 1740 5510 quo
1773 5455 1934 5492 more
1979 5440 2106 5491 Sal-

409 5529 439 5561 v
456 5512 651 5566 ianum
667 5511 1083 5567 Massiliensem
1103 5513 1503 5583 presbyterum
1534 5512 1800 5565 homilias
1822 5511 2106 5580 episcopis

404 5583 616 5639 fecisse
647 5586 856 5638 multas
885 5590 1084 5638 auctor
1111 5582 1195 5637 est
1218 5582 1543 5636 Gennadius
1568 5583 1628 5636 in
1658 5584 1938 5650 catalogo.

486 5658 510 5692 ²
556 5655 757 5712 Victor
801 5655 1064 5726 antistes]
1095 5655 1406 5728 Episcopus
1427 5653 1811 5716 Novariensis,
1845 5653 2106 5707 decessor

2281 515 2433 569 rium
2483 517 2765 586 apelletur
2823 517 3046 583 merito,
3105 522 3412 588 postquam
3457 521 3680 574 seniores
3715 524 3879 580 hostias

2277 603 2580 672 abjuravit,
2623 609 2678 658 et
2712 605 2770 658 in
2806 605 3075 659 adolendi
3106 608 3421 662 mutatione
3465 610 3698 664 sacrificii
3722 613 3877 668 divine

2272 693 2413 746 tedis
2452 709 2665 747 nomen
2711 696 3116 764 assumpserit:
3150 701 3438 766 postremo
3483 700 3619 769 quod
3660 700 3710 754 in
3747 703 3879 756 alium

2271 783 2480 832 statum
2508 780 2860 834 inconcussis
2888 782 3282 850 migraverunt
3307 783 3654 838 fundamenta
3678 788 3878 842 culmini-

2268 866 2406 934 bus:
2451 874 2507 922 et
2538 884 2668 922 cum
2713 870 2785 923 ad
2823 875 3165 925 structuram
3198 889 3403 941 parum
3463 873 3716 927 humanus
3753 877 3882 930 sudor

2267 956 2495 1024 adjecit,
2530 973 2888 1029 quaecunque
2918 959 3148 1014 fuerunt
3192 961 3461 1014 innovata
3495 965 3614 1028 sint,
3651 962 3767 1016 dum
3790 981 3882 1033 per-

2266 1044 2487 1098 sistuut.
2531 1047 2595 1099 ln
2643 1063 2887 1113 summa,
2930 1049 3094 1117 cujus
3137 1049 3533 1104 aestimandum
3555 1056 3629 1104 est
3654 1052 3872 1117 miraculi,

2265 1133 2364 1186 ubi
2399 1132 2540 1188 dum
2575 1136 2808 1190 modum
2844 1143 3036 1190 teneat
3072 1139 3357 1206 machina,
3385 1140 3560 1192 adhuc
3585 1156 3682 1193 non
3711 1141 3876 1194 desistit

2261 1224 2581 1286 ascendere,
2613 1230 2671 1278 et
2703 1225 2760 1278 in
2783 1225 3034 1294 antiquis
3055 1228 3363 1280 constituta
3381 1229 3615 1297 vestigiis
3654 1230 3871 1282 attollitur

2261 1311 2658 1367 incremento?
2708 1314 3135 1384 Requirendum
3190 1333 3328 1370 sane
3368 1317 3490 1386 quis
3534 1317 3683 1386 hujus
3715 1319 3873 1388 operis.

2262 1401 2390 1471 quis
2472 1401 2859 1456 innovationis
2937 1413 3135 1457 auctor
3202 1405 3510 1459 exstiterit:
3565 1405 3875 1474 praedecessor

2262 1506 2470 1560 nempe
2509 1491 2808 1560 parvitatis
2857 1509 2999 1546 mete
3049 1499 3069 1531 ²
3118 1495 3308 1547 Victor
3356 1494 3594 1548 antistes.
3642 1499 3659 1529 ³
3703 1496 3873 1548 Futurae.

2258 1580 2647 1633 annuntiatrix
2693 1581 3036 1635 innocentiae
3081 1582 3348 1636 divinitas
3391 1598 3588 1635 nomen
3628 1582 3872 1651 imposuit:

2191 1712 2228 1763 Β
2261 1685 2394 1723 nam
2426 1669 2524 1740 qui
2549 1670 2617 1724 de
2650 1670 2737 1723 his
2766 1687 2892 1740 qua:
2925 1671 3319 1740 suscipiuntur
3348 1671 3600 1724 adversus
3620 1671 3734 1724 vitia
3755 1686 3874 1724 inun-

2259 1758 2421 1821 dana,
2453 1759 2859 1812 certaminibus
2890 1759 3158 1828 praedicto
3201 1765 3436 1813 eventus
3467 1759 3743 1823 accesserit,
3770 1775 3864 1811 cum

2256 1847 2592 1900 vocabulum
2638 1847 2924 1913 didiceris,
2957 1856 3115 1917 gesta
3145 1847 3462 1918 cognoscis.
3496 1848 3594 1900 Iste
3625 1863 3711 1916 per
3736 1846 3864 1914 spiri-

2255 1935 2425 1988 talem
2459 1935 2907 1996 dimicationem,
2942 1942 3004 1989 ut
3055 1937 3332 1990 victorem
3369 1936 3569 1996 decuit,
3598 1935 3658 1989 de
3684 1934 3872 1987 crimini-

2253 2020 2358 2075 bus
2387 2023 2797 2093 triumphavit:
2842 2030 2897 2077 et
2935 2023 3215 2095 quidquid
3260 2024 3448 2094 portio
3488 2024 3690 2076 sinistra
3717 2027 3869 2075 morta-

2251 2110 2400 2164 libus
2430 2111 2658 2180 ingerit,
2695 2113 2762 2166 de
2798 2130 2863 2166 eo
2892 2130 3084 2167 casum
3133 2131 3250 2168 non
3283 2113 3551 2183 requiras,
3582 2129 3694 2166 cum
3721 2111 3865 2164 nomi-

2251 2205 2448 2254 natum
2479 2199 2764 2271 intelligas
2795 2202 2966 2255 fuisse
2998 2204 3153 2273 quod
3183 2203 3366 2257 dictus
3397 2207 3496 2256 est.
3529 2202 3682 2270 Cujus
3717 2200 3866 2253 merita

2252 2288 2524 2342 orationis
2543 2305 2808 2360 campum
2834 2294 3146 2360 postulant,
3173 2293 3222 2345 si
3257 2309 3347 2345 me
3369 2291 3439 2344 ad
3464 2291 3645 2343 latiora
3664 2285 3866 2356 progredi

2252 2381 2352 2430 aut
2384 2377 2599 2447 ingenii
2648 2379 2857 2432 macies
2897 2385 3210 2448 pateretur,
3259 2387 3358 2434 aut
3401 2379 3617 2432 meriti:
3663 2375 3862 2446 quaedam

2249 2465 2404 2518 enim
2448 2471 2680 2520 actuum
2747 2468 3014 2521 nobilitas
3063 2474 3162 2529 est,
3207 2469 3447 2539 dignum
3490 2464 3704 2520 inveniri
3743 2461 3863 2515 laude

2251 2569 2608 2624 magnorum.
2646 2557 2809 2611 llunc
2841 2557 3208 2612 mediocritas
3245 2564 3436 2612 nostra
3464 2556 3519 2609 in
3545 2549 3859 2608 aedificatione

2244 2659 2378 2697 cura
2399 2644 2535 2698 dum
2562 2645 2840 2714 sequitur,
2866 2645 2937 2698 ad
2960 2648 3529 2709 consummationem,
3552 2645 3650 2696 Deo
3668 2638 3858 2707 auspice,

2244 2738 2375 2786 vota
2414 2734 2694 2804 perduxit.
2733 2735 2907 2788 Nemo
2958 2735 3204 2789 aestimet
3235 2734 3568 2804 arrogantiae
3615 2745 3717 2784 esse
3750 2725 3858 2796 quod

2245 2823 2402 2876 dixi:
2456 2822 2538 2875 fas
2586 2829 2672 2876 est
2717 2839 2844 2876 cum
2880 2840 2946 2877 eo
2981 2830 3108 2877 vota
3147 2826 3514 2896 conjungere,
3554 2820 3634 2873 cui
3663 2833 3745 2888 par
3775 2830 3861 2865 esse

2243 2927 2495 2981 nequeas
2535 2911 2788 2965 actione:
2841 2912 2974 2982 quia
3023 2913 3262 2968 assertio
3312 2910 3633 2967 consceutize
3675 2909 3744 2958 est
3768 2917 3860 2954 me-

2171 3003 2210 3057 C
2243 2999 2443 3052 liorem
2491 2999 2548 3052 in
2593 3016 2934 3071 quacunque
2979 3007 3141 3070 parte
3173 3001 3417 3055 sectari:
3451 3010 3712 3066 nunquam
3737 2997 3859 3043 tene-

2238 3087 2473 3141 brosum
2525 3089 2746 3154 callem,
2783 3089 2928 3142 sicut
2965 3089 3340 3156 aestimamus,
3377 3087 3621 3149 incurrit,
3657 3080 3738 3151 qui
3763 3090 3859 3131 eum

2239 3193 2412 3246 quem
2463 3177 2624 3230 novit
2655 3178 3011 3246 praetendere
3057 3179 3184 3232 vitae
3217 3180 3418 3234 lumen
3452 3172 3752 3244 insequitur.
3781 3167 3855 3218 Lu-

2235 3265 2516 3318 culentius
2544 3272 2733 3319 tamen
2767 3271 3055 3337 gestarum
3079 3269 3252 3322 fidem
3279 3283 3465 3322 rerum
3498 3261 3741 3318 sermonis
3761 3267 3857 3324 pan-

2239 3354 2439 3407 damus
2471 3354 2681 3408 ofﬁcio.
2709 3356 2810 3410 llic
2842 3361 2971 3410 ante
2996 3357 3294 3412 fallacibus
3322 3357 3569 3412 dedicata
3588 3342 3845 3420 praestigiis.

2235 3448 2291 3495 et
2322 3444 2473 3513 turpi
2519 3444 2802 3513 pecudum
2837 3460 3036 3498 cruore
3084 3448 3315 3516 perfusa
3353 3450 3567 3499 veteres
3611 3434 3851 3491 simulacra

2232 3531 2568 3585 coluerunt:
2604 3533 2692 3585 hic
2726 3533 2783 3586 in
2831 3534 3145 3587 divinitatis
3193 3536 3424 3605 injuria,
3476 3547 3572 3602 per
3600 3528 3748 3579 altare
3785 3519 3850 3569 in-

2231 3619 2430 3672 faustis
2465 3621 2817 3674 cumulatum
2871 3623 3228 3688 muneribus,
3275 3641 3364 3678 res
3391 3621 3523 3675 coelo
3554 3614 3740 3670 debitas
3766 3606 3849 3658 dse-

2231 3709 2440 3762 moniis
2470 3711 2840 3763 obtulerunt:
2872 3711 2963 3764 hic
3010 3711 3275 3780 junicum
3313 3716 3436 3766 exta
3475 3700 3724 3760 semivivis
3754 3692 3849 3763 pal-

2230 3798 2470 3868 pitantia
2496 3799 2740 3852 motibus
2765 3799 2972 3853 misero
2999 3801 3327 3871 inquisitori
3347 3801 3532 3854 futura
3548 3785 3845 3847 cecinerunt:

2226 3886 2360 3940 hinc
2391 3888 2580 3940 fumus
2611 3889 2858 3941 sordidis
2890 3905 3080 3942 aerem
3114 3890 3302 3959 ipsum
3332 3885 3531 3960 polluit
3559 3889 3756 3960 sparsus
3777 3879 3848 3937 per

2227 3977 2406 4029 multa
2437 3977 2730 4045 contagiis.
2766 3977 2845 4030 Ad
2881 3979 3104 4042 ultima,
3135 3979 3264 4032 hinc
3291 3959 3524 4032 mactata
3559 3982 3651 4039 per
3671 3959 3846 4050 lanistas

2225 4065 2541 4118 hostiarum
2595 4066 2923 4131 multitudo,
2965 4068 3248 4138 quidquid
3304 4071 3450 4122 Dcus
3497 4064 3574 4114 est
3617 4047 3844 4117 ellugrlvil,

2223 4153 2359 4207 dum
2393 4154 2560 4218 farra,
2595 4155 2846 4224 sanguis,
2886 4163 3032 4221 tura,
3066 4155 3312 4210 verviuaa
3346 4153 3510 4208 idolis
3538 4141 3841 4223 exhibentur:

2223 4243 2359 4296 dum
2392 4243 2710 4312 simplicem
2742 4243 2916 4298 ritum
2949 4250 3084 4298 aetas
3116 4246 3340 4300 Christo
3372 4239 3589 4297 inimica
3617 4243 3715 4317 non
3739 4234 3844 4317 ξεξεί·

2153 4355 2194 4407 Ῐ)
2226 4332 2329 4402 pit,
2386 4336 2441 4385 et
2501 4308 2852 4385 multifariis‘
2909 4349 3147 4388 censura
3195 4335 3484 4388 laborante
3527 4308 3844 4407 oblationibus

2227 4436 2535 4490 supernam
2567 4425 2853 4474 mercatur
2882 4421 3177 4477 offensam.
3205 4423 3424 4478 Liberet
3445 4419 3524 4472 ire
3545 4425 3635 4484 per
3652 4395 3844 4468 Slﬂgula'

2225 4516 2278 4562 et
2303 4510 2657 4564 funestorum
2689 4516 2909 4565 secreta
2940 4511 3151 4582 lingua:
3183 4512 3336 4566 clave
3369 4516 3625 4564 reserare,
3656 4491 3720 4587 ni.
3750 4495 3844 4594 me:

2224 4599 2336 4650 rito
2369 4599 2719 4652 mstimemus
2769 4601 2886 4652 oris
2935 4599 3200 4669 injuriam
3234 4613 3464 4656 narrare
3503 4584 3768 4644 sordentia.

2223 4687 2373 4757 (ἶυυά
2409 4686 2536 4740 illos
2568 4688 2785 4741 actione
2809 4689 3070 4758 perculit,
3097 4705 3204 4743 nos
3231 4690 3454 4762 loquela
3475 4661 3839 4736 contaminaret.

2224 4777 2582 4845 Explicemus
2612 4778 2863 4844 interim,
2897 4779 3107 4848 quibus
3157 4779 3268 4833 sint
3300 4781 3403 4834 ista
3445 4773 3643 4828 mutata

2220 4866 2397 4931 sibus,
2442 4871 2657 4934 quanto
2702 4873 2991 4936 praeventa
3042 4884 3149 4920 nox
3193 4868 3486 4938 splendore
3529 4847 3727 4950 fugerit:

2221 4959 2355 5007 sunt
2411 4953 2594 5024 sigilla
2655 4955 2959 5009 numinum
3008 4955 3151 5009 votis
3202 4937 3510 5026 imaginata
3550 4937 3835 4997 fucienlumi

2219 5079 2514 5142 Honorati,
2575 5080 2736 5148 cujus
2786 5080 3143 5149 epitaphium
3190 5081 3413 5152 scripsit
3447 5062 3838 5152 Enpodiljff’i’"

2217 5167 2399 5220 grani.
2436 5152 2521 5204 95.
2557 5142 3070 5219 Δι”ρρίςνέιωιῇέιῐθ
3107 5155 3159 5204 ll
3208 5155 3276 5206 de
3303 5142 3414 5206 hac
3445 5142 3627 5200 eadem
3655 5142 3740 5220 rei

2405 5239 2481 5294 Di,
2515 5239 2709 5300 quibus
2735 5239 2834 5287 hoc
2860 5240 3046 5301 patuit,
3079 5254 3344 5302 possessas
3370 5231 3577 5302 linquite
3603 5218 3742 5270 sedeS-

2467 5296 2613 5366 Quod
2649 5302 2770 5366 fecit
2801 5296 2996 5366 Victor.
3028 5296 3196 5351 victor
3216 5304 3403 5366 ubique
3438 5296 3583 5366 tenet.

2401 5345 2618 5412 Ad‘didit
2647 5345 3458 5414 assumis;'aeiiia‘sagaagor
3487 5360 3534 5404 et
3559 5345 3672 5418 act.is

2466 5426 2601 5483 Quid
2633 5439 2838 5474 morum
2871 5441 3066 5476 nomen
3097 5428 3223 5478 hinc
3260 5426 3515 5478 l-lonorate
3543 5420 3687 5476 ger!“-

2285 5505 2308 5539 ³
2345 5506 2560 5566 Schot.,
2595 5505 2705 5560 Cui
2734 5505 2962 5562 futura.

2286 5582 2306 5613 ⁸
2343 5578 2560 5644 Schot.,
2588 5593 2782 5632 censu.
