4060 6174
247 248 334 299 269
1780 243 2169 301 DICTIONES.

3618 252 3721 307 270

244 391 467 448 quorum
503 374 673 429 facies
704 374 763 428 in
792 377 1073 444 potestate
1094 372 1370 443 pependit
1399 373 1672 428 artiﬁcis?
1712 374 1918 445 quibus
1956 383 2002 434 Α
2033 375 2188 429 nitor
2219 374 2440 445 ingenii
2473 391 2485 429 :
2514 375 2646 447 quia
2676 376 2734 430 in
2758 376 2846 431 his
2876 378 3049 432 etiam
3072 378 3193 434 sine
3215 396 3410 435 amore
3428 382 3721 438 blanditur

243 464 470 535 pretium
502 467 602 517 aut
631 462 958 517 sollicitudo
998 462 1220 533 peperit
1252 462 1563 531 operantis,
1591 466 1688 518 aut
1720 464 1917 517 metal-

238 554 385 608 lum?
415 553 518 606 Ubi
559 556 691 606 sunt
735 552 815 605 dii
854 552 1060 623 quibus
1105 554 1425 621 potentiam
1484 552 1765 606 dederunt
1812 553 1914 607 ho-

237 644 401 697 mines
433 642 657 712 fulgore
698 658 1055 712 gemmarum
1071 641 1099 694 Ἰ
1124 643 1200 695 En
1234 642 1421 708 video,
1456 642 1650 695 omnia
1691 642 1817 709 ista,
1852 646 1916 696 ut

238 733 411 797 credo,
440 732 711 801 fugerunt
746 748 757 785 :
786 731 1037 785 Christus
1068 732 1358 801 ingressus
1388 734 1473 784 est
1501 746 1513 784 :
1542 731 1915 801 respiciamus

236 823 425 893 quibus
463 822 644 874 fultus
699 820 943 875 auxiliis.
994 822 1284 874 Venerunt
1332 836 1461 874 cum
1512 837 1576 874 eo
1643 822 1914 875 ccelorum

235 911 384 976 radii,
417 910 817 980 apostolorum
845 909 1188 963 diademata.
1224 911 1422 964 Petrus
1453 916 1508 964 et
1538 912 1765 964 Paulus.
1808 910 1915 975 Qui

234 1001 369 1055 enim
417 1001 475 1053 in
538 1000 952 1053 restanratione
1005 1000 1145 1053 mdis
1187 1004 1375 1053 essent
1419 1000 1739 1064 necessarii,
1803 1000 1915 1054 nisi

231 1091 556 1145 architectus
588 1094 642 1143 et
663 1088 866 1160 petra?
890 1089 998 1143 nisi
1024 1088 1167 1159 lapis
1186 1094 1242 1143 et
1269 1088 1770 1159 superasditicans?
1803 1088 1913 1143 nisi

234 1181 656 1233 fundamentum
714 1184 769 1232 et
801 1179 1031 1249 Opifex‘?
1086 1179 1229 1242 Quid
1292 1179 1592 1248 trepidetis
1658 1178 1913 1249 pericula

233 1270 585 1324 mortalium?
617 1268 756 1340 quid
780 1270 948 1322 anxio
981 1270 1176 1339 fugam
1207 1269 1421 1339 paratis
1479 1284 1711 1322 excursu
1732 1270 1760 1321 ?
1817 1269 1910 1322 ille

232 1366 321 1425 est,
350 1360 439 1412 cui
472 1359 668 1412 nullus
713 1359 1020 1412 versutiam
1075 1364 1317 1411 vestram
1346 1359 1535 1428 lapsus
1574 1357 1862 1412 .ibscondit
1895 1374 1907 1413 :

233 1450 319 1518 qui
348 1463 476 1499 cum
504 1447 628 1499 loco
669 1463 784 1499 non
819 1452 1133 1513 moveatur,
1164 1463 1508 1517 quocunque
1540 1446 1797 1500 abieritis
1825 1446 1910 1498 in-

228 1543 491 1607 sequitur.
529 1536 667 1588 Veni
699 1552 860 1605 ergo,
912 1536 1165 1604 piissime
1202 1536 1461 1603 Domine,
1497 1541 1553 1589 et
1584 1535 1652 1589 ad
1702 1551 1910 1588 conse-

230 1625 529 1678 crationem
591 1625 781 1693 operis
821 1624 903 1677 tui
935 1625 1140 1694 plenus
1182 1625 1458 1691 illabere;
1507 1624 1627 1677 vice
1672 1622 1910 1677 humani

226 1731 318 1785 per
347 1713 631 1783 baptisma
654 1712 899 1782 pectoris
955 1718 1279 1783 purgentur
1310 1714 1431 1767 haec
1490 1716 1701 1783 templa
1757 1712 1912 1781 turpi

226 1805 488 1858 hactenus
512 1802 771 1855 dedicata
802 1802 1146 1872 patrocinio.
1178 1803 1434 1869 lnstitue,
1490 1802 1750 1869 Domine,
1794 1818 1913 1855 vcr-

226 1891 383 1943 tendo
445 1889 762 1955 sacriﬁcia;
814 1896 870 1944 et
901 1891 1036 1943 dum
1084 1891 1243 1961 puris
1295 1892 1655 1945 cumulemus
1710 1892 1911 1946 altaria

226 1992 401 2042 sancta
425 1990 632 2043 donari
661 1990 1108 2059 is,prazsentiam
1144 1995 1255 2043 tua:
1288 1991 1907 2059 majestatisintersere,

224 2086 476 2132 evocatus
510 2088 839 2133 sanctorum
876 2080 1079 2133 merito
1112 2081 1492 2149 sacerdotum,
1526 2080 1691 2134 electi
1750 2097 1911 2134 seor-

224 2184 332 2222 sum
364 2170 667 2240 przesentis
702 2171 713 2203 ¹
753 2171 932 2223 Patris
957 2169 1135 2222 nostri
1172 2170 1460 2224 Laurentii
1518 2171 1859 2224 conscientia
1892 2188 1903 2225 :

226 2256 310 2327 qui
338 2262 423 2310 tot
481 2257 688 2327 plenus
739 2256 967 2310 dotibus
1001 2256 1069 2309 ad
1120 2257 1379 2311 ECclesiaz
1428 2257 1654 2328 fastigia
1712 2257 1907 2326 crevit,

220 2345 340 2399 duot
366 2347 643 2401 fecissent
678 2362 969 2400 summum
1004 2346 1231 2416 singula
1264 2362 1509 2416 quaeque
1550 2347 1903 2416 pontiﬁcem.

218 2436 267 2489 in
289 2453 395 2507 quo
423 2443 633 2491 vernat
662 2438 927 2507 princeps
948 2436 1088 2489 boni
1105 2435 1295 2505 operis
1314 2442 1564 2490 etmater
1590 2436 1906 2491 honestatis

215 2526 567 2592 verecundia,
592 2526 893 2595 religionis
925 2531 1131 2579 sanctae
1162 2526 1357 2579 nutrix
1394 2526 1691 2596 patientia,
1727 2527 1906 2579 Deum

216 2630 425 2686 semper
461 2617 755 2685 placatura
790 2615 994 2685 pietas,
1048 2614 1146 2685 qui
1192 2614 1581 2669 ecclesiasticis
1632 2615 1906 2669 membris

208 2720 310 2757 non
341 2722 615 2758 sermone
670 2706 797 2759 vita:
847 2705 1110 2759 instituta
1154 2705 1507 2775 tribuit,:sed
1580 2706 1899 2776 exemplis:

210 2794 294 2863 qui
318 2811 559 2849 onmem
596 2794 798 2849 callem
830 2810 943 2866 quo
979 2794 1047 2848 ad
1076 2795 1254 2848 Deum
1288 2795 1420 2861 itur,
1475 2795 1611 2849 dum
1655 2796 1903 2866 praevius

207 2882 422 2946 incedit,
451 2885 705 2938 ostendit
735 2901 746 2939 :
782 2884 1089 2955 adiuvante
1134 2901 1189 2938 se
1220 2885 1458 2939 Domino
1517 2891 1712 2939 nostro
1771 2886 1899 2938 Jesu

207 2972 437 3042 Christo,
480 2990 610 3028 cum
666 2976 830 3028 Patre
874 2979 1153 3045 regnante
1184 2975 1244 3029 in
1276 2976 1483 3030 saecula
1532 2976 1896 3029 saeculorum.

208 3062 395 3117 Amen.
1756 3064 1765 3075 “

873 3150 1106 3206 DICTIO
1147 3151 1241 3204 III.

268 3241 456 3297 ’Dala
492 3240 779 3313 Stephano
809 3241 830 3275 ³
864 3242 932 3297 ν.
967 3242 1022 3295 S.
1060 3238 1276 3295 vicario
1299 3238 1545 3296 dicenda
1572 3240 1827 3297 Maximo

916 3329 1184 3402 episcopo

804 3434 1004 3474 SACRA
1050 3434 1313 3474 TERTIA.

269 3510 463 3564 Prodit
502 3506 783 3578 religiosm
816 3513 1007 3562 votum
1054 3505 1415 3561 conscientiae
1441 3523 1602 3561 mens
1633 3507 1897 3562 laudibus

206 3598 392 3653 devota
432 3598 785 3670 pontiﬁcum
819 3615 830 3652 :
882 3598 1116 3651 assertio
1156 3597 1386 3667 ingenii
1418 3603 1521 3664 est,
1574 3599 1688 3651 Deo
1731 3598 1899 3653 obse-

206 3689 513 3756 qnentibus
546 3687 873 3757 mancipare
891 3688 1045 3759 quod
1065 3688 1375 3752 loquimur.
1400 3688 1461 3741 In
1488 3705 1737 3758 quorum
1759 3704 1901 3758 prae-

201 3778 367 3830 coniis
400 3778 554 3831 forte
582 3784 863 3847 angustus
887 3794 1073 3831 sermo
1106 3779 1301 3847 vulget
1332 3778 1679 3848 imperitiam
1712 3796 1726 3831 :
1774 3794 1897 3830 ma-

199 3866 451 3919 nisfestat
482 3872 701 3932 tamen,
736 3867 782 3920 si
812 3866 1186 3933 abstineatur,
1220 3866 1543 3919 infantiam.
1578 3866 1713 3929 Quis
1745 3882 1899 3919 men-

200 3953 375 4009 dicam
409 3956 816 4009 narrationem
848 3955 1114 4021 restituet,
1138 3972 1312 4026 quam
1343 3962 1468 4009 vota
1492 3956 1898 4026 locupletant?

198 4043 351 4115 Saepe
386 4047 448 4099 in
506 4046 790 4100 facundia:
848 4046 1079 4100 dotibus
1139 4062 1360 4116 pauper
1418 4045 1707 4099 invenitur
1758 4062 1899 4099 vena

196 4136 481 4203 praedicari
496 4137 584 4202 tis,
611 4140 665 4189 et
686 4153 715 4189 e
748 4136 965 4189 diverso
998 4136 1301 4189 thesaurus
1330 4134 1517 4188 cordis
1550 4135 1788 4189 irradiat
1839 4135 1898 4189 in

196 4232 439 4295 egestate
477 4227 809 4279 verborum.
861 4225 967 4290 Qui
997 4226 1117 4279 vice
1178 4225 1539 4295 Deijudicat,
1577 4242 1687 4279 non
1745 4225 1898 4280 desi-

197 4312 347 4369 derat
378 4316 537 4387 picta
559 4315 869 4386 colloquia,
904 4315 1000 4368 sed
1035 4331 1163 4385 qua:
1196 4314 1481 4368 infucatus
1532 4314 1900 4369 commendat

264 4460 277 4491 ί
310 4456 717 4512 Patris-nostri
745 4456 1073 4527 Laurentii]
1106 4457 1365 4527 Episcopi
1440 4456 1891 4524 Mediolanensis,

201 4544 363 4597 quem
394 4530 647 4598 proinde
683 4534 743 4580 ut
775 4534 1283 4598 metropolitanum
1312 4545 1478 4581 suum
1540 4529 1716 4597 patris
1777 4531 1898 4581 loco

200 4600 494 4654 habebant
534 4599 926 4653 Novarienses.
985 4600 1141 4663 Quod
1177 4616 1305 4652 vero
1356 4600 1412 4651 in
1446 4599 1567 4668 ejus
1601 4601 1795 4652 laudes
1814 4600 1900 4652 di-

200 4673 481 4739 greditur,
518 4672 814 4741 specimen
842 4671 1014 4724 habet
1037 4672 1237 4740 priscae
1280 4671 1695 4741 episcoporum
1752 4671 1903 4724 inter

201 4740 691 4796 seobservantim:
727 4758 973 4812 quorum
1031 4740 1398 4795 concionibus
1425 4743 1470 4793 si
1523 4741 1751 4811 quando
1804 4742 1899 4795 ad-

198 4822 349 4865 erant
382 4815 640 4866 aliarum
672 4814 894 4866 sedium
913 4813 1212 4879 antistites,
1241 4814 1493 4883 aliquam
1545 4830 1739 4865 eorum
1779 4815 1899 4866 Iau-

199 4886 491 4937 dationem
517 4886 773 4937 intexere
797 4885 1073 4937 solebant.
1102 4886 1273 4953 Cujus
1300 4888 1378 4936 rei
1404 4884 1572 4937 obvia
1595 4892 1727 4937 sunt
1750 4886 1901 4953 apud

199 4954 411 5008 Graecos
437 4964 500 5008 et
530 4956 761 5007 Latinos
787 4958 1067 5025 exempla.
1102 4956 1206 5009 Sed
1257 4956 1477 5007 illustre
1527 4956 1678 5009 Petri
1728 4956 1901 5027 Chry-

196 5027 369 5095 sologi
402 5043 677 5079 sermone
710 5029 802 5079 136
836 5029 891 5079 in
922 5027 1244 5096 Adelphuni
1270 5029 1623 5096 episcopum.

262 5098 281 5129 ²
300 5097 502 5150 υἱείὶο
527 5097 667 5150 data
690 5096 1005 5169 Stephano]
1037 5099 1355 5151 Dictiouem
1386 5098 1533 5152 hanc
1565 5098 1901 5152 Cresconius

201 5170 249 5219 et
279 5168 407 5221 aliae
447 5170 717 5241 quandam
738 5168 1369 5237 antiqumcollectiones
1402 5172 1550 5223 inter
1574 5170 1902 5241 Symmachi

197 5252 351 5312 papa:
411 5240 687 5308 epistolas
710 5247 1035 5305 numerant,
1060 5258 1185 5294 cum
1210 5242 1597 5312 inscriptione,
1618 5240 1898 5311 tanquam

196 5310 258 5361 ad
289 5311 668 5363 Laurentium
703 5311 1032 5382 episcopum
1058 5310 1533 5367 Mediolanensem
1570 5310 1894 5382 scriptasit:

195 5396 303 5448 quo
330 5384 517 5433 etiam
542 5382 775 5449 factum,
803 5391 863 5437 ut
895 5386 952 5437 in
981 5401 1198 5454 nupera
1221 5383 1471 5437 editione
1513 5386 1899 5437 Concdiorum

195 5453 416 5525 ceteris
441 5454 775 5522 Symmachi
810 5453 1303 5525 epistolis’inserta
1326 5456 1417 5520 sit,
1468 5472 1657 5509 errore
1709 5456 1897 5509 niani-

193 5520 331 5577 testo
375 5541 387 5597 ζ
426 5520 929 5597 cumSymmacho
954 5527 1188 5580 minime
1219 5533 1520 5597 congruat,
1554 5533 1608 5581 et
1659 5529 1899 5597 epistola

195 5610 318 5668 non,
340 5596 440 5662 sit,
480 5596 579 5649 sed
610 5596 795 5652 Oratio
821 5614 833 5651 :
869 5614 1042 5668 quam
1066 5598 1295 5668 quidem
1314 5596 1385 5652 ad
1412 5599 1783 5652 Laurentium
1817 5616 1901 5653 re-

193 5664 326 5720 ferri
357 5682 484 5721 non
518 5668 731 5738 patitur
760 5664 965 5725 allusio
987 5669 1058 5725 ad
1080 5664 1304 5727 Maximi
1334 5670 1693 5739 vocabulum,
1724 5686 1896 5741 quam

2026 464 2374 535 eloquentia,
2409 464 2469 519 in
2500 465 2612 518 illis
2661 467 3025 535 splendorem
3076 485 3243 523 suum
3296 470 3505 526 veritas
3567 474 3721 529 nuda

2024 555 2407 608 commendat.
2440 554 2573 609 Sine
2604 555 2855 625 phaleris
2885 562 2970 611 est
3002 574 3170 612 omne
3202 561 3357 631 quod
3384 560 3558 615 dictat
3580 562 3717 618 aﬂ'e-

2025 643 2136 697 ctio
2171 659 2185 697 :
2215 644 2284 697 ad
2309 660 2560 714 unguem
2592 644 2940 700 fabricantur
2970 647 3087 715 illa,
3118 666 3245 719 qua:
3277 650 3540 705 volumus
3596 668 3717 707 non

2023 737 2138 787 tam
2162 734 2409 803 speciem
2442 735 2581 787 recti
2620 735 2853 802 habere,
2886 754 3057 807 quam
3117 739 3576 796 similitudinem.
3633 743 3718 797 Ad

2023 826 2099 891 te,
2126 822 2465 877 venerabilis
2498 823 2636 877 mihi
2670 825 2908 879 antistes
2938 826 3193 893 Maxime,
3242 845 3431 884 sermo
3482 835 3567 885 est
3592 847 3604 885 :
3629 832 3723 886 cui

2024 912 2083 966 in
2117 914 2452 968 meritorum
2485 916 2813 970 testimonio
2842 916 3025 972 virtus
3056 917 3225 989 coepit
3247 936 3279 972 a
3336 921 3631 990 vocabulo,
3658 922 3720 977 in

2024 1019 2137 1074 quo
2170 1009 2322 1057 actus
2353 1006 2659 1075 eloquitur,
2696 1006 2818 1076 "qui
2862 1022 3075 1060 nomen
3130 1008 3381 1077 appellat
3413 1026 3425 1062 :
3481 1011 3719 1080 provida

2021 1099 2323 1162 parentum
2346 1100 2578 1173 tuorum
2612 1093 2905 1164 diligentia
2923 1096 3080 1166 prius
3101 1102 3152 1150 te
3182 1097 3317 1167 eligi
3340 1098 3521 1152 voluit
3544 1116 3718 1170 quam

2022 1182 2270 1252 probari.
2300 1184 2373 1236 Te
2407 1183 2544 1235 olim
2565 1182 2930 1237 sazcularibus
2962 1184 3339 1240 inhaerentem
3383 1186 3563 1241 titulis
3619 1205 3718 1242 ca-

2022 1271 2252 1323 strensis
2285 1272 2458 1325 sudor
2484 1271 2751 1345 excoluit,
2796 1277 2850 1325 et
2910 1272 2979 1325 ad
3014 1274 3269 1328 Ecclesiae
3322 1276 3716 1345 gubernacula

2021 1375 2152 1429 pars
2184 1360 2419 1413 adversa
2446 1340 2706 1413 solidavit
2740 1380 2751 1414 :
2788 1360 2935 1414 sicut
2966 1362 3114 1415 Deus
3147 1364 3400 1434 loquitur
3458 1382 3561 1435 per
3583 1383 3713 1437 pro-

2021 1448 2277 1519 phetam,
2308 1447 2487 1512 Quiin
2510 1448 2731 1503 modico
2762 1448 2966 1517 ﬁdelis,
3017 1454 3066 1504 el
3090 1450 3152 1504 in
3190 1469 3399 1523 magno
3416 1454 3614 1523 ﬁdeli:
3634 1459 3719 1509 est

2022 1538 2183 1607 (Luc.
2218 1554 2329 1597 xvr,
2360 1538 2461 1607 10).
2497 1540 2618 1592 ‘Te
2668 1556 2957 1593 sacrarum
3000 1541 3174 1611 judex
3235 1548 3290 1595 et
3344 1544 3566 1597 consilii
3616 1561 3715 1599 co-

2019 1628 2219 1681 mitem
2254 1628 2463 1681 meruit
2493 1633 2549 1683 et
2579 1629 2806 1683 laboris.
2839 1631 2983 1684 Bene
3010 1632 3349 1686 venerandis
3401 1633 3722 1688 initiandus

2021 1717 2316 1784 altaribus,
2342 1724 2399 1771 et
2430 1718 2486 1771 in
2514 1718 2653 1772 laica
2686 1720 3118 1775 conversatione
3138 1722 3291 1793 quod
3322 1738 3546 1777 sacrum
3568 1728 3714 1778 esset

2020 1807 2257 1877 elegisti.
2291 1808 2371 1861 Tu
2400 1807 2691 1876 pudicitiae
2716 1810 2773 1861 in
2798 1809 2895 1863 illa
2917 1815 3082 1865 aetate
3114 1817 3301 1865 custos
3330 1811 3597 1866 iuventus
3632 1830 3710 1881 es,

2018 1896 2080 1949 in
2137 1912 2250 1966 qua
2283 1900 2337 1949 et
2368 1897 2453 1949 lex
2486 1897 2821 1967 obsequitur
2860 1898 3175 1954 desideriis.
3236 1900 3383 1955 Satis
3428 1902 3595 1971 enim
3636 1907 3720 1956 est

2018 1985 2283 2055 pueritiae
2308 1986 2589 2041 ambitum
2619 2004 2790 2058 quem
2822 1988 3054 2043 licentia
3080 1989 3261 2055 fulcit,
3285 1990 3528 2046 liorreri.
3562 1992 3719 2047 Chri-

2019 2079 2137 2129 stus
2172 2074 2381 2130 milites
2401 2092 2530 2130 suos
2553 2092 2695 2148 quos
2717 2077 2776 2131 in
2794 2095 3096 2149 personam
3120 2078 3276 2133 ducis
3313 2080 3720 2150 attollat,inter

2018 2163 2166 2219 acies
2197 2166 2404 2237 quierit
2432 2165 2684 2219 hostiles.
2737 2167 2998 2221 Adscitus
3044 2168 3326 2235 Ecclesia,
3383 2170 3716 2241 pontificem

2018 2255 2237 2309 actibus
2278 2255 2529 2326 implesti
2577 2259 2708 2309 ante
2756 2261 3019 2328 tempora
3076 2257 3391 2329 dignitatis.
3452 2260 3577 2314 Non
3609 2260 3717 2315 fuit

2018 2344 2234 2398 advena
2255 2344 2597 2415 benignitas,
2634 2361 2761 2416 quos
2793 2352 3013 2400 natura:
3041 2346 3238 2401 innixa
3284 2348 3592 2415 radicibus,
3646 2350 3715 2404 de

2016 2434 2335 2503 cauo;tlore
2394 2450 2633 2505 germen
2687 2435 2954 2489 ostendit.
3015 2437 3356 2507 Temporale
3425 2441 3508 2492 est
3542 2454 3710 2493 omne

2016 2523 2168 2592 quod
2202 2523 2475 2593 tingitur:
2511 2528 2855 2593 perpetuum
2890 2524 3040 2595 quod
3080 2542 3210 2580 cum
3261 2532 3430 2582 etate
3466 2534 3713 2583 mature-

2014 2613 2136 2665 scit.
2176 2613 2431 2683 Non'gtibi
2488 2614 2872 2668 sacerdotium
2934 2631 3052 2669 rem
3079 2615 3211 2670 doni
3259 2617 3543 2672 credimus
3583 2634 3713 2674 eve-

2012 2702 2304 2767 nisse,sed
2338 2704 2581 2772 priemii.
2620 2704 2778 2757 Alius
2832 2705 2987 2776 vulgi
3042 2722 3200 2769 aura,
3252 2708 3437 2776 gratia
3494 2708 3713 2763 lenoci-

2012 2796 2205 2857 nante,
2256 2793 2736 2847 commendatur:
2787 2794 2891 2847 tibi
2949 2794 3135 2865 rigida
3194 2796 3342 2850 circa
3397 2798 3711 2868 culpabiles

2011 2880 2289 2933 districtio
2321 2880 2475 2933 dedit
2502 2881 2787 2936 aﬂectum.
2824 2884 3011 2937 Manet
3043 2892 3095 2938 te
3126 2883 3433 2953 singularis
3484 2886 3707 2956 sapien-

2010 2968 2089 3022 tia
2124 2986 2136 3023 :
2174 2985 2300 3039 quae
2332 2970 2464 3023 licet
2493 2971 2838 3040 generaliter
2872 2973 3123 3042 optanda
3149 2978 3255 3039 est,
3279 2977 3472 3028 tamen
3521 2976 3712 3030 existit

2010 3057 2072 3112 in
2106 3058 2381 3128 magistro
2423 3060 2758 3113 necessaria.
2818 3062 3015 3114 Fustra
3058 3060 3357 3115 monitoris
3398 3079 3707 3134 personam

2009 3147 2267 3216 suscipit,
2300 3148 2399 3218 qui
2432 3148 2667 3219 impacti
2689 3164 2801 3201 non
2836 3149 3103 3219 praevalet
3129 3150 3419 3207 aestimare
3477 3154 3710 3224 pondus

2010 3235 2225 3289 officii:
2276 3236 2563 3289 vilissimis
2620 3238 3038 3307 comparandus
3083 3242 3187 3306 est,
3242 3240 3353 3293 nisi
3417 3243 3709 3312 praecellat

2009 3326 2265 3393 scientia,
2296 3328 2395 3398 qui
2423 3332 2507 3381 est
2537 3328 2752 3381 honore
2785 3328 3169 3399 priestantior.
3202 3330 3367 3384 Dedit
3428 3332 3529 3387 tibi
3588 3333 3710 3405 api-

2010 3432 2131 3471 cem
2156 3434 2245 3471 res
2270 3416 2492 3487 judicii,
2536 3434 2653 3471 non
2684 3418 2928 3484 favoris;
2963 3418 3174 3489 dignus
3222 3420 3493 3490 pontifice
3544 3438 3709 3477 amor

2010 3511 2114 3572 est,
2143 3523 2566 3577 quemcensura
2588 3508 2888 3562 conciliat:
2941 3508 3278 3563 devenustat
3326 3510 3707 3568 institutionis

2011 3597 2267 3666 genium,
2302 3597 2400 3667 qui
2423 3613 2524 3667 per
2550 3597 2729 3650 solam
2762 3598 3003 3667 gratiam
3038 3600 3156 3652 vult
3186 3599 3431 3670 placere.
3486 3603 3565 3656 Tu
3616 3603 3705 3657 his

2010 3686 2270 3739 conditus
2298 3691 2353 3738 et
2384 3686 2661 3739 formatus
2684 3687 2811 3740 cmli
2846 3687 3158 3751 beneficiis,
3191 3689 3323 3758 plus
3345 3691 3568 3759 agendo
3599 3708 3701 3763 po-

2009 3775 2214 3844 pulum
2240 3774 2522 3843 tinstituis,
2557 3791 2731 3845 quam
2782 3777 3091 3846 loquendo.
3126 3778 3231 3832 Illa
3286 3782 3503 3833 monita
3538 3782 3702 3837 disci-

2008 3864 2280 3934 pulorum
2326 3864 2735 3918 conscientiam
2795 3866 3122 3929 eruderant,
3184 3884 3313 3938 quas
3370 3870 3705 3940 praebentur

2010 3951 2470 4021 exemplozsine
2504 3953 2718 4023 pudore
2771 3954 2974 4010 invitat
3013 3956 3082 4011 ad
3145 3956 3554 4029 innocentiam,
3606 3963 3704 4033 qui

2009 4040 2165 4094 illam
2207 4056 2322 4095 non
2354 4041 2528 4095 fuerit
2556 4044 2676 4113 ipse
2704 4049 2970 4098 sectatus.
3003 4047 3078 4100 Te
3111 4046 3261 4101 inter
3288 4054 3504 4103 secreta
3535 4067 3707 4120 pene-

2010 4132 2238 4184 tralium
2258 4131 2419 4202 quasi
2440 4137 2635 4185 testem
2656 4138 2941 4201 metuunt,
2966 4135 3065 4205 qui
3088 4152 3321 4206 peccare
3349 4136 3700 4207 disponunt:

2010 4220 2374 4274 nascentibus
2399 4222 2581 4291 culpis
2616 4227 2822 4289 metus,
2856 4227 2909 4276 et
2948 4226 3270 4279 reverentia
3293 4231 3392 4281 tua
3425 4232 3596 4295 negat
3626 4228 3705 4282 ef-

2007 4310 2240 4366 fectum.
2267 4312 2373 4377 Qui
2401 4312 2552 4366 inter
2582 4312 2811 4367 exordia
2849 4314 3097 4368 occurrit
3124 4314 3295 4376 vitiis,
3346 4320 3402 4370 et
3450 4316 3704 4371 occasio-

2011 4455 2285 4509 continet.
2322 4455 2476 4509 Dicta
2507 4455 2684 4524 igitur
2714 4460 2796 4509 est
2815 4456 3052 4510 Maximo
3090 4456 3355 4527 episcopo
3395 4457 3704 4525 Ticinensi,

2017 4527 2320 4596 Epiphanii
2353 4528 2410 4579 in
2444 4544 2510 4579 ea
2548 4528 2677 4581 sede
2710 4544 3037 4594 successori,
3075 4531 3167 4582 cui
3190 4537 3389 4599 postea
3436 4534 3708 4587 successit

2012 4604 2205 4652 noster
2238 4599 2549 4652 Ennodius.

2084 4670 2104 4701 ³
2150 4669 2216 4741 V.
2250 4671 2304 4723 S.
2330 4668 2563 4738 vicario]
2599 4668 2715 4741 Viri
2748 4669 3069 4739 spectabilis
3102 4670 3459 4741 notasadjeci
3483 4689 3551 4727 ex
3584 4690 3706 4729 ma-

2011 4739 2338 4815 nuscriptis.
2366 4743 2511 4815 lline
2557 4740 2709 4792 enim
2730 4810 2736 4815 _
2758 4741 3056 4815 vicarianze
3087 4739 3461 4815 praefecturae
3505 4750 3559 4798 et
3584 4747 3702 4815 jam

2012 4812 2150 4864 olim
2184 4812 2449 4880 proprius
2486 4812 2673 4863 fuerat
2702 4810 2919 4876 titulus,
2957 4819 3013 4865 et
3033 4813 3219 4865 adhuc
3268 4821 3391 4868 erat
3448 4810 3708 4872 mvo'En-

2012 4884 2199 4955 nodii.
2230 4882 2594 4955 Cassiodorus
2620 4883 2715 4955 lib.
2755 4898 2829 4947 ιιι,
2864 4884 3026 4955 epist.
3068 4888 3127 4935 l7
3162 4901 3174 4937 :
3213 4885 3598 4955 Spectabilem
3630 4894 3710 4944 vi-

2011 4952 2494 5027 ῖιιηιϐωῃθιίιιιη,
2529 4952 2807 5007 vicarium
2850 4952 3272 5024 pra/actorum,
3288 4958 3409 5027 fide
3461 4960 3621 5015 nobis
3651 4966 3707 5016 et

2010 5023 2301 5078 industria
2327 5030 2694 5091 compertum.

2082 5100 2114 5171 ‘_
2130 5096 2203 5150 Te
2230 5111 2530 5171 sacrarunt
2544 5095 2739 5171 judex]
2750 5096 2964 5171 Comes
2996 5114 3221 5153 sacraru
3234 5117 3285 5154 ni
3305 5101 3678 5171 largitionum
3691 5144 3703 5158 .

2012 5168 2189 5237 Hujus
2220 5184 2469 5241 assessor
2500 5167 2685 5241 fuerat
2717 5168 3017 5237 Maximus,
3054 5177 3113 5224 ut
3144 5172 3278 5225 olim
3304 5167 3542 5241 Alypius
3569 5174 3705 5229 item

2011 5240 2573 5312 anteepiscopatuin.
2602 5240 2687 5294 Sic
2726 5242 2879 5294 enim
2915 5242 2981 5294 de
3015 5244 3215 5312 Alypio
3246 5240 3437 5296 scribit
3496 5246 3555 5295 D.
3590 5249 3703 5298 Au-

2010 5311 2272 5381 gustinus
2300 5312 2399 5366 lib.
2434 5329 2483 5365 v1
2526 5312 2983 5379 Confessionum,
3008 5311 3138 5382 cap.
3174 5316 3270 5366 tO:
3322 5314 3510 5366 Roma
3562 5315 3705 5369 assi-

2008 5382 2176 5459 debﬁal
2205 5382 2401 5436 comiti
2425 5383 2793 5459 largitionum
2810 5383 3183 5459 Italicorum;
3219 5388 3273 5459 et
3304 5385 3402 5459 lib.
3438 5401 3557 5459 vui,
3579 5403 3703 5459 cap.

2011 5457 2041 5507 6
2077 5458 2448 5536 :itlecumerat
2476 5454 3035 5536 Aiypiusoliosusao
3055 5454 3705 5536 operejyrisperitoruhz

2002 5530 2132 5651 peis!
2143 5529 2513 5653 asseflsiontem
2528 5526 2780 5593 tertiam,
2798 5528 3139 5598 exspectans
3150 5526 3355 5598 quibus
3366 5526 3571 5585 iterum
3584 5548 3707 5587 con-

2006 5614 2057 5652 ετ
2088 5613 2147 5652 ια
2173 5613 2272 5653 ven
2314 5614 2408 5653 ere
2440 5640 2452 5653 .

2006 5596 2147 5652 ζςίιία
2173 5597 2452 5654 venderet.
