4060 6174
399 316 494 368 '27l
1608 313 1895 367 ENNODII
1936 313 2245 370 EPISCOPI
2284 315 2690 370 TICINENSIS.

3795 319 3892 369 272

400 460 533 499 nem
553 446 743 515 lapsus
764 443 988 511 adimit,
1032 448 1085 499 et
1118 443 1593 514 concupiscentiae
1651 450 1862 515 purgat
1907 451 2097 499 aucto-
2133 446 2178 497 Α
2204 446 2384 516 gium,
2417 446 2486 500 de
2517 462 2691 501 manu
2722 446 2881 500 factis
2904 445 3060 516 quod
3082 446 3239 499 nulla
3262 446 3441 517 possit
3466 452 3754 503 senectute
3776 449 3893 503 vio-

395 550 540 588 rem.
584 535 712 587 Haec
742 532 1086 587 beatitudini
1116 536 1226 586 tua:
1261 532 1423 603 quasi
1446 533 1688 587 strictim
1718 550 1822 603 pro
1870 535 2080 604 linguae

395 639 537 677 mete
580 622 1079 677 commendatione
1123 621 1398 675 dedicavi.
1435 622 1491 676 Si
1522 623 1786 692 precibus
1814 625 1925 678 tuis
1956 626 2085 678 vita:

396 729 685 767 successus
706 711 979 770 arriserit.
1013 715 1305 781 gestorum
1336 716 1570 765 tuorum
1603 714 1773 783 plena
1814 730 1903 767 me
1939 715 2083 767 rela-

396 803 551 857 tione
581 801 921 857 consecrabo
950 817 963 854 :
993 806 1057 854 ut
1091 817 1219 871 quae
1241 802 1520 855 universis
1552 809 1690 857 nota
1721 808 1871 866 sunt,
1925 820 2086 858 man-

396 892 543 945 suris
570 892 630 945 in
660 896 952 962 posterum
978 889 1199 959 litteris,
1236 896 1519 962 quatenus
1550 893 1799 963 gaudeat
1828 896 1962 947 setas
1995 911 2081 948 se-

396 986 619 1049 cutura,
646 983 963 1034 serventur.

1052 1068 1286 1124 DICTIO
1327 1071 1413 1123 IV.

575 1158 592 1191 ¹
626 1158 703 1211 In
729 1154 1089 1213 dedicatione
1114 1156 1294 1212 missa
1323 1160 1568 1212 Maximo
1596 1156 1875 1231 episcopo.

978 1260 1175 1300 silem
1225 1261 1503 1307 ouum.
2082 1318 2089 1325 κ

458 1334 761 1406 Nunquam
792 1350 1010 1405 pauper
1039 1351 1182 1388 vena
1211 1324 1482 1389 timeatur
1512 1336 1751 1407 ingenii,
1804 1338 1903 1393 ubi
1927 1339 2080 1393 dives

389 1427 475 1478 est
502 1440 672 1477 causa
702 1424 949 1477 dicendi.
982 1424 1207 1478 Transit
1230 1424 1544 1491 hominem,
1575 1424 1861 1496 'quotiens
1914 1428 2081 1482 coele-

388 1514 568 1568 stibzis
597 1513 805 1566 militat
834 1529 994 1566 mens
1026 1518 1220 1567 nostra
1249 1515 1489 1567 culturis
1516 1535 1530 1581 ;
1557 1531 1662 1568 nec
1690 1516 1750 1569 in
1772 1523 2080 1587 angustum

387 1602 670 1673 redigitur
686 1602 1029 1656 narrationis
1057 1602 1298 1669 exilitas,
1333 1603 1585 1673 siopifici
1615 1621 1716 1658 suo
1737 1605 2079 1677 obsequium

385 1692 596 1745 referat
616 1696 968 1745 narraturus.
1004 1692 1198 1745 Potest
1227 1690 1652 1761 enimlinguam
1674 1693 1953 1748 facundiae
1976 1694 2078 1748 do-

385 1779 541 1835 tibus
572 1797 775 1835 ornare
807 1781 907 1851 qui
937 1780 1195 1847 contulit,
1215 1786 1270 1834 et
1287 1781 1620 1835 dareverbis
1640 1783 1876 1853 genium
1908 1800 2081 1854 quem

382 1870 632 1925 fatemur
666 1871 890 1925 dedisse
922 1886 1267 1924 sermonem.
1298 1870 1441 1925 Nam
1502 1872 1825 1941 prophetici
1865 1873 2081 1927 dudum

383 1960 630 2015 maciem
656 1960 800 2031 juvit
857 1959 1089 2030 eloquii,
1153 1959 1291 2013 dum
1347 1960 1414 2013 ad
1456 1960 1764 2031 perfectam
1826 1962 2081 2033 magistri

385 2049 773 2120 eloquentiam
806 2053 861 2102 et
898 2048 1193 2103 fortissimi
1225 2049 1527 2103 monitoris
1554 2050 1749 2103 tubam
1798 2050 2081 2105 imbecilla

384 2139 563 2211 Moysi
592 2139 911 2210 erigeretur
942 2138 1183 2192 infantia
1216 2154 1229 2193 :
1283 2138 1381 2209 qui
1414 2139 1588 2192 nullis
1625 2140 1896 2209 gradibus
1943 2142 2079 2195 dum

382 2228 647 2299 peritiam
678 2227 1275 2297 meditaturjeffloruit,
1310 2244 1411 2282 nec
1463 2244 1564 2298 per
1594 2230 1776 2283 aetatis
1837 2231 2078 2301 alicujus

382 2317 677 2372 scientiam
708 2318 779 2372 ad
802 2333 1045 2371 messem
1077 2317 1443 2387 perfectionis
1475 2319 1727 2372 ascendit
1766 2335 1778 2373 :
1824 2320 1924 2390 qui
1980 2320 2077 2375 diu

381 2407 625 2462 militem
656 2406 995 2460 infabricata
1026 2404 1275 2477 portavit
1308 2406 1535 2476 ingenio
1565 2423 1577 2459 :
1615 2406 1869 2460 officium
1918 2407 2076 2461 ducis

375 2494 568 2565 jussus
616 2496 890 2566 arripere,
933 2496 1070 2566 quia
1117 2497 1434 2549 verecunde
1486 2496 1696 2560 renuit,
1748 2501 2075 2550 constanter

378 2584 657 2655 implevit.
693 2586 785 2640 Sic
811 2600 913 2638 nos
930 2585 1301 2638 dedicationis
1331 2584 1471 2638 festa
1503 2585 1893 2650 celebrantes,‘.
1924 2586 2074 2640 inter

380 2675 651 2745 spiritalis
680 2674 895 2729 laetitia:
924 2672 1077 2729 bona
1098 2674 1500 2744 praestolamur
1524 2675 1789 2747 gratiam,
1812 2676 1949 2729 dum
1972 2692 2070 2745 pa-

376 2780 592 2818 remus.
617 2765 782 2818 Absit
828 2764 1075 2818 formido
1137 2764 1383 2819 debilis:
1445 2771 1808 2818 removeatur
1865 2766 2072 2820 fiducia

373 2854 626 2907 inaniter
655 2856 932 2922 concepta
962 2868 1065 2922 per
1088 2854 1362 2906 studium.
1390 2854 1501 2906 Nos
1534 2854 1603 2908 de
1635 2854 1903 2907 humanas
1928 2870 2067 2924 per-

375 2942 639 2997 fectionis
667 2943 953 2995 schemate
985 2957 1089 2995 nec
1130 2941 1534 3010 praesumimus
1574 2942 1809 3012 aliquid,
1857 2959 1960 2996 nec
1991 2943 2069 2996 ti-

2202 535 2326 589 lari.
2359 536 2632 591 Occasum
2666 536 2821 590 enim
2858 537 2969 590 Deo
3002 535 3193 589 oblata
3228 551 3344 589 non
3374 536 3629 590 sentiunt
3660 554 3672 591 :
3701 552 3804 591 nec
3827 538 3893 592 ad

2195 629 2534 679 vetustatem
2586 624 2893 678 tremulam
2937 624 3149 694 pietate
3198 624 3335 678 fulta
3388 627 3727 679 mittuntur:
3786 632 3894 679 stat

2195 714 2458 768 soliditas
2489 713 2791 778 machinae,
2820 730 2993 783 quam
3021 714 3279 768 Christus
3318 714 3640 784 ingreditur
3672 719 3762 768 :et
3779 715 3885 769 ori-

2193 803 2428 873 ginariae
2458 803 2632 857 oblita
2672 803 3017 872 fragilitatis,
3056 802 3392 872 adipiscitur
3435 804 3506 857 de
3562 820 3889 874 possessore

2192 893 2482 946 virtutem.
2520 894 2687 946 Tecta
2718 892 2853 945 vilia
2882 891 2950 945 de
2996 893 3380 945 consecrantis
3436 893 3733 947 nobilitate
3790 894 3890 948 de-

2192 989 2481 1048 corantur,
2517 982 2653 1035 dum
2686 981 2765 1034 rei
2798 982 3023 1035 caduca:
3071 982 3323 1051 pretium
3363 983 3634 1036 tribuitur
3679 982 3886 1037 habere

2192 1071 2263 1124 de
2320 1071 2584 1123 Domino.
2632 1072 2716 1123 Tu
2774 1075 2985 1135 autem,
3042 1070 3217 1124 frater
3282 1072 3657 1137 sanctissime,
3720 1072 3889 1141 hujus

2189 1159 2411 1214 oblator
2435 1159 2681 1223 aedilicii,
2716 1159 2784 1213 de
2816 1158 3088 1212 mercedis
3132 1159 3510 1214 retributione
3577 1163 3885 1230 gratulare.

2189 1247 2378 1301 Nescit
2407 1264 2535 1316 spes
2582 1247 2849 1313 titubare,
2897 1247 2989 1301 cui
3049 1248 3217 1301 bona:
3263 1248 3483 1303 fructus
3534 1250 3891 1318 promittitur

2190 1337 2426 1391 actionis
2460 1337 2562 1391 :ab
2584 1337 2848 1391 exercitio
2876 1338 3170 1391 descendit
3188 1338 3632 1392 retributionum
3650 1339 3878 1404 ﬁducia,

2191 1441 2293 1480 nec
2328 1427 2443 1481 ullo
2484 1431 2647 1481 nutat
2677 1426 2892 1480 incerto
2920 1427 3017 1496 qui
3052 1428 3341 1481 laudanda
3362 1428 3691 1481 meditatur.

2871 1516 3101 1571 DlCTlO
3144 1516 3205 1569 V.

2694 1602 2717 1636 ³
2748 1604 3087 1673 Incipienlis
3105 1604 3382 1676 episcopi.

2772 1709 2974 1749 SACRA
3018 1709 3284 1757 QUINTA.

2123 1758 2159 1811 Β
2264 1782 2369 1834 Par
2400 1781 2631 1852 quidem
2686 1783 2977 1853 discipulis
3036 1782 3317 1854 incipiens
3375 1782 3648 1854 magister
3693 1789 3799 1851 est,
3833 1788 3885 1838 et

2192 1868 2342 1924 inter
2380 1871 2612 1925 exordia
2636 1871 2835 1925 doctor
2863 1872 3019 1926 nulla
3069 1878 3154 1926 est
3210 1873 3278 1926 ab
3328 1872 3684 1926 auditoribus
3740 1878 3885 1928 sorte

2191 1960 2494 2015 sublimior
2528 1977 2539 2015 :
2570 1962 2813 2032 expertis
2853 1962 3039 2015 honor
3069 1962 3309 2016 debetur
3337 1962 3582 2032 ingeniis
3618 1980 3631 2017 :
3658 1962 3751 2016 vix
3771 1979 3884 2017 me-

2193 2049 2445 2103 diocrem
2473 2051 2691 2104 cultum
2725 2052 2961 2121 exigunt
2992 2067 3108 2104 non
3156 2051 3399 2121 probati.
3445 2053 3544 2105 Illa
3583 2058 3717 2106 sunt
3760 2068 3885 2106 vera

2190 2140 2502 2208 praeconia,
2534 2156 2661 2210 quin
2687 2142 2893 2211 longus
2927 2142 3101 2194 sudor
3135 2141 3364 2195 elicuit:
3425 2140 3880 2196 blandimentum

2189 2234 2294 2295 est,
2324 2229 2765 2299 nonjudicium,
2800 2231 3066 2301 quotiens
3109 2230 3365 2284 laborem
3414 2231 3597 2301 gloria
3663 2232 3884 2302 ingesta

2187 2317 2561 2387 praecesserit.
2635 2320 2784 2371 Inter
2842 2319 3093 2372 maculas
3162 2324 3445 2386 numeret,
3508 2336 3879 2391 quoscunque

2186 2406 2510 2477 triumphos
2552 2412 2682 2461 ante
2715 2407 3131 2462 discussionem
3163 2409 3349 2479 campi
3394 2409 3557 2463 miles
3600 2411 3876 2481 acquiret.

2186 2494 2291 2557 Qui
2336 2497 2654 2567 properatis
2716 2498 2961 2551 subeunt
3025 2498 3355 2568 Olympiaca
3409 2498 3559 2552 bella
3605 2500 3873 2569 vestigiis.

2184 2585 2452 2656 Nunquid
2484 2586 2564 2639 cis
2579 2591 2707 2640 ante
2730 2589 3280 2641 consummationem
3310 2590 3635 2643 certaminis
3673 2606 3877 2660 suppe-

2182 2673 2399 2742 titspes
2430 2674 2700 2727 coronze?
2750 2675 2974 2727 dicente
3025 2676 3293 2744 Apostolo
3327 2691 3341 2730 :
3383 2676 3517 2729 Non
3544 2680 3872 2743 caronatur,

2181 2760 2408 2832 nisiqui
2438 2762 2687 2833 legitime
2714 2765 3018 2817 certaverit
3052 2766 3139 2833 (II
3178 2764 3322 2818 Tim.
3374 2780 3436 2830 ιι,
3469 2766 3541 2835 Ei).
3590 2767 3723 2819 Ecce
3772 2782 3873 2820 nec

2183 2850 2311 2905 illos
2349 2853 2508 2905 decet
2556 2859 2687 2906 ante
2723 2854 2991 2906 meritum
3024 2854 3375 2923 praedicatio,
3410 2871 3442 2908 a
3495 2854 3701 2924 quibus
3723 2855 3873 2925 juste

2180 2941 2435 3009 poscitur
2474 2947 2601 3012 post
2630 2941 2905 2995 laborem.
2943 2944 3191 2996 Nostrae
3213 2943 3434 2997 diverso
3461 2945 3680 3013 prolixo
3703 2946 3874 2999 distat

373 3047 616 3086 memus.
660 3032 877 3086 Deinde
909 3030 1037 3101 quis
1069 3030 1128 3083 in
1161 3030 1311 3085 beati
1340 3032 1879 3102 Joannispropheta:
1905 3033 2067 3101 cujus
2108 3048 2148 3103 ο
2179 3028 2319 3084 calle
2350 3032 2600 3085 conditio
2635 3048 2646 3085 :
2675 3032 2882 3102 quibus
2940 3038 3163 3086 tantum
3220 3034 3546 3103 decerpitur
3604 3034 3673 3087 de
3706 3036 3872 3107 fruge

372 3121 654 3191 templum
688 3121 794 3174 hoc
816 3120 1185 3173 sanctiﬁcavit
1217 3120 1633 3189 ingressus,vel
1664 3127 1819 3175 muta
1850 3122 2070 3177 dubitet

373 3226 475 3264 ora
504 3209 725 3264 laxari?
769 3210 929 3279 cujus
960 3209 1152 3262 senior
1198 3210 1401 3279 gratia,
1454 3226 1625 3280 quam
1657 3216 1882 3278 natura,
1929 3212 2066 3265 dum

374 3305 504 3354 ante
536 3300 676 3354 lueis
702 3299 1025 3369 ingressum
1058 3299 1135 3369 pii
1169 3298 1308 3351 vatis
1335 3300 1629 3369 implesset
1665 3300 1940 3366 officium,
1994 3301 2063 3355 li-

370 3405 503 3444 men
535 3389 666 3443 vitae
692 3388 865 3458 hujus
895 3388 1103 3441 virtute
1135 3386 1397 3457 signavit.
1434 3388 1576 3441 Nam
1598 3404 1713 3441 uno
1747 3390 2062 3461 eodemque

370 3484 652 3549 tempore,
685 3483 741 3532 et
773 3482 1015 3531 matrem
1055 3476 1405 3531 fecunditate
1438 3478 1695 3531 nobilem
1730 3477 1861 3531 fecit
1899 3482 1954 3531 et
1976 3477 2059 3531 in—

366 3568 622 3623 officiosa
650 3565 929 3638 genitoris
977 3566 1128 3619 labia
1159 3565 1218 3618 in
1271 3565 1565 3636 loquelam
1598 3565 1899 3636 pristinam
1952 3582 2059 3620 usu

366 3664 660 3715 remeante
740 3656 1071 3711 commovit.
1144 3657 1321 3709 Nemo
1393 3656 1672 3709 Joannem
1731 3657 2055 3723 nominans,

365 3754 494 3821 post
518 3746 769 3816 exempli
798 3744 1170 3816 praecedentis
1201 3746 1496 3807 miracula,
1521 3744 1823 3816 pristinam
1846 3746 2058 3816 linguai

364 3838 695 3893 habiturum
724 3852 779 3889 se
812 3834 1132 3906 suspicetur
1160 3834 1529 3905 imperitiam.
1576 3837 1706 3890 Post
1746 3836 2053 3890 sacratissi-

364 3942 525 3982 mum
554 3924 880 3979 Zachariam
911 3925 1074 3995 cujus
1104 3924 1360 3978 faucibus
1392 3925 1689 3978 eliminata
1753 3941 1856 3996 per
1902 3925 2054 3980 istud

365 4014 709 4070 vocabulum
768 4013 1044 4067 remeavit
1090 4012 1438 4081 humanitas,
1491 4014 1560 4068 ab
1594 4015 1873 4069 universis
1924 4017 2052 4086 jure

363 4104 614 4161 creditur
641 4105 889 4159 Joannes
915 4104 1207 4175 apostolus
1245 4104 1562 4173 clavisjesse
1589 4103 1925 4175 (verborum.
1989 4106 2051 4159 In

360 4197 533 4268 hujus
563 4195 835 4250 comitatu
882 4194 1229 4260 Antoninus,
1287 4194 1497 4248 vetusti
1527 4194 1697 4248 heros
1756 4194 1969 4261 saeculi,
1994 4200 2051 4249 et

360 4285 675 4343 beatissimi
703 4282 955 4339 Cassiani
987 4283 1185 4354 juncta
1232 4282 1533 4349 claritudo,
1568 4284 1784 4338 faciunt
1813 4284 1881 4338 de
1924 4283 2047 4338 aede

2177 3118 2539 3182 innocentim,
2574 3125 2856 3189 quantum
2878 3121 3174 3174 accesserit
3211 3121 3279 3175 de
3312 3122 3521 3177 favore.
3552 3125 3688 3177 Nam
3721 3124 3869 3180 sicut

2174 3206 2348 3276 positi
2386 3208 2444 3261 in
2468 3209 2747 3275 tirociniis
2794 3212 3164 3277 aestimamus,
3214 3212 3451 3281 plenum
3517 3213 3870 3268 necessitatis

2175 3301 2229 3349 et
2252 3295 2491 3364 periculi
2532 3297 2639 3349 iter
2678 3303 2781 3363 cst,
2825 3299 2884 3351 in
2917 3315 3029 3368 quo
3063 3307 3120 3354 et
3151 3301 3415 3354 sectanda
3470 3306 3548 3355 est
3605 3302 3719 3356 vita
3746 3304 3868 3358 lau-

2172 3384 2395 3451 dabitis,
2439 3391 2495 3439 et
2524 3386 2587 3439 fit
2615 3387 2839 3456 probris
2888 3388 3197 3455 uberrima,
3251 3390 3298 3443 si
3336 3390 3617 3445 desideret
3658 3392 3727 3445 ab
3758 3393 3867 3447 hu-

2173 3475 2444 3529 manitate
2467 3476 2707 3531 laudari.
2741 3477 2899 3531 Aetio
2919 3484 3130 3545 nostra,
3167 3480 3212 3532 si
3243 3480 3312 3534 de
3350 3480 3514 3534 bonis
3536 3482 3649 3535 suis
3692 3483 3867 3537 fuerit

2171 3565 2336 3631 elata,
2362 3565 2666 3631 sordeseet,
2696 3567 3139 3636 protestantibus
3159 3568 3366 3622 divinis
3417 3571 3658 3641 eloquiis
3683 3587 3696 3625 :
3756 3573 3866 3637 Qui

2166 3670 2263 3707 vos
2280 3654 2543 3721 laudant,
2557 3655 2832 3709 seducunt
2850 3672 2967 3725 vos,
2988 3660 3042 3710 et
3057 3658 3632 3714 subverlunlsemilas
3649 3661 3863 3731 pedum

2164 3745 2477 3797 vestrorum
2503 3744 2676 3813 (Isai.
2715 3760 2793 3809 ιιι,
2832 3746 2933 3812 l2).
2984 3746 3359 3815 Splendorem
3401 3749 3684 3818 pontificis
3746 3767 3857 3817 res,

2166 3847 2279 3885 non
2312 3832 2506 3902 lingua
2538 3838 2774 3887 testetur
2807 3850 2820 3887 :
2860 3835 2988 3905 plus
3019 3836 3170 3889 lucet
3203 3838 3429 3891 claritas
3487 3839 3657 3907 hujus
3685 3839 3859 3893 officii

2163 3922 2415 3975 veritatis
2439 3922 2648 3976 indicio
2682 3938 2855 3992 quam
2922 3924 3184 3994 loquelae.
3246 3926 3377 3979 Ecce
3424 3927 3857 3997 cernitis-quam

2163 4015 2286 4065 tuta
2309 4011 2568 4065 sitcausa
2598 4012 2852 4082 subjecti,
2888 4017 2945 4065 et
2993 4014 3241 4084 quamtis
3279 4014 3704 4069 discriminibus
3762 4033 3857 4070 so-

2160 4101 2305 4153 ciata
2335 4101 2647 4171 praepositi.
2681 4102 2872 4155 Munia
2903 4119 3027 4156 mea
3059 4106 3186 4173 plus
3226 4105 3486 4175 poteritis
3528 4106 3724 4159 fulcire
3760 4123 3858 4177 ge-

2157 4190 2412 4255 mitibus,
2447 4207 2619 4260 quam
2646 4192 2916 4246 clamore.
2951 4193 3128 4246 Nemo
3158 4194 3311 4264 quod
3343 4195 3575 4250 auribus
3638 4196 3854 4250 lenoci-

2160 4284 2348 4345 natur,
2383 4280 2573 4334 credat
2603 4281 2878 4335 eximium
2907 4297 2920 4335 :
2969 4298 3156 4336 sermo
3226 4289 3439 4351 noster,
3509 4285 3613 4337 nisi
3643 4285 3851 4339 animm

359 4379 801 4441 sacramentum,
833 4374 903 4429 de
959 4378 1184 4429 terrena
1233 4373 1584 4427 habitatione
1640 4374 1866 4427 caeleste
1887 4374 2052 4428 colle-
2089 4404 2134 4459 Β
2162 4370 2448 4437 medetur,
2494 4370 2749 4441 abjeetus
2780 4374 2885 4425 est.
2919 4372 3084 4425 Illum
3129 4373 3411 4443 prieferte,
3442 4372 3541 4444 qui
3604 4374 3855 4444 spiritali

427 4552 614 4610 Dictio
638 4552 700 4605 in
743 4550 1102 4604 dedicatione
1142 4548 1321 4603 missa
1366 4546 1639 4617 Maximo]
1689 4548 1884 4602 Eidem
1928 4551 2049 4620 epi-

356 4641 527 4695 scopo
588 4622 897 4695 Ticinensi,
968 4621 1064 4695 qui
1104 4621 1336 4695 _synodo_
1381 4620 1749 4695 absolutionis
1798 4620 2049 4695 Symma-

355 4690 607 4751 chi—cum
628 4694 854 4757 caeteris
884 4690 1149 4745 interfuit
1176 4699 1232 4745 et
1254 4690 1604 4760 subscripsit.
1631 4690 1903 4761 Superior
1927 4709 2047 4746 ora-

355 4769 434 4823 tio
466 4766 703 4820 Maximo
736 4764 884 4817 dicta
914 4763 1021 4817 fuit
1055 4764 1213 4817 :luee
1243 4780 1273 4815 a
1309 4762 1566 4827 Maximo,
1600 4777 1727 4815 cum
1766 4762 2046 4817 dedicare-

355 4844 449 4893 tur
476 4838 709 4891 basiliea
739 4835 793 4889 S.
837 4835 1070 4888 Joannis
1102 4835 1383 4904 Baptistae,
1411 4850 1580 4904 quem
1615 4850 1758 4886 novo
1785 4836 2043 4904 exemplo

356 4906 671 4980 apostolum
706 4922 936 4980 quoque
967 4907 1225 4980 nominat
1259 4922 1272 4980 ξ
1316 4913 1375 4980 ut
1406 4906 1776 4975 prodromum
1810 4922 2038 4980 nempe,

357 4976 708 5050 missumque
724 4976 860 5031 ante
876 4977 1083 5050 Christi
1114 4976 1337 5050 Domini
1362 4981 1664 5050 adventum
1695 4992 1841 5050 :quo
1871 4978 2040 5050 modo

352 5058 409 5107 et
435 5047 829 5123 proplietasqin
862 5049 1233 5118 Apologetico
1266 5049 1427 5123 dixit,
1487 5049 1621 5123 quia
1640 5053 1694 5099 et
1726 5047 1833 5123 ipsi
1883 5049 2041 5123 missi

353 5118 507 5191 sunt,
543 5118 834 5193 apostolos
883 5136 1048 5193 posse
1098 5120 1436 5193 nuncupari.
1466 5118 1889 5193 iVerum‘tedes
1942 5119 2040 5173 illa

348 5214 463 5251 non
496 5189 677 5249 Solum
706 5189 937 5247 Joannis
994 5191 1276 5260 Baptistae,
1319 5190 1417 5243 sed
1446 5189 1722 5244 Antonini
1780 5190 1950 5244 etiam
1983 5195 2040 5245 et

348 5266 597 5324 Cassiani
620 5266 784 5318 titulo
809 5264 1088 5317 dedicata.

418 5342 439 5374 ²
470 5338 654 5394 Diclio
683 5333 1013 5407 incipientis
1051 5330 1637 5407 episcopijlneertum
1669 5335 1753 5385 est
1791 5348 1859 5407 an
1894 5348 2033 5386 con-

346 5412 508 5465 cione
538 5411 643 5463 hac
702 5404 836 5461 usu's
883 5406 957 5459 sit
997 5404 1286 5459 Enuodius
1335 5404 1476 5474 ipse,
1538 5419 1668 5456 cum
1734 5405 2035 5473 episcopus

346 5486 567 5537 creatus
606 5485 709 5546 est,
771 5495 863 5542 an,
924 5476 1079 5548 quod
1126 5475 1321 5546 potius
1374 5489 1529 5548 reor,
1554 5474 1859 5528 formulam
1909 5474 2033 5528 aliis

347 5552 639 5622 scripserit
669 5566 783 5620 qua
813 5546 1267 5622 inqepisc‘opatus
1294 5546 1561 5622 auspiciis
1590 5552 1901 5622 uterentur.
1924 5547 2033 5601 (Iae-

348 5617 535 5680 terum
567 5623 636 5677 de
660 5617 900 5677 Ennodii
941 5617 1237 5673 cathedra
1300 5618 1471 5689 longa
1506 5617 1863 5689 refutatione
1912 5633 2032 5673 non

341 5700 491 5769 eget,
542 5695 698 5768 quod
727 5710 761 5748 a
803 5690 1062 5747 Bernado
1100 5690 1271 5747 Sacco
1323 5690 1384 5744 in
1409 5687 1421 5689 ⁷
1450 5687 1695 5744 Historia
1744 5688 2030 5743 Ticinensi

2156 4545 2255 4599 lib.
2282 4562 2398 4611 vm,
2428 4562 2549 4615 cap.
2592 4549 2638 4613 l,
2673 4546 2946 4616 scriptum
2980 4550 3081 4607 est.
3114 4548 3433 4603 Ennodium
3475 4565 3626 4602 anno
3676 4549 3848 4605 Chri-

2156 4618 2347 4690 sti-£90
2404 4619 2597 4671 sedere
2651 4620 2907 4690 ccepisse.
2977 4618 3082 4681 Qui
3114 4621 3267 4672 enim
3328 4620 3512 4690 potuit
3547 4622 3643 4673 illo
3687 4638 3846 4676 anno

2154 4689 2453 4764 episcopus
2484 4688 2683 4753 creari,
2718 4689 2816 4759 qui
2848 4705 2997 4764 apno
3036 4692 3289 4764 proximo
3324 4688 3692 4746 antecedente
3724 4710 3844 4764 quo

2154 4761 2370 4815 Italiam
2407 4760 2693 4828 ingressus
2743 4766 2826 4813 est
2871 4761 3268 4828 Theodericus,
3323 4763 3569 4816 sedecim
3610 4760 3843 4819 tantum

2152 4837 2272 4883 erat
2311 4830 2632 4903 annorum?
2655 4836 2753 4885 aut
2782 4834 3071 4902 quomodo
3113 4833 3329 4903 imponi
3357 4840 3476 4887 tum
3527 4836 3709 4903 potuit
3741 4852 3840 4889 ca-

2151 4904 2368 4955 thedra}
2397 4902 2697 4974 Ticinensi,
2724 4920 2895 4973 quam
2920 4904 3106 4957 adhuc
3140 4902 3435 4974 regebatet
3458 4902 3676 4974 aliquot
3706 4915 3842 4974 post

2150 4974 2314 5026 annis
2338 4973 2479 5025 rexit
2532 4972 2901 5042 Epiphanius,
2954 4991 3017 5027 ac
3047 4982 3177 5045 post
3207 4972 3606 5045 'Epiphaniiiin
3659 4972 3838 5030 Maxi-

2148 5059 2467 5114 musquem
2517 5047 2731 5113 synodo
2787 5045 3027 5114 palmari
3086 5048 3409 5099 interfuisse
3463 5048 3840 5102 monuimus?

2147 5116 2308 5189 Certe
2339 5120 2393 5168 et
2432 5116 2487 5168 in
2520 5116 2796 5189 Apologia
2829 5118 3296 5189 proqsynodo,ret
3322 5118 3380 5171 in
3420 5120 3691 5172 omnibus
3708 5122 3839 5189 epi-

2146 5188 2300 5239 stolis
2333 5203 2471 5256 quas
2504 5192 2621 5239 toto
2672 5186 2997 5257 Symmachi
3034 5188 3368 5259 pontificatu
3413 5190 3658 5259 scripsit,
3713 5186 3838 5245 non

2144 5259 2392 5326 amplius
2410 5274 2467 5309 se
2507 5274 2678 5328 quam
2705 5260 3007 5312 diaconum
3031 5261 3281 5329 appellat
3317 5262 3836 5324 Ennodius.0uare

2143 5330 2351 5403 certius
2378 5329 2617 5403 videtur,
2646 5330 2795 5403 quod
2831 5330 2926 5382 alii
2955 5337 3206 5394 censent,
3246 5332 3553 5385 Hormisda-
3605 5339 3833 5403 tempo-

2143 5400 2301 5453 ribus
2332 5402 2398 5453 ad
2438 5417 2563 5453 eam
2603 5402 2939 5467 dignitatem
2973 5408 3228 5456 evectum
3260 5404 3449 5456 fuisse.
3471 5404 3574 5455 Sed
3602 5400 3833 5460 cum'de

2140 5486 2290 5523 anno
2322 5471 2446 5524 initi
2471 5472 2829 5543 episcopatus
2848 5487 2964 5525 non
2997 5473 3227 5543 liqueat,
3264 5475 3332 5527 de
3365 5474 3476 5528 fine
3500 5480 3723 5529 constat
3766 5493 3833 5529 ex

2140 5544 2371 5616 consule
2404 5544 2500 5613 qui
2544 5542 2783 5597 Ennodii
2809 5542 3101 5615 epitaphio
3120 5544 3397 5616 ascriptus
3420 5551 3525 5611 est,
3559 5547 3833 5602 incidisse

2138 5612 2197 5667 in
2230 5612 2440 5668 annum
2472 5616 2565 5667 52f
2583 5653 2595 5666 .
