  <div class='ocr_page' id='page_1' title='image "/cluster/home/n/w/nwhite01/storage/ocr_20150623/63/hvd.32044073498800/142.png"; bbox 0 0 4060 6174; ppageno 0'>
   <div class='ocr_carea' id='block_1_1' title="bbox 219 241 2155 301">
    <p class='ocr_par' dir='ltr' id='par_1_1' title="bbox 219 241 2155 301">
     <span class='ocr_line' id='line_1_1' title="bbox 219 241 2155 301; baseline -0.004 0"><span class='ocrx_word' id='word_1_1' title='bbox 219 249 309 301; x_wconf 73' lang='lat'>273</span> <span class='ocrx_word' id='word_1_2' title='bbox 1761 241 2155 297; x_wconf 87' lang='lat' dir='ltr'>DICTIONES.</span> 
     </span>
    </p>
   </div>
   <div class='ocr_carea' id='block_1_2' title="bbox 3592 237 3699 291">
    <p class='ocr_par' dir='ltr' id='par_1_2' title="bbox 3592 237 3699 291">
     <span class='ocr_line' id='line_1_2' title="bbox 3592 237 3699 291; baseline 0 -1"><span class='ocrx_word' id='word_1_3' title='bbox 3592 237 3699 291; x_wconf 81' lang='grc'>274</span> 
     </span>
    </p>
   </div>
   <div class='ocr_carea' id='block_1_3' title="bbox 214 366 3696 445">
    <p class='ocr_par' dir='ltr' id='par_1_3' title="bbox 214 366 3696 445">
     <span class='ocr_line' id='line_1_3' title="bbox 214 366 3696 445; baseline -0.002 -14"><span class='ocrx_word' id='word_1_4' title='bbox 214 377 343 432; x_wconf 83' lang='lat' dir='ltr'>falce</span> <span class='ocrx_word' id='word_1_5' title='bbox 370 374 621 429; x_wconf 84' lang='lat' dir='ltr'>sentibus</span> <span class='ocrx_word' id='word_1_6' title='bbox 649 376 861 445; x_wconf 88' lang='lat' dir='ltr'>purgat</span> <span class='ocrx_word' id='word_1_7' title='bbox 888 371 1135 427; x_wconf 88' lang='lat' dir='ltr'>interna.</span> <span class='ocrx_word' id='word_1_8' title='bbox 1165 373 1318 427; x_wconf 89' lang='lat' dir='ltr'>Tunc</span> <span class='ocrx_word' id='word_1_9' title='bbox 1347 372 1660 444; x_wconf 87' lang='lat' dir='ltr'>pretiosum</span> <span class='ocrx_word' id='word_1_10' title='bbox 1690 377 1882 444; x_wconf 87' lang='lat' dir='ltr'>pasto-</span> <span class='ocrx_word' id='word_1_11' title='bbox 1924 377 1970 430; x_wconf 86' lang='grc' dir='ltr'>Α</span> <span class='ocrx_word' id='word_1_12' title='bbox 1999 371 2079 443; x_wconf 91' lang='lat' dir='ltr'>pli</span> <span class='ocrx_word' id='word_1_13' title='bbox 2105 388 2117 438; x_wconf 91' lang='lat'>;</span> <span class='ocrx_word' id='word_1_14' title='bbox 2152 387 2218 426; x_wconf 91' lang='lat' dir='ltr'>eo</span> <span class='ocrx_word' id='word_1_15' title='bbox 2248 369 2397 424; x_wconf 87' lang='lat' dir='ltr'>circa</span> <span class='ocrx_word' id='word_1_16' title='bbox 2425 385 2531 424; x_wconf 89' lang='lat' dir='ltr'>nos</span> <span class='ocrx_word' id='word_1_17' title='bbox 2560 368 2673 423; x_wconf 90' lang='lat' dir='ltr'>eris</span> <span class='ocrx_word' id='word_1_18' title='bbox 2697 368 2980 423; x_wconf 90' lang='lat' dir='ltr'>bonorum</span> <span class='ocrx_word' id='word_1_19' title='bbox 3009 366 3312 439; x_wconf 81' lang='lat' dir='ltr'>largitione</span> <span class='ocrx_word' id='word_1_20' title='bbox 3341 367 3696 434; x_wconf 90' lang='lat' dir='ltr'>clementior,</span> 
     </span>
    </p>
   </div>
   <div class='ocr_carea' id='block_1_4' title="bbox 217 460 1884 534">
    <p class='ocr_par' dir='ltr' id='par_1_4' title="bbox 217 460 1884 534">
     <span class='ocr_line' id='line_1_4' title="bbox 217 460 1884 534; baseline -0.002 -13"><span class='ocrx_word' id='word_1_21' title='bbox 217 467 280 521; x_wconf 83' lang='lat' dir='ltr'>ris</span> <span class='ocrx_word' id='word_1_22' title='bbox 310 465 569 520; x_wconf 81' lang='lat' dir='ltr'>diadema</span> <span class='ocrx_word' id='word_1_23' title='bbox 617 468 723 531; x_wconf 87' lang='lat' dir='ltr'>est,</span> <span class='ocrx_word' id='word_1_24' title='bbox 758 462 988 534; x_wconf 86' lang='lat' dir='ltr'>quando</span> <span class='ocrx_word' id='word_1_25' title='bbox 1026 460 1277 516; x_wconf 84' lang='lat' dir='ltr'>suasioni</span> <span class='ocrx_word' id='word_1_26' title='bbox 1308 462 1433 533; x_wconf 87' lang='lat' dir='ltr'><strong>ejus</strong></span> <span class='ocrx_word' id='word_1_27' title='bbox 1462 478 1597 533; x_wconf 82' lang='lat' dir='ltr'>grex</span> <span class='ocrx_word' id='word_1_28' title='bbox 1626 463 1884 517; x_wconf 88' lang='lat' dir='ltr'>ecclesia-</span> 
     </span>
    </p>
   </div>
   <div class='ocr_carea' id='block_1_5' title="bbox 213 552 1885 624">
    <p class='ocr_par' dir='ltr' id='par_1_5' title="bbox 213 552 1885 624">
     <span class='ocr_line' id='line_1_5' title="bbox 213 552 1885 624; baseline -0.002 -14"><span class='ocrx_word' id='word_1_29' title='bbox 213 557 386 623; x_wconf 85' lang='lat' dir='ltr'>sticus,</span> <span class='ocrx_word' id='word_1_30' title='bbox 434 553 572 608; x_wconf 93' lang='lat' dir='ltr'>dum</span> <span class='ocrx_word' id='word_1_31' title='bbox 608 552 677 607; x_wconf 88' lang='lat' dir='ltr'>ad</span> <span class='ocrx_word' id='word_1_32' title='bbox 727 552 1064 624; x_wconf 75' lang='lat' dir='ltr'>probitatem</span> <span class='ocrx_word' id='word_1_33' title='bbox 1100 552 1380 623; x_wconf 81' lang='lat' dir='ltr'>graditur,</span> <span class='ocrx_word' id='word_1_34' title='bbox 1432 569 1546 606; x_wconf 90' lang='lat' dir='ltr'>non</span> <span class='ocrx_word' id='word_1_35' title='bbox 1581 556 1885 624; x_wconf 80' lang='lat' dir='ltr'>repugnat.</span> 
     </span>
    </p>
   </div>
   <div class='ocr_carea' id='block_1_6' title="bbox 213 640 1888 714">
    <p class='ocr_par' dir='ltr' id='par_1_6' title="bbox 213 640 1888 714">
     <span class='ocr_line' id='line_1_6' title="bbox 213 640 1888 714; baseline -0.002 -16"><span class='ocrx_word' id='word_1_36' title='bbox 213 646 297 698; x_wconf 84' lang='lat' dir='ltr'>Ille</span> <span class='ocrx_word' id='word_1_37' title='bbox 326 645 443 697; x_wconf 91' lang='lat' dir='ltr'>sine</span> <span class='ocrx_word' id='word_1_38' title='bbox 472 643 602 697; x_wconf 82' lang='lat' dir='ltr'>fuco</span> <span class='ocrx_word' id='word_1_39' title='bbox 625 642 970 696; x_wconf 90' lang='lat' dir='ltr'>monitorem</span> <span class='ocrx_word' id='word_1_40' title='bbox 992 640 1266 696; x_wconf 87' lang='lat' dir='ltr'>etferiato</span> <span class='ocrx_word' id='word_1_41' title='bbox 1286 658 1383 695; x_wconf 93' lang='lat' dir='ltr'>ore</span> <span class='ocrx_word' id='word_1_42' title='bbox 1406 641 1616 714; x_wconf 84' lang='lat' dir='ltr'>diligit,</span> <span class='ocrx_word' id='word_1_43' title='bbox 1650 643 1747 713; x_wconf 88' lang='lat' dir='ltr'>qui</span> <span class='ocrx_word' id='word_1_44' title='bbox 1766 642 1888 713; x_wconf 85' lang='lat' dir='ltr'>ejus</span> 
     </span>
    </p>
   </div>
   <div class='ocr_carea' id='block_1_7' title="bbox 211 733 1890 805">
    <p class='ocr_par' dir='ltr' id='par_1_7' title="bbox 211 733 1890 805">
     <span class='ocr_line' id='line_1_7' title="bbox 211 733 1890 805; baseline -0.001 -16"><span class='ocrx_word' id='word_1_45' title='bbox 211 735 455 789; x_wconf 89' lang='lat' dir='ltr'>instituta</span> <span class='ocrx_word' id='word_1_46' title='bbox 485 739 752 788; x_wconf 80' lang='lat' dir='ltr'>sectatur.</span> <span class='ocrx_word' id='word_1_47' title='bbox 799 733 1042 789; x_wconf 79' lang='lat' dir='ltr'>Additur</span> <span class='ocrx_word' id='word_1_48' title='bbox 1070 733 1225 805; x_wconf 92' lang='lat' dir='ltr'>quod</span> <span class='ocrx_word' id='word_1_49' title='bbox 1256 733 1544 805; x_wconf 80' lang='lat' dir='ltr'>imperitia</span> <span class='ocrx_word' id='word_1_50' title='bbox 1579 739 1775 788; x_wconf 89' lang='lat' dir='ltr'>nostra</span> <span class='ocrx_word' id='word_1_51' title='bbox 1798 734 1890 804; x_wconf 87' lang='lat' dir='ltr'>ju-</span> 
     </span>
    </p>
   </div>
   <div class='ocr_carea' id='block_1_8' title="bbox 211 821 1890 895">
    <p class='ocr_par' dir='ltr' id='par_1_8' title="bbox 211 821 1890 895">
     <span class='ocr_line' id='line_1_8' title="bbox 211 821 1890 895; baseline -0.001 -18"><span class='ocrx_word' id='word_1_52' title='bbox 211 830 337 878; x_wconf 84' lang='lat' dir='ltr'>stam</span> <span class='ocrx_word' id='word_1_53' title='bbox 361 821 607 877; x_wconf 88' lang='lat' dir='ltr'>sustinet</span> <span class='ocrx_word' id='word_1_54' title='bbox 628 823 697 878; x_wconf 93' lang='lat' dir='ltr'>de</span> <span class='ocrx_word' id='word_1_55' title='bbox 716 822 840 893; x_wconf 89' lang='lat' dir='ltr'>ipsa</span> <span class='ocrx_word' id='word_1_56' title='bbox 862 822 1113 876; x_wconf 77' lang='lat' dir='ltr'>novitate</span> <span class='ocrx_word' id='word_1_57' title='bbox 1143 822 1514 876; x_wconf 87' lang='lat' dir='ltr'>formidinem</span> <span class='ocrx_word' id='word_1_58' title='bbox 1541 839 1552 877; x_wconf 93' lang='lat'>:</span> <span class='ocrx_word' id='word_1_59' title='bbox 1584 822 1682 894; x_wconf 89' lang='lat' dir='ltr'>qui</span> <span class='ocrx_word' id='word_1_60' title='bbox 1704 839 1890 895; x_wconf 88' lang='lat' dir='ltr'>nuper</span> 
     </span>
    </p>
   </div>
   <div class='ocr_carea' id='block_1_9' title="bbox 212 911 1886 982">
    <p class='ocr_par' dir='ltr' id='par_1_9' title="bbox 212 911 1886 982">
     <span class='ocr_line' id='line_1_9' title="bbox 212 911 1886 982; baseline 0 -15"><span class='ocrx_word' id='word_1_61' title='bbox 212 914 270 967; x_wconf 89' lang='lat' dir='ltr'>de</span> <span class='ocrx_word' id='word_1_62' title='bbox 298 912 539 967; x_wconf 79' lang='lat' dir='ltr'>ovilibus</span> <span class='ocrx_word' id='word_1_63' title='bbox 569 912 639 966; x_wconf 90' lang='lat' dir='ltr'>ad</span> <span class='ocrx_word' id='word_1_64' title='bbox 671 911 988 966; x_wconf 83' lang='lat' dir='ltr'>custodiam</span> <span class='ocrx_word' id='word_1_65' title='bbox 1030 911 1359 982; x_wconf 67' lang='lat' dir='ltr'>praeparati,</span> <span class='ocrx_word' id='word_1_66' title='bbox 1402 911 1782 966; x_wconf 90' lang='lat' dir='ltr'>assuescimus</span> <span class='ocrx_word' id='word_1_67' title='bbox 1818 913 1886 967; x_wconf 92' lang='lat' dir='ltr'>de</span> 
     </span>
    </p>
   </div>
   <div class='ocr_carea' id='block_1_10' title="bbox 212 999 1889 1071">
    <p class='ocr_par' dir='ltr' id='par_1_10' title="bbox 212 999 1889 1071">
     <span class='ocr_line' id='line_1_10' title="bbox 212 999 1889 1071; baseline 0.001 -17"><span class='ocrx_word' id='word_1_68' title='bbox 212 1002 590 1056; x_wconf 85' lang='lat' dir='ltr'>universorum</span> <span class='ocrx_word' id='word_1_69' title='bbox 622 1000 749 1056; x_wconf 86' lang='lat' dir='ltr'>fieri</span> <span class='ocrx_word' id='word_1_70' title='bbox 786 1001 1118 1054; x_wconf 77' lang='lat' dir='ltr'>necessitate</span> <span class='ocrx_word' id='word_1_71' title='bbox 1147 1000 1424 1071; x_wconf 86' lang='lat' dir='ltr'>suspecti;</span> <span class='ocrx_word' id='word_1_72' title='bbox 1454 1003 1509 1054; x_wconf 90' lang='lat' dir='ltr'>et</span> <span class='ocrx_word' id='word_1_73' title='bbox 1538 999 1629 1054; x_wconf 90' lang='lat' dir='ltr'>cui</span> <span class='ocrx_word' id='word_1_74' title='bbox 1660 1000 1747 1055; x_wconf 86' lang='lat' dir='ltr'>vix</span> <span class='ocrx_word' id='word_1_75' title='bbox 1780 1001 1889 1055; x_wconf 86' lang='lat' dir='ltr'>fuit</span> 
     </span>
    </p>
   </div>
   <div class='ocr_carea' id='block_1_11' title="bbox 209 1089 1882 1162">
    <p class='ocr_par' dir='ltr' id='par_1_11' title="bbox 209 1089 1882 1162">
     <span class='ocr_line' id='line_1_11' title="bbox 209 1089 1882 1162; baseline -0.001 -18"><span class='ocrx_word' id='word_1_76' title='bbox 209 1108 298 1162; x_wconf 87' lang='lat' dir='ltr'>pro</span> <span class='ocrx_word' id='word_1_77' title='bbox 329 1108 384 1144; x_wconf 87' lang='lat' dir='ltr'>se</span> <span class='ocrx_word' id='word_1_78' title='bbox 413 1090 527 1145; x_wconf 85' lang='lat' dir='ltr'>fida</span> <span class='ocrx_word' id='word_1_79' title='bbox 557 1091 768 1156; x_wconf 89' lang='lat' dir='ltr'>cantio,</span> <span class='ocrx_word' id='word_1_80' title='bbox 792 1089 1293 1160; x_wconf 85' lang='lat' dir='ltr'>suscipitofficium</span> <span class='ocrx_word' id='word_1_81' title='bbox 1324 1093 1523 1143; x_wconf 90' lang='lat' dir='ltr'>cuncta</span> <span class='ocrx_word' id='word_1_82' title='bbox 1552 1090 1882 1145; x_wconf 87' lang='lat' dir='ltr'>metuentis.</span> 
     </span>
    </p>
   </div>
   <div class='ocr_carea' id='block_1_12' title="bbox 208 1178 1883 1251">
    <p class='ocr_par' dir='ltr' id='par_1_12' title="bbox 208 1178 1883 1251">
     <span class='ocr_line' id='line_1_12' title="bbox 208 1178 1883 1251; baseline -0.001 -15"><span class='ocrx_word' id='word_1_83' title='bbox 208 1181 407 1236; x_wconf 86' lang='lat' dir='ltr'>Scimus</span> <span class='ocrx_word' id='word_1_84' title='bbox 438 1184 721 1251; x_wconf 89' lang='lat' dir='ltr'>quantum</span> <span class='ocrx_word' id='word_1_85' title='bbox 756 1179 865 1233; x_wconf 89' lang='lat' dir='ltr'>erit</span> <span class='ocrx_word' id='word_1_86' title='bbox 896 1179 1167 1233; x_wconf 87' lang='lat' dir='ltr'>humilior</span> <span class='ocrx_word' id='word_1_87' title='bbox 1198 1178 1630 1245; x_wconf 86' lang='lat' dir='ltr'>famulantibus,</span> <span class='ocrx_word' id='word_1_88' title='bbox 1673 1180 1771 1251; x_wconf 89' lang='lat' dir='ltr'>qui</span> <span class='ocrx_word' id='word_1_89' title='bbox 1815 1179 1883 1234; x_wconf 88' lang='lat' dir='ltr'>ad</span> 
     </span>
    </p>
   </div>
   <div class='ocr_carea' id='block_1_13' title="bbox 207 1266 1887 1339">
    <p class='ocr_par' dir='ltr' id='par_1_13' title="bbox 207 1266 1887 1339">
     <span class='ocr_line' id='line_1_13' title="bbox 207 1266 1887 1339; baseline 0.001 -19"><span class='ocrx_word' id='word_1_90' title='bbox 207 1267 525 1339; x_wconf 85' lang='lat' dir='ltr'>religiosum</span> <span class='ocrx_word' id='word_1_91' title='bbox 574 1271 810 1321; x_wconf 83' lang='lat' dir='ltr'>vocatur</span> <span class='ocrx_word' id='word_1_92' title='bbox 859 1266 1190 1337; x_wconf 86' lang='lat' dir='ltr'>imperium.</span> <span class='ocrx_word' id='word_1_93' title='bbox 1227 1268 1459 1321; x_wconf 81' lang='lat' dir='ltr'>Necesse</span> <span class='ocrx_word' id='word_1_94' title='bbox 1502 1272 1583 1322; x_wconf 90' lang='lat' dir='ltr'>est</span> <span class='ocrx_word' id='word_1_95' title='bbox 1617 1274 1679 1322; x_wconf 92' lang='lat' dir='ltr'>ut</span> <span class='ocrx_word' id='word_1_96' title='bbox 1712 1268 1887 1323; x_wconf 87' lang='lat' dir='ltr'>etiam</span> 
     </span>
    </p>
   </div>
   <div class='ocr_carea' id='block_1_14' title="bbox 207 1354 1883 1425">
    <p class='ocr_par' dir='ltr' id='par_1_14' title="bbox 207 1354 1883 1425">
     <span class='ocr_line' id='line_1_14' title="bbox 207 1354 1883 1425; baseline 0.001 -16"><span class='ocrx_word' id='word_1_97' title='bbox 207 1363 454 1411; x_wconf 73' lang='lat' dir='ltr'>extremae</span> <span class='ocrx_word' id='word_1_98' title='bbox 488 1354 835 1410; x_wconf 86' lang='lat' dir='ltr'>conditionis</span> <span class='ocrx_word' id='word_1_99' title='bbox 864 1355 1125 1425; x_wconf 88' lang='lat' dir='ltr'>personis</span> <span class='ocrx_word' id='word_1_100' title='bbox 1155 1356 1530 1425; x_wconf 79' lang='lat' dir='ltr'>obtemperet.</span> <span class='ocrx_word' id='word_1_101' title='bbox 1565 1357 1657 1410; x_wconf 94' lang='lat' dir='ltr'>cui</span> <span class='ocrx_word' id='word_1_102' title='bbox 1688 1356 1883 1410; x_wconf 92' lang='lat' dir='ltr'>immi-</span> 
     </span>
    </p>
   </div>
   <div class='ocr_carea' id='block_1_15' title="bbox 208 1444 1887 1516">
    <p class='ocr_par' dir='ltr' id='par_1_15' title="bbox 208 1444 1887 1516">
     <span class='ocr_line' id='line_1_15' title="bbox 208 1444 1887 1516; baseline 0.002 -18"><span class='ocrx_word' id='word_1_103' title='bbox 208 1450 291 1499; x_wconf 90' lang='lat' dir='ltr'>net</span> <span class='ocrx_word' id='word_1_104' title='bbox 332 1446 408 1499; x_wconf 92' lang='lat' dir='ltr'>sic</span> <span class='ocrx_word' id='word_1_105' title='bbox 453 1446 679 1516; x_wconf 85' lang='lat' dir='ltr'>jubere.</span> <span class='ocrx_word' id='word_1_106' title='bbox 724 1444 817 1498; x_wconf 85' lang='lat' dir='ltr'>Ait</span> <span class='ocrx_word' id='word_1_107' title='bbox 865 1444 1016 1498; x_wconf 91' lang='lat' dir='ltr'>enim</span> <span class='ocrx_word' id='word_1_108' title='bbox 1052 1444 1250 1499; x_wconf 89' lang='lat' dir='ltr'>doctor</span> <span class='ocrx_word' id='word_1_109' title='bbox 1279 1444 1578 1514; x_wconf 87' lang='lat' dir='ltr'>gentium:</span> <span class='ocrx_word' id='word_1_110' title='bbox 1610 1444 1887 1501; x_wconf 87' lang='lat' dir='ltr'>Omnibus</span> 
     </span>
    </p>
   </div>
   <div class='ocr_carea' id='block_1_16' title="bbox 204 1532 1881 1605">
    <p class='ocr_par' dir='ltr' id='par_1_16' title="bbox 204 1532 1881 1605">
     <span class='ocr_line' id='line_1_16' title="bbox 204 1532 1881 1605; baseline 0 -16"><span class='ocrx_word' id='word_1_111' title='bbox 204 1536 376 1590; x_wconf 85' lang='lat' dir='ltr'>omnia</span> <span class='ocrx_word' id='word_1_112' title='bbox 399 1536 751 1602; x_wconf 85' lang='lat' dir='ltr'>factussum,</span> <span class='ocrx_word' id='word_1_113' title='bbox 775 1536 838 1587; x_wconf 90' lang='lat' dir='ltr'>ut</span> <span class='ocrx_word' id='word_1_114' title='bbox 851 1550 1042 1588; x_wconf 86' lang='lat' dir='ltr'>omnes</span> <span class='ocrx_word' id='word_1_115' title='bbox 1070 1532 1421 1604; x_wconf 80' lang='lat' dir='ltr'>acquirerem</span> <span class='ocrx_word' id='word_1_116' title='bbox 1443 1534 1501 1605; x_wconf 92' lang='lat' dir='ltr'>(I</span> <span class='ocrx_word' id='word_1_117' title='bbox 1519 1536 1650 1589; x_wconf 85' lang='lat' dir='ltr'>Cor.</span> <span class='ocrx_word' id='word_1_118' title='bbox 1676 1552 1752 1604; x_wconf 85' lang='lat' dir='ltr'>1x,</span> <span class='ocrx_word' id='word_1_119' title='bbox 1774 1536 1881 1604; x_wconf 80' lang='lat'>22).</span> 
     </span>
    </p>
   </div>
   <div class='ocr_carea' id='block_1_17' title="bbox 203 1622 1885 1697">
    <p class='ocr_par' dir='ltr' id='par_1_17' title="bbox 203 1622 1885 1697">
     <span class='ocr_line' id='line_1_17' title="bbox 203 1622 1885 1697; baseline 0.001 -18"><span class='ocrx_word' id='word_1_120' title='bbox 203 1625 347 1679; x_wconf 72' lang='lat' dir='ltr'>Modo</span> <span class='ocrx_word' id='word_1_121' title='bbox 387 1623 716 1678; x_wconf 89' lang='lat' dir='ltr'>Divinitatis</span> <span class='ocrx_word' id='word_1_122' title='bbox 756 1622 1013 1694; x_wconf 84' lang='lat' dir='ltr'>operatio</span> <span class='ocrx_word' id='word_1_123' title='bbox 1043 1622 1185 1677; x_wconf 87' lang='lat' dir='ltr'>adsit</span> <span class='ocrx_word' id='word_1_124' title='bbox 1215 1623 1443 1676; x_wconf 87' lang='lat' dir='ltr'>muneri</span> <span class='ocrx_word' id='word_1_125' title='bbox 1474 1639 1593 1692; x_wconf 90' lang='lat' dir='ltr'>suo,</span> <span class='ocrx_word' id='word_1_126' title='bbox 1627 1629 1683 1679; x_wconf 91' lang='lat' dir='ltr'>et</span> <span class='ocrx_word' id='word_1_127' title='bbox 1711 1640 1885 1697; x_wconf 86' lang='lat' dir='ltr'>quem</span> 
     </span>
    </p>
   </div>
   <div class='ocr_carea' id='block_1_18' title="bbox 203 1711 1479 1785">
    <p class='ocr_par' dir='ltr' id='par_1_18' title="bbox 203 1711 1479 1785">
     <span class='ocr_line' id='line_1_18' title="bbox 203 1711 1479 1785; baseline -0.002 -19"><span class='ocrx_word' id='word_1_128' title='bbox 203 1714 420 1785; x_wconf 88' lang='lat' dir='ltr'>dignum</span> <span class='ocrx_word' id='word_1_129' title='bbox 456 1713 619 1783; x_wconf 90' lang='lat' dir='ltr'>apice</span> <span class='ocrx_word' id='word_1_130' title='bbox 648 1716 801 1766; x_wconf 89' lang='lat' dir='ltr'>tanto</span> <span class='ocrx_word' id='word_1_131' title='bbox 830 1728 945 1765; x_wconf 92' lang='lat' dir='ltr'>non</span> <span class='ocrx_word' id='word_1_132' title='bbox 978 1711 1215 1778; x_wconf 87' lang='lat' dir='ltr'>invenit,</span> <span class='ocrx_word' id='word_1_133' title='bbox 1250 1711 1479 1766; x_wconf 80' lang='lat' dir='ltr'>efﬁciat.</span> 
     </span>
    </p>
   </div>
   <div class='ocr_carea' id='block_1_19' title="bbox 678 1816 1402 1857">
    <p class='ocr_par' dir='ltr' id='par_1_19' title="bbox 678 1816 1402 1857">
     <span class='ocr_line' id='line_1_19' title="bbox 678 1816 1402 1857; baseline -0.001 -1"><span class='ocrx_word' id='word_1_134' title='bbox 678 1816 994 1857; x_wconf 75' lang='lat' dir='ltr'>PRECATIO</span> <span class='ocrx_word' id='word_1_135' title='bbox 1042 1816 1402 1856; x_wconf 72' lang='lat' dir='ltr'>MISSARUM.</span> 
     </span>
    </p>
   </div>
   <div class='ocr_carea' id='block_1_20' title="bbox 256 1889 1884 1962">
    <p class='ocr_par' dir='ltr' id='par_1_20' title="bbox 256 1889 1884 1962">
     <span class='ocr_line' id='line_1_20' title="bbox 256 1889 1884 1962; baseline 0.001 -18"><span class='ocrx_word' id='word_1_136' title='bbox 256 1891 502 1962; x_wconf 88' lang='lat' dir='ltr'>Dignum</span> <span class='ocrx_word' id='word_1_137' title='bbox 534 1895 593 1945; x_wconf 88' lang='lat' dir='ltr'>et</span> <span class='ocrx_word' id='word_1_138' title='bbox 628 1890 850 1961; x_wconf 87' lang='lat' dir='ltr'>justum</span> <span class='ocrx_word' id='word_1_139' title='bbox 892 1896 995 1945; x_wconf 92' lang='lat' dir='ltr'>est.</span> <span class='ocrx_word' id='word_1_140' title='bbox 1042 1891 1184 1943; x_wconf 86' lang='lat' dir='ltr'>Vere</span> <span class='ocrx_word' id='word_1_141' title='bbox 1230 1891 1469 1960; x_wconf 90' lang='lat' dir='ltr'>dignum</span> <span class='ocrx_word' id='word_1_142' title='bbox 1510 1892 1613 1959; x_wconf 89' lang='lat' dir='ltr'>est,</span> <span class='ocrx_word' id='word_1_143' title='bbox 1646 1892 1707 1944; x_wconf 89' lang='lat' dir='ltr'>ut</span> <span class='ocrx_word' id='word_1_144' title='bbox 1734 1889 1884 1945; x_wconf 90' lang='lat' dir='ltr'>inter</span> 
     </span>
    </p>
   </div>
   <div class='ocr_carea' id='block_1_21' title="bbox 202 1979 1880 2051">
    <p class='ocr_par' dir='ltr' id='par_1_21' title="bbox 202 1979 1880 2051">
     <span class='ocr_line' id='line_1_21' title="bbox 202 1979 1880 2051; baseline 0.001 -18"><span class='ocrx_word' id='word_1_145' title='bbox 202 1981 409 2035; x_wconf 75' lang='lat' dir='ltr'>exordia</span> <span class='ocrx_word' id='word_1_146' title='bbox 464 1980 760 2051; x_wconf 87' lang='lat' dir='ltr'>dignitatis</span> <span class='ocrx_word' id='word_1_147' title='bbox 803 1979 906 2034; x_wconf 90' lang='lat' dir='ltr'>tibi</span> <span class='ocrx_word' id='word_1_148' title='bbox 933 1979 1352 2050; x_wconf 87' lang='lat' dir='ltr'>principiorum</span> <span class='ocrx_word' id='word_1_149' title='bbox 1388 1980 1629 2034; x_wconf 92' lang='lat' dir='ltr'>Domino</span> <span class='ocrx_word' id='word_1_150' title='bbox 1661 1980 1880 2051; x_wconf 86' lang='lat' dir='ltr'>suppli-</span> 
     </span>
    </p>
   </div>
   <div class='ocr_carea' id='block_1_22' title="bbox 203 2066 1876 2140">
    <p class='ocr_par' dir='ltr' id='par_1_22' title="bbox 203 2066 1876 2140">
     <span class='ocr_line' id='line_1_22' title="bbox 203 2066 1876 2140; baseline -0.001 -19"><span class='ocrx_word' id='word_1_151' title='bbox 203 2085 391 2134; x_wconf 60' lang='lat' dir='ltr'>remus,</span> <span class='ocrx_word' id='word_1_152' title='bbox 426 2071 535 2140; x_wconf 87' lang='lat' dir='ltr'>qui</span> <span class='ocrx_word' id='word_1_153' title='bbox 561 2070 764 2123; x_wconf 90' lang='lat' dir='ltr'>mundi</span> <span class='ocrx_word' id='word_1_154' title='bbox 785 2069 966 2139; x_wconf 80' lang='lat' dir='ltr'>ipsius</span> <span class='ocrx_word' id='word_1_155' title='bbox 1002 2069 1059 2123; x_wconf 93' lang='lat' dir='ltr'>in</span> <span class='ocrx_word' id='word_1_156' title='bbox 1088 2085 1293 2122; x_wconf 87' lang='lat' dir='ltr'>novam</span> <span class='ocrx_word' id='word_1_157' title='bbox 1326 2070 1511 2123; x_wconf 91' lang='lat' dir='ltr'>lucem</span> <span class='ocrx_word' id='word_1_158' title='bbox 1540 2066 1876 2139; x_wconf 86' lang='lat' dir='ltr'>prodeuntis</span> 
     </span>
    </p>
   </div>
   <div class='ocr_carea' id='block_1_23' title="bbox 203 2155 1881 2229">
    <p class='ocr_par' dir='ltr' id='par_1_23' title="bbox 203 2155 1881 2229">
     <span class='ocr_line' id='line_1_23' title="bbox 203 2155 1881 2229; baseline -0.001 -18"><span class='ocrx_word' id='word_1_159' title='bbox 203 2158 505 2224; x_wconf 84' lang='lat' dir='ltr'>infantiam,</span> <span class='ocrx_word' id='word_1_160' title='bbox 550 2162 768 2229; x_wconf 83' lang='lat' dir='ltr'>quanto</span> <span class='ocrx_word' id='word_1_161' title='bbox 812 2157 1094 2211; x_wconf 90' lang='lat' dir='ltr'>bonorum</span> <span class='ocrx_word' id='word_1_162' title='bbox 1138 2162 1369 2210; x_wconf 89' lang='lat' dir='ltr'>tuorum</span> <span class='ocrx_word' id='word_1_163' title='bbox 1420 2162 1631 2211; x_wconf 90' lang='lat' dir='ltr'>secreto</span> <span class='ocrx_word' id='word_1_164' title='bbox 1663 2155 1881 2210; x_wconf 88' lang='lat' dir='ltr'>orditus</span> 
     </span>
    </p>
   </div>
   <div class='ocr_carea' id='block_1_24' title="bbox 201 2244 1882 2317">
    <p class='ocr_par' dir='ltr' id='par_1_24' title="bbox 201 2244 1882 2317">
     <span class='ocr_line' id='line_1_24' title="bbox 201 2244 1882 2317; baseline -0.002 -17"><span class='ocrx_word' id='word_1_165' title='bbox 201 2263 264 2314; x_wconf 76' lang='lat' dir='ltr'>es,</span> <span class='ocrx_word' id='word_1_166' title='bbox 292 2252 445 2300; x_wconf 88' lang='lat' dir='ltr'>tanta</span> <span class='ocrx_word' id='word_1_167' title='bbox 494 2246 769 2317; x_wconf 71' lang='lat' dir='ltr'>potentiae</span> <span class='ocrx_word' id='word_1_168' title='bbox 807 2246 1016 2299; x_wconf 88' lang='lat' dir='ltr'>virtute</span> <span class='ocrx_word' id='word_1_169' title='bbox 1047 2245 1320 2300; x_wconf 88' lang='lat' dir='ltr'>solidasti.</span> <span class='ocrx_word' id='word_1_170' title='bbox 1364 2246 1560 2300; x_wconf 87' lang='lat' dir='ltr'>Stabat</span> <span class='ocrx_word' id='word_1_171' title='bbox 1588 2245 1649 2298; x_wconf 89' lang='lat' dir='ltr'>in</span> <span class='ocrx_word' id='word_1_172' title='bbox 1702 2244 1882 2298; x_wconf 85' lang='lat' dir='ltr'>admi-</span> 
     </span>
    </p>
   </div>
   <div class='ocr_carea' id='block_1_25' title="bbox 203 2334 1880 2406">
    <p class='ocr_par' dir='ltr' id='par_1_25' title="bbox 203 2334 1880 2406">
     <span class='ocr_line' id='line_1_25' title="bbox 203 2334 1880 2406; baseline 0.001 -19"><span class='ocrx_word' id='word_1_173' title='bbox 203 2336 398 2389; x_wconf 74' lang='lat' dir='ltr'>ratione</span> <span class='ocrx_word' id='word_1_174' title='bbox 452 2336 546 2389; x_wconf 85' lang='lat' dir='ltr'>sui</span> <span class='ocrx_word' id='word_1_175' title='bbox 583 2340 781 2389; x_wconf 84' lang='lat' dir='ltr'>tenera</span> <span class='ocrx_word' id='word_1_176' title='bbox 833 2334 985 2388; x_wconf 87' lang='lat' dir='ltr'>orbis</span> <span class='ocrx_word' id='word_1_177' title='bbox 1017 2334 1330 2403; x_wconf 85' lang='lat' dir='ltr'>inchoatio,</span> <span class='ocrx_word' id='word_1_178' title='bbox 1382 2341 1437 2389; x_wconf 90' lang='lat' dir='ltr'>et</span> <span class='ocrx_word' id='word_1_179' title='bbox 1485 2351 1630 2406; x_wconf 91' lang='lat' dir='ltr'>pene</span> <span class='ocrx_word' id='word_1_180' title='bbox 1662 2334 1880 2388; x_wconf 87' lang='lat' dir='ltr'>decoris</span> 
     </span>
    </p>
   </div>
   <div class='ocr_carea' id='block_1_26' title="bbox 200 2424 1879 2495">
    <p class='ocr_par' dir='ltr' id='par_1_26' title="bbox 200 2424 1879 2495">
     <span class='ocr_line' id='line_1_26' title="bbox 200 2424 1879 2495; baseline 0.001 -18"><span class='ocrx_word' id='word_1_181' title='bbox 200 2424 389 2495; x_wconf 81' lang='lat' dir='ltr'>proprii</span> <span class='ocrx_word' id='word_1_182' title='bbox 419 2440 705 2478; x_wconf 87' lang='lat' dir='ltr'>concussa</span> <span class='ocrx_word' id='word_1_183' title='bbox 748 2428 979 2495; x_wconf 87' lang='lat' dir='ltr'>stupore</span> <span class='ocrx_word' id='word_1_184' title='bbox 1009 2424 1326 2491; x_wconf 88' lang='lat' dir='ltr'>titubabat;</span> <span class='ocrx_word' id='word_1_185' title='bbox 1364 2429 1493 2478; x_wconf 90' lang='lat' dir='ltr'>ante</span> <span class='ocrx_word' id='word_1_186' title='bbox 1523 2424 1879 2494; x_wconf 89' lang='lat' dir='ltr'>agnitionem</span> 
     </span>
    </p>
   </div>
   <div class='ocr_carea' id='block_1_27' title="bbox 198 2513 1877 2584">
    <p class='ocr_par' dir='ltr' id='par_1_27' title="bbox 198 2513 1877 2584">
     <span class='ocr_line' id='line_1_27' title="bbox 198 2513 1877 2584; baseline 0.001 -18"><span class='ocrx_word' id='word_1_187' title='bbox 198 2514 390 2567; x_wconf 81' lang='lat' dir='ltr'>ordinis</span> <span class='ocrx_word' id='word_1_188' title='bbox 420 2514 608 2567; x_wconf 87' lang='lat' dir='ltr'>solam</span> <span class='ocrx_word' id='word_1_189' title='bbox 635 2513 835 2567; x_wconf 86' lang='lat' dir='ltr'>sortita</span> <span class='ocrx_word' id='word_1_190' title='bbox 870 2513 939 2567; x_wconf 89' lang='lat' dir='ltr'>de</span> <span class='ocrx_word' id='word_1_191' title='bbox 970 2518 1199 2566; x_wconf 89' lang='lat' dir='ltr'>auctore</span> <span class='ocrx_word' id='word_1_192' title='bbox 1237 2513 1649 2579; x_wconf 84' lang='lat' dir='ltr'>substantiam;</span> <span class='ocrx_word' id='word_1_193' title='bbox 1684 2514 1877 2584; x_wconf 89' lang='lat' dir='ltr'>requi-</span> 
     </span>
    </p>
   </div>
   <div class='ocr_carea' id='block_1_28' title="bbox 198 2601 1872 2674">
    <p class='ocr_par' dir='ltr' id='par_1_28' title="bbox 198 2601 1872 2674">
     <span class='ocr_line' id='line_1_28' title="bbox 198 2601 1872 2674; baseline 0.001 -19"><span class='ocrx_word' id='word_1_194' title='bbox 198 2619 305 2657; x_wconf 81' lang='lat' dir='ltr'>rens</span> <span class='ocrx_word' id='word_1_195' title='bbox 347 2620 466 2674; x_wconf 88' lang='lat' dir='ltr'>quo</span> <span class='ocrx_word' id='word_1_196' title='bbox 519 2606 668 2657; x_wconf 87' lang='lat' dir='ltr'>esset</span> <span class='ocrx_word' id='word_1_197' title='bbox 715 2602 960 2656; x_wconf 87' lang='lat' dir='ltr'>retanda</span> <span class='ocrx_word' id='word_1_198' title='bbox 997 2602 1092 2656; x_wconf 86' lang='lat' dir='ltr'>lux</span> <span class='ocrx_word' id='word_1_199' title='bbox 1134 2601 1409 2656; x_wconf 88' lang='lat' dir='ltr'>attributa</span> <span class='ocrx_word' id='word_1_200' title='bbox 1444 2602 1872 2670; x_wconf 87' lang='lat' dir='ltr'>moderamine;</span> 
     </span>
    </p>
   </div>
   <div class='ocr_carea' id='block_1_29' title="bbox 197 2691 1877 2762">
    <p class='ocr_par' dir='ltr' id='par_1_29' title="bbox 197 2691 1877 2762">
     <span class='ocr_line' id='line_1_29' title="bbox 197 2691 1877 2762; baseline 0.001 -17"><span class='ocrx_word' id='word_1_201' title='bbox 197 2692 403 2762; x_wconf 79' lang='lat' dir='ltr'>qualem</span> <span class='ocrx_word' id='word_1_202' title='bbox 434 2692 622 2747; x_wconf 83' lang='lat' dir='ltr'>ﬁnem</span> <span class='ocrx_word' id='word_1_203' title='bbox 671 2691 783 2745; x_wconf 88' lang='lat' dir='ltr'>diei</span> <span class='ocrx_word' id='word_1_204' title='bbox 814 2696 1041 2761; x_wconf 90' lang='lat' dir='ltr'>tempus</span> <span class='ocrx_word' id='word_1_205' title='bbox 1072 2691 1379 2761; x_wconf 82' lang='lat' dir='ltr'>exciperet,</span> <span class='ocrx_word' id='word_1_206' title='bbox 1410 2691 1453 2756; x_wconf 86' lang='lat' dir='ltr'>si</span> <span class='ocrx_word' id='word_1_207' title='bbox 1487 2708 1591 2762; x_wconf 89' lang='lat' dir='ltr'>per</span> <span class='ocrx_word' id='word_1_208' title='bbox 1619 2692 1877 2746; x_wconf 89' lang='lat' dir='ltr'>assiduos</span> 
     </span>
    </p>
   </div>
   <div class='ocr_carea' id='block_1_30' title="bbox 195 2778 1876 2851">
    <p class='ocr_par' dir='ltr' id='par_1_30' title="bbox 195 2778 1876 2851">
     <span class='ocr_line' id='line_1_30' title="bbox 195 2778 1876 2851; baseline 0.001 -20"><span class='ocrx_word' id='word_1_209' title='bbox 195 2798 397 2851; x_wconf 82' lang='lat' dir='ltr'>semper</span> <span class='ocrx_word' id='word_1_210' title='bbox 426 2786 831 2834; x_wconf 80' lang='lat' dir='ltr'>renasceretur</span> <span class='ocrx_word' id='word_1_211' title='bbox 862 2796 1128 2833; x_wconf 87' lang='lat' dir='ltr'>occasus:</span> <span class='ocrx_word' id='word_1_212' title='bbox 1164 2779 1209 2833; x_wconf 92' lang='lat' dir='ltr'>si</span> <span class='ocrx_word' id='word_1_213' title='bbox 1247 2796 1357 2834; x_wconf 87' lang='lat' dir='ltr'>nox</span> <span class='ocrx_word' id='word_1_214' title='bbox 1391 2780 1674 2833; x_wconf 90' lang='lat' dir='ltr'>mundum</span> <span class='ocrx_word' id='word_1_215' title='bbox 1705 2778 1876 2833; x_wconf 86' lang='lat' dir='ltr'>fuscis</span> 
     </span>
    </p>
   </div>
   <div class='ocr_carea' id='block_1_31' title="bbox 191 2869 1876 2941">
    <p class='ocr_par' dir='ltr' id='par_1_31' title="bbox 191 2869 1876 2941">
     <span class='ocr_line' id='line_1_31' title="bbox 191 2869 1876 2941; baseline 0.001 -21"><span class='ocrx_word' id='word_1_216' title='bbox 191 2870 454 2925; x_wconf 78' lang='lat' dir='ltr'>ambitnra</span> <span class='ocrx_word' id='word_1_217' title='bbox 490 2869 902 2940; x_wconf 76' lang='lat' dir='ltr'>complexibus,</span> <span class='ocrx_word' id='word_1_218' title='bbox 936 2869 1095 2940; x_wconf 88' lang='lat' dir='ltr'>quasi</span> <span class='ocrx_word' id='word_1_219' title='bbox 1120 2885 1241 2923; x_wconf 90' lang='lat' dir='ltr'>rem</span> <span class='ocrx_word' id='word_1_220' title='bbox 1268 2869 1636 2941; x_wconf 89' lang='lat' dir='ltr'>originariam</span> <span class='ocrx_word' id='word_1_221' title='bbox 1670 2883 1876 2939; x_wconf 91' lang='lat' dir='ltr'>peren-</span> 
     </span>
    </p>
   </div>
   <div class='ocr_carea' id='block_1_32' title="bbox 1998 456 3695 532">
    <p class='ocr_par' dir='ltr' id='par_1_32' title="bbox 1998 456 3695 532">
     <span class='ocr_line' id='line_1_32' title="bbox 1998 456 3695 532; baseline -0.003 -16"><span class='ocrx_word' id='word_1_222' title='bbox 1998 477 2114 532; x_wconf 90' lang='lat' dir='ltr'>quo</span> <span class='ocrx_word' id='word_1_223' title='bbox 2160 458 2481 515; x_wconf 88' lang='lat' dir='ltr'>substantia</span> <span class='ocrx_word' id='word_1_224' title='bbox 2508 462 2702 512; x_wconf 89' lang='lat' dir='ltr'>nostra</span> <span class='ocrx_word' id='word_1_225' title='bbox 2744 456 2890 512; x_wconf 87' lang='lat' dir='ltr'>facta</span> <span class='ocrx_word' id='word_1_226' title='bbox 2920 461 3005 512; x_wconf 88' lang='lat' dir='ltr'>est</span> <span class='ocrx_word' id='word_1_227' title='bbox 3036 456 3106 511; x_wconf 91' lang='lat' dir='ltr'>de</span> <span class='ocrx_word' id='word_1_228' title='bbox 3132 456 3347 528; x_wconf 88' lang='lat' dir='ltr'>peccati</span> <span class='ocrx_word' id='word_1_229' title='bbox 3376 457 3524 513; x_wconf 86' lang='lat' dir='ltr'>fasce</span> <span class='ocrx_word' id='word_1_230' title='bbox 3556 473 3695 529; x_wconf 87' lang='lat' dir='ltr'>pro-</span> 
     </span>
    </p>
   </div>
   <div class='ocr_carea' id='block_1_33' title="bbox 1997 546 3694 618">
    <p class='ocr_par' dir='ltr' id='par_1_33' title="bbox 1997 546 3694 618">
     <span class='ocr_line' id='line_1_33' title="bbox 1997 546 3694 618; baseline -0.003 -13"><span class='ocrx_word' id='word_1_231' title='bbox 1997 550 2211 606; x_wconf 91' lang='lat' dir='ltr'>clivior.</span> <span class='ocrx_word' id='word_1_232' title='bbox 2272 550 2369 617; x_wconf 87' lang='lat' dir='ltr'>Da,</span> <span class='ocrx_word' id='word_1_233' title='bbox 2422 549 2570 603; x_wconf 89' lang='lat' dir='ltr'>bone</span> <span class='ocrx_word' id='word_1_234' title='bbox 2618 547 2953 618; x_wconf 89' lang='lat' dir='ltr'>imperator,</span> <span class='ocrx_word' id='word_1_235' title='bbox 2998 546 3233 617; x_wconf 88' lang='lat' dir='ltr'>dignam</span> <span class='ocrx_word' id='word_1_236' title='bbox 3280 553 3380 602; x_wconf 87' lang='lat' dir='ltr'>tua</span> <span class='ocrx_word' id='word_1_237' title='bbox 3419 548 3694 602; x_wconf 89' lang='lat' dir='ltr'>electione</span> 
     </span>
    </p>
   </div>
   <div class='ocr_carea' id='block_1_34' title="bbox 1996 635 3692 710">
    <p class='ocr_par' dir='ltr' id='par_1_34' title="bbox 1996 635 3692 710">
     <span class='ocr_line' id='line_1_34' title="bbox 1996 635 3692 710; baseline -0.003 -15"><span class='ocrx_word' id='word_1_238' title='bbox 1996 641 2267 695; x_wconf 82' lang='lat' dir='ltr'>virtutem</span> <span class='ocrx_word' id='word_1_239' title='bbox 2293 655 2306 694; x_wconf 91' lang='lat'>:</span> <span class='ocrx_word' id='word_1_240' title='bbox 2342 637 2479 710; x_wconf 89' lang='lat' dir='ltr'>quia</span> <span class='ocrx_word' id='word_1_241' title='bbox 2521 638 2625 692; x_wconf 92' lang='lat' dir='ltr'>sub</span> <span class='ocrx_word' id='word_1_242' title='bbox 2651 638 2747 707; x_wconf 88' lang='lat' dir='ltr'>pio</span> <span class='ocrx_word' id='word_1_243' title='bbox 2776 635 3035 708; x_wconf 89' lang='lat' dir='ltr'>principe</span> <span class='ocrx_word' id='word_1_244' title='bbox 3071 638 3227 691; x_wconf 88' lang='lat' dir='ltr'>nulla</span> <span class='ocrx_word' id='word_1_245' title='bbox 3256 637 3498 692; x_wconf 89' lang='lat' dir='ltr'>militem</span> <span class='ocrx_word' id='word_1_246' title='bbox 3527 638 3692 691; x_wconf 91' lang='lat' dir='ltr'>deco-</span> 
     </span>
    </p>
   </div>
   <div class='ocr_carea' id='block_1_35' title="bbox 1999 724 3689 800">
    <p class='ocr_par' dir='ltr' id='par_1_35' title="bbox 1999 724 3689 800">
     <span class='ocr_line' id='line_1_35' title="bbox 1999 724 3689 800; baseline -0.004 -15"><span class='ocrx_word' id='word_1_247' title='bbox 1999 732 2144 785; x_wconf 86' lang='lat' dir='ltr'>lorat</span> <span class='ocrx_word' id='word_1_248' title='bbox 2171 729 2418 800; x_wconf 89' lang='lat' dir='ltr'>abjeetio</span> <span class='ocrx_word' id='word_1_249' title='bbox 2444 743 2457 784; x_wconf 92' lang='lat'>:</span> <span class='ocrx_word' id='word_1_250' title='bbox 2488 742 2593 799; x_wconf 90' lang='lat' dir='ltr'>per</span> <span class='ocrx_word' id='word_1_251' title='bbox 2639 725 2951 781; x_wconf 91' lang='lat' dir='ltr'>Dominum</span> <span class='ocrx_word' id='word_1_252' title='bbox 2997 729 3256 779; x_wconf 89' lang='lat' dir='ltr'>nostrum</span> <span class='ocrx_word' id='word_1_253' title='bbox 3302 726 3496 781; x_wconf 73' lang='lat' dir='ltr'>Iesum</span> <span class='ocrx_word' id='word_1_254' title='bbox 3528 724 3689 782; x_wconf 90' lang='lat' dir='ltr'>Chri-</span> 
     </span>
    </p>
   </div>
   <div class='ocr_carea' id='block_1_36' title="bbox 1999 826 2169 875">
    <p class='ocr_par' dir='ltr' id='par_1_36' title="bbox 1999 826 2169 875">
     <span class='ocr_line' id='line_1_36' title="bbox 1999 826 2169 875; baseline -0.006 -1"><span class='ocrx_word' id='word_1_255' title='bbox 1999 826 2169 875; x_wconf 90' lang='lat' dir='ltr'>stum.</span> 
     </span>
    </p>
   </div>
   <div class='ocr_carea' id='block_1_37' title="bbox 2667 902 3026 959">
    <p class='ocr_par' dir='ltr' id='par_1_37' title="bbox 2667 902 3026 959">
     <span class='ocr_line' id='line_1_37' title="bbox 2667 902 3026 959; baseline -0.006 -1"><span class='ocrx_word' id='word_1_256' title='bbox 2667 902 2895 959; x_wconf 87' lang='lat' dir='ltr'>DICTIO</span> <span class='ocrx_word' id='word_1_257' title='bbox 2936 903 3026 957; x_wconf 83' lang='lat' dir='ltr'>VI.</span> 
     </span>
    </p>
   </div>
   <div class='ocr_carea' id='block_1_38' title="bbox 2455 990 3229 1064">
    <p class='ocr_par' dir='ltr' id='par_1_38' title="bbox 2455 990 3229 1064">
     <span class='ocr_line' id='line_1_38' title="bbox 2455 990 3229 1064; baseline -0.004 -16"><span class='ocrx_word' id='word_1_258' title='bbox 2455 996 2470 1029; x_wconf 74' lang='grc' dir='ltr'>ί</span> <span class='ocrx_word' id='word_1_259' title='bbox 2509 995 2583 1049; x_wconf 88' lang='lat' dir='ltr'>De</span> <span class='ocrx_word' id='word_1_260' title='bbox 2607 991 2883 1047; x_wconf 56' lang='lat' dir='ltr'>hereticis</span> <span class='ocrx_word' id='word_1_261' title='bbox 2910 994 2964 1046; x_wconf 87' lang='lat' dir='ltr'>et</span> <span class='ocrx_word' id='word_1_262' title='bbox 2994 990 3229 1064; x_wconf 81' lang='lat' dir='ltr'>synodo.</span> 
     </span>
    </p>
   </div>
   <div class='ocr_carea' id='block_1_39' title="bbox 2618 1097 3069 1137">
    <p class='ocr_par' dir='ltr' id='par_1_39' title="bbox 2618 1097 3069 1137">
     <span class='ocr_line' id='line_1_39' title="bbox 2618 1097 3069 1137; baseline -0.004 0"><span class='ocrx_word' id='word_1_263' title='bbox 2618 1097 3069 1137; x_wconf 71' lang='lat' dir='ltr'>SACRASBXTA.</span> 
     </span>
    </p>
   </div>
   <div class='ocr_carea' id='block_1_40' title="bbox 2066 1171 3695 1242">
    <p class='ocr_par' dir='ltr' id='par_1_40' title="bbox 2066 1171 3695 1242">
     <span class='ocr_line' id='line_1_40' title="bbox 2066 1171 3695 1242; baseline -0.002 -14"><span class='ocrx_word' id='word_1_264' title='bbox 2066 1176 2171 1229; x_wconf 90' lang='lat' dir='ltr'>Pro</span> <span class='ocrx_word' id='word_1_265' title='bbox 2203 1173 2425 1228; x_wconf 90' lang='lat' dir='ltr'>ratione</span> <span class='ocrx_word' id='word_1_266' title='bbox 2462 1172 2798 1226; x_wconf 85' lang='lat' dir='ltr'>solvendum</span> <span class='ocrx_word' id='word_1_267' title='bbox 2831 1176 2916 1225; x_wconf 87' lang='lat' dir='ltr'>est</span> <span class='ocrx_word' id='word_1_268' title='bbox 2941 1171 3091 1242; x_wconf 89' lang='lat' dir='ltr'>quod</span> <span class='ocrx_word' id='word_1_269' title='bbox 3124 1186 3229 1242; x_wconf 90' lang='lat' dir='ltr'>pro</span> <span class='ocrx_word' id='word_1_270' title='bbox 3271 1172 3489 1225; x_wconf 87' lang='lat' dir='ltr'>ratione</span> <span class='ocrx_word' id='word_1_271' title='bbox 3521 1171 3695 1225; x_wconf 88' lang='lat' dir='ltr'>tacui-</span> 
     </span>
    </p>
   </div>
   <div class='ocr_carea' id='block_1_41' title="bbox 1993 1260 3691 1333">
    <p class='ocr_par' dir='ltr' id='par_1_41' title="bbox 1993 1260 3691 1333">
     <span class='ocr_line' id='line_1_41' title="bbox 1993 1260 3691 1333; baseline -0.002 -16"><span class='ocrx_word' id='word_1_272' title='bbox 1993 1279 2161 1317; x_wconf 92' lang='lat' dir='ltr'>mus:</span> <span class='ocrx_word' id='word_1_273' title='bbox 2188 1279 2322 1317; x_wconf 89' lang='lat' dir='ltr'>nam</span> <span class='ocrx_word' id='word_1_274' title='bbox 2367 1267 2427 1316; x_wconf 90' lang='lat' dir='ltr'>ut</span> <span class='ocrx_word' id='word_1_275' title='bbox 2475 1266 2666 1333; x_wconf 89' lang='lat' dir='ltr'>pateat</span> <span class='ocrx_word' id='word_1_276' title='bbox 2696 1265 2751 1314; x_wconf 92' lang='lat' dir='ltr'>et</span> <span class='ocrx_word' id='word_1_277' title='bbox 2781 1260 2991 1329; x_wconf 69' lang='lat' dir='ltr'>linguae</span> <span class='ocrx_word' id='word_1_278' title='bbox 3043 1264 3253 1314; x_wconf 62' lang='lat' dir='ltr'>nostra;</span> <span class='ocrx_word' id='word_1_279' title='bbox 3289 1260 3480 1315; x_wconf 84' lang='lat' dir='ltr'>ofﬁcia</span> <span class='ocrx_word' id='word_1_280' title='bbox 3524 1266 3579 1315; x_wconf 90' lang='lat' dir='ltr'>et</span> <span class='ocrx_word' id='word_1_281' title='bbox 3609 1260 3691 1314; x_wconf 90' lang='lat' dir='ltr'>si-</span> 
     </span>
    </p>
   </div>
   <div class='ocr_carea' id='block_1_42' title="bbox 1994 1348 3688 1419">
    <p class='ocr_par' dir='ltr' id='par_1_42' title="bbox 1994 1348 3688 1419">
     <span class='ocr_line' id='line_1_42' title="bbox 1994 1348 3688 1419; baseline -0.001 -13"><span class='ocrx_word' id='word_1_282' title='bbox 1994 1353 2236 1407; x_wconf 90' lang='lat' dir='ltr'>lentium</span> <span class='ocrx_word' id='word_1_283' title='bbox 2260 1351 2539 1406; x_wconf 90' lang='lat' dir='ltr'>ordinatis</span> <span class='ocrx_word' id='word_1_284' title='bbox 2570 1349 2805 1404; x_wconf 81' lang='lat' dir='ltr'>servisse</span> <span class='ocrx_word' id='word_1_285' title='bbox 2850 1349 3230 1419; x_wconf 82' lang='lat' dir='ltr'>temporibus,</span> <span class='ocrx_word' id='word_1_286' title='bbox 3271 1348 3384 1403; x_wconf 87' lang='lat' dir='ltr'>fide</span> <span class='ocrx_word' id='word_1_287' title='bbox 3419 1350 3688 1405; x_wconf 89' lang='lat' dir='ltr'>hortante</span> 
     </span>
    </p>
   </div>
   <div class='ocr_carea' id='block_1_43' title="bbox 1993 1438 3688 1509">
    <p class='ocr_par' dir='ltr' id='par_1_43' title="bbox 1993 1438 3688 1509">
     <span class='ocr_line' id='line_1_43' title="bbox 1993 1438 3688 1509; baseline -0.001 -14"><span class='ocrx_word' id='word_1_288' title='bbox 1993 1440 2054 1495; x_wconf 89' lang='lat' dir='ltr'>in</span> <span class='ocrx_word' id='word_1_289' title='bbox 2086 1441 2337 1495; x_wconf 87' lang='lat' dir='ltr'>officium</span> <span class='ocrx_word' id='word_1_290' title='bbox 2368 1440 2648 1493; x_wconf 90' lang='lat' dir='ltr'>sermonis</span> <span class='ocrx_word' id='word_1_291' title='bbox 2680 1438 3054 1509; x_wconf 90' lang='lat' dir='ltr'>erumpimus.</span> <span class='ocrx_word' id='word_1_292' title='bbox 3091 1438 3247 1492; x_wconf 92' lang='lat' dir='ltr'>Idem</span> <span class='ocrx_word' id='word_1_293' title='bbox 3278 1438 3432 1492; x_wconf 91' lang='lat' dir='ltr'>enim</span> <span class='ocrx_word' id='word_1_294' title='bbox 3465 1444 3551 1493; x_wconf 89' lang='lat' dir='ltr'>est</span> <span class='ocrx_word' id='word_1_295' title='bbox 3592 1456 3688 1493; x_wconf 87' lang='lat' dir='ltr'>su-</span> 
     </span>
    </p>
   </div>
   <div class='ocr_carea' id='block_1_44' title="bbox 1992 1527 3688 1602">
    <p class='ocr_par' dir='ltr' id='par_1_44' title="bbox 1992 1527 3688 1602">
     <span class='ocr_line' id='line_1_44' title="bbox 1992 1527 3688 1602; baseline -0.002 -18"><span class='ocrx_word' id='word_1_296' title='bbox 1992 1546 2270 1602; x_wconf 90' lang='lat' dir='ltr'>pervacne</span> <span class='ocrx_word' id='word_1_297' title='bbox 2296 1530 2453 1601; x_wconf 90' lang='lat' dir='ltr'>loqui</span> <span class='ocrx_word' id='word_1_298' title='bbox 2485 1528 2635 1600; x_wconf 92' lang='lat' dir='ltr'>quod</span> <span class='ocrx_word' id='word_1_299' title='bbox 2671 1527 2988 1581; x_wconf 87' lang='lat' dir='ltr'>necessarie</span> <span class='ocrx_word' id='word_1_300' title='bbox 3011 1543 3126 1581; x_wconf 92' lang='lat' dir='ltr'>non</span> <span class='ocrx_word' id='word_1_301' title='bbox 3152 1528 3430 1589; x_wconf 89' lang='lat' dir='ltr'>locutum,</span> <span class='ocrx_word' id='word_1_302' title='bbox 3466 1527 3688 1582; x_wconf 92' lang='lat' dir='ltr'>dicente</span> 
     </span>
    </p>
   </div>
   <div class='ocr_carea' id='block_1_45' title="bbox 1994 1614 3691 1691">
    <p class='ocr_par' dir='ltr' id='par_1_45' title="bbox 1994 1614 3691 1691">
     <span class='ocr_line' id='line_1_45' title="bbox 1994 1614 3691 1691; baseline -0.002 -16"><span class='ocrx_word' id='word_1_303' title='bbox 1994 1620 2149 1675; x_wconf 92' lang='lat' dir='ltr'>enim</span> <span class='ocrx_word' id='word_1_304' title='bbox 2178 1619 2490 1691; x_wconf 88' lang='lat' dir='ltr'>Apostolo:</span> <span class='ocrx_word' id='word_1_305' title='bbox 2530 1619 2626 1672; x_wconf 65' lang='lat' dir='ltr'>V2</span> <span class='ocrx_word' id='word_1_306' title='bbox 2656 1617 2806 1673; x_wconf 84' lang='lat' dir='ltr'>mihi</span> <span class='ocrx_word' id='word_1_307' title='bbox 2832 1619 2936 1682; x_wconf 88' lang='lat' dir='ltr'>est,</span> <span class='ocrx_word' id='word_1_308' title='bbox 2984 1616 3037 1671; x_wconf 85' lang='lat' dir='ltr'>si</span> <span class='ocrx_word' id='word_1_309' title='bbox 3076 1632 3190 1670; x_wconf 82' lang='lat' dir='ltr'>non</span> <span class='ocrx_word' id='word_1_310' title='bbox 3235 1614 3691 1688; x_wconf 81' lang='lat' dir='ltr'>evangelizavero</span> 
     </span>
    </p>
   </div>
   <div class='ocr_carea' id='block_1_46' title="bbox 1998 1705 3686 1778">
    <p class='ocr_par' dir='ltr' id='par_1_46' title="bbox 1998 1705 3686 1778">
     <span class='ocr_line' id='line_1_46' title="bbox 1998 1705 3686 1778; baseline -0.002 -15"><span class='ocrx_word' id='word_1_311' title='bbox 1998 1710 2058 1778; x_wconf 86' lang='grc' dir='ltr'>(Ι</span> <span class='ocrx_word' id='word_1_312' title='bbox 2097 1709 2216 1765; x_wconf 86' lang='lat' dir='ltr'>Cor.</span> <span class='ocrx_word' id='word_1_313' title='bbox 2249 1725 2324 1775; x_wconf 72' lang='grc' dir='ltr'>ιι,</span> <span class='ocrx_word' id='word_1_314' title='bbox 2362 1708 2443 1778; x_wconf 82' lang='grc'>16)</span> <span class='ocrx_word' id='word_1_315' title='bbox 2476 1725 2490 1775; x_wconf 92' lang='lat'>;</span> <span class='ocrx_word' id='word_1_316' title='bbox 2524 1712 2580 1761; x_wconf 88' lang='lat' dir='ltr'>et</span> <span class='ocrx_word' id='word_1_317' title='bbox 2613 1708 2747 1761; x_wconf 86' lang='lat' dir='ltr'>alibi</span> <span class='ocrx_word' id='word_1_318' title='bbox 2775 1722 2788 1760; x_wconf 91' lang='lat'>:</span> <span class='ocrx_word' id='word_1_319' title='bbox 2826 1707 3065 1777; x_wconf 82' lang='lat' dir='ltr'>Tempus</span> <span class='ocrx_word' id='word_1_320' title='bbox 3109 1705 3333 1760; x_wconf 83' lang='lat' dir='ltr'>tacendi</span> <span class='ocrx_word' id='word_1_321' title='bbox 3364 1705 3574 1776; x_wconf 85' lang='lat' dir='ltr'>(Eccle.</span> <span class='ocrx_word' id='word_1_322' title='bbox 3606 1723 3686 1773; x_wconf 81' lang='lat' dir='ltr'>in,</span> 
     </span>
    </p>
   </div>
   <div class='ocr_carea' id='block_1_47' title="bbox 1993 1795 3689 1869">
    <p class='ocr_par' dir='ltr' id='par_1_47' title="bbox 1993 1795 3689 1869">
     <span class='ocr_line' id='line_1_47' title="bbox 1993 1795 3689 1869; baseline -0.002 -17"><span class='ocrx_word' id='word_1_323' title='bbox 1993 1801 2041 1867; x_wconf 90' lang='lat'>7)</span> <span class='ocrx_word' id='word_1_324' title='bbox 2068 1819 2082 1865; x_wconf 91' lang='lat'>;</span> <span class='ocrx_word' id='word_1_325' title='bbox 2110 1815 2211 1852; x_wconf 90' lang='lat' dir='ltr'>nos</span> <span class='ocrx_word' id='word_1_326' title='bbox 2240 1796 2525 1869; x_wconf 77' lang='lat' dir='ltr'>praecipue</span> <span class='ocrx_word' id='word_1_327' title='bbox 2559 1813 2700 1867; x_wconf 91' lang='lat' dir='ltr'>quos</span> <span class='ocrx_word' id='word_1_328' title='bbox 2745 1796 2969 1867; x_wconf 78' lang='lat' dir='ltr'>praelati</span> <span class='ocrx_word' id='word_1_329' title='bbox 3001 1796 3220 1850; x_wconf 75' lang='lat' dir='ltr'>caeteris</span> <span class='ocrx_word' id='word_1_330' title='bbox 3250 1795 3511 1849; x_wconf 88' lang='lat' dir='ltr'>hortatur</span> <span class='ocrx_word' id='word_1_331' title='bbox 3542 1811 3689 1865; x_wconf 89' lang='lat' dir='ltr'>pon-</span> 
     </span>
    </p>
   </div>
   <div class='ocr_carea' id='block_1_48' title="bbox 1991 1885 3691 1958">
    <p class='ocr_par' dir='ltr' id='par_1_48' title="bbox 1991 1885 3691 1958">
     <span class='ocr_line' id='line_1_48' title="bbox 1991 1885 3691 1958; baseline -0.002 -16"><span class='ocrx_word' id='word_1_332' title='bbox 1991 1887 2096 1942; x_wconf 90' lang='lat' dir='ltr'>dus</span> <span class='ocrx_word' id='word_1_333' title='bbox 2144 1887 2427 1958; x_wconf 89' lang='lat' dir='ltr'>obsequii,</span> <span class='ocrx_word' id='word_1_334' title='bbox 2465 1886 2625 1941; x_wconf 90' lang='lat' dir='ltr'>decet</span> <span class='ocrx_word' id='word_1_335' title='bbox 2674 1891 2773 1940; x_wconf 89' lang='lat' dir='ltr'>ant</span> <span class='ocrx_word' id='word_1_336' title='bbox 2821 1886 2975 1940; x_wconf 89' lang='lat' dir='ltr'>bona</span> <span class='ocrx_word' id='word_1_337' title='bbox 3007 1886 3279 1940; x_wconf 88' lang='lat' dir='ltr'>facientes</span> <span class='ocrx_word' id='word_1_338' title='bbox 3312 1885 3555 1949; x_wconf 88' lang='lat' dir='ltr'>elevare,</span> <span class='ocrx_word' id='word_1_339' title='bbox 3589 1889 3691 1939; x_wconf 90' lang='lat' dir='ltr'>aut</span> 
     </span>
    </p>
   </div>
   <div class='ocr_carea' id='block_1_49' title="bbox 1990 1973 3687 2046">
    <p class='ocr_par' dir='ltr' id='par_1_49' title="bbox 1990 1973 3687 2046">
     <span class='ocr_line' id='line_1_49' title="bbox 1990 1973 3687 2046; baseline -0.002 -15"><span class='ocrx_word' id='word_1_340' title='bbox 1990 1978 2142 2031; x_wconf 91' lang='lat' dir='ltr'>mala</span> <span class='ocrx_word' id='word_1_341' title='bbox 2173 1976 2574 2046; x_wconf 88' lang='lat' dir='ltr'>comprimere.</span> <span class='ocrx_word' id='word_1_342' title='bbox 2611 1976 2676 2030; x_wconf 88' lang='lat' dir='ltr'>Et</span> <span class='ocrx_word' id='word_1_343' title='bbox 2717 1974 2952 2045; x_wconf 91' lang='lat' dir='ltr'>quidem</span> <span class='ocrx_word' id='word_1_344' title='bbox 2999 1990 3099 2028; x_wconf 88' lang='lat' dir='ltr'>vos</span> <span class='ocrx_word' id='word_1_345' title='bbox 3138 1973 3339 2028; x_wconf 90' lang='lat' dir='ltr'>docere</span> <span class='ocrx_word' id='word_1_346' title='bbox 3379 1989 3497 2027; x_wconf 91' lang='lat' dir='ltr'>non</span> <span class='ocrx_word' id='word_1_347' title='bbox 3528 1973 3687 2029; x_wconf 87' lang='lat' dir='ltr'>aliud</span> 
     </span>
    </p>
   </div>
   <div class='ocr_carea' id='block_1_50' title="bbox 1991 2062 3688 2138">
    <p class='ocr_par' dir='ltr' id='par_1_50' title="bbox 1991 2062 3688 2138">
     <span class='ocr_line' id='line_1_50' title="bbox 1991 2062 3688 2138; baseline -0.002 -17"><span class='ocrx_word' id='word_1_348' title='bbox 1991 2070 2073 2121; x_wconf 90' lang='lat' dir='ltr'>est</span> <span class='ocrx_word' id='word_1_349' title='bbox 2103 2082 2277 2138; x_wconf 87' lang='lat' dir='ltr'>quam</span> <span class='ocrx_word' id='word_1_350' title='bbox 2308 2064 2573 2119; x_wconf 88' lang='lat' dir='ltr'>stimulos</span> <span class='ocrx_word' id='word_1_351' title='bbox 2617 2063 2935 2119; x_wconf 81' lang='lat' dir='ltr'>admovisse</span> <span class='ocrx_word' id='word_1_352' title='bbox 2979 2063 3324 2118; x_wconf 89' lang='lat' dir='ltr'>calcaribus:</span> <span class='ocrx_word' id='word_1_353' title='bbox 3360 2079 3494 2117; x_wconf 90' lang='lat' dir='ltr'>nam</span> <span class='ocrx_word' id='word_1_354' title='bbox 3530 2062 3688 2134; x_wconf 91' lang='lat' dir='ltr'>quod</span> 
     </span>
    </p>
   </div>
   <div class='ocr_carea' id='block_1_51' title="bbox 1989 2152 3688 2226">
    <p class='ocr_par' dir='ltr' id='par_1_51' title="bbox 1989 2152 3688 2226">
     <span class='ocr_line' id='line_1_51' title="bbox 1989 2152 3688 2226; baseline -0.001 -16"><span class='ocrx_word' id='word_1_355' title='bbox 1989 2172 2056 2210; x_wconf 85' lang='lat' dir='ltr'>ex</span> <span class='ocrx_word' id='word_1_356' title='bbox 2086 2155 2384 2226; x_wconf 89' lang='lat' dir='ltr'>proposito</span> <span class='ocrx_word' id='word_1_357' title='bbox 2411 2154 2614 2215; x_wconf 87' lang='lat' dir='ltr'>facitis,</span> <span class='ocrx_word' id='word_1_358' title='bbox 2650 2154 2883 2224; x_wconf 89' lang='lat' dir='ltr'>superbi</span> <span class='ocrx_word' id='word_1_359' title='bbox 2915 2170 3133 2219; x_wconf 90' lang='lat' dir='ltr'>sumus,</span> <span class='ocrx_word' id='word_1_360' title='bbox 3166 2153 3213 2206; x_wconf 90' lang='lat' dir='ltr'>si</span> <span class='ocrx_word' id='word_1_361' title='bbox 3235 2152 3445 2208; x_wconf 87' lang='lat' dir='ltr'>nostris</span> <span class='ocrx_word' id='word_1_362' title='bbox 3476 2153 3688 2208; x_wconf 90' lang='lat' dir='ltr'>deben-</span> 
     </span>
    </p>
   </div>
   <div class='ocr_carea' id='block_1_52' title="bbox 1991 2241 3684 2314">
    <p class='ocr_par' dir='ltr' id='par_1_52' title="bbox 1991 2241 3684 2314">
     <span class='ocr_line' id='line_1_52' title="bbox 1991 2241 3684 2314; baseline -0.002 -15"><span class='ocrx_word' id='word_1_363' title='bbox 1991 2246 2125 2299; x_wconf 91' lang='lat' dir='ltr'>dum</span> <span class='ocrx_word' id='word_1_364' title='bbox 2156 2245 2443 2299; x_wconf 89' lang='lat' dir='ltr'>credimus</span> <span class='ocrx_word' id='word_1_365' title='bbox 2472 2243 2785 2298; x_wconf 88' lang='lat' dir='ltr'>institutis:</span> <span class='ocrx_word' id='word_1_366' title='bbox 2821 2242 2920 2297; x_wconf 89' lang='lat' dir='ltr'>sed</span> <span class='ocrx_word' id='word_1_367' title='bbox 2949 2243 3048 2314; x_wconf 88' lang='lat' dir='ltr'>qui</span> <span class='ocrx_word' id='word_1_368' title='bbox 3075 2242 3226 2297; x_wconf 89' lang='lat' dir='ltr'>bona</span> <span class='ocrx_word' id='word_1_369' title='bbox 3248 2241 3437 2297; x_wconf 91' lang='lat' dir='ltr'>studia</span> <span class='ocrx_word' id='word_1_370' title='bbox 3457 2242 3684 2313; x_wconf 89' lang='lat' dir='ltr'>probat,</span> 
     </span>
    </p>
   </div>
   <div class='ocr_carea' id='block_1_53' title="bbox 1989 2332 3689 2407">
    <p class='ocr_par' dir='ltr' id='par_1_53' title="bbox 1989 2332 3689 2407">
     <span class='ocr_line' id='line_1_53' title="bbox 1989 2332 3689 2407; baseline -0.002 -18"><span class='ocrx_word' id='word_1_371' title='bbox 1989 2336 2319 2407; x_wconf 90' lang='lat' dir='ltr'>amplificat.</span> <span class='ocrx_word' id='word_1_372' title='bbox 2359 2335 2483 2389; x_wconf 88' lang='lat' dir='ltr'>Stat</span> <span class='ocrx_word' id='word_1_373' title='bbox 2512 2333 2664 2404; x_wconf 90' lang='lat' dir='ltr'>apud</span> <span class='ocrx_word' id='word_1_374' title='bbox 2692 2332 3066 2386; x_wconf 89' lang='lat' dir='ltr'>conscientias</span> <span class='ocrx_word' id='word_1_375' title='bbox 3096 2336 3310 2387; x_wconf 88' lang='lat' dir='ltr'>vestras</span> <span class='ocrx_word' id='word_1_376' title='bbox 3340 2337 3555 2403; x_wconf 89' lang='lat' dir='ltr'>quanta</span> <span class='ocrx_word' id='word_1_377' title='bbox 3585 2333 3689 2387; x_wconf 89' lang='lat' dir='ltr'>Ne-</span> 
     </span>
    </p>
   </div>
   <div class='ocr_carea' id='block_1_54' title="bbox 1987 2420 3686 2495">
    <p class='ocr_par' dir='ltr' id='par_1_54' title="bbox 1987 2420 3686 2495">
     <span class='ocr_line' id='line_1_54' title="bbox 1987 2420 3686 2495; baseline -0.001 -17"><span class='ocrx_word' id='word_1_378' title='bbox 1987 2425 2193 2479; x_wconf 90' lang='lat' dir='ltr'>storius</span> <span class='ocrx_word' id='word_1_379' title='bbox 2226 2429 2281 2478; x_wconf 89' lang='lat' dir='ltr'>et</span> <span class='ocrx_word' id='word_1_380' title='bbox 2315 2424 2614 2495; x_wconf 86' lang='lat' dir='ltr'>Eutyches,</span> <span class='ocrx_word' id='word_1_381' title='bbox 2660 2422 2893 2493; x_wconf 91' lang='lat' dir='ltr'>gemina</span> <span class='ocrx_word' id='word_1_382' title='bbox 2923 2421 3221 2476; x_wconf 66' lang='lat' dir='ltr'>diabolicae.</span> <span class='ocrx_word' id='word_1_383' title='bbox 3264 2420 3686 2476; x_wconf 75' lang='lat' dir='ltr'>informationis</span> 
     </span>
    </p>
   </div>
   <div class='ocr_carea' id='block_1_55' title="bbox 1989 2509 3683 2581">
    <p class='ocr_par' dir='ltr' id='par_1_55' title="bbox 1989 2509 3683 2581">
     <span class='ocr_line' id='line_1_55' title="bbox 1989 2509 3683 2581; baseline -0.002 -12"><span class='ocrx_word' id='word_1_384' title='bbox 1989 2520 2229 2581; x_wconf 90' lang='lat' dir='ltr'>ostenta,</span> <span class='ocrx_word' id='word_1_385' title='bbox 2274 2513 2370 2567; x_wconf 92' lang='lat' dir='ltr'>diu</span> <span class='ocrx_word' id='word_1_386' title='bbox 2423 2518 2635 2567; x_wconf 88' lang='lat' dir='ltr'>castam</span> <span class='ocrx_word' id='word_1_387' title='bbox 2682 2511 3059 2566; x_wconf 87' lang='lat' dir='ltr'>Ecclesiarum</span> <span class='ocrx_word' id='word_1_388' title='bbox 3108 2509 3485 2567; x_wconf 89' lang='lat' dir='ltr'>Orientalium</span> <span class='ocrx_word' id='word_1_389' title='bbox 3519 2511 3683 2566; x_wconf 89' lang='lat' dir='ltr'>disci-</span> 
     </span>
    </p>
   </div>
   <div class='ocr_carea' id='block_1_56' title="bbox 1987 2601 3681 2676">
    <p class='ocr_par' dir='ltr' id='par_1_56' title="bbox 1987 2601 3681 2676">
     <span class='ocr_line' id='line_1_56' title="bbox 1987 2601 3681 2676; baseline -0.002 -17"><span class='ocrx_word' id='word_1_390' title='bbox 1987 2606 2200 2676; x_wconf 90' lang='lat' dir='ltr'>plinam</span> <span class='ocrx_word' id='word_1_391' title='bbox 2233 2602 2493 2674; x_wconf 67' lang='lat' dir='ltr'>perfidiae</span> <span class='ocrx_word' id='word_1_392' title='bbox 2539 2601 2921 2656; x_wconf 85' lang='lat' dir='ltr'>fornicatione</span> <span class='ocrx_word' id='word_1_393' title='bbox 2952 2601 3335 2671; x_wconf 87' lang='lat' dir='ltr'>corruperint,</span> <span class='ocrx_word' id='word_1_394' title='bbox 3386 2601 3486 2671; x_wconf 90' lang='lat' dir='ltr'>qui</span> <span class='ocrx_word' id='word_1_395' title='bbox 3518 2601 3681 2672; x_wconf 82' lang='lat' dir='ltr'>juxta</span> 
     </span>
    </p>
   </div>
   <div class='ocr_carea' id='block_1_57' title="bbox 1984 2689 3678 2764">
    <p class='ocr_par' dir='ltr' id='par_1_57' title="bbox 1984 2689 3678 2764">
     <span class='ocr_line' id='line_1_57' title="bbox 1984 2689 3678 2764; baseline -0.001 -17"><span class='ocrx_word' id='word_1_396' title='bbox 1984 2694 2242 2764; x_wconf 83' lang='lat' dir='ltr'>Apostoli</span> <span class='ocrx_word' id='word_1_397' title='bbox 2276 2692 2661 2747; x_wconf 89' lang='lat' dir='ltr'>sententiam:</span> <span class='ocrx_word' id='word_1_398' title='bbox 2698 2689 3067 2745; x_wconf 83' lang='lat' dir='ltr'>Ditectionem</span> <span class='ocrx_word' id='word_1_399' title='bbox 3091 2691 3356 2745; x_wconf 81' lang='lat' dir='ltr'>veritatis</span> <span class='ocrx_word' id='word_1_400' title='bbox 3372 2707 3486 2745; x_wconf 84' lang='lat' dir='ltr'>non</span> <span class='ocrx_word' id='word_1_401' title='bbox 3522 2707 3678 2746; x_wconf 77' lang='lat' dir='ltr'>rece-</span> 
     </span>
    </p>
   </div>
   <div class='ocr_carea' id='block_1_58' title="bbox 1984 2779 3678 2854">
    <p class='ocr_par' dir='ltr' id='par_1_58' title="bbox 1984 2779 3678 2854">
     <span class='ocr_line' id='line_1_58' title="bbox 1984 2779 3678 2854; baseline 0 -19"><span class='ocrx_word' id='word_1_402' title='bbox 1984 2785 2208 2854; x_wconf 82' lang='lat' dir='ltr'>perunt,</span> <span class='ocrx_word' id='word_1_403' title='bbox 2242 2786 2309 2838; x_wconf 84' lang='lat' dir='ltr'>ut</span> <span class='ocrx_word' id='word_1_404' title='bbox 2333 2781 2483 2836; x_wconf 85' lang='lat' dir='ltr'>salvi</span> <span class='ocrx_word' id='word_1_405' title='bbox 2509 2782 2709 2851; x_wconf 81' lang='lat' dir='ltr'>ﬁerent</span> <span class='ocrx_word' id='word_1_406' title='bbox 2738 2782 2792 2834; x_wconf 87' lang='lat' dir='ltr'>et</span> <span class='ocrx_word' id='word_1_407' title='bbox 2821 2780 2947 2835; x_wconf 84' lang='lat' dir='ltr'>ideo</span> <span class='ocrx_word' id='word_1_408' title='bbox 2978 2779 3133 2834; x_wconf 80' lang='lat' dir='ltr'>misit</span> <span class='ocrx_word' id='word_1_409' title='bbox 3160 2779 3283 2834; x_wconf 83' lang='lat' dir='ltr'>illis</span> <span class='ocrx_word' id='word_1_410' title='bbox 3304 2783 3451 2835; x_wconf 86' lang='lat' dir='ltr'>Deus</span> <span class='ocrx_word' id='word_1_411' title='bbox 3478 2796 3678 2851; x_wconf 84' lang='lat' dir='ltr'>opera-</span> 
     </span>
    </p>
   </div>
   <div class='ocr_carea' id='block_1_59' title="bbox 1988 2867 3675 2939">
    <p class='ocr_par' dir='ltr' id='par_1_59' title="bbox 1988 2867 3675 2939">
     <span class='ocr_line' id='line_1_59' title="bbox 1988 2867 3675 2939; baseline -0.001 -15"><span class='ocrx_word' id='word_1_412' title='bbox 1988 2874 2195 2926; x_wconf 87' lang='lat' dir='ltr'>tionem</span> <span class='ocrx_word' id='word_1_413' title='bbox 2217 2870 2449 2939; x_wconf 78' lang='lat' dir='ltr'>erroris,</span> <span class='ocrx_word' id='word_1_414' title='bbox 2477 2873 2540 2924; x_wconf 87' lang='lat' dir='ltr'>ut</span> <span class='ocrx_word' id='word_1_415' title='bbox 2559 2869 2853 2925; x_wconf 75' lang='lat' dir='ltr'>crederent</span> <span class='ocrx_word' id='word_1_416' title='bbox 2871 2867 3168 2923; x_wconf 83' lang='lat' dir='ltr'>mendacio</span> <span class='ocrx_word' id='word_1_417' title='bbox 3187 2870 3235 2937; x_wconf 87' lang='grc' dir='ltr'>(Ι</span> <span class='ocrx_word' id='word_1_418' title='bbox 3260 2868 3452 2923; x_wconf 82' lang='lat' dir='ltr'>Thess.</span> <span class='ocrx_word' id='word_1_419' title='bbox 3473 2884 3530 2934; x_wconf 78' lang='grc' dir='ltr'>ιι,</span> <span class='ocrx_word' id='word_1_420' title='bbox 3552 2868 3633 2938; x_wconf 84' lang='grc'>10)</span> <span class='ocrx_word' id='word_1_421' title='bbox 3661 2883 3675 2922; x_wconf 92' lang='lat'>:</span> 
     </span>
    </p>
   </div>
   <div class='ocr_carea' id='block_1_60' title="bbox 192 2956 3677 3031">
    <p class='ocr_par' dir='ltr' id='par_1_60' title="bbox 192 2956 3677 3031">
     <span class='ocr_line' id='line_1_60' title="bbox 192 2956 3677 3031; baseline -0.001 -20"><span class='ocrx_word' id='word_1_422' title='bbox 192 2958 319 3013; x_wconf 87' lang='lat' dir='ltr'>niter</span> <span class='ocrx_word' id='word_1_423' title='bbox 349 2976 471 3013; x_wconf 87' lang='lat' dir='ltr'>non</span> <span class='ocrx_word' id='word_1_424' title='bbox 506 2964 748 3014; x_wconf 89' lang='lat' dir='ltr'>teneret.</span> <span class='ocrx_word' id='word_1_425' title='bbox 786 2960 849 3014; x_wconf 89' lang='lat' dir='ltr'>In</span> <span class='ocrx_word' id='word_1_426' title='bbox 879 2960 987 3013; x_wconf 89' lang='lat' dir='ltr'>hoc</span> <span class='ocrx_word' id='word_1_427' title='bbox 1020 2959 1311 3029; x_wconf 89' lang='lat' dir='ltr'>ambiguo,</span> <span class='ocrx_word' id='word_1_428' title='bbox 1347 2965 1408 3014; x_wconf 92' lang='lat' dir='ltr'>ut</span> <span class='ocrx_word' id='word_1_429' title='bbox 1433 2960 1599 3014; x_wconf 89' lang='lat' dir='ltr'>certis</span> <span class='ocrx_word' id='word_1_430' title='bbox 1629 2958 1871 3013; x_wconf 89' lang='lat' dir='ltr'>famula-</span> <span class='ocrx_word' id='word_1_431' title='bbox 1912 2962 1950 3018; x_wconf 89' lang='lat' dir='ltr'>C</span> <span class='ocrx_word' id='word_1_432' title='bbox 1982 2961 2118 3014; x_wconf 91' lang='lat' dir='ltr'>dum</span> <span class='ocrx_word' id='word_1_433' title='bbox 2169 2976 2271 3031; x_wconf 91' lang='lat' dir='ltr'>per</span> <span class='ocrx_word' id='word_1_434' title='bbox 2318 2960 2736 3030; x_wconf 88' lang='lat' dir='ltr'>subripientem</span> <span class='ocrx_word' id='word_1_435' title='bbox 2785 2958 3035 3011; x_wconf 88' lang='lat' dir='ltr'>seandali</span> <span class='ocrx_word' id='word_1_436' title='bbox 3079 2957 3436 3011; x_wconf 89' lang='lat' dir='ltr'>occasionem</span> <span class='ocrx_word' id='word_1_437' title='bbox 3467 2956 3677 3012; x_wconf 86' lang='lat' dir='ltr'>Christi</span> 
     </span>
    </p>
   </div>
   <div class='ocr_carea' id='block_1_61' title="bbox 190 3048 1873 3119">
    <p class='ocr_par' dir='ltr' id='par_1_61' title="bbox 190 3048 1873 3119">
     <span class='ocr_line' id='line_1_61' title="bbox 190 3048 1873 3119; baseline 0.002 -21"><span class='ocrx_word' id='word_1_438' title='bbox 190 3052 365 3101; x_wconf 87' lang='lat' dir='ltr'>rentur</span> <span class='ocrx_word' id='word_1_439' title='bbox 376 3049 739 3119; x_wconf 81' lang='lat' dir='ltr'>perlongum</span> <span class='ocrx_word' id='word_1_440' title='bbox 759 3048 989 3102; x_wconf 88' lang='lat' dir='ltr'>confusa</span> <span class='ocrx_word' id='word_1_441' title='bbox 1004 3049 1384 3118; x_wconf 82' lang='lat' dir='ltr'>temporibus,</span> <span class='ocrx_word' id='word_1_442' title='bbox 1405 3049 1504 3103; x_wconf 88' lang='lat' dir='ltr'>Dei</span> <span class='ocrx_word' id='word_1_443' title='bbox 1523 3048 1701 3103; x_wconf 87' lang='lat' dir='ltr'>nostri</span> <span class='ocrx_word' id='word_1_444' title='bbox 1714 3048 1873 3101; x_wconf 88' lang='lat' dir='ltr'>exsti-</span> 
     </span>
    </p>
   </div>
   <div class='ocr_carea' id='block_1_62' title="bbox 190 3136 1917 3209">
    <p class='ocr_par' dir='ltr' id='par_1_62' title="bbox 190 3136 1917 3209">
     <span class='ocr_line' id='line_1_62' title="bbox 190 3136 1917 3209; baseline 0.001 -20"><span class='ocrx_word' id='word_1_445' title='bbox 190 3136 241 3191; x_wconf 88' lang='lat' dir='ltr'>tit</span> <span class='ocrx_word' id='word_1_446' title='bbox 267 3136 347 3191; x_wconf 88' lang='lat' dir='ltr'>lex</span> <span class='ocrx_word' id='word_1_447' title='bbox 379 3137 672 3191; x_wconf 85' lang='lat' dir='ltr'>voluntas.</span> <span class='ocrx_word' id='word_1_448' title='bbox 697 3137 897 3192; x_wconf 86' lang='lat' dir='ltr'>Omnis</span> <span class='ocrx_word' id='word_1_449' title='bbox 920 3137 1267 3207; x_wconf 87' lang='lat' dir='ltr'>dispensatio</span> <span class='ocrx_word' id='word_1_450' title='bbox 1292 3139 1517 3192; x_wconf 87' lang='lat' dir='ltr'>statutis</span> <span class='ocrx_word' id='word_1_451' title='bbox 1541 3138 1776 3209; x_wconf 66' lang='lat' dir='ltr'>prmfixa</span> <span class='ocrx_word' id='word_1_452' title='bbox 1805 3136 1871 3190; x_wconf 88' lang='lat' dir='ltr'>li-</span> <span class='ocrx_word' id='word_1_453' title='bbox 1914 3156 1917 3159; x_wconf 94' lang='grc'>·</span> 
     </span>
    </p>
   </div>
   <div class='ocr_carea' id='block_1_63' title="bbox 189 3224 1865 3298">
    <p class='ocr_par' dir='ltr' id='par_1_63' title="bbox 189 3224 1865 3298">
     <span class='ocr_line' id='line_1_63' title="bbox 189 3224 1865 3298; baseline 0.002 -21"><span class='ocrx_word' id='word_1_454' title='bbox 189 3224 399 3280; x_wconf 88' lang='lat' dir='ltr'>mitibus</span> <span class='ocrx_word' id='word_1_455' title='bbox 415 3231 651 3279; x_wconf 86' lang='lat' dir='ltr'>tantum</span> <span class='ocrx_word' id='word_1_456' title='bbox 674 3227 878 3296; x_wconf 90' lang='lat' dir='ltr'>potuit,</span> <span class='ocrx_word' id='word_1_457' title='bbox 908 3232 1188 3297; x_wconf 90' lang='lat' dir='ltr'>quantum</span> <span class='ocrx_word' id='word_1_458' title='bbox 1215 3227 1483 3297; x_wconf 61' lang='lat' dir='ltr'>praestitit</span> <span class='ocrx_word' id='word_1_459' title='bbox 1511 3228 1610 3298; x_wconf 90' lang='lat' dir='ltr'>qui</span> <span class='ocrx_word' id='word_1_460' title='bbox 1635 3226 1865 3280; x_wconf 88' lang='lat' dir='ltr'>creavit.</span> 
     </span>
    </p>
   </div>
   <div class='ocr_carea' id='block_1_64' title="bbox 185 3314 1865 3387">
    <p class='ocr_par' dir='ltr' id='par_1_64' title="bbox 185 3314 1865 3387">
     <span class='ocr_line' id='line_1_64' title="bbox 185 3314 1865 3387; baseline 0.001 -20"><span class='ocrx_word' id='word_1_461' title='bbox 185 3314 259 3368; x_wconf 87' lang='lat' dir='ltr'>Sic</span> <span class='ocrx_word' id='word_1_462' title='bbox 286 3331 406 3381; x_wconf 89' lang='lat' dir='ltr'>nos,</span> <span class='ocrx_word' id='word_1_463' title='bbox 440 3314 543 3387; x_wconf 86' lang='lat' dir='ltr'>pie</span> <span class='ocrx_word' id='word_1_464' title='bbox 576 3315 784 3384; x_wconf 83' lang='lat' dir='ltr'>opifex,</span> <span class='ocrx_word' id='word_1_465' title='bbox 833 3314 982 3369; x_wconf 90' lang='lat' dir='ltr'>inter</span> <span class='ocrx_word' id='word_1_466' title='bbox 1011 3316 1376 3370; x_wconf 86' lang='lat' dir='ltr'>sacerdotalis</span> <span class='ocrx_word' id='word_1_467' title='bbox 1407 3316 1562 3370; x_wconf 88' lang='lat' dir='ltr'>tituli</span> <span class='ocrx_word' id='word_1_468' title='bbox 1592 3315 1865 3386; x_wconf 90' lang='lat' dir='ltr'>auspicia,</span> 
     </span>
    </p>
   </div>
   <div class='ocr_carea' id='block_1_65' title="bbox 186 3403 1868 3476">
    <p class='ocr_par' dir='ltr' id='par_1_65' title="bbox 186 3403 1868 3476">
     <span class='ocr_line' id='line_1_65' title="bbox 186 3403 1868 3476; baseline 0 -18"><span class='ocrx_word' id='word_1_469' title='bbox 186 3404 284 3458; x_wconf 88' lang='lat' dir='ltr'>sole</span> <span class='ocrx_word' id='word_1_470' title='bbox 315 3403 770 3459; x_wconf 82' lang='lat' dir='ltr'>conversationis</span> <span class='ocrx_word' id='word_1_471' title='bbox 809 3404 1061 3459; x_wconf 87' lang='lat' dir='ltr'>irradia:</span> <span class='ocrx_word' id='word_1_472' title='bbox 1115 3421 1219 3476; x_wconf 90' lang='lat' dir='ltr'>per</span> <span class='ocrx_word' id='word_1_473' title='bbox 1270 3406 1476 3459; x_wconf 90' lang='lat' dir='ltr'>sudum</span> <span class='ocrx_word' id='word_1_474' title='bbox 1526 3405 1596 3459; x_wconf 92' lang='lat' dir='ltr'>de</span> <span class='ocrx_word' id='word_1_475' title='bbox 1645 3404 1868 3459; x_wconf 90' lang='lat' dir='ltr'>meritis</span> 
     </span>
    </p>
   </div>
   <div class='ocr_carea' id='block_1_66' title="bbox 190 3493 1868 3564">
    <p class='ocr_par' dir='ltr' id='par_1_66' title="bbox 190 3493 1868 3564">
     <span class='ocr_line' id='line_1_66' title="bbox 190 3493 1868 3564; baseline 0.002 -20"><span class='ocrx_word' id='word_1_476' title='bbox 190 3493 372 3547; x_wconf 83' lang='lat' dir='ltr'>nostris</span> <span class='ocrx_word' id='word_1_477' title='bbox 415 3493 645 3564; x_wconf 85' lang='lat' dir='ltr'>fulgeat</span> <span class='ocrx_word' id='word_1_478' title='bbox 675 3493 796 3546; x_wconf 91' lang='lat' dir='ltr'>dies</span> <span class='ocrx_word' id='word_1_479' title='bbox 826 3494 1039 3548; x_wconf 75' lang='lat' dir='ltr'>officii:</span> <span class='ocrx_word' id='word_1_480' title='bbox 1085 3496 1243 3549; x_wconf 88' lang='lat' dir='ltr'>nulla</span> <span class='ocrx_word' id='word_1_481' title='bbox 1273 3494 1660 3564; x_wconf 87' lang='lat' dir='ltr'>subreptione,</span> <span class='ocrx_word' id='word_1_482' title='bbox 1696 3494 1868 3548; x_wconf 88' lang='lat' dir='ltr'>nullis</span> 
     </span>
    </p>
   </div>
   <div class='ocr_carea' id='block_1_67' title="bbox 187 3580 1865 3654">
    <p class='ocr_par' dir='ltr' id='par_1_67' title="bbox 187 3580 1865 3654">
     <span class='ocr_line' id='line_1_67' title="bbox 187 3580 1865 3654; baseline 0.002 -21"><span class='ocrx_word' id='word_1_483' title='bbox 187 3580 376 3636; x_wconf 87' lang='lat' dir='ltr'>diaboli</span> <span class='ocrx_word' id='word_1_484' title='bbox 404 3583 823 3638; x_wconf 85' lang='lat' dir='ltr'>blandimentis</span> <span class='ocrx_word' id='word_1_485' title='bbox 865 3588 1064 3653; x_wconf 88' lang='lat' dir='ltr'>pereat</span> <span class='ocrx_word' id='word_1_486' title='bbox 1102 3584 1256 3654; x_wconf 90' lang='lat' dir='ltr'>quod</span> <span class='ocrx_word' id='word_1_487' title='bbox 1297 3599 1601 3638; x_wconf 90' lang='lat' dir='ltr'>vocamur:</span> <span class='ocrx_word' id='word_1_488' title='bbox 1645 3600 1759 3637; x_wconf 90' lang='lat' dir='ltr'>non</span> <span class='ocrx_word' id='word_1_489' title='bbox 1792 3584 1865 3637; x_wconf 88' lang='lat' dir='ltr'>li-</span> 
     </span>
    </p>
   </div>
   <div class='ocr_carea' id='block_1_68' title="bbox 183 3672 1867 3743">
    <p class='ocr_par' dir='ltr' id='par_1_68' title="bbox 183 3672 1867 3743">
     <span class='ocr_line' id='line_1_68' title="bbox 183 3672 1867 3743; baseline 0.002 -20"><span class='ocrx_word' id='word_1_490' title='bbox 183 3677 285 3726; x_wconf 85' lang='lat' dir='ltr'>ceat</span> <span class='ocrx_word' id='word_1_491' title='bbox 325 3672 655 3738; x_wconf 87' lang='lat' dir='ltr'>admisisse,</span> <span class='ocrx_word' id='word_1_492' title='bbox 702 3672 855 3743; x_wconf 91' lang='lat' dir='ltr'>quod</span> <span class='ocrx_word' id='word_1_493' title='bbox 904 3688 1019 3726; x_wconf 90' lang='lat' dir='ltr'>non</span> <span class='ocrx_word' id='word_1_494' title='bbox 1058 3673 1252 3727; x_wconf 91' lang='lat' dir='ltr'>decet:</span> <span class='ocrx_word' id='word_1_495' title='bbox 1298 3673 1436 3727; x_wconf 90' lang='lat' dir='ltr'>recti</span> <span class='ocrx_word' id='word_1_496' title='bbox 1479 3672 1756 3740; x_wconf 89' lang='lat' dir='ltr'>studium,</span> <span class='ocrx_word' id='word_1_497' title='bbox 1788 3677 1867 3727; x_wconf 88' lang='lat' dir='ltr'>te-</span> 
     </span>
    </p>
   </div>
   <div class='ocr_carea' id='block_1_69' title="bbox 184 3760 1864 3830">
    <p class='ocr_par' dir='ltr' id='par_1_69' title="bbox 184 3760 1864 3830">
     <span class='ocr_line' id='line_1_69' title="bbox 184 3760 1864 3830; baseline 0.004 -19"><span class='ocrx_word' id='word_1_498' title='bbox 184 3760 511 3830; x_wconf 80' lang='lat' dir='ltr'>imperante,</span> <span class='ocrx_word' id='word_1_499' title='bbox 535 3766 791 3816; x_wconf 87' lang='lat' dir='ltr'>transeat</span> <span class='ocrx_word' id='word_1_500' title='bbox 813 3761 871 3815; x_wconf 91' lang='lat' dir='ltr'>iu</span> <span class='ocrx_word' id='word_1_501' title='bbox 910 3767 1177 3817; x_wconf 90' lang='lat' dir='ltr'>naturam</span> <span class='ocrx_word' id='word_1_502' title='bbox 1203 3779 1215 3817; x_wconf 91' lang='lat'>:</span> <span class='ocrx_word' id='word_1_503' title='bbox 1245 3762 1392 3816; x_wconf 88' lang='lat' dir='ltr'>adsit</span> <span class='ocrx_word' id='word_1_504' title='bbox 1414 3762 1625 3817; x_wconf 89' lang='lat' dir='ltr'>muniis</span> <span class='ocrx_word' id='word_1_505' title='bbox 1655 3762 1864 3817; x_wconf 87' lang='lat' dir='ltr'>nostris</span> 
     </span>
    </p>
   </div>
   <div class='ocr_carea' id='block_1_70' title="bbox 182 3849 1863 3921">
    <p class='ocr_par' dir='ltr' id='par_1_70' title="bbox 182 3849 1863 3921">
     <span class='ocr_line' id='line_1_70' title="bbox 182 3849 1863 3921; baseline 0.001 -19"><span class='ocrx_word' id='word_1_506' title='bbox 182 3850 393 3919; x_wconf 62' lang='lat' dir='ltr'>aequalis</span> <span class='ocrx_word' id='word_1_507' title='bbox 444 3849 749 3920; x_wconf 88' lang='lat' dir='ltr'>operatio:</span> <span class='ocrx_word' id='word_1_508' title='bbox 805 3850 1123 3921; x_wconf 87' lang='lat' dir='ltr'>composita</span> <span class='ocrx_word' id='word_1_509' title='bbox 1169 3850 1436 3905; x_wconf 90' lang='lat' dir='ltr'>servitute</span> <span class='ocrx_word' id='word_1_510' title='bbox 1482 3851 1713 3905; x_wconf 89' lang='lat' dir='ltr'>beatum</span> <span class='ocrx_word' id='word_1_511' title='bbox 1744 3866 1863 3905; x_wconf 91' lang='lat' dir='ltr'>cre-</span> 
     </span>
    </p>
   </div>
   <div class='ocr_carea' id='block_1_71' title="bbox 182 3938 1866 4011">
    <p class='ocr_par' dir='ltr' id='par_1_71' title="bbox 182 3938 1866 4011">
     <span class='ocr_line' id='line_1_71' title="bbox 182 3938 1866 4011; baseline 0.003 -21"><span class='ocrx_word' id='word_1_512' title='bbox 182 3944 279 3991; x_wconf 79' lang='lat' dir='ltr'>scat</span> <span class='ocrx_word' id='word_1_513' title='bbox 303 3939 650 4009; x_wconf 85' lang='lat' dir='ltr'>imperium,</span> <span class='ocrx_word' id='word_1_514' title='bbox 680 3954 787 3993; x_wconf 89' lang='lat' dir='ltr'>nec</span> <span class='ocrx_word' id='word_1_515' title='bbox 817 3938 1102 4009; x_wconf 85' lang='lat' dir='ltr'>subjaceat</span> <span class='ocrx_word' id='word_1_516' title='bbox 1132 3940 1409 4008; x_wconf 88' lang='lat' dir='ltr'>moribus,</span> <span class='ocrx_word' id='word_1_517' title='bbox 1435 3940 1534 4011; x_wconf 85' lang='lat' dir='ltr'>qui</span> <span class='ocrx_word' id='word_1_518' title='bbox 1565 3940 1866 4010; x_wconf 66' lang='lat' dir='ltr'>praeminet</span> 
     </span>
    </p>
   </div>
   <div class='ocr_carea' id='block_1_72' title="bbox 180 4026 1858 4098">
    <p class='ocr_par' dir='ltr' id='par_1_72' title="bbox 180 4026 1858 4098">
     <span class='ocr_line' id='line_1_72' title="bbox 180 4026 1858 4098; baseline 0.002 -18"><span class='ocrx_word' id='word_1_519' title='bbox 180 4026 476 4097; x_wconf 81' lang='lat' dir='ltr'>dignitate:</span> <span class='ocrx_word' id='word_1_520' title='bbox 519 4044 626 4098; x_wconf 90' lang='lat' dir='ltr'>per</span> <span class='ocrx_word' id='word_1_521' title='bbox 666 4026 973 4082; x_wconf 87' lang='lat' dir='ltr'>Dominum</span> <span class='ocrx_word' id='word_1_522' title='bbox 1022 4032 1285 4083; x_wconf 89' lang='lat' dir='ltr'>nostrum</span> <span class='ocrx_word' id='word_1_523' title='bbox 1315 4031 1509 4084; x_wconf 80' lang='lat' dir='ltr'>.lesum</span> <span class='ocrx_word' id='word_1_524' title='bbox 1552 4030 1858 4084; x_wconf 89' lang='lat' dir='ltr'>Christum.</span> 
     </span>
    </p>
   </div>
   <div class='ocr_carea' id='block_1_73' title="bbox 630 4131 1383 4175">
    <p class='ocr_par' dir='ltr' id='par_1_73' title="bbox 630 4131 1383 4175">
     <span class='ocr_line' id='line_1_73' title="bbox 630 4131 1383 4175; baseline 0.005 -4"><span class='ocrx_word' id='word_1_525' title='bbox 630 4131 867 4173; x_wconf 76' lang='lat' dir='ltr'>ORATIO</span> <span class='ocrx_word' id='word_1_526' title='bbox 912 4133 1071 4173; x_wconf 73' lang='lat' dir='ltr'><strong>ANTE</strong></span> <span class='ocrx_word' id='word_1_527' title='bbox 1118 4134 1383 4175; x_wconf 67' lang='lat' dir='ltr'>ﬂlSSAM.</span> 
     </span>
    </p>
   </div>
   <div class='ocr_carea' id='block_1_74' title="bbox 236 4206 1858 4274">
    <p class='ocr_par' dir='ltr' id='par_1_74' title="bbox 236 4206 1858 4274">
     <span class='ocr_line' id='line_1_74' title="bbox 236 4206 1858 4274; baseline 0.001 -14"><span class='ocrx_word' id='word_1_528' title='bbox 236 4206 482 4261; x_wconf 86' lang='lat' dir='ltr'>Collator</span> <span class='ocrx_word' id='word_1_529' title='bbox 540 4206 826 4261; x_wconf 86' lang='lat' dir='ltr'>bonorum</span> <span class='ocrx_word' id='word_1_530' title='bbox 873 4208 1042 4274; x_wconf 90' lang='lat' dir='ltr'>Deus,</span> <span class='ocrx_word' id='word_1_531' title='bbox 1076 4208 1169 4263; x_wconf 91' lang='lat' dir='ltr'>cui</span> <span class='ocrx_word' id='word_1_532' title='bbox 1213 4208 1445 4263; x_wconf 76' lang='lat' dir='ltr'>effectus</span> <span class='ocrx_word' id='word_1_533' title='bbox 1491 4208 1550 4263; x_wconf 91' lang='lat' dir='ltr'>in</span> <span class='ocrx_word' id='word_1_534' title='bbox 1584 4212 1715 4263; x_wconf 93' lang='lat' dir='ltr'>voto</span> <span class='ocrx_word' id='word_1_535' title='bbox 1742 4211 1858 4263; x_wconf 91' lang='lat' dir='ltr'>est:</span> 
     </span>
    </p>
   </div>
   <div class='ocr_carea' id='block_1_75' title="bbox 1984 3045 3678 3117">
    <p class='ocr_par' dir='ltr' id='par_1_75' title="bbox 1984 3045 3678 3117">
     <span class='ocr_line' id='line_1_75' title="bbox 1984 3045 3678 3117; baseline -0.002 -14"><span class='ocrx_word' id='word_1_536' title='bbox 1984 3050 2194 3104; x_wconf 89' lang='lat' dir='ltr'>milites</span> <span class='ocrx_word' id='word_1_537' title='bbox 2239 3048 2333 3103; x_wconf 91' lang='lat' dir='ltr'>ille</span> <span class='ocrx_word' id='word_1_538' title='bbox 2380 3047 2817 3103; x_wconf 88' lang='lat' dir='ltr'>contentionum</span> <span class='ocrx_word' id='word_1_539' title='bbox 2865 3062 3101 3117; x_wconf 90' lang='lat' dir='ltr'>campus</span> <span class='ocrx_word' id='word_1_540' title='bbox 3148 3046 3471 3101; x_wconf 88' lang='lat' dir='ltr'>examinat:</span> <span class='ocrx_word' id='word_1_541' title='bbox 3531 3045 3678 3100; x_wconf 89' lang='lat' dir='ltr'>sicut</span> 
     </span>
    </p>
   </div>
   <div class='ocr_carea' id='block_1_76' title="bbox 1981 3134 3672 3209">
    <p class='ocr_par' dir='ltr' id='par_1_76' title="bbox 1981 3134 3672 3209">
     <span class='ocr_line' id='line_1_76' title="bbox 1981 3134 3672 3209; baseline -0.001 -17"><span class='ocrx_word' id='word_1_542' title='bbox 1981 3139 2256 3208; x_wconf 92' lang='lat' dir='ltr'>scriptum</span> <span class='ocrx_word' id='word_1_543' title='bbox 2283 3142 2368 3192; x_wconf 87' lang='lat' dir='ltr'>est</span> <span class='ocrx_word' id='word_1_544' title='bbox 2392 3154 2404 3192; x_wconf 94' lang='lat'>:</span> <span class='ocrx_word' id='word_1_545' title='bbox 2440 3139 2672 3209; x_wconf 84' lang='lat' dir='ltr'>Oportet</span> <span class='ocrx_word' id='word_1_546' title='bbox 2700 3151 2822 3191; x_wconf 87' lang='lat' dir='ltr'>esse</span> <span class='ocrx_word' id='word_1_547' title='bbox 2852 3134 3168 3193; x_wconf 83' lang='lat' dir='ltr'>certamina</span> <span class='ocrx_word' id='word_1_548' title='bbox 3198 3138 3258 3190; x_wconf 85' lang='lat' dir='ltr'>ut</span> <span class='ocrx_word' id='word_1_549' title='bbox 3286 3134 3513 3206; x_wconf 83' lang='lat' dir='ltr'>probati</span> <span class='ocrx_word' id='word_1_550' title='bbox 3546 3150 3672 3190; x_wconf 87' lang='lat' dir='ltr'>ma-</span> 
     </span>
    </p>
   </div>
   <div class='ocr_carea' id='block_1_77' title="bbox 1979 3223 3675 3297">
    <p class='ocr_par' dir='ltr' id='par_1_77' title="bbox 1979 3223 3675 3297">
     <span class='ocr_line' id='line_1_77' title="bbox 1979 3223 3675 3297; baseline -0.002 -15"><span class='ocrx_word' id='word_1_551' title='bbox 1979 3227 2337 3296; x_wconf 78' lang='lat' dir='ltr'>nifesti/iant</span> <span class='ocrx_word' id='word_1_552' title='bbox 2359 3228 2420 3295; x_wconf 92' lang='grc' dir='ltr'>(Ι</span> <span class='ocrx_word' id='word_1_553' title='bbox 2444 3229 2575 3281; x_wconf 88' lang='lat' dir='ltr'>Cor.</span> <span class='ocrx_word' id='word_1_554' title='bbox 2605 3243 2679 3287; x_wconf 82' lang='lat' dir='ltr'>ix,</span> <span class='ocrx_word' id='word_1_555' title='bbox 2719 3226 2824 3297; x_wconf 88' lang='lat' dir='ltr'>l9).</span> <span class='ocrx_word' id='word_1_556' title='bbox 2849 3226 3015 3296; x_wconf 84' lang='lat' dir='ltr'>Apud</span> <span class='ocrx_word' id='word_1_557' title='bbox 3049 3241 3220 3296; x_wconf 92' lang='lat' dir='ltr'>quem</span> <span class='ocrx_word' id='word_1_558' title='bbox 3244 3223 3675 3295; x_wconf 73' lang='lat' dir='ltr'>[Chalcedonen-</span> 
     </span>
    </p>
   </div>
   <div class='ocr_carea' id='block_1_78' title="bbox 1979 3312 3674 3383">
    <p class='ocr_par' dir='ltr' id='par_1_78' title="bbox 1979 3312 3674 3383">
     <span class='ocr_line' id='line_1_78' title="bbox 1979 3312 3674 3383; baseline -0.002 -12"><span class='ocrx_word' id='word_1_559' title='bbox 1979 3318 2055 3372; x_wconf 91' lang='lat' dir='ltr'>sis</span> <span class='ocrx_word' id='word_1_560' title='bbox 2106 3334 2219 3372; x_wconf 89' lang='lat' dir='ltr'>non</span> <span class='ocrx_word' id='word_1_561' title='bbox 2271 3316 2410 3370; x_wconf 89' lang='lat' dir='ltr'>vivit</span> <span class='ocrx_word' id='word_1_562' title='bbox 2449 3316 2921 3371; x_wconf 90' lang='lat' dir='ltr'>commemoratio</span> <span class='ocrx_word' id='word_1_563' title='bbox 2962 3316 3286 3369; x_wconf 90' lang='lat' dir='ltr'>veneranda</span> <span class='ocrx_word' id='word_1_564' title='bbox 3325 3313 3574 3383; x_wconf 85' lang='lat' dir='ltr'>concilii,</span> <span class='ocrx_word' id='word_1_565' title='bbox 3611 3312 3674 3368; x_wconf 90' lang='lat' dir='ltr'>in</span> 
     </span>
    </p>
   </div>
   <div class='ocr_carea' id='block_1_79' title="bbox 1977 3402 3672 3478">
    <p class='ocr_par' dir='ltr' id='par_1_79' title="bbox 1977 3402 3672 3478">
     <span class='ocr_line' id='line_1_79' title="bbox 1977 3402 3672 3478; baseline -0.001 -18"><span class='ocrx_word' id='word_1_566' title='bbox 1977 3423 2091 3478; x_wconf 88' lang='lat' dir='ltr'>quo</span> <span class='ocrx_word' id='word_1_567' title='bbox 2122 3406 2424 3461; x_wconf 87' lang='lat' dir='ltr'>Dioscorus</span> <span class='ocrx_word' id='word_1_568' title='bbox 2469 3422 2598 3461; x_wconf 90' lang='lat' dir='ltr'>cum</span> <span class='ocrx_word' id='word_1_569' title='bbox 2645 3405 3021 3461; x_wconf 87' lang='lat' dir='ltr'>sectatoribus</span> <span class='ocrx_word' id='word_1_570' title='bbox 3072 3404 3189 3459; x_wconf 90' lang='lat' dir='ltr'>suis</span> <span class='ocrx_word' id='word_1_571' title='bbox 3231 3405 3375 3476; x_wconf 85' lang='lat' dir='ltr'>stylo</span> <span class='ocrx_word' id='word_1_572' title='bbox 3424 3404 3536 3475; x_wconf 67' lang='lat' dir='ltr'>piae</span> <span class='ocrx_word' id='word_1_573' title='bbox 3586 3402 3672 3458; x_wconf 87' lang='lat' dir='ltr'>di-</span> 
     </span>
    </p>
   </div>
   <div class='ocr_carea' id='block_1_80' title="bbox 1975 3492 3671 3563">
    <p class='ocr_par' dir='ltr' id='par_1_80' title="bbox 1975 3492 3671 3563">
     <span class='ocr_line' id='line_1_80' title="bbox 1975 3492 3671 3563; baseline -0.001 -13"><span class='ocrx_word' id='word_1_574' title='bbox 1975 3496 2286 3551; x_wconf 90' lang='lat' dir='ltr'>strictionis</span> <span class='ocrx_word' id='word_1_575' title='bbox 2315 3496 2572 3551; x_wconf 90' lang='lat' dir='ltr'>addictus</span> <span class='ocrx_word' id='word_1_576' title='bbox 2603 3500 2709 3563; x_wconf 89' lang='lat' dir='ltr'>est,</span> <span class='ocrx_word' id='word_1_577' title='bbox 2755 3499 2811 3549; x_wconf 89' lang='lat' dir='ltr'>et</span> <span class='ocrx_word' id='word_1_578' title='bbox 2854 3500 3061 3549; x_wconf 60' lang='lat' dir='ltr'>sancta;</span> <span class='ocrx_word' id='word_1_579' title='bbox 3088 3495 3385 3549; x_wconf 63' lang='lat' dir='ltr'>memoria</span> <span class='ocrx_word' id='word_1_580' title='bbox 3415 3492 3671 3548; x_wconf 89' lang='lat' dir='ltr'>Flaviani</span> 
     </span>
    </p>
   </div>
   <div class='ocr_carea' id='block_1_81' title="bbox 1975 3583 3671 3655">
    <p class='ocr_par' dir='ltr' id='par_1_81' title="bbox 1975 3583 3671 3655">
     <span class='ocr_line' id='line_1_81' title="bbox 1975 3583 3671 3655; baseline -0.002 -15"><span class='ocrx_word' id='word_1_581' title='bbox 1975 3586 2265 3641; x_wconf 89' lang='lat' dir='ltr'>adoranda</span> <span class='ocrx_word' id='word_1_582' title='bbox 2320 3586 2675 3640; x_wconf 89' lang='lat' dir='ltr'>monimenta</span> <span class='ocrx_word' id='word_1_583' title='bbox 2708 3586 2992 3639; x_wconf 90' lang='lat' dir='ltr'>exsultans</span> <span class='ocrx_word' id='word_1_584' title='bbox 3036 3583 3671 3655; x_wconf 82' lang='lat' dir='ltr'>Constantinopolitana</span> 
     </span>
    </p>
   </div>
   <div class='ocr_carea' id='block_1_82' title="bbox 1974 3674 3669 3747">
    <p class='ocr_par' dir='ltr' id='par_1_82' title="bbox 1974 3674 3669 3747">
     <span class='ocr_line' id='line_1_82' title="bbox 1974 3674 3669 3747; baseline -0.001 -17"><span class='ocrx_word' id='word_1_585' title='bbox 1974 3676 2171 3731; x_wconf 87' lang='lat' dir='ltr'>civitas</span> <span class='ocrx_word' id='word_1_586' title='bbox 2216 3676 2450 3747; x_wconf 88' lang='lat' dir='ltr'>recepit,</span> <span class='ocrx_word' id='word_1_587' title='bbox 2487 3676 2650 3745; x_wconf 89' lang='lat' dir='ltr'>cujus</span> <span class='ocrx_word' id='word_1_588' title='bbox 2694 3676 2813 3746; x_wconf 89' lang='lat' dir='ltr'>jam</span> <span class='ocrx_word' id='word_1_589' title='bbox 2844 3675 3071 3746; x_wconf 91' lang='lat' dir='ltr'>pridem</span> <span class='ocrx_word' id='word_1_590' title='bbox 3110 3674 3476 3729; x_wconf 87' lang='lat' dir='ltr'>firmaverant</span> <span class='ocrx_word' id='word_1_591' title='bbox 3501 3674 3669 3729; x_wconf 69' lang='lat' dir='ltr'>cmic-</span> 
     </span>
    </p>
   </div>
   <div class='ocr_carea' id='block_1_83' title="bbox 1974 3763 3669 3832">
    <p class='ocr_par' dir='ltr' id='par_1_83' title="bbox 1974 3763 3669 3832">
     <span class='ocr_line' id='line_1_83' title="bbox 1974 3763 3669 3832; baseline -0.001 -14"><span class='ocrx_word' id='word_1_592' title='bbox 1974 3766 2079 3819; x_wconf 91' lang='lat' dir='ltr'>stia</span> <span class='ocrx_word' id='word_1_593' title='bbox 2133 3764 2357 3819; x_wconf 88' lang='lat' dir='ltr'>decreta</span> <span class='ocrx_word' id='word_1_594' title='bbox 2400 3764 2740 3820; x_wconf 90' lang='lat' dir='ltr'>sententiam</span> <span class='ocrx_word' id='word_1_595' title='bbox 2767 3764 2794 3818; x_wconf 89' lang='lat'><strong>?</strong></span> <span class='ocrx_word' id='word_1_596' title='bbox 2822 3767 2844 3800; x_wconf 83' lang='grc'><strong><em>²</em></strong></span> <span class='ocrx_word' id='word_1_597' title='bbox 2896 3764 2995 3819; x_wconf 92' lang='lat' dir='ltr'>Ubi</span> <span class='ocrx_word' id='word_1_598' title='bbox 3029 3764 3289 3832; x_wconf 89' lang='lat' dir='ltr'>gentium</span> <span class='ocrx_word' id='word_1_599' title='bbox 3335 3763 3669 3817; x_wconf 89' lang='lat' dir='ltr'>Timotheus</span> 
     </span>
    </p>
   </div>
   <div class='ocr_carea' id='block_1_84' title="bbox 1972 3850 3665 3924">
    <p class='ocr_par' dir='ltr' id='par_1_84' title="bbox 1972 3850 3665 3924">
     <span class='ocr_line' id='line_1_84' title="bbox 1972 3850 3665 3924; baseline -0.002 -16"><span class='ocrx_word' id='word_1_600' title='bbox 1972 3852 2292 3924; x_wconf 88' lang='lat' dir='ltr'>ignoratur,</span> <span class='ocrx_word' id='word_1_601' title='bbox 2327 3853 2427 3923; x_wconf 91' lang='lat' dir='ltr'>qui</span> <span class='ocrx_word' id='word_1_602' title='bbox 2462 3858 2695 3924; x_wconf 89' lang='lat' dir='ltr'>propter</span> <span class='ocrx_word' id='word_1_603' title='bbox 2721 3852 3099 3923; x_wconf 67' lang='lat' dir='ltr'>suscipiendas</span> <span class='ocrx_word' id='word_1_604' title='bbox 3131 3854 3227 3921; x_wconf 87' lang='lat' dir='ltr'>(an</span> <span class='ocrx_word' id='word_1_605' title='bbox 3266 3850 3665 3922; x_wconf 71' lang='lat' dir='ltr'>suspiciendas)</span> 
     </span>
    </p>
   </div>
   <div class='ocr_carea' id='block_1_85' title="bbox 1974 3941 3667 4013">
    <p class='ocr_par' dir='ltr' id='par_1_85' title="bbox 1974 3941 3667 4013">
     <span class='ocr_line' id='line_1_85' title="bbox 1974 3941 3667 4013; baseline -0.003 -14"><span class='ocrx_word' id='word_1_606' title='bbox 1974 3942 2383 3999; x_wconf 88' lang='lat' dir='ltr'>recordationis</span> <span class='ocrx_word' id='word_1_607' title='bbox 2424 3943 2664 3997; x_wconf 88' lang='lat' dir='ltr'>Proterii</span> <span class='ocrx_word' id='word_1_608' title='bbox 2697 3942 2911 3996; x_wconf 66' lang='lat' dir='ltr'>caedem</span> <span class='ocrx_word' id='word_1_609' title='bbox 2946 3941 3072 3996; x_wconf 85' lang='lat' dir='ltr'>ﬁeri</span> <span class='ocrx_word' id='word_1_610' title='bbox 3105 3942 3231 4013; x_wconf 89' lang='lat' dir='ltr'>plus</span> <span class='ocrx_word' id='word_1_611' title='bbox 3258 3942 3451 4013; x_wconf 82' lang='lat' dir='ltr'>&#39;quam</span> <span class='ocrx_word' id='word_1_612' title='bbox 3482 3941 3667 4011; x_wconf 88' lang='lat' dir='ltr'>patri-</span> 
     </span>
    </p>
   </div>
   <div class='ocr_carea' id='block_1_86' title="bbox 1973 4029 3665 4103">
    <p class='ocr_par' dir='ltr' id='par_1_86' title="bbox 1973 4029 3665 4103">
     <span class='ocr_line' id='line_1_86' title="bbox 1973 4029 3665 4103; baseline -0.001 -17"><span class='ocrx_word' id='word_1_613' title='bbox 1973 4032 2098 4086; x_wconf 86' lang='lat' dir='ltr'>cida</span> <span class='ocrx_word' id='word_1_614' title='bbox 2129 4047 2242 4085; x_wconf 90' lang='lat' dir='ltr'>non</span> <span class='ocrx_word' id='word_1_615' title='bbox 2273 4030 2547 4086; x_wconf 83' lang='lat' dir='ltr'>horruit?</span> <span class='ocrx_word' id='word_1_616' title='bbox 2597 4033 2737 4086; x_wconf 88' lang='lat' dir='ltr'>Nam</span> <span class='ocrx_word' id='word_1_617' title='bbox 2773 4031 2911 4085; x_wconf 90' lang='lat' dir='ltr'>sacri</span> <span class='ocrx_word' id='word_1_618' title='bbox 2932 4031 3329 4102; x_wconf 89' lang='lat' dir='ltr'>persecutione</span> <span class='ocrx_word' id='word_1_619' title='bbox 3361 4029 3665 4103; x_wconf 86' lang='lat' dir='ltr'>pontificis,</span> 
     </span>
    </p>
   </div>
   <div class='ocr_carea' id='block_1_87' title="bbox 1974 4120 3666 4191">
    <p class='ocr_par' dir='ltr' id='par_1_87' title="bbox 1974 4120 3666 4191">
     <span class='ocr_line' id='line_1_87' title="bbox 1974 4120 3666 4191; baseline -0.003 -14"><span class='ocrx_word' id='word_1_620' title='bbox 1974 4126 2032 4177; x_wconf 87' lang='lat' dir='ltr'>et.</span> <span class='ocrx_word' id='word_1_621' title='bbox 2060 4137 2269 4191; x_wconf 87' lang='lat' dir='ltr'>genera</span> <span class='ocrx_word' id='word_1_622' title='bbox 2295 4120 2600 4174; x_wconf 90' lang='lat' dir='ltr'>criminum</span> <span class='ocrx_word' id='word_1_623' title='bbox 2642 4121 2777 4174; x_wconf 89' lang='lat' dir='ltr'>vicit</span> <span class='ocrx_word' id='word_1_624' title='bbox 2814 4126 2869 4174; x_wconf 89' lang='lat' dir='ltr'>et</span> <span class='ocrx_word' id='word_1_625' title='bbox 2898 4120 3152 4175; x_wconf 88' lang='lat' dir='ltr'>nomina.</span> <span class='ocrx_word' id='word_1_626' title='bbox 3178 4126 3198 4156; x_wconf 85' lang='grc'>³</span> <span class='ocrx_word' id='word_1_627' title='bbox 3230 4121 3417 4175; x_wconf 89' lang='lat' dir='ltr'>Scitur</span> <span class='ocrx_word' id='word_1_628' title='bbox 3445 4122 3666 4186; x_wconf 87' lang='lat' dir='ltr'>Petrus,</span> 
     </span>
    </p>
   </div>
   <div class='ocr_carea' id='block_1_88' title="bbox 1972 4209 3667 4281">
    <p class='ocr_par' dir='ltr' id='par_1_88' title="bbox 1972 4209 3667 4281">
     <span class='ocr_line' id='line_1_88' title="bbox 1972 4209 3667 4281; baseline -0.002 -16"><span class='ocrx_word' id='word_1_629' title='bbox 1972 4214 2029 4265; x_wconf 88' lang='lat' dir='ltr'>et</span> <span class='ocrx_word' id='word_1_630' title='bbox 2072 4212 2269 4281; x_wconf 84' lang='lat' dir='ltr'>Cyrus,</span> <span class='ocrx_word' id='word_1_631' title='bbox 2317 4214 2374 4263; x_wconf 88' lang='lat' dir='ltr'>et</span> <span class='ocrx_word' id='word_1_632' title='bbox 2418 4209 2769 4277; x_wconf 91' lang='lat' dir='ltr'>Timotheus,</span> <span class='ocrx_word' id='word_1_633' title='bbox 2832 4210 2934 4279; x_wconf 90' lang='lat' dir='ltr'>qui</span> <span class='ocrx_word' id='word_1_634' title='bbox 2982 4210 3121 4263; x_wconf 92' lang='lat' dir='ltr'>dum</span> <span class='ocrx_word' id='word_1_635' title='bbox 3170 4209 3383 4279; x_wconf 86' lang='lat' dir='ltr'>jacenti</span> <span class='ocrx_word' id='word_1_636' title='bbox 3428 4224 3667 4263; x_wconf 86' lang='lat' dir='ltr'>manum</span> 
     </span>
    </p>
   </div>
   <div class='ocr_carea' id='block_1_89' title="bbox 181 4293 3665 4378">
    <p class='ocr_par' dir='ltr' id='par_1_89' title="bbox 181 4293 3665 4378">
     <span class='ocr_line' id='line_1_89' title="bbox 181 4293 3665 4378; baseline 0.001 -32"><span class='ocrx_word' id='word_1_637' title='bbox 181 4293 265 4362; x_wconf 82' lang='lat' dir='ltr'>qui</span> <span class='ocrx_word' id='word_1_638' title='bbox 311 4294 380 4347; x_wconf 91' lang='lat' dir='ltr'>de</span> <span class='ocrx_word' id='word_1_639' title='bbox 429 4294 631 4348; x_wconf 70' lang='lat' dir='ltr'>medio</span> <span class='ocrx_word' id='word_1_640' title='bbox 673 4295 875 4365; x_wconf 88' lang='lat' dir='ltr'>populi</span> <span class='ocrx_word' id='word_1_641' title='bbox 927 4297 1156 4367; x_wconf 85' lang='lat' dir='ltr'>Moysen</span> <span class='ocrx_word' id='word_1_642' title='bbox 1184 4296 1245 4350; x_wconf 93' lang='lat' dir='ltr'>in</span> <span class='ocrx_word' id='word_1_643' title='bbox 1285 4296 1581 4368; x_wconf 67' lang='lat' dir='ltr'>propheta:</span> <span class='ocrx_word' id='word_1_644' title='bbox 1621 4312 1863 4368; x_wconf 89' lang='lat' dir='ltr'>persona</span> <span class='ocrx_word' id='word_1_645' title='bbox 1903 4300 2241 4378; x_wconf 80' lang='lat' dir='ltr'>DDioscoro</span> <span class='ocrx_word' id='word_1_646' title='bbox 2295 4298 2616 4370; x_wconf 87' lang='lat' dir='ltr'>porrigunt,</span> <span class='ocrx_word' id='word_1_647' title='bbox 2665 4303 3041 4353; x_wconf 90' lang='lat' dir='ltr'>corruerunt:</span> <span class='ocrx_word' id='word_1_648' title='bbox 3095 4298 3156 4352; x_wconf 90' lang='lat' dir='ltr'>hi</span> <span class='ocrx_word' id='word_1_649' title='bbox 3205 4298 3274 4352; x_wconf 91' lang='lat' dir='ltr'>de</span> <span class='ocrx_word' id='word_1_650' title='bbox 3324 4312 3665 4368; x_wconf 66' lang='lat' dir='ltr'>praecessore</span> 
     </span>
    </p>
   </div>
   <div class='ocr_carea' id='block_1_90' title="bbox 178 4380 1860 4456">
    <p class='ocr_par' dir='ltr' id='par_1_90' title="bbox 178 4380 1860 4456">
     <span class='ocr_line' id='line_1_90' title="bbox 178 4380 1860 4456; baseline 0.003 -21"><span class='ocrx_word' id='word_1_651' title='bbox 178 4380 467 4438; x_wconf 89' lang='lat' dir='ltr'>dedicasti:</span> <span class='ocrx_word' id='word_1_652' title='bbox 511 4398 646 4436; x_wconf 89' lang='lat' dir='ltr'>nam</span> <span class='ocrx_word' id='word_1_653' title='bbox 674 4383 811 4437; x_wconf 91' lang='lat' dir='ltr'>dum</span> <span class='ocrx_word' id='word_1_654' title='bbox 839 4387 1101 4456; x_wconf 90' lang='lat' dir='ltr'>queritur</span> <span class='ocrx_word' id='word_1_655' title='bbox 1132 4386 1201 4440; x_wconf 92' lang='lat' dir='ltr'>de</span> <span class='ocrx_word' id='word_1_656' title='bbox 1232 4386 1642 4453; x_wconf 84' lang='lat' dir='ltr'>imbecillitate,</span> <span class='ocrx_word' id='word_1_657' title='bbox 1676 4391 1729 4440; x_wconf 92' lang='lat' dir='ltr'>te</span> <span class='ocrx_word' id='word_1_658' title='bbox 1761 4403 1860 4440; x_wconf 90' lang='lat' dir='ltr'>au-</span> 
     </span>
    </p>
   </div>
   <div class='ocr_carea' id='block_1_91' title="bbox 180 4472 1863 4546">
    <p class='ocr_par' dir='ltr' id='par_1_91' title="bbox 180 4472 1863 4546">
     <span class='ocr_line' id='line_1_91' title="bbox 180 4472 1863 4546; baseline 0.004 -23"><span class='ocrx_word' id='word_1_659' title='bbox 180 4477 313 4526; x_wconf 84' lang='lat' dir='ltr'>ctore</span> <span class='ocrx_word' id='word_1_660' title='bbox 356 4472 697 4528; x_wconf 83' lang='lat' dir='ltr'>convaluit:</span> <span class='ocrx_word' id='word_1_661' title='bbox 753 4474 998 4545; x_wconf 85' lang='lat' dir='ltr'>sumpsit</span> <span class='ocrx_word' id='word_1_662' title='bbox 1048 4476 1317 4530; x_wconf 89' lang='lat' dir='ltr'>meritum</span> <span class='ocrx_word' id='word_1_663' title='bbox 1366 4475 1673 4546; x_wconf 79' lang='lat' dir='ltr'>pontificis,</span> <span class='ocrx_word' id='word_1_664' title='bbox 1727 4475 1863 4529; x_wconf 88' lang='lat' dir='ltr'>dum</span> 
     </span>
    </p>
   </div>
   <div class='ocr_carea' id='block_1_92' title="bbox 178 4560 1864 4635">
    <p class='ocr_par' dir='ltr' id='par_1_92' title="bbox 178 4560 1864 4635">
     <span class='ocr_line' id='line_1_92' title="bbox 178 4560 1864 4635; baseline 0.002 -21"><span class='ocrx_word' id='word_1_665' title='bbox 178 4560 342 4629; x_wconf 80' lang='lat' dir='ltr'>justus</span> <span class='ocrx_word' id='word_1_666' title='bbox 371 4562 462 4616; x_wconf 89' lang='lat' dir='ltr'>sui</span> <span class='ocrx_word' id='word_1_667' title='bbox 498 4562 719 4617; x_wconf 87' lang='lat' dir='ltr'>arbiter</span> <span class='ocrx_word' id='word_1_668' title='bbox 748 4579 806 4618; x_wconf 90' lang='lat' dir='ltr'>se</span> <span class='ocrx_word' id='word_1_669' title='bbox 832 4564 1099 4619; x_wconf 87' lang='lat' dir='ltr'>vociferat</span> <span class='ocrx_word' id='word_1_670' title='bbox 1126 4565 1206 4618; x_wconf 91' lang='lat' dir='ltr'>nil</span> <span class='ocrx_word' id='word_1_671' title='bbox 1248 4565 1471 4629; x_wconf 89' lang='lat' dir='ltr'>mereri,</span> <span class='ocrx_word' id='word_1_672' title='bbox 1512 4565 1603 4619; x_wconf 91' lang='lat' dir='ltr'>cui</span> <span class='ocrx_word' id='word_1_673' title='bbox 1646 4564 1864 4635; x_wconf 90' lang='lat' dir='ltr'>apicem</span> 
     </span>
    </p>
   </div>
   <div class='ocr_carea' id='block_1_93' title="bbox 183 4652 1863 4724">
    <p class='ocr_par' dir='ltr' id='par_1_93' title="bbox 183 4652 1863 4724">
     <span class='ocr_line' id='line_1_93' title="bbox 183 4652 1863 4724; baseline 0.002 -22"><span class='ocrx_word' id='word_1_674' title='bbox 183 4652 381 4707; x_wconf 84' lang='lat' dir='ltr'>actione</span> <span class='ocrx_word' id='word_1_675' title='bbox 432 4653 748 4707; x_wconf 87' lang='lat' dir='ltr'>sublimem</span> <span class='ocrx_word' id='word_1_676' title='bbox 796 4654 1125 4708; x_wconf 86' lang='lat' dir='ltr'>conciliavit</span> <span class='ocrx_word' id='word_1_677' title='bbox 1171 4654 1499 4709; x_wconf 89' lang='lat' dir='ltr'>humilitas:</span> <span class='ocrx_word' id='word_1_678' title='bbox 1547 4655 1618 4708; x_wconf 89' lang='lat' dir='ltr'>da</span> <span class='ocrx_word' id='word_1_679' title='bbox 1666 4669 1863 4724; x_wconf 90' lang='lat' dir='ltr'>parem</span> 
     </span>
    </p>
   </div>
   <div class='ocr_carea' id='block_1_94' title="bbox 184 4742 1865 4816">
    <p class='ocr_par' dir='ltr' id='par_1_94' title="bbox 184 4742 1865 4816">
     <span class='ocr_line' id='line_1_94' title="bbox 184 4742 1865 4816; baseline 0.005 -27"><span class='ocrx_word' id='word_1_680' title='bbox 184 4742 368 4793; x_wconf 86' lang='lat' dir='ltr'>nostris</span> <span class='ocrx_word' id='word_1_681' title='bbox 413 4742 671 4795; x_wconf 86' lang='lat' dir='ltr'>exordiis</span> <span class='ocrx_word' id='word_1_682' title='bbox 704 4744 972 4811; x_wconf 86' lang='lat' dir='ltr'>gratiam,</span> <span class='ocrx_word' id='word_1_683' title='bbox 1022 4743 1155 4813; x_wconf 88' lang='lat' dir='ltr'>quia</span> <span class='ocrx_word' id='word_1_684' title='bbox 1200 4745 1636 4816; x_wconf 87' lang='lat' dir='ltr'>propensiorem</span> <span class='ocrx_word' id='word_1_685' title='bbox 1667 4743 1865 4798; x_wconf 87' lang='lat' dir='ltr'>deberi</span> 
     </span>
    </p>
   </div>
   <div class='ocr_carea' id='block_1_95' title="bbox 182 4829 1865 4905">
    <p class='ocr_par' dir='ltr' id='par_1_95' title="bbox 182 4829 1865 4905">
     <span class='ocr_line' id='line_1_95' title="bbox 182 4829 1865 4905; baseline 0.005 -27"><span class='ocrx_word' id='word_1_686' title='bbox 182 4829 372 4883; x_wconf 83' lang='lat' dir='ltr'>actibus</span> <span class='ocrx_word' id='word_1_687' title='bbox 405 4831 775 4885; x_wconf 86' lang='lat' dir='ltr'>declaramus</span> <span class='ocrx_word' id='word_1_688' title='bbox 805 4831 1099 4887; x_wconf 84' lang='lat' dir='ltr'>offensam.</span> <span class='ocrx_word' id='word_1_689' title='bbox 1134 4836 1255 4888; x_wconf 88' lang='lat' dir='ltr'>Non</span> <span class='ocrx_word' id='word_1_690' title='bbox 1280 4840 1413 4889; x_wconf 88' lang='lat' dir='ltr'>sunt</span> <span class='ocrx_word' id='word_1_691' title='bbox 1438 4835 1710 4888; x_wconf 88' lang='lat' dir='ltr'>inusitata</span> <span class='ocrx_word' id='word_1_692' title='bbox 1737 4850 1865 4905; x_wconf 68' lang='lat' dir='ltr'>quas</span> 
     </span>
    </p>
   </div>
   <div class='ocr_carea' id='block_1_96' title="bbox 182 4917 1862 4991">
    <p class='ocr_par' dir='ltr' id='par_1_96' title="bbox 182 4917 1862 4991">
     <span class='ocr_line' id='line_1_96' title="bbox 182 4917 1862 4991; baseline 0.005 -23"><span class='ocrx_word' id='word_1_693' title='bbox 182 4917 488 4983; x_wconf 86' lang='lat' dir='ltr'>poscimus:</span> <span class='ocrx_word' id='word_1_694' title='bbox 536 4920 867 4991; x_wconf 81' lang='lat' dir='ltr'>benignitas</span> <span class='ocrx_word' id='word_1_695' title='bbox 914 4927 1012 4976; x_wconf 90' lang='lat' dir='ltr'>tua</span> <span class='ocrx_word' id='word_1_696' title='bbox 1055 4924 1381 4979; x_wconf 89' lang='lat' dir='ltr'>testimonio</span> <span class='ocrx_word' id='word_1_697' title='bbox 1414 4929 1642 4978; x_wconf 89' lang='lat' dir='ltr'>tenetur</span> <span class='ocrx_word' id='word_1_698' title='bbox 1672 4939 1862 4977; x_wconf 85' lang='lat' dir='ltr'>exem-</span> 
     </span>
    </p>
   </div>
   <div class='ocr_carea' id='block_1_97' title="bbox 242 5076 1865 5155">
    <p class='ocr_par' dir='ltr' id='par_1_97' title="bbox 242 5076 1865 5155">
     <span class='ocr_line' id='line_1_97' title="bbox 242 5076 1865 5155; baseline 0.004 -25"><span class='ocrx_word' id='word_1_699' title='bbox 242 5076 256 5108; x_wconf 73' lang='grc' dir='ltr'>ί</span> <span class='ocrx_word' id='word_1_700' title='bbox 298 5076 481 5155; x_wconf 83' lang='lat' dir='ltr'>Dicti_o</span> <span class='ocrx_word' id='word_1_701' title='bbox 508 5078 576 5133; x_wconf 88' lang='lat' dir='ltr'>de</span> <span class='ocrx_word' id='word_1_702' title='bbox 595 5079 900 5155; x_wconf 46' lang='lat' dir='ltr'>tigresibus</span> <span class='ocrx_word' id='word_1_703' title='bbox 922 5081 1322 5155; x_wconf 68' lang='lat' dir='ltr'>Orientalium]</span> <span class='ocrx_word' id='word_1_704' title='bbox 1348 5084 1580 5138; x_wconf 88' lang='lat' dir='ltr'>Lemma</span> <span class='ocrx_word' id='word_1_705' title='bbox 1600 5082 1865 5138; x_wconf 91' lang='lat' dir='ltr'>dictionis</span> 
     </span>
    </p>
   </div>
   <div class='ocr_carea' id='block_1_98' title="bbox 182 5151 1864 5225">
    <p class='ocr_par' dir='ltr' id='par_1_98' title="bbox 182 5151 1864 5225">
     <span class='ocr_line' id='line_1_98' title="bbox 182 5151 1864 5225; baseline 0.006 -27"><span class='ocrx_word' id='word_1_706' title='bbox 182 5160 282 5200; x_wconf 90' lang='lat' dir='ltr'>non</span> <span class='ocrx_word' id='word_1_707' title='bbox 311 5157 395 5225; x_wconf 81' lang='lat' dir='ltr'>est</span> <span class='ocrx_word' id='word_1_708' title='bbox 428 5151 719 5225; x_wconf 84' lang='lat' dir='ltr'>Ennodii:</span> <span class='ocrx_word' id='word_1_709' title='bbox 750 5169 883 5207; x_wconf 83' lang='lat' dir='ltr'>nam</span> <span class='ocrx_word' id='word_1_710' title='bbox 924 5154 982 5206; x_wconf 90' lang='lat' dir='ltr'>in</span> <span class='ocrx_word' id='word_1_711' title='bbox 1036 5151 1326 5209; x_wconf 74' lang='lat' dir='ltr'>veteribus</span> <span class='ocrx_word' id='word_1_712' title='bbox 1359 5155 1516 5208; x_wconf 87' lang='lat' dir='ltr'>libris</span> <span class='ocrx_word' id='word_1_713' title='bbox 1548 5161 1633 5210; x_wconf 85' lang='lat' dir='ltr'>est</span> <span class='ocrx_word' id='word_1_714' title='bbox 1665 5156 1864 5225; x_wconf 87' lang='lat' dir='ltr'>anepi-</span> 
     </span>
    </p>
   </div>
   <div class='ocr_carea' id='block_1_99' title="bbox 181 5220 1864 5292">
    <p class='ocr_par' dir='ltr' id='par_1_99' title="bbox 181 5220 1864 5292">
     <span class='ocr_line' id='line_1_99' title="bbox 181 5220 1864 5292; baseline 0.007 -21"><span class='ocrx_word' id='word_1_715' title='bbox 181 5220 405 5286; x_wconf 84' lang='lat' dir='ltr'>grapha,</span> <span class='ocrx_word' id='word_1_716' title='bbox 450 5224 702 5292; x_wconf 68' lang='lat' dir='ltr'>praefixis</span> <span class='ocrx_word' id='word_1_717' title='bbox 737 5229 963 5277; x_wconf 87' lang='lat' dir='ltr'>tantum</span> <span class='ocrx_word' id='word_1_718' title='bbox 1013 5226 1100 5279; x_wconf 89' lang='lat' dir='ltr'>his</span> <span class='ocrx_word' id='word_1_719' title='bbox 1153 5227 1357 5292; x_wconf 86' lang='lat' dir='ltr'>verbis,</span> <span class='ocrx_word' id='word_1_720' title='bbox 1411 5243 1464 5282; x_wconf 84' lang='lat' dir='ltr'><strong>1N</strong></span> <span class='ocrx_word' id='word_1_721' title='bbox 1502 5228 1727 5282; x_wconf 80' lang='lat' dir='ltr'>Cumsri</span> <span class='ocrx_word' id='word_1_722' title='bbox 1763 5220 1864 5282; x_wconf 61' lang='lat' dir='ltr'>r30-</span> 
     </span>
    </p>
   </div>
   <div class='ocr_carea' id='block_1_100' title="bbox 185 5294 1861 5367">
    <p class='ocr_par' dir='ltr' id='par_1_100' title="bbox 185 5294 1861 5367">
     <span class='ocr_line' id='line_1_100' title="bbox 185 5294 1861 5367; baseline 0.007 -28"><span class='ocrx_word' id='word_1_723' title='bbox 185 5302 329 5367; x_wconf 63' lang='lat' dir='ltr'>nis‘e.</span> <span class='ocrx_word' id='word_1_724' title='bbox 375 5294 438 5345; x_wconf 87' lang='lat' dir='ltr'>lu</span> <span class='ocrx_word' id='word_1_725' title='bbox 481 5310 548 5345; x_wconf 90' lang='lat' dir='ltr'>ea</span> <span class='ocrx_word' id='word_1_726' title='bbox 599 5310 775 5367; x_wconf 85' lang='lat' dir='ltr'>porro</span> <span class='ocrx_word' id='word_1_727' title='bbox 816 5297 963 5349; x_wconf 89' lang='lat' dir='ltr'>nihil</span> <span class='ocrx_word' id='word_1_728' title='bbox 1013 5306 1249 5366; x_wconf 84' lang='lat' dir='ltr'>apparet</span> <span class='ocrx_word' id='word_1_729' title='bbox 1295 5299 1449 5352; x_wconf 87' lang='lat' dir='ltr'>unde</span> <span class='ocrx_word' id='word_1_730' title='bbox 1504 5300 1573 5353; x_wconf 88' lang='lat' dir='ltr'>ab</span> <span class='ocrx_word' id='word_1_731' title='bbox 1604 5299 1861 5353; x_wconf 88' lang='lat' dir='ltr'>Ennodio</span> 
     </span>
    </p>
   </div>
   <div class='ocr_carea' id='block_1_101' title="bbox 182 5364 1861 5439">
    <p class='ocr_par' dir='ltr' id='par_1_101' title="bbox 182 5364 1861 5439">
     <span class='ocr_line' id='line_1_101' title="bbox 182 5364 1861 5439; baseline 0.008 -29"><span class='ocrx_word' id='word_1_732' title='bbox 182 5364 565 5439; x_wconf 80' lang='lat' dir='ltr'>potius_qua_m</span> <span class='ocrx_word' id='word_1_733' title='bbox 599 5366 666 5419; x_wconf 88' lang='lat' dir='ltr'>ab</span> <span class='ocrx_word' id='word_1_734' title='bbox 700 5366 813 5420; x_wconf 85' lang='lat' dir='ltr'>alio</span> <span class='ocrx_word' id='word_1_735' title='bbox 836 5364 1111 5436; x_wconf 81' lang='lat' dir='ltr'>quopiam</span> <span class='ocrx_word' id='word_1_736' title='bbox 1144 5369 1411 5437; x_wconf 83' lang='lat' dir='ltr'>episcopo</span> <span class='ocrx_word' id='word_1_737' title='bbox 1437 5371 1586 5422; x_wconf 87' lang='lat' dir='ltr'>dicta</span> <span class='ocrx_word' id='word_1_738' title='bbox 1613 5371 1861 5439; x_wconf 86' lang='lat' dir='ltr'>suspice-</span> 
     </span>
    </p>
   </div>
   <div class='ocr_carea' id='block_1_102' title="bbox 186 5434 1864 5512">
    <p class='ocr_par' dir='ltr' id='par_1_102' title="bbox 186 5434 1864 5512">
     <span class='ocr_line' id='line_1_102' title="bbox 186 5434 1864 5512; baseline 0.006 -29"><span class='ocrx_word' id='word_1_739' title='bbox 186 5446 319 5512; x_wconf 53' lang='lat' dir='ltr'>mur,</span> <span class='ocrx_word' id='word_1_740' title='bbox 351 5434 459 5487; x_wconf 86' lang='lat' dir='ltr'>Sed</span> <span class='ocrx_word' id='word_1_741' title='bbox 488 5435 657 5504; x_wconf 86' lang='lat' dir='ltr'>digna</span> <span class='ocrx_word' id='word_1_742' title='bbox 687 5442 772 5512; x_wconf 77' lang='lat' dir='ltr'>est</span> <span class='ocrx_word' id='word_1_743' title='bbox 803 5434 1032 5507; x_wconf 75' lang='lat' dir='ltr'>prorsus</span> <span class='ocrx_word' id='word_1_744' title='bbox 1062 5434 1262 5507; x_wconf 79' lang='lat' dir='ltr'>optimi</span> <span class='ocrx_word' id='word_1_745' title='bbox 1288 5434 1563 5512; x_wconf 81' lang='lat' dir='ltr'>cujusque</span> <span class='ocrx_word' id='word_1_746' title='bbox 1594 5434 1864 5493; x_wconf 76' lang='lat' dir='ltr'>antistitis</span> 
     </span>
    </p>
   </div>
   <div class='ocr_carea' id='block_1_103' title="bbox 186 5504 1864 5581">
    <p class='ocr_par' dir='ltr' id='par_1_103' title="bbox 186 5504 1864 5581">
     <span class='ocr_line' id='line_1_103' title="bbox 186 5504 1864 5581; baseline 0.007 -28"><span class='ocrx_word' id='word_1_747' title='bbox 186 5504 382 5581; x_wconf 63' lang='lat' dir='ltr'>studio,</span> <span class='ocrx_word' id='word_1_748' title='bbox 417 5512 485 5581; x_wconf 74' lang='lat' dir='ltr'>ut</span> <span class='ocrx_word' id='word_1_749' title='bbox 520 5524 648 5561; x_wconf 86' lang='lat' dir='ltr'>suos</span> <span class='ocrx_word' id='word_1_750' title='bbox 672 5508 743 5563; x_wconf 88' lang='lat' dir='ltr'>ab</span> <span class='ocrx_word' id='word_1_751' title='bbox 764 5504 1046 5563; x_wconf 54' lang='lat' dir='ltr'>hieresum</span> <span class='ocrx_word' id='word_1_752' title='bbox 1079 5504 1417 5578; x_wconf 75' lang='lat' dir='ltr'>contagione</span> <span class='ocrx_word' id='word_1_753' title='bbox 1448 5504 1663 5576; x_wconf 46' lang='lat' dir='ltr'>a&#39;Vocet,</span> <span class='ocrx_word' id='word_1_754' title='bbox 1695 5516 1864 5581; x_wconf 84' lang='lat' dir='ltr'>atque</span> 
     </span>
    </p>
   </div>
   <div class='ocr_carea' id='block_1_104' title="bbox 187 5577 1864 5654">
    <p class='ocr_par' dir='ltr' id='par_1_104' title="bbox 187 5577 1864 5654">
     <span class='ocr_line' id='line_1_104' title="bbox 187 5577 1864 5654; baseline 0.004 -26"><span class='ocrx_word' id='word_1_755' title='bbox 187 5588 237 5654; x_wconf 72' lang='lat' dir='ltr'>lp</span> <span class='ocrx_word' id='word_1_756' title='bbox 266 5577 673 5654; x_wconf 77' lang='lat' dir='ltr'>orthodoxaet</span> <span class='ocrx_word' id='word_1_757' title='bbox 703 5582 869 5635; x_wconf 87' lang='lat' dir='ltr'>Petro</span> <span class='ocrx_word' id='word_1_758' title='bbox 900 5598 999 5636; x_wconf 85' lang='lat' dir='ltr'>seu</span> <span class='ocrx_word' id='word_1_759' title='bbox 1033 5582 1153 5636; x_wconf 89' lang='lat' dir='ltr'>sedi</span> <span class='ocrx_word' id='word_1_760' title='bbox 1183 5577 1509 5652; x_wconf 72' lang='lat' dir='ltr'>apostolica:</span> <span class='ocrx_word' id='word_1_761' title='bbox 1537 5577 1864 5637; x_wconf 65' lang='lat' dir='ltr'>adhaerente</span> 
     </span>
    </p>
   </div>
   <div class='ocr_carea' id='block_1_105' title="bbox 188 5642 770 5705">
    <p class='ocr_par' dir='ltr' id='par_1_105' title="bbox 188 5642 770 5705">
     <span class='ocr_line' id='line_1_105' title="bbox 188 5642 770 5705; baseline 0.021 -12"><span class='ocrx_word' id='word_1_762' title='bbox 188 5642 432 5700; x_wconf 78' lang='lat' dir='ltr'>doctrina</span> <span class='ocrx_word' id='word_1_763' title='bbox 463 5651 770 5705; x_wconf 84' lang='lat' dir='ltr'>contineat.</span> 
     </span>
    </p>
   </div>
   <div class='ocr_carea' id='block_1_106' title="bbox 1973 4385 3658 4459">
    <p class='ocr_par' dir='ltr' id='par_1_106' title="bbox 1973 4385 3658 4459">
     <span class='ocr_line' id='line_1_106' title="bbox 1973 4385 3658 4459; baseline -0.002 -15"><span class='ocrx_word' id='word_1_764' title='bbox 1973 4406 2076 4444; x_wconf 91' lang='lat' dir='ltr'>suo</span> <span class='ocrx_word' id='word_1_765' title='bbox 2107 4394 2163 4443; x_wconf 91' lang='lat' dir='ltr'>et</span> <span class='ocrx_word' id='word_1_766' title='bbox 2210 4388 2533 4442; x_wconf 89' lang='lat' dir='ltr'>studiorum</span> <span class='ocrx_word' id='word_1_767' title='bbox 2562 4386 2954 4442; x_wconf 69' lang='lat' dir='ltr'>haereditatem</span> <span class='ocrx_word' id='word_1_768' title='bbox 2987 4387 3176 4459; x_wconf 88' lang='lat' dir='ltr'>adepti</span> <span class='ocrx_word' id='word_1_769' title='bbox 3212 4392 3343 4441; x_wconf 89' lang='lat' dir='ltr'>sunt</span> <span class='ocrx_word' id='word_1_770' title='bbox 3373 4392 3429 4441; x_wconf 91' lang='lat' dir='ltr'>et</span> <span class='ocrx_word' id='word_1_771' title='bbox 3458 4385 3658 4442; x_wconf 68' lang='lat' dir='ltr'>ruinae.</span> 
     </span>
    </p>
   </div>
   <div class='ocr_carea' id='block_1_107' title="bbox 1974 4477 3666 4548">
    <p class='ocr_par' dir='ltr' id='par_1_107' title="bbox 1974 4477 3666 4548">
     <span class='ocr_line' id='line_1_107' title="bbox 1974 4477 3666 4548; baseline -0.001 -15"><span class='ocrx_word' id='word_1_772' title='bbox 1974 4479 2241 4547; x_wconf 82' lang='lat' dir='ltr'>Proinde,</span> <span class='ocrx_word' id='word_1_773' title='bbox 2291 4478 2510 4542; x_wconf 87' lang='lat' dir='ltr'>fratres,</span> <span class='ocrx_word' id='word_1_774' title='bbox 2546 4484 2876 4531; x_wconf 88' lang='lat' dir='ltr'>manentem</span> <span class='ocrx_word' id='word_1_775' title='bbox 2920 4477 2981 4532; x_wconf 93' lang='lat' dir='ltr'>in</span> <span class='ocrx_word' id='word_1_776' title='bbox 3033 4477 3293 4548; x_wconf 88' lang='lat' dir='ltr'>supernis</span> <span class='ocrx_word' id='word_1_777' title='bbox 3323 4482 3574 4548; x_wconf 88' lang='lat' dir='ltr'>patrum,</span> <span class='ocrx_word' id='word_1_778' title='bbox 3607 4480 3666 4531; x_wconf 85' lang='lat' dir='ltr'>et</span> 
     </span>
    </p>
   </div>
   <div class='ocr_carea' id='block_1_108' title="bbox 1972 4564 3663 4636">
    <p class='ocr_par' dir='ltr' id='par_1_108' title="bbox 1972 4564 3663 4636">
     <span class='ocr_line' id='line_1_108' title="bbox 1972 4564 3663 4636; baseline -0.002 -14"><span class='ocrx_word' id='word_1_779' title='bbox 1972 4567 2362 4622; x_wconf 64' lang='lat' dir='ltr'>adhaerentem</span> <span class='ocrx_word' id='word_1_780' title='bbox 2393 4567 2563 4621; x_wconf 89' lang='lat' dir='ltr'>beato</span> <span class='ocrx_word' id='word_1_781' title='bbox 2599 4569 2765 4622; x_wconf 89' lang='lat' dir='ltr'>Petro</span> <span class='ocrx_word' id='word_1_782' title='bbox 2786 4570 2975 4621; x_wconf 88' lang='lat' dir='ltr'>tenete</span> <span class='ocrx_word' id='word_1_783' title='bbox 3004 4565 3342 4620; x_wconf 91' lang='lat' dir='ltr'>sententiam</span> <span class='ocrx_word' id='word_1_784' title='bbox 3369 4564 3539 4636; x_wconf 88' lang='lat' dir='ltr'>:quia</span> <span class='ocrx_word' id='word_1_785' title='bbox 3558 4581 3663 4620; x_wconf 87' lang='lat' dir='ltr'>nos</span> 
     </span>
    </p>
   </div>
   <div class='ocr_carea' id='block_1_109' title="bbox 1972 4656 3664 4725">
    <p class='ocr_par' dir='ltr' id='par_1_109' title="bbox 1972 4656 3664 4725">
     <span class='ocr_line' id='line_1_109' title="bbox 1972 4656 3664 4725; baseline -0.002 -15"><span class='ocrx_word' id='word_1_786' title='bbox 1972 4657 2202 4711; x_wconf 67' lang='lat' dir='ltr'>mundae</span> <span class='ocrx_word' id='word_1_787' title='bbox 2243 4657 2504 4710; x_wconf 75' lang='lat' dir='ltr'>Ecclesiae</span> <span class='ocrx_word' id='word_1_788' title='bbox 2539 4662 2594 4710; x_wconf 91' lang='lat' dir='ltr'>et</span> <span class='ocrx_word' id='word_1_789' title='bbox 2634 4672 2751 4710; x_wconf 91' lang='lat' dir='ltr'>non</span> <span class='ocrx_word' id='word_1_790' title='bbox 2780 4656 3046 4710; x_wconf 90' lang='lat' dir='ltr'>habentis</span> <span class='ocrx_word' id='word_1_791' title='bbox 3082 4656 3365 4709; x_wconf 91' lang='lat' dir='ltr'>maculam</span> <span class='ocrx_word' id='word_1_792' title='bbox 3397 4659 3664 4725; x_wconf 89' lang='lat' dir='ltr'>optamus</span> 
     </span>
    </p>
   </div>
   <div class='ocr_carea' id='block_1_110' title="bbox 1971 4745 3664 4817">
    <p class='ocr_par' dir='ltr' id='par_1_110' title="bbox 1971 4745 3664 4817">
     <span class='ocr_line' id='line_1_110' title="bbox 1971 4745 3664 4817; baseline -0.001 -16"><span class='ocrx_word' id='word_1_793' title='bbox 1971 4746 2253 4801; x_wconf 91' lang='lat' dir='ltr'>unitatem</span> <span class='ocrx_word' id='word_1_794' title='bbox 2286 4746 2531 4817; x_wconf 87' lang='lat' dir='ltr'>(Ephes.</span> <span class='ocrx_word' id='word_1_795' title='bbox 2564 4762 2618 4811; x_wconf 89' lang='lat' dir='ltr'>v,</span> <span class='ocrx_word' id='word_1_796' title='bbox 2659 4746 2768 4815; x_wconf 77' lang='lat'>27).</span> <span class='ocrx_word' id='word_1_797' title='bbox 2804 4745 3092 4800; x_wconf 90' lang='lat' dir='ltr'>Patienter</span> <span class='ocrx_word' id='word_1_798' title='bbox 3121 4745 3357 4799; x_wconf 76' lang='lat' dir='ltr'>sufferre</span> <span class='ocrx_word' id='word_1_799' title='bbox 3387 4760 3507 4799; x_wconf 92' lang='lat' dir='ltr'>non</span> <span class='ocrx_word' id='word_1_800' title='bbox 3535 4760 3664 4815; x_wconf 86' lang='lat' dir='ltr'>pos-</span> 
     </span>
    </p>
   </div>
   <div class='ocr_carea' id='block_1_111' title="bbox 1971 4834 3664 4906">
    <p class='ocr_par' dir='ltr' id='par_1_111' title="bbox 1971 4834 3664 4906">
     <span class='ocr_line' id='line_1_111' title="bbox 1971 4834 3664 4906; baseline -0.001 -16"><span class='ocrx_word' id='word_1_801' title='bbox 1971 4853 2167 4890; x_wconf 92' lang='lat' dir='ltr'>sumus</span> <span class='ocrx_word' id='word_1_802' title='bbox 2200 4852 2345 4889; x_wconf 89' lang='lat' dir='ltr'>vana</span> <span class='ocrx_word' id='word_1_803' title='bbox 2374 4836 2436 4888; x_wconf 91' lang='lat' dir='ltr'>in</span> <span class='ocrx_word' id='word_1_804' title='bbox 2482 4834 2769 4889; x_wconf 89' lang='lat' dir='ltr'>Christum</span> <span class='ocrx_word' id='word_1_805' title='bbox 2812 4840 3073 4889; x_wconf 89' lang='lat' dir='ltr'>nostrum</span> <span class='ocrx_word' id='word_1_806' title='bbox 3120 4839 3175 4889; x_wconf 90' lang='lat' dir='ltr'>et</span> <span class='ocrx_word' id='word_1_807' title='bbox 3209 4834 3543 4906; x_wconf 88' lang='lat' dir='ltr'>blasphema</span> <span class='ocrx_word' id='word_1_808' title='bbox 3568 4852 3664 4889; x_wconf 90' lang='lat' dir='ltr'>ru-</span> 
     </span>
    </p>
   </div>
   <div class='ocr_carea' id='block_1_112' title="bbox 1971 4924 3667 4996">
    <p class='ocr_par' dir='ltr' id='par_1_112' title="bbox 1971 4924 3667 4996">
     <span class='ocr_line' id='line_1_112' title="bbox 1971 4924 3667 4996; baseline 0.001 -17"><span class='ocrx_word' id='word_1_809' title='bbox 1971 4931 2220 4980; x_wconf 88' lang='lat' dir='ltr'>etantes:</span> <span class='ocrx_word' id='word_1_810' title='bbox 2270 4924 2479 4978; x_wconf 90' lang='lat' dir='ltr'>scimus</span> <span class='ocrx_word' id='word_1_811' title='bbox 2518 4926 2615 4995; x_wconf 92' lang='lat' dir='ltr'>qui</span> <span class='ocrx_word' id='word_1_812' title='bbox 2647 4924 2707 4978; x_wconf 89' lang='lat' dir='ltr'>in</span> <span class='ocrx_word' id='word_1_813' title='bbox 2736 4924 3001 4996; x_wconf 89' lang='lat' dir='ltr'>putribus</span> <span class='ocrx_word' id='word_1_814' title='bbox 3030 4925 3307 4980; x_wconf 87' lang='lat' dir='ltr'>membris</span> <span class='ocrx_word' id='word_1_815' title='bbox 3336 4942 3456 4980; x_wconf 90' lang='lat' dir='ltr'>non</span> <span class='ocrx_word' id='word_1_816' title='bbox 3488 4925 3667 4981; x_wconf 90' lang='lat' dir='ltr'>utitur</span> 
     </span>
    </p>
   </div>
   <div class='ocr_carea' id='block_1_113' title="bbox 2044 5082 3660 5156">
    <p class='ocr_par' dir='ltr' id='par_1_113' title="bbox 2044 5082 3660 5156">
     <span class='ocr_line' id='line_1_113' title="bbox 2044 5082 3660 5156; baseline 0.001 -18"><span class='ocrx_word' id='word_1_817' title='bbox 2044 5085 2067 5120; x_wconf 76' lang='grc'>²</span> <span class='ocrx_word' id='word_1_818' title='bbox 2115 5082 2223 5156; x_wconf 80' lang='lat' dir='ltr'>Ubi</span> <span class='ocrx_word' id='word_1_819' title='bbox 2268 5082 2523 5155; x_wconf 81' lang='lat' dir='ltr'>gentium</span> <span class='ocrx_word' id='word_1_820' title='bbox 2579 5083 2922 5156; x_wconf 82' lang='lat' dir='ltr'>Timotheus]</span> <span class='ocrx_word' id='word_1_821' title='bbox 2976 5086 3201 5140; x_wconf 66' lang='lat' dir='ltr'>Elurus</span> <span class='ocrx_word' id='word_1_822' title='bbox 3256 5088 3660 5156; x_wconf 89' lang='lat' dir='ltr'>cognomento,</span> 
     </span>
    </p>
   </div>
   <div class='ocr_carea' id='block_1_114' title="bbox 1969 5154 3657 5229">
    <p class='ocr_par' dir='ltr' id='par_1_114' title="bbox 1969 5154 3657 5229">
     <span class='ocr_line' id='line_1_114' title="bbox 1969 5154 3657 5229; baseline -0.001 -18"><span class='ocrx_word' id='word_1_823' title='bbox 1969 5154 2325 5229; x_wconf 64' lang='lat' dir='ltr'>Alexandriae</span> <span class='ocrx_word' id='word_1_824' title='bbox 2356 5156 2524 5220; x_wconf 89' lang='lat' dir='ltr'>sedis,</span> <span class='ocrx_word' id='word_1_825' title='bbox 2578 5154 3009 5229; x_wconf 70' lang='lat' dir='ltr'>caesoProterio</span> <span class='ocrx_word' id='word_1_826' title='bbox 3040 5158 3139 5229; x_wconf 91' lang='lat' dir='ltr'>qui</span> <span class='ocrx_word' id='word_1_827' title='bbox 3185 5157 3243 5211; x_wconf 92' lang='lat' dir='ltr'>in</span> <span class='ocrx_word' id='word_1_828' title='bbox 3290 5154 3545 5211; x_wconf 79' lang='lat' dir='ltr'>Dioscori</span> <span class='ocrx_word' id='word_1_829' title='bbox 3576 5156 3657 5209; x_wconf 91' lang='lat' dir='ltr'>lo-</span> 
     </span>
    </p>
   </div>
   <div class='ocr_carea' id='block_1_115' title="bbox 1970 5226 3662 5299">
    <p class='ocr_par' dir='ltr' id='par_1_115' title="bbox 1970 5226 3662 5299">
     <span class='ocr_line' id='line_1_115' title="bbox 1970 5226 3662 5299; baseline -0.001 -18"><span class='ocrx_word' id='word_1_830' title='bbox 1970 5243 2100 5281; x_wconf 90' lang='lat' dir='ltr'>cum</span> <span class='ocrx_word' id='word_1_831' title='bbox 2151 5226 2419 5299; x_wconf 81' lang='lat' dir='ltr'>suffectus</span> <span class='ocrx_word' id='word_1_832' title='bbox 2474 5229 2678 5294; x_wconf 87' lang='lat' dir='ltr'>fuerat,</span> <span class='ocrx_word' id='word_1_833' title='bbox 2728 5226 3015 5282; x_wconf 90' lang='lat' dir='ltr'>insessor:</span> <span class='ocrx_word' id='word_1_834' title='bbox 3057 5226 3145 5282; x_wconf 55' lang='lat' dir='ltr'>&#39;de</span> <span class='ocrx_word' id='word_1_835' title='bbox 3200 5244 3314 5299; x_wconf 91' lang='lat' dir='ltr'>quo</span> <span class='ocrx_word' id='word_1_836' title='bbox 3368 5229 3662 5282; x_wconf 85' lang='lat' dir='ltr'>Liberatus</span> 
     </span>
    </p>
   </div>
   <div class='ocr_carea' id='block_1_116' title="bbox 1971 5298 2702 5367">
    <p class='ocr_par' dir='ltr' id='par_1_116' title="bbox 1971 5298 2702 5367">
     <span class='ocr_line' id='line_1_116' title="bbox 1971 5298 2702 5367; baseline -0.003 -13"><span class='ocrx_word' id='word_1_837' title='bbox 1971 5299 2113 5354; x_wconf 90' lang='lat' dir='ltr'>diae.</span> <span class='ocrx_word' id='word_1_838' title='bbox 2149 5313 2271 5367; x_wconf 86' lang='lat' dir='ltr'>cap.</span> <span class='ocrx_word' id='word_1_839' title='bbox 2308 5301 2371 5352; x_wconf 77' lang='grc'>15</span> <span class='ocrx_word' id='word_1_840' title='bbox 2411 5298 2702 5353; x_wconf 83' lang='lat' dir='ltr'>Breviarii.</span> 
     </span>
    </p>
   </div>
   <div class='ocr_carea' id='block_1_117' title="bbox 2041 5367 3660 5440">
    <p class='ocr_par' dir='ltr' id='par_1_117' title="bbox 2041 5367 3660 5440">
     <span class='ocr_line' id='line_1_117' title="bbox 2041 5367 3660 5440; baseline 0.002 -19"><span class='ocrx_word' id='word_1_841' title='bbox 2041 5374 2062 5405; x_wconf 87' lang='grc'>³</span> <span class='ocrx_word' id='word_1_842' title='bbox 2099 5367 2291 5422; x_wconf 83' lang='lat' dir='ltr'>Scitur</span> <span class='ocrx_word' id='word_1_843' title='bbox 2339 5370 2559 5438; x_wconf 73' lang='lat' dir='ltr'>Petrus]</span> <span class='ocrx_word' id='word_1_844' title='bbox 2599 5373 2795 5425; x_wconf 90' lang='lat' dir='ltr'>Petrus</span> <span class='ocrx_word' id='word_1_845' title='bbox 2852 5371 3086 5440; x_wconf 85' lang='lat' dir='ltr'>Moggus</span> <span class='ocrx_word' id='word_1_846' title='bbox 3130 5368 3308 5424; x_wconf 53' lang='lat' dir='ltr'>[Eluri</span> <span class='ocrx_word' id='word_1_847' title='bbox 3354 5385 3660 5436; x_wconf 91' lang='lat' dir='ltr'>successor,</span> 
     </span>
    </p>
   </div>
   <div class='ocr_carea' id='block_1_118' title="bbox 1971 5440 3662 5513">
    <p class='ocr_par' dir='ltr' id='par_1_118' title="bbox 1971 5440 3662 5513">
     <span class='ocr_line' id='line_1_118' title="bbox 1971 5440 3662 5513; baseline 0 -19"><span class='ocrx_word' id='word_1_848' title='bbox 1971 5446 2027 5495; x_wconf 89' lang='lat' dir='ltr'>et</span> <span class='ocrx_word' id='word_1_849' title='bbox 2055 5440 2435 5496; x_wconf 76' lang='lat' dir='ltr'>Dioscorianae</span> <span class='ocrx_word' id='word_1_850' title='bbox 2463 5442 2720 5496; x_wconf 88' lang='lat' dir='ltr'>factionis</span> <span class='ocrx_word' id='word_1_851' title='bbox 2742 5443 3066 5513; x_wconf 64' lang='lat' dir='ltr'>praecipuus</span> <span class='ocrx_word' id='word_1_852' title='bbox 3104 5441 3365 5495; x_wconf 88' lang='lat' dir='ltr'>incentor</span> <span class='ocrx_word' id='word_1_853' title='bbox 3396 5459 3458 5496; x_wconf 90' lang='lat' dir='ltr'>ac</span> <span class='ocrx_word' id='word_1_854' title='bbox 3489 5442 3662 5512; x_wconf 87' lang='lat' dir='ltr'>signi-</span> 
     </span>
    </p>
   </div>
   <div class='ocr_carea' id='block_1_119' title="bbox 1970 5513 3669 5584">
    <p class='ocr_par' dir='ltr' id='par_1_119' title="bbox 1970 5513 3669 5584">
     <span class='ocr_line' id='line_1_119' title="bbox 1970 5513 3669 5584; baseline 0.001 -17"><span class='ocrx_word' id='word_1_855' title='bbox 1970 5513 2089 5567; x_wconf 88' lang='lat' dir='ltr'>fer:</span> <span class='ocrx_word' id='word_1_856' title='bbox 2141 5514 2241 5584; x_wconf 87' lang='lat' dir='ltr'>qui</span> <span class='ocrx_word' id='word_1_857' title='bbox 2290 5520 2572 5581; x_wconf 70' lang='lat' dir='ltr'>eXpuncto</span> <span class='ocrx_word' id='word_1_858' title='bbox 2622 5530 2684 5567; x_wconf 84' lang='lat' dir='ltr'>ex</span> <span class='ocrx_word' id='word_1_859' title='bbox 2731 5513 3015 5584; x_wconf 85' lang='lat' dir='ltr'>diptychis</span> <span class='ocrx_word' id='word_1_860' title='bbox 3064 5513 3293 5566; x_wconf 91' lang='lat' dir='ltr'>nomine</span> <span class='ocrx_word' id='word_1_861' title='bbox 3339 5514 3580 5569; x_wconf 90' lang='lat' dir='ltr'>Proterii</span> <span class='ocrx_word' id='word_1_862' title='bbox 3612 5519 3669 5568; x_wconf 90' lang='lat' dir='ltr'>et</span> 
     </span>
    </p>
   </div>
   <div class='ocr_carea' id='block_1_120' title="bbox 1971 5583 3667 5650">
    <p class='ocr_par' dir='ltr' id='par_1_120' title="bbox 1971 5583 3667 5650">
     <span class='ocr_line' id='line_1_120' title="bbox 1971 5583 3667 5650; baseline 0.001 -12"><span class='ocrx_word' id='word_1_863' title='bbox 1971 5583 2253 5638; x_wconf 89' lang='lat' dir='ltr'>Timothei</span> <span class='ocrx_word' id='word_1_864' title='bbox 2298 5585 2581 5650; x_wconf 86' lang='lat' dir='ltr'>catholici,</span> <span class='ocrx_word' id='word_1_865' title='bbox 2636 5583 2891 5640; x_wconf 90' lang='lat' dir='ltr'>Dioscori</span> <span class='ocrx_word' id='word_1_866' title='bbox 2919 5590 2975 5639; x_wconf 91' lang='lat' dir='ltr'>et</span> <span class='ocrx_word' id='word_1_867' title='bbox 3004 5584 3187 5639; x_wconf 55' lang='lat' dir='ltr'>{Eluri</span> <span class='ocrx_word' id='word_1_868' title='bbox 3216 5600 3429 5640; x_wconf 88' lang='lat' dir='ltr'>nomen</span> <span class='ocrx_word' id='word_1_869' title='bbox 3460 5586 3667 5640; x_wconf 87' lang='lat' dir='ltr'>inscri-</span> 
     </span>
    </p>
   </div>
   <div class='ocr_carea' id='block_1_121' title="bbox 1972 5656 3199 5727">
    <p class='ocr_par' dir='ltr' id='par_1_121' title="bbox 1972 5656 3199 5727">
     <span class='ocr_line' id='line_1_121' title="bbox 1972 5656 3199 5727; baseline 0.003 -20"><span class='ocrx_word' id='word_1_870' title='bbox 1972 5656 2105 5725; x_wconf 87' lang='lat' dir='ltr'>psit.</span> <span class='ocrx_word' id='word_1_871' title='bbox 2142 5660 2204 5708; x_wconf 90' lang='lat' dir='ltr'>ut</span> <span class='ocrx_word' id='word_1_872' title='bbox 2232 5662 2425 5710; x_wconf 88' lang='lat' dir='ltr'>narrat</span> <span class='ocrx_word' id='word_1_873' title='bbox 2450 5656 2606 5712; x_wconf 90' lang='lat' dir='ltr'>idem</span> <span class='ocrx_word' id='word_1_874' title='bbox 2635 5657 2927 5711; x_wconf 87' lang='lat' dir='ltr'>Liberatus</span> <span class='ocrx_word' id='word_1_875' title='bbox 2954 5672 3079 5727; x_wconf 88' lang='lat' dir='ltr'>cap.</span> <span class='ocrx_word' id='word_1_876' title='bbox 3116 5659 3199 5711; x_wconf 82' lang='grc'>18.</span> 
     </span>
    </p>
   </div>
  </div>
