4060 6174
324 312 430 365 275

1564 309 1848 366 ENNODII
1888 310 2199 368 EPISCOPI
2239 310 2619 367 TlClNENSlS

3713 317 3815 367 '275

323 441 462 497 ferri
492 442 791 509 medicina,
826 441 1186 514 serpentibus
1207 440 1420 495 morbis
1449 445 1682 511 praestat
1711 442 2018 513 obsequia:
2058 445 2103 498 A
2129 460 2221 515 go,
2253 444 2504 498 nutritor
2551 442 2931 513 profectuum,
2987 442 3077 497 fax
3128 447 3184 497 et
3235 442 3505 515 splendor
3544 443 3817 515 ingenui-

322 548 457 586 nam
505 532 616 586 nisi
656 536 919 587 secentur
964 530 1262 597 tabefacta,
1310 529 1721 585 contaminant.
1777 531 2015 587 Paciﬁca

324 626 409 676 est
438 638 568 676 cum
588 621 680 676 his
707 622 806 693 qui
831 626 1047 674 rectum
1074 619 1338 673 nituntur
1363 619 1726 690 impugnare,
1754 636 2015 691 congres-

324 711 408 766 sio
442 728 455 767 :
491 712 618 783 quis
650 728 683 765 a
711 711 877 766 bellis
897 707 1347 763 talibustimoris
1370 714 1668 762 revocetur
1698 709 2012 778 obstaculo,

324 802 394 855 de
425 802 635 873 quibus
665 801 823 855 vitali
845 798 1023 870 possit
1044 802 1226 851 morte
1251 798 1500 868 gaudere
1521 797 1548 852 ?
1575 799 1783 868 quibus
1816 800 2017 854 mundi

322 889 494 961 hujus
544 888 890 960 potentibus,
926 888 1013 940 vel
1072 887 1119 941 si
1171 887 1488 954 minentur,
1536 887 2011 958 acquiescendum

324 980 625 1047 credimus,
659 977 888 1049 quando
923 976 1077 1031 aliud
1123 976 1370 1047 imperat
1399 976 1498 1048 qui
1529 994 1706 1048 regna
1748 979 2016 1032 modera—

324 1066 453 1122 tur?
486 1068 708 1122 dicente
734 1066 1008 1137 Apostolo
1035 1082 1046 1119 :
1080 1066 1215 1119 Non
1245 1068 1373 1119 sunt
1408 1066 1696 1137 condigna:
1724 1067 2020 1138 passiones

321 1158 487 1227 huius
506 1155 707 1213 mundi
727 1156 803 1211 ad
821 1159 1290 1227 superventuram
1306 1154 1574 1226 gloriam,
1601 1172 1721 1227 quae
1740 1158 2017 1213 revelabi-

323 1251 415 1301 tur
456 1246 519 1301 in
545 1246 708 1301 nobis
740 1247 924 1315 (Rom,
971 1260 1088 1310 VIII,
1151 1244 1248 1315 18).
1290 1245 1465 1298 Fluxa
1509 1246 2021 1302 eeclesiasticorum

322 1336 494 1390 corda
524 1340 620 1390 aut
649 1335 883 1389 turbant
922 1350 1049 1404 qum
1080 1333 1141 1386 in
1168 1334 1433 1404 praesenti
1461 1334 1575 1387 vita
1604 1341 1752 1403 sunt,
1788 1340 1887 1390 aut
1922 1336 2018 1391 de-

323 1426 535 1480 lectant
560 1440 572 1479 :
602 1424 810 1495 quibus
846 1424 860 1457 ¹
894 1423 1129 1477 Aeacius
1161 1423 1257 1493 qui
1280 1423 1402 1477 diro
1432 1423 1644 1477 diaboli
1679 1441 1711 1478 a
1740 1428 2021 1479 sententia

322 1530 425 1567 sua
455 1518 646 1568 motus
694 1512 958 1583 imperio,
1010 1512 1238 1566 erubuit
1286 1512 1385 1566 diu
1424 1518 1913 1584 propugnatorem
1962 1530 2021 1570 se

322 1602 497 1658 fuisse
535 1602 826 1669 veritatis;
869 1606 926 1656 et
972 1600 1109 1655 clari
1150 1601 1417 1655 deserens
1470 1608 1810 1657 ornamenta
1841 1608 2020 1658 certa-

328 1692 518 1759 minis,
554 1689 915 1761 triumphum
953 1707 1121 1744 suum
1152 1707 1325 1762 quem
1354 1691 1460 1746 sub
1504 1692 1767 1746 Basilisco
1798 1694 1894 1763 pio
1928 1710 2019 1747 su-

328 1782 467 1835 dore
520 1784 832 1847 meruerat,
885 1779 1228 1833 debellavit:
1272 1779 1369 1851 qui
1418 1780 1551 1833 solis
1603 1781 1859 1851 praemiis
1906 1782 2022 1835 suis

328 1886 477 1940 pene
502 1874 759 1940 tempore
784 1869 1104 1940 adeptionis
1133 1869 1372 1939 invidet,
1404 1886 1563 1939 spem
1589 1871 1875 1925 bonorum
1907 1872 2021 1926 fru-

330 1963 526 2013 ctuum
568 1957 824 2029 perﬁdia),
872 1958 1012 2013 falce
1061 1959 1375 2013 succidens.
1430 1960 1665 2015 Gravius
1711 1961 1865 2015 enim
1917 1967 2020 2029 est,

329 2049 627 2119 degustata
657 2048 807 2102 bona
834 2063 1007 2119 quam
1028 2047 1243 2103 intacta
1272 2049 1536 2104 calcasse.
1571 2050 1721 2104 Nihil
1742 2051 2025 2105 defensio-

331 2138 418 2191 nis
451 2142 709 2208 superest
755 2137 996 2204 homini,
1031 2142 1163 2207 post
1194 2138 1418 2192 dulcem
1459 2138 1697 2208 justitia:
1738 2156 2024 2212 saporem,

332 2227 399 2281 ad
452 2227 750 2281 mortifera
796 2227 1166 2282 schismatum
1224 2244 1446 2282 venena
1491 2230 1778 2283 redeunti.
1820 2232 1895 2284 De
1940 2231 2026 2284 his

333 2332 461 2387 qua:
493 2317 717 2388 prmfati
749 2333 946 2370 sumus
975 2322 1175 2371 natum
1206 2320 1307 2385 est,
1347 2318 1500 2389 quod
1530 2318 1589 2374 in
1623 2320 2027 2374 Constantino—

332 2405 589 2476 politana
618 2422 803 2477 nuper
834 2407 1081 2461 Ecclesia
1124 2406 1307 2460 fertur
1339 2408 1673 2463 admissum.
1708 2409 1844 2464 Inde
1880 2409 2028 2480 pati-

337 2511 467 2549 mur
524 2495 646 2549 sine
677 2495 831 2549 vocis
876 2512 1051 2550 usura
1098 2496 1426 2550 tristitiam:
1476 2498 1576 2569 qui
1627 2498 1780 2552 enim
1826 2499 2030 2553 oblatis

332 2584 605 2639 remediis
650 2601 763 2638 non
813 2584 1112 2653 obediunt,
1168 2586 1372 2639 merito
1426 2586 1570 2640 nihil
1624 2588 2029 2642 consolationis

337 2678 601 2746 tempore
630 2689 744 2746 quo
774 2678 1137 2746 premuntur,
1170 2674 1515 2729 habuerunt.

987 2762 1223 2818 DICTIO
1255 2763 1368 2819 Vll.

338 2853 418 2906 In
502 2850 862 2909 dedicatione
882 2850 1155 2906 auditorii
1175 2851 1399 2922 quando
1415 2852 1492 2908 ad
1507 2851 1701 2919 forum
1721 2853 2033 2909 translatio

1028 2941 1199 3009 facta
1227 2944 1331 2995 est.

826 3044 1261 3085 SCHOLASTICA
1311 3044 1534 3086 PRIMA.

409 3118 479 3173 Ut
524 3132 759 3189 campus
804 3117 1069 3187 militem,
1122 3134 1279 3172 mare
1328 3118 1567 3188 navitas,
1625 3119 1745 3175 fora
1787 3120 2030 3177 causidi-

336 3223 492 3274 cum,
525 3206 834 3261 sollicitant
875 3206 1090 3261 incerta
1123 3211 1436 3278 raptorem,
1484 3208 1565 3263 ita
1605 3209 1882 3264 auditoria
1929 3212 2033 3266 lin-

335 3311 479 3367 guas
509 3302 791 3350 exercent.
826 3297 965 3351 Nam
990 3313 1118 3368 quae
1147 3298 1361 3351 malum
1391 3298 1534 3352 ratio
1567 3298 1826 3353 suadebit
1865 3299 2033 3353 silen-

335 3386 480 3440 tium
503 3384 561 3439 in
584 3386 707 3439 loco
737 3385 792 3439 in
818 3401 930 3456 quo
954 3390 1084 3440 sunt
1106 3387 1344 3457 praemia
1361 3388 1669 3442 constituta
1698 3388 2033 3443 verborum?

336 3474 435 3527 ubi
466 3474 745 3529 orationis
777 3475 988 3545 palma,
1020 3474 1067 3528 si
1088 3475 1181 3530 hie
1202 3478 1385 3546 gratia
1405 3477 1853 3532 taciturnitatis?
1886 3481 2033 3532 Bene

336 3563 634 3618 solvuntur
677 3563 899 3617 sudoris
932 3563 1135 3634 pretia,
1174 3563 1267 3618 ubi
1318 3570 1449 3619 sunt
1492 3567 1707 3636 templa
1742 3566 2030 3621 victorias:

334 3653 481 3709 bene
525 3653 810 3723 etfugatur
856 3653 1096 3707 servitus
1127 3653 1279 3707 inter
1308 3654 1453 3709 atria
1497 3654 1795 3710 libertatis.
1836 3656 2035 3712 Vincta

334 3743 427 3797 hic
474 3759 571 3797 ora
619 3748 810 3797 teneat
873 3759 1035 3797 mens
1079 3744 1333 3815 captiva:
1376 3760 1494 3798 non
1546 3745 1803 3816 agnoscit
1844 3746 2033 3802 forum

340 3832 823 3904 Romanipopuli,
857 3848 972 3887 non
998 3832 1254 3887 liberalis
1285 3834 1623 3888 eruditionis
1646 3836 2030 3907 gymnasium,

339 3919 441 3990 qui
472 3920 657 3974 adhuc
688 3918 851 3991 quasi
891 3918 951 3972 in
987 3918 1303 3973 secessibus
1331 3920 1676 3977 contieescit.
1721 3923 1846 3977 Sint
1876 3930 2033 3979 muta

337 4009 482 4063 forte
538 4008 888 4064 diversoria:
925 4008 1014 4063 hie
1049 4008 1195 4063 nihil
1245 4013 1330 4063 est
1357 4015 1476 4064 tam
1535 4011 1817 4067 familiare
1859 4029 2032 4084 quam

336 4113 549 4169 pompa
598 4097 845 4153 dicendi.
898 4098 1278 4153 Fescenninos
1330 4100 1473 4153 sales
1524 4100 1838 4173 hymenaeis
1898 4104 2032 4157 dare

338 4187 577 4259 genium
652 4192 935 4244 consuetae
1010 4188 1377 4258 professionis
1432 4189 1666 4259 plausus
1732 4192 2027 4245 hortatur:

339 4276 642 4349 eriguntur
702 4277 859 4331 lituis
916 4276 1256 4331 bellatores:
1306 4277 1517 4332 virtute
1573 4279 1788 4333 debiles
1846 4281 2031 4351 gravis

338 4366 709 4421 buccinarum
743 4371 942 4419 cantus
971 4365 1208 4420 attollit:
1244 4366 1375 4421 data
1407 4372 1536 4422 sunt
1565 4368 1844 4423 universis
1882 4370 2030 4424 ami-

339 4469 405 4506 ea
434 4452 802 4508 incitamenta
839 4453 1170 4523 propositis.
1220 4454 1368 4519 Quid
1417 4472 1522 4526 ego
1567 4456 1792 4522 faciam,
1838 4458 2029 4513 docto-

338 4556 468 4595 rum
500 4541 738 4612 optime,
785 4544 839 4594 te
874 4541 1188 4612 loquente?
1224 4542 1271 4597 si
1309 4543 1644 4599 infabricata
1686 4547 1856 4601 verba
1885 4547 2036 4601 intra

337 4629 723 4684 verecundum
754 4631 1050 4701 penetrale
1101 4632 1445 4701 contiueam,
1502 4633 1747 4689 instituti
1793 4652 1882 4689 me
1914 4652 2034 4691 esse

340 4717 544 4773 similis
605 4734 721 4772 non
784 4735 1073 4789 agnoscas.
1130 4723 1525 4778 Amicttiarum
1578 4724 1918 4796 religionem
1977 4726 2036 4781 in

339 4808 526 4879 gratia
574 4824 778 4880 parcus
816 4808 1124 4879 offendam,
1176 4813 1222 4867 si
1271 4829 1375 4867 nec
1422 4814 1816 4869 translationis
1870 4816 2031 4884 festa,

339 4914 446 4954 nec
492 4898 694 4953 debita:
746 4898 850 4954 tibi
898 4900 1084 4955 laudis
1138 4917 1347 4958 munus
1393 4904 1700 4961 exsolvero.
1753 4905 1913 4960 Salve
1945 4922 2035 4960 er-

414 5055 430 5089 ¹
472 5054 737 5135 Aeacius]
763 5057 1072 5129 Episcopus
1090 5060 1779 5135 ’Constantinopolitanus,
1804 5064 1900 5133 qui
1924 5065 2037 5135 pri-

339 5144 500 5182 mum
523 5129 755 5198 quidem
788 5146 892 5198 pro
924 5132 1127 5200 synodi
1153 5129 1481 5186 defensione
1505 5134 1770 5187 adversus
1803 5129 2034 5190 Petrum

340 5200 606 5269 Moggum
654 5201 1171 5272 stetit,rauctorque
1206 5204 1471 5257 Basilisco
1519 5205 1649 5272 fuit,
1686 5212 1747 5258 ut
1784 5206 2031 5261 edictum

340 5274 489 5341 quod
531 5272 799 5325 adversus
831 5271 990 5325 illam
1035 5274 1356 5342 scripserat,
1380 5271 1689 5340 revocaret,
1732 5282 1795 5330 ut
1823 5293 1890 5330 ex
1926 5280 2033 5332 Za—

339 5343 534 5396 charia
564 5344 795 5397 rhetore
836 5344 1011 5397 tradit
1046 5344 1317 5413 Evagrius
1348 5345 1447 5398 lib.
1501 5362 1559 5399 Ill
1594 5347 1728 5401 Hist.
1765 5350 2028 5401 ecclesia-

341 5414 517 5480 sticae,
550 5429 671 5484 cap.
720 5418 770 5468 7.
810 5415 938 5467 Post
970 5415 1109 5479 haec,
1162 5421 1376 5468 mutato
1423 5416 1725 5484 levissima,
1776 5424 1836 5472 ut
1870 5420 2031 5473 Lihe-

340 5489 498 5537 ratus
528 5500 651 5553 cap.
692 5489 744 5537 l7
770 5491 957 5561 notat,
1004 5502 1070 5539 ex
1107 5502 1275 5561 causa
1318 5488 1578 5561 consilio,
1611 5489 1775 5543 Petro
1808 5490 2027 5561 Moggo,

341 5562 722 5631 quem_antea
751 5556 1070 5631 damnarat.
1110 5560 1295 5631 favere
1333 5558 1527 5631 carpit,
1566 5554 2032 5631 gravissiméqiie

340 5632 395 5679 et
427 5627 843 5702 molestissimas
866 5626 923 5679 in
954 5628 1195 5702 Ecclesia
1217 5626 1663 5702 perturbationis
1681 5638 1879 5685 auctor
1900 5626 2026 5702 fuit,

341 5712 468 5785 qum
496 5702 629 5767 post
675 5697 853 5767 ipsius
896 5699 1069 5751 etiam
1102 5704 1341 5751 mortem
1399 5700 1717 5753 diniissinm
1752 5697 2025 5756 ἀρεῖτενὶξῇ

2124 534 2292 587 tatis:
2326 533 2425 604 qui
2458 532 2673 587 nobilia
2711 532 2973 605 germina
3024 532 3319 587 laboriosis
3352 535 3652 604 purgando
3698 551 3814 589 sar-

2125 622 2263 676 culis
2294 623 2352 677 in
2383 623 2661 677 fructibus
2690 623 2827 676 facis
2851 622 3121 694 agnosci:
3165 622 3264 694 qui
3291 623 3349 675 in
3379 639 3521 676 cano
3554 624 3693 677 flore
3726 639 3819 677 no-

2123 713 2283 765 vellzr
2330 712 2701 783 posteritatis,
2744 717 3027 782 quantum
3078 711 3296 765 horreis
3344 717 3597 782 paretur,
3632 718 3820 766 osten-

2128 800 2247 854 dis:
2282 799 2377 871 qui
2409 800 2477 854 de
2510 800 2760 854 ferarum
2797 800 3078 854 cubilibus
3115 805 3171 853 et
3201 800 3498 854 bubonum
3528 800 3816 855 habitacu-

2128 889 2196 943 lis
2222 890 2288 943 ad
2316 889 2439 942 fora
2465 905 2565 942 nos
2591 906 2839 955 revocas,
2873 890 3023 942 unde
3049 890 3292 960 majores
3324 905 3468 959 pene
3502 891 3614 959 jam
3647 891 3820 959 longa

2129 982 2292 1032 aetate
2336 979 2728 1033 discesserant.
2780 980 2903 1033 Non
2955 978 3108 1033 enim
3161 984 3359 1049 patent
3413 979 3649 1032 eruditis
3698 980 3820 1034 loca

2128 1069 2255 1136 ista,
2309 1070 2516 1139 quibus
2560 1070 2856 1124 scientiam
2907 1086 3023 1123 non
3080 1070 3428 1141 primoribus
3473 1070 3646 1123 labris
3697 1070 3824 1140 ipsa

2129 1159 2492 1213 contulerint.
2542 1160 2713 1229 Cujus
2771 1159 2923 1212 enim
2972 1159 3110 1213 tuba
3162 1159 3529 1229 cognoscitur
3585 1159 3820 1230 eloquii,

2130 1248 2237 1302 nisi
2273 1248 2434 1317 cujus
2456 1250 2699 1318 puerilia
2725 1248 3081 1302 innotuerint
3105 1249 3433 1302 rudimenta
3453 1248 3823 1302 sermonum?

2130 1336 2254 1391 Tibi
2306 1352 2440 1407 ergo
2498 1338 2781 1391 debentur
2839 1339 2961 1392 haec
3017 1337 3314 1402 beneﬁcia,
3359 1338 3515 1408 quod
3547 1338 3825 1391 citaturus

2129 1441 2292 1479 reum
2357 1426 2673 1480 causidicus
2736 1427 2888 1480 inter
2934 1427 3079 1481 atria
3141 1427 3261 1497 jam
3315 1428 3556 1498 probata
3613 1426 3821 1480 dictio-

2129 1530 2262 1569 nem
2315 1516 2659 1570 metuendus
2699 1515 2953 1586 incipiet.
3004 1516 3129 1570 Tibi
3178 1532 3305 1587 spes
3354 1516 3524 1569 unica
3572 1516 3824 1570 honesta:

2131 1603 2501 1674 professionis
2571 1603 2925 1667 ascribenda,
3009 1604 3159 1674 quod
3233 1603 3500 1658 nobilitas
3576 1603 3828 1657 decursis

2134 1691 2291 1747 brevi
2337 1692 2696 1759 temporibus
2731 1691 2953 1746 liberali
3006 1693 3211 1747 sudore
3252 1692 3533 1763 placitura
3571 1696 3672 1746 est.
3719 1692 3829 1745 Sed

2133 1798 2246 1851 quo
2278 1797 2369 1836 me
2403 1782 2668 1851 ignarum
2697 1782 2903 1835 virium
2936 1781 3019 1837 tui
3048 1782 3198 1853 rapit
3219 1782 3459 1849 affectio,
3485 1782 3830 1835 narrationis

2131 1872 2369 1942 pelagus
2398 1887 2512 1924 non
2543 1872 2888 1942 pendentem
2912 1873 2939 1927 Τ
2966 1872 3174 1925 sufficit
3197 1871 3256 1925 in
3289 1871 3398 1925 loci
3429 1870 3597 1925 amici
3628 1876 3684 1925 et
3717 1870 3831 1924 diei

2132 1960 2459 2014 celebritate
2490 1965 2623 2014 vota
2646 1965 2933 2014 testatum.
2962 1960 3043 2015 Ad
3079 1977 3174 2014 vos
3205 1964 3480 2027 revertor,
3500 1959 3711 2030 quibus
3740 1976 3829 2030 pa-

2131 2054 2298 2104 terna
2324 2054 2635 2103 conventus
2666 2050 2966 2103 affectione
3009 2065 3205 2102 vocem
3243 2049 3423 2103 debeo
3459 2064 3828 2102 commonen-

2135 2140 2226 2193 tis.
2276 2139 2515 2193 Reddite
2569 2155 2664 2191 vos
2695 2138 2979 2192 studendo
3028 2137 3258 2207 origini,
3297 2138 3509 2192 reddite
3540 2138 3827 2193 natalibus

2135 2227 2415 2283 lectione:
2468 2231 2690 2281 naturae
2756 2228 2943 2281 lucem
2986 2226 3157 2297 jubar
3215 2226 3483 2281 dictionis
3528 2228 3828 2281 ostendat:

2136 2316 2514 2388 multiplicate
2562 2316 2801 2370 suifectu
2849 2316 3099 2370 scientiae
3145 2320 3451 2385 parentum
3481 2316 3719 2369 titulos:
3755 2332 3839 2369 or-

2137 2410 2270 2461 nate
2302 2405 2625 2460 eruditione
2664 2406 2863 2460 decora
2911 2406 3216 2476 majorum.
3267 2405 3424 2459 Fulvi
3474 2404 3837 2459 nobilitatem

2138 2495 2357 2550 metalli
2388 2494 2498 2547 nisi
2530 2494 2599 2547 ad
2631 2509 2885 2563 unguem
2917 2510 3121 2547 manus
3144 2494 3312 2547 ducat
3342 2492 3592 2559 artiﬁcis,
3628 2499 3838 2547 mater-

2139 2584 2227 2638 nis
2257 2599 2401 2654 pene
2431 2582 2734 2637 hebetatur
2774 2582 3059 2637 tenebris:
3095 2587 3149 2635 et
3178 2582 3222 2635 si
3266 2597 3383 2636 non
3428 2582 3703 2651 magistra
3738 2598 3839 2653 po-

2140 2672 2343 2727 litione
2376 2676 2732 2740 venustetur,
2779 2671 2925 2726 nihil
2956 2672 3007 2725 ei
3032 2671 3263 2742 prodest
3296 2671 3614 2725 sublimitas
3659 2687 3835 2742 quam

2142 2778 2286 2816 vena
2318 2761 2673 2815 concesserit.
2707 2760 3023 2830 Adjuvatur
3064 2761 3297 2831 quidem
3345 2760 3587 2814 doctoris
3620 2761 3838 2815 instan-

2142 2850 2221 2904 tia
2246 2850 2471 2904 dotibus
2500 2850 2796 2921 sanguinis
2827 2849 3181 2916 mundioris;
3216 2849 3313 2902 sed
3346 2848 3455 2903 nisi
3494 2848 3695 2903 limata
3722 2865 3836 2903 non

2108 2939 2381 2993 'rutilant
2409 2939 2508 2993 illa
2554 2955 2681 3010 quae
2729 2956 2786 2993 se
2834 2940 3067 3009 erigunt
3112 2939 3493 3009 praerogativa
3539 2938 3837 2994 nascendi.

2074 3060 2114 3115 ρ
2146 3029 2563 3083 lncrementum
2598 3028 2874 3083 rusticum
2918 3028 3115 3082 matris
3163 3044 3443 3083 mammas
3471 3028 3621 3082 inter
3655 3029 3843 3083 sulcos

2144 3123 2411 3185 evacuat;
2446 3124 2501 3173 et
2528 3135 2631 3189 per
2661 3134 2870 3189 pascua
2912 3134 3086 3189 pecus
3121 3134 3308 3189 agere,
3344 3118 3482 3173 dum
3525 3118 3593 3171 ab
3648 3118 3842 3173 uberi-

2140 3208 2246 3263 bus
2292 3208 2522 3277 pendet,
2572 3207 2884 3262 assuescit:
2920 3208 3097 3279 patris
3146 3207 3416 3275 brachiis,
3468 3208 3605 3261 dum
3630 3207 3843 3278 juven-

2140 3312 2233 3351 cos
2279 3296 2501 3367 fatigat,
2547 3297 2919 3368 adjungitur:
2974 3301 3206 3367 prensat
3253 3297 3547 3351 dexteram
3600 3297 3846 3367 grandia

2145 3387 2308 3441 terris
2356 3386 2576 3441 semina
2634 3387 3121 3452 committentem;
3176 3390 3233 3440 et
3278 3386 3543 3440 sudorem
3594 3386 3842 3457 originis

2141 3492 2258 3530 suae
2294 3476 2351 3529 in
2382 3476 2504 3545 ipso
2536 3476 2677 3530 lueis
2710 3476 2904 3529 limine
2954 3476 3279 3529 meditatur.
3312 3476 3458 3540 Quid
3494 3492 3592 3529 vos
3623 3476 3843 3530 faciatis

2142 3582 2287 3637 quos
2319 3565 2650 3620 liberalibus
2692 3571 3044 3636 pepererunt
3076 3570 3286 3619 matres
3319 3565 3547 3636 optima;
3582 3565 3842 3637 discipli-

2143 3654 2229 3709 nis
2254 3656 2282 3708 ?
2310 3655 2797 3726 peregrinandum
2827 3655 2988 3710 vobis
3019 3659 3102 3709 est
3135 3672 3166 3709 a
3190 3655 3450 3726 germine
3478 3653 3691 3723 ditiori,
3727 3655 3840 3709 nisi

2141 3761 2236 3798 vos
2264 3744 2483 3799 nobiles
2514 3745 2773 3799 instituta
2797 3744 3268 3815 :monstraveriut.
3299 3744 3528 3799 Habetis
3559 3744 3841 3814 praevium

2141 3834 2482 3905 eloquentiae
2535 3850 2875 3905 morumque
2931 3835 3258 3889 doctorem:
3312 3834 3522 3889 currite
3554 3834 3839 3903 prosapiae

2143 3924 2393 3978 stimulis
2433 3923 2674 3991 incitati,
2710 3929 2766 3979 et
2795 3940 2925 3977 cum
2960 3940 3053 3977 vos
3085 3923 3154 3977 ad
3186 3939 3424 3992 agonem
3447 3923 3683 3992 praemia
3704 3940 3840 3993 pro-

2142 4014 2316 4067 missa
2351 4014 2743 4084 perduxerint,
2790 4012 2905 4068 mei
2932 4013 3275 4083 ,meminisse
3310 4011 3667 4083 dignemini:
3702 4012 3843 4083 quia

2144 4106 2435 4173 suntquae
2483 4119 2514 4155 a
2563 4101 2723 4155 vobis
2770 4106 2898 4172 post
2944 4102 3224 4156 caelestem
3253 4100 3695 4154 retributionem
3721 4099 3841 4153 suf-

2141 4190 2321 4261 fragia
2353 4190 2609 4245 hortator
2653 4191 2910 4261 accipiat.
2948 4192 3077 4245 Haec
3119 4194 3267 4257 sunt,
3318 4205 3445 4260 quae
3492 4204 3591 4242 vos
3630 4187 3843 4242 nostris

2142 4279 2305 4335 licuit
2347 4280 2581 4335 vocibus
2636 4280 2954 4334 admoneri.
3010 4281 3118 4333 Vos
3174 4278 3531 4350 diligentiam
3591 4278 3843 4347 pectoris

2072 4404 2113 4458 υ
2145 4368 2259 4423 mei
2288 4369 2589 4440 expendite
2628 4369 3084 4424 consideratione
3118 4369 3458 4423 verborum:
3496 4383 3609 4421 non
3640 4367 3844 4437 phale-

2144 4462 2299 4513 ratus
2340 4475 2547 4527 sermo,
2587 4475 2703 4513 non
2746 4458 3077 4513 illecebrosa
3110 4463 3332 4512 tantum
3364 4462 3419 4511 et
3447 4456 3670 4527 depicta
3696 4456 3847 4509 fucis

2146 4546 2393 4601 narratio
2434 4547 2712 4601 delectet:
2763 4548 3003 4618 quaerite
3035 4548 3183 4619 apud
3222 4562 3310 4600 me
3332 4561 3448 4599 non
3477 4545 3707 4609 blanda,
3742 4544 3843 4598 sed

2144 4638 2499 4704 necessaria;
2536 4654 2651 4691 non
2680 4637 2969 4703 deliciosa,
3012 4639 3106 4691 sed
3154 4637 3343 4690 fortia.
3380 4634 3649 4705 Nunquid
3675 4634 3846 4703 juvat

2143 4741 2415 4796 pompam
2444 4730 2631 4782 texere
2662 4732 2946 4799 praecepta
2978 4726 3248 4781 daturum
3270 4726 3295 4777 ?
3326 4726 3425 4796 qui
3459 4723 3689 4795 probari
3724 4738 3846 4776 non

2143 4816 2328 4883 magis
2375 4817 2633 4870 sensibus
2682 4833 2857 4887 quam
2928 4833 3189 4871 sermone
3244 4814 3511 4885 disponit,
3572 4813 3845 4867 affectum

2145 4904 2449 4959 monitoris
2498 4910 2752 4960 evacuat.
2796 4905 3149 4960 Ponderibus
3194 4910 3431 4959 ornetur
3474 4902 3641 4956 dictio
3677 4902 3846 4955 casti-

2215 5059 2237 5095 ³
2274 5064 2339 5115 In
2378 5061 2739 5119 dedicatione
2763 5061 3058 5132 auditorii]
3094 5063 3167 5115 De
3200 5063 3471 5115 Romanas
3493 5057 3701 5113 scholae
3747 5074 3849 5109 au-

2144 5132 2352 5185 ditorio
2387 5151 2573 5187 sermo
2604 5140 2704 5188 est.
2748 5135 3158 5187 Translationis
3206 5137 3344 5185 festa
3386 5138 3563 5197 vocat,
3599 5143 3731 5181 cum
3777 5146 3846 5183 ex

2141 5206 2399 5272 pristinis
2433 5207 2660 5258 sedibus
2708 5207 2772 5259 ad
2825 5207 3013 5259 forum
3073 5206 3264 5258 schola
3320 5204 3603 5273 migrant,
3664 5206 3729 5251 ut
3765 5203 3846 5254 ibi

2142 5274 2372 5347 ludicra:
2404 5277 2840 5330 exercitationes
2872 5278 3093 5340 ﬁerent,
3147 5276 3243 5329 ubi
3283 5276 3441 5329 seriae
3473 5293 3655 5330 causa!
3701 5295 3841 5347 age-

2142 5346 2367 5427 bantur.
2404 5348 2510 5428 §ed
2559 5349 3167 5428 quodnani_in_forum
3198 5347 3370 5428 fuerit
3413 5350 3841 5428 non_expli_eat,

2140 5433 2266 5470 eum
2301 5419 2359 5471 in
2388 5419 2624 5473 diversis
2682 5420 2814 5472 olim
2846 5419 3190 5473 declamasse
3238 5419 3493 5473 rhetores
3546 5420 3839 5489 legantur.

2144 5489 2220 5541 De
2266 5490 2503 5558 Trajauo
2552 5491 2682 5542 licet
2729 5489 3010 5557 conjicere
3057 5507 3122 5543 ex
3182 5491 3251 5543 iis
3307 5505 3435 5557 qua:
3486 5491 3844 5545 Fortunatus

2140 5560 2431 5683 scriliit2riie
2462 5561 2742 5631 poematis
2776 5562 2891 5614 illic
2922 5561 3099 5630 ipsius
3130 5568 3294 5615 aetate
3330 5562 3574 5615 recitatis
3606 5562 3707 5616 lib.
3750 5576 3839 5625 In,

2140 5646 2258 5683 ems
2289 5674 2299 5683 .
2407 5672 2417 5683 .
2850 5647 2853 5651 ‘

2140 5636 2299 5701 epist.
2331 5636 2417 5684 2t.
2850 5647 2853 5651 ‘
