4060 6174
203 204 287 257 277
1709 197 2097 254 DlCTIONES.

3562 201 3667 255 278

200 335 397 403 gantis:
451 332 667 385 lancem
718 328 779 383 in
831 327 1232 382 exhortatione
1262 331 1476 394 teneat,
1540 328 1639 399 qui
1680 328 1852 399 gestit.
1887 332 1933 385 A
1963 329 2228 400 agricolas
2255 329 2546 400 ligonibus
2578 329 2929 399 scripserint,
2960 329 3247 385 triticeam
3278 345 3526 387 messem
3555 348 3666 404 pa-

199 420 379 476 audiri.
438 420 729 473 lnstittuor
800 416 1025 471 virtutis
1069 417 1306 487 plausus
1358 417 1657 473 excludat:
1716 417 1861 473 bene

201 515 393 565 morata
422 507 600 561 oratio
634 507 878 576 imperat
906 505 1059 576 quod
1090 506 1307 560 suadet.
1344 508 1473 560 llaec
1503 506 1549 560 si
1579 508 1862 577 explicare

201 615 392 670 nequeo
422 597 687 651 facultate
720 594 965 659 dicendi,
998 610 1189 649 amare
1232 598 1427 649 tamen
1456 595 1630 649 didici
1676 596 1861 650 cousi-

198 688 464 743 deratione
498 684 773 755 propositi
799 689 854 737 et
882 685 1125 738 lectione
1155 686 1400 738 consilii.
1437 686 1567 738 Pars
1598 686 1864 755 quaedam

199 776 470 847 probitatis
514 779 615 840 est,
668 772 714 825 si
770 773 1014 842 implere
1058 788 1332 843 nequeas,
1386 789 1552 827 nosse
1600 774 1861 828 meliora.

198 867 433 937 Sequitur
478 862 864 916 examinatam
917 862 1296 915 intentionem
1353 862 1585 916 effectus
1632 863 1861 932 operis:

201 954 463 1025 proximus
489 951 768 1022 magistro
800 955 905 1017 est,
939 951 1039 1020 qui
1072 950 1261 1021 diligit
1291 955 1629 1005 ornamenta
1654 950 1864 1005 doctri-

198 1059 285 1098 nae.
321 1043 457 1095 Deus
518 1046 710 1094 tamen
760 1040 876 1092 voti
928 1055 986 1091 se
1018 1039 1283 1092 comitem
1330 1039 1572 1109 jungat:
1625 1044 1680 1092 et
1711 1038 1867 1110 quod

201 1130 405 1185 novellis
450 1132 773 1199 praeceptor
825 1128 1160 1181 commendo
1207 1126 1536 1198 cespitibus,
1583 1127 1645 1181 in
1678 1128 1867 1199 pomis

197 1230 439 1291 tanquam
471 1218 544 1273 de
586 1218 947 1272 hmreditaria
976 1216 1332 1286 possessione
1363 1217 1685 1287 decerpam.

816 1306 1043 1360 DICTIO
1085 1306 1225 1359 VIII.

200 1397 433 1466 Przfalio
464 1396 665 1451 ‘dicta
688 1395 983 1466 Lupicino,
1017 1396 1251 1465 quando
1274 1394 1337 1448 in
1370 1394 1657 1451 auditorio
1689 1396 1866 1451 tradi-

660 1489 749 1538 tus
778 1487 863 1537 est
898 1484 1165 1538 Deuterio
1200 1488 1261 1541 γ.
1294 1486 1356 1536 S.

626 1588 1061 1628 SCHOLASTICA
1106 1588 1299 1628 SECUN
1318 1590 1414 1627 DA.

249 1663 504 1729 Quotiens
559 1661 773 1716 amomi
834 1662 1125 1729 flosculus,
1176 1668 1275 1716 aut
1307 1662 1504 1716 messis
1534 1661 1728 1716 cassias
1760 1678 1863 1734 per

196 1752 651 1824 depraedationem
698 1752 891 1805 lascivi
934 1752 1154 1822 pollicis
1202 1753 1529 1817 viduantur,
1570 1756 1626 1805 et
1655 1752 1727 1807 ad
1758 1753 1861 1806 do-

198 1851 285 1897 tem
313 1858 589 1896 manuum
618 1843 1004 1895 humanarum
1030 1841 1219 1894 nobile
1244 1857 1482 1911 germen
1505 1841 1858 1911 adjungitur,

200 1933 429 1985 meritum
461 1930 700 1999 cespitis
732 1930 907 1983 odore
939 1930 1240 1998 signiﬁcat,
1289 1934 1344 1983 et
1374 1936 1596 1984 natura:
1624 1931 1859 1999 genium

198 2021 351 2089 prima
395 2019 618 2071 visione
667 2022 937 2071 testatur:
972 2019 1246 2071 occultari
1294 2035 1353 2071 se
1385 2035 1503 2071 non
1533 2019 1751 2088 patitur
1777 2019 1859 2073 fe-

198 2120 297 2160 tura
322 2107 584 2160 sublimis
609 2123 621 2159 :
644 2108 817 2160 decus
843 2108 980 2159 clari
1005 2107 1303 2175 sanguinis
1325 2123 1443 2161 non
1471 2112 1701 2161 tenetur
1727 2108 1859 2161 abs-

196 2196 419 2249 condito:
469 2212 585 2249 vox
642 2196 872 2249 mundae
928 2195 1171 2264 originis
1229 2197 1359 2249 licet
1402 2195 1463 2249 in
1519 2196 1855 2263 recessibus,

199 2301 387 2355 semper
441 2285 699 2338 auditur.
759 2285 866 2339 Sed
898 2284 1159 2355 quamvis
1212 2287 1291 2338 ita
1347 2302 1406 2337 se
1455 2302 1545 2338 res
1586 2286 1855 2353 habeant,

198 2371 530 2425 humanitatis
589 2372 844 2437 interest,
899 2388 1015 2425 non
1068 2378 1254 2426 tacere
1299 2373 1453 2442 quod
1484 2373 1727 2442 gestias:
1764 2390 1858 2443 pa-

197 2476 298 2512 rum
344 2460 581 2530 suscipit
626 2461 840 2525 oneris,
893 2462 992 2531 qui
1040 2461 1193 2531 quod
1243 2461 1345 2513 scit
1391 2477 1584 2514 amore
1616 2462 1857 2529 dignum

194 2565 308 2613 esse,
344 2550 750 2603 commendat:
799 2551 1039 2604 feritatis
1073 2550 1353 2603 maculam
1385 2567 1498 2604 non
1530 2551 1724 2619 evitat,
1756 2550 1855 2621 qui

194 2653 281 2689 non
308 2637 528 2690 festinat
583 2654 858 2702 asserere,
913 2639 1060 2709 quod
1102 2638 1318 2693 meritis
1349 2639 1506 2693 novit
1536 2655 1657 2693 esse
1684 2639 1855 2709 placi-

195 2730 375 2779 turum.
424 2727 600 2780 Diem
658 2727 890 2781 laudare
944 2727 1197 2780 abnuat?
1253 2728 1513 2781 attollere
1574 2728 1708 2782 solis
1763 2744 1852 2782 ra-

192 2812 285 2865 dios
322 2814 443 2883 quis
492 2820 719 2867 metuat
748 2814 1002 2883 qualibet
1044 2820 1210 2867 nocte
1247 2830 1578 2869 sermonum
1602 2817 1629 2870 ?
1651 2817 1698 2871 si
1728 2816 1850 2870 tlie-

192 2902 302 2955 mati
328 2904 671 2973 obsequium
719 2908 947 2974 praestat
979 2904 1179 2971 oratio,
1227 2904 1296 2958 ab
1344 2905 1469 2974 ipso
1501 2907 1735 2976 suscipit
1764 2906 1853 2960 di-

189 2992 449 3060 gnitatem.
488 2993 724 3062 Proprii
769 3010 905 3063 ergo
957 2994 1136 3047 macie
1168 3010 1281 3048 non
1326 2993 1570 3047 turberis
1614 2994 1850 3064 ingenii,

189 3081 381 3148 quando
411 3080 635 3152 eloquii
679 3082 864 3135 vilitas
894 3081 1077 3152 pretio
1111 3088 1387 3151 suscepta:
1419 3082 1682 3136 dictionis
1733 3084 1853 3137 ele-

190 3175 357 3223 vatur:
390 3171 622 3241 erigere
655 3187 815 3224 mens
858 3171 1004 3224 fasce
1036 3172 1303 3241 depressa
1339 3172 1680 3241 imperitia:
1714 3173 1854 3226 dex-

190 3262 283 3311 tera
308 3260 533 3328 impacti
564 3260 762 3312 oneris
793 3260 1126 3313 sublevaris.
1166 3260 1278 3315 Sed
1305 3276 1407 3313 cur
1437 3260 1624 3329 longis
1663 3262 1854 3315 invol-

192 3347 388 3400 vimur?
422 3348 706 3401 Praesenti
726 3348 1147 3402 adolescentulo
1169 3348 1377 3402 militat
1398 3349 1633 3417 praefata
1657 3366 1852 3405 narra-

191 3434 268 3499 tio,
297 3453 457 3505 quem
492 3437 824 3491 rediturum
855 3438 925 3491 ad
960 3454 1221 3506 proavos,
1264 3454 1377 3491 non
1420 3439 1854 3494 denuntiatione

191 3538 459 3593 augurum,
494 3526 602 3580 sed
635 3532 760 3595 post
792 3528 973 3581 Deum
1000 3528 1178 3581 fultus
1212 3542 1309 3596 spe
1336 3527 1474 3581 mihi
1508 3534 1707 3582 vestras
1732 3546 1857 3599 per-

191 3610 411 3667 fectionis
441 3615 740 3685 spondeo:
776 3631 879 3669 nec
910 3616 1170 3669 futurum
1202 3615 1453 3685 ambigo,
1488 3618 1854 3687 splendorem

192 3705 232 3750 te
268 3700 359 3754 iste
388 3718 634 3756 suorum
666 3720 831 3772 posse
879 3704 1138 3768 reddere,
1176 3719 1348 3774 quem
1381 3704 1507 3757 aliis
1538 3708 1849 3760 contulisti.

192 3788 347 3843 Potest
373 3792 525 3845 enim
574 3791 743 3845 facile
777 3799 1034 3846 veterum
1078 3793 1283 3846 decora
1310 3793 1617 3861 Zsuscitare,
1653 3795 1743 3848 cui
1773 3796 1855 3849 fas

192 3881 257 3928 est
282 3894 416 3931 nova
444 3887 807 3933 construere.
844 3881 968 3934 Non
1000 3881 1193 3934 credas
1227 3882 1349 3934 haec
1398 3898 1520 3935 esse
1552 3883 1725 3935 solius
1768 3884 1853 3937 in-

191 3963 458 4021 citamenta
486 3970 798 4023 facundiae.
833 3969 954 4023 Tibi
985 3970 1086 4023 uni
1113 3986 1448 4023 concessum
1492 3975 1596 4036 est,
1629 3971 1853 4025 clarita-

191 4056 281 4106 tem
323 4061 415 4109 aut
470 4058 634 4123 dare,
692 4064 789 4111 aut
846 4074 1111 4128 reparare
1162 4059 1470 4127 majorum.
1522 4059 1686 4114 Stant
1726 4064 1856 4114 ante

192 4142 350 4196 oculos
390 4154 516 4199 tuos
563 4162 685 4199 non
716 4163 933 4200 annosa
982 4147 1148 4216 pueri
1191 4153 1586 4214 monumenta,
1632 4149 1727 4203 sed
1759 4166 1854 4203 re-

192 4232 362 4286 centia.
412 4234 686 4288 Peritiam
721 4241 877 4289 tuam
932 4236 1219 4290 Firminus
1252 4241 1310 4290 et
1358 4236 1624 4304 Licerius,
1672 4238 1854 4291 aetatis

191 4331 280 4371 sua:
324 4321 523 4389 sidera,
575 4324 685 4377 hac
733 4340 865 4378 voce
909 4326 1277 4380 conveniunt.
1337 4326 1590 4395 Suscipe,
1648 4326 1854 4380 doctis-

192 4406 305 4459 sime
332 4409 656 4478 hominum,
711 4414 1008 4485 utriusque
1048 4416 1307 4484 plantam
1352 4416 1607 4482 familiae,
1641 4418 1697 4469 et
1726 4416 1852 4469 cul-

193 4508 320 4551 mum
361 4499 417 4552 in
466 4517 586 4571 quo
639 4504 905 4571 gravidas
954 4504 1157 4557 aristas
1202 4506 1390 4573 parias
1436 4504 1718 4557 secundus
1762 4510 1852 4557 at-

193 4585 347 4640 tende.
380 4589 585 4659 Scalpe
615 4593 856 4645 sarculis
903 4592 1138 4646 uberem
1174 4598 1405 4657 terram,
1438 4611 1564 4665 quas
1595 4594 1641 4646 si
1672 4594 1850 4647 nostri

193 4681 257 4724 est
300 4680 576 4745 germinis
628 4681 824 4747 fibula,
876 4679 941 4734 fit
988 4682 1102 4735 tuis
1145 4682 1397 4750 profecto
1444 4683 1733 4736 laboribus
1765 4699 1851 4737 re-

192 4776 455 4829 sponsura.
498 4768 765 4821 Docendo
801 4769 942 4822 libro
978 4770 1299 4823 adolescere
1333 4771 1592 4823 maritate
1630 4772 1853 4840 planta-

194 4852 286 4904 ria:
316 4856 521 4908 novelli
551 4857 819 4910 dentibus
851 4859 1084 4928 virgulti
1122 4860 1373 4912 fructum
1405 4860 1616 4912 surculi
1649 4859 1854 4913 melio-

192 4938 251 4989 ris
299 4945 698 4998 accommoda:
751 4946 940 4998 veniat
998 4963 1301 5014 pomorum
1349 4964 1655 5013 successus,
1716 4948 1854 5003 dum

194 5042 271 5079 ore
295 5036 484 5085 tenero
519 5034 828 5087 sublimior
866 5035 938 5088 ab
986 5035 1084 5087 illo
1127 5042 1177 5088 te
1211 5037 1446 5089 docente
1474 5037 1669 5104 planta
1700 5052 1852 5090 mor-

191 5114 362 5171 detur:
395 5121 530 5190 quia
580 5122 691 5174 nisi
743 5124 1056 5178 edomitam
1092 5126 1302 5178 terram
1334 5130 1535 5195 terque
1567 5130 1622 5179 et
1652 5132 1855 5197 quater

252 5272 264 5303 ¹
304 5276 769 5356 ενξΐαίἰο-ᾀίςίᾳ
807 5280 1100 5356 Lupicino]
1154 5283 1516 5356 Lupicinum,
1547 5283 1851 5354 Euprepizc

193 5350 367 5425 furoris
398 5350 646 5404 Eunodii
675 5352 858 5406 filium
889 5350 1061 5407 fuisse
1084 5350 1185 5406 nos
1206 5350 1462 5425 epistolae
1494 5350 1847 5410 docuerunt:

192 5410 266 5491 hic
301 5426 603 5495 utrumque
634 5425 757 5493 ejus
801 5442 967 5478 avum
1008 5424 1219 5495 prodit,
1241 5410 1573 5480 ‘Firminum
1606 5432 1661 5479 et
1692 5428 1851 5481 Lice—

196 5498 318 5569 glum
348 5508 376 5544 a
405 5493 617 5569 quibus
646 5502 702 5549 et
722 5493 1077 5569 cognomina
1105 5497 1173 5569 de
1216 5513 1375 5569 more
1404 5498 1683 5567 sumpsit:
1716 5515 1851 5553 nam

198 5554 386 5614 Flavius
420 5554 669 5619 Licerius
720 5554 1002 5621 Firininus
1033 5568 1341 5637 Lupicinus
1389 5554 1706 5638 appellatus
1735 5574 1848 5626 est:

1970 418 2152 473 liurus
2185 419 2474 489 superabit
2503 423 2559 473 et
2588 418 2804 473 lolium.
2856 419 3057 473 Munus
3086 418 3408 473 Palladium
3440 425 3497 475 et
3524 437 3667 476 cana

1970 522 2208 560 nemora
2258 506 2443 559 baccis
2516 505 2781 577 plurimis
2838 507 3061 559 cultura
3111 507 3441 578 locupletat.
3505 508 3665 563 India

1972 597 2150 649 multo
2182 595 2388 649 sudore
2422 610 2538 665 quo
2590 610 2647 647 se
2678 594 2851 663 jactat
2894 593 3183 648 hebenum
3241 596 3442 649 nutrit.
3479 595 3665 650 Sabaei

1968 684 2131 753 virga
2176 683 2405 755 cespitis
2437 699 2613 737 manu
2641 688 2897 737 cessante
2926 699 3053 750 ,non
3102 684 3344 753 proﬁcit.
3383 685 3666 739 Industria

1969 773 2117 839 fecit,
2164 773 2320 844 quod
2366 772 2704 828 Prmstaneis
2761 788 2919 826 rosas
2981 772 3215 827 dumeta
3269 779 3660 844 pepererunt;

1971 879 2109 934 quas
2138 863 2206 916 de
2254 862 2455 933 spinis,
2488 879 2591 916 ceu
2621 867 2789 915 terrae
2836 861 3045 929 sidera,
3088 862 3251 915 labor
3282 863 3475 933 exigit.
3512 864 3664 917 Felix

1972 956 2056 1006 est
2081 953 2373 1022 operantis
2404 951 2696 1013 instantia.
2733 951 3002 1022 quotiens
3026 952 3210 1021 glebis
3242 951 3511 1005 uberibus
3538 968 3665 1006 ma-

1971 1056 2079 1095 nus
2110 1041 2431 1095 adhibetur.
2462 1042 2619 1094 Tunc
2650 1040 2797 1093 fessa
2828 1040 3061 1093 brachia
3090 1056 3253 1093 succo
3283 1040 3478 1094 effusae
3512 1042 3663 1095 vale-

1971 1130 2185 1185 tudinis
2215 1130 2619 1193 intumescunt,
2655 1129 2885 1199 quando
2924 1130 3214 1198 integrum
3250 1128 3413 1182 fenus
3453 1129 3666 1182 rurico-

1970 1218 2042 1273 lis
2073 1235 2206 1273 arva
2237 1218 2593 1273 dissolvunt:
2629 1219 2882 1271 nascitur
2924 1216 3178 1271 exercitii
3217 1218 3564 1272 desiderium
3595 1217 3666 1272 de

1972 1308 2260 1363 fertilitate
2308 1308 2527 1360 telluris
2561 1324 2573 1361 :
2611 1306 2935 1360 vomeribus
2995 1307 3281 1377 agendum
3310 1310 3414 1373 est,
3468 1311 3527 1361 ut
3564 1322 3666 1377 per

1973 1398 2237 1467 palmites
2278 1397 2553 1451 exuberet
2591 1396 2691 1450 dos
2722 1396 3007 1451 autumni.
3042 1396 3348 1466 Nunquam
3391 1412 3662 1467 spuman-

1972 1487 2052 1541 tia
2104 1486 2274 1540 labris
2326 1490 2516 1539 musta
2565 1486 2796 1551 meruit,
2848 1485 2956 1538 nisi
3007 1486 3107 1555 qui
3135 1485 3336 1538 vitium
3378 1484 3665 1539 luxuriem

1976 1591 2147 1629 curva
2196 1575 2336 1628 falce
2382 1574 2695 1628 resecavit:
2751 1578 2808 1627 et
2856 1574 2914 1625 iu
2964 1572 3201 1626 diversis
3252 1571 3497 1625 cultibus
3537 1573 3664 1642 plus

1974 1679 2145 1733 quam
2190 1662 2307 1715 vini
2356 1662 2654 1732 acciperet,
2706 1660 2946 1731 liquoris
2991 1660 3206 1715 effudit.
3256 1660 3404 1714 Talis
3450 1665 3533 1713 est
3564 1676 3664 1714 na-

1969 1757 2099 1805 tura
2156 1751 2524 1805 mortalium:
2578 1750 2687 1803 rite
2744 1754 3149 1819 comparantur
3215 1748 3463 1802 arbustis
3512 1748 3665 1803 rudi-

1970 1844 2164 1894 menta
2197 1840 2583 1910 parvulorum.
2633 1838 2787 1902 Quos
2840 1842 3144 1908 postquam
3176 1842 3485 1907 parentum
3515 1838 3667 1892 solli-

1970 1931 2162 1984 citudo
2203 1946 2234 1983 a
2275 1928 2472 1983 matris
2518 1928 2708 1982 radice
2766 1926 3069 1997 decerpsit,
3116 1926 3537 1997 providendum
3580 1932 3667 1982 est

1969 2019 2057 2073 cui
2091 2020 2211 2072 solo
2237 2019 2401 2089 juxta
2430 2021 2560 2070 vota
2588 2015 2967 2069 commendet.
3015 2016 3149 2068 Post
3185 2014 3665 2069 deliberationem

1970 2109 2294 2164 doctoribus
2321 2108 2454 2177 jura
2496 2109 2687 2160 nostra
2718 2104 3169 2159 transcribimus.
3210 2104 3367 2158 Tunc
3395 2104 3543 2159 ﬁunt
3572 2105 3662 2159 in-

1968 2198 2262 2252 stitutione
2328 2195 2518 2263 vestri,
2575 2210 2719 2264 quos
2785 2192 2950 2246 nobis
3019 2196 3226 2246 natura
3281 2192 3660 2247 concesserit:

1968 2292 2103 2341 tunc
2155 2286 2357 2356 incipit
2405 2284 2516 2338 sibi
2548 2287 2773 2337 tantum
2806 2281 3129 2336 studiorum
3174 2281 3316 2336 lima
3349 2282 3657 2338 vindicare:

1968 2381 2247 2446 quantum
2286 2373 2447 2443 origo
2493 2372 2584 2426 vix
2622 2372 2910 2443 praevalet.
2956 2372 3107 2425 Pene
3147 2370 3303 2425 enim
3344 2386 3462 2425 non
3515 2371 3662 2443 inju-

1964 2466 2115 2519 rium
2154 2469 2259 2528 est,
2295 2463 2443 2517 vinci
2476 2461 2804 2532 prosapiem
2836 2460 3139 2514 collatione
3171 2458 3447 2513 doctrinae
3477 2476 3491 2527 ;
3525 2461 3663 2531 quia

1963 2554 2140 2625 patris
2171 2552 2424 2607 ofﬁcium
2469 2551 2640 2605 habet
2681 2550 2965 2604 luxuriem
2997 2549 3305 2618 comitem;
3344 2554 3662 2620 praecepto-

1964 2643 2062 2707 ris,
2095 2642 2538 2696 sollicitudinem
2565 2657 2577 2694 :
2606 2638 2831 2711 genitor
2858 2639 2923 2692 fit
2967 2637 3204 2700 deliciis,
3251 2637 3545 2692 institutor
3578 2639 3661 2693 1a-

1961 2731 2231 2786 boribus:
2285 2731 2607 2784 libertatem
2640 2729 2801 2798 origo
2851 2727 3072 2793 tribuit,
3116 2728 3360 2796 dignum
3396 2727 3661 2783 libertate

1963 2822 2215 2877 monitor
2241 2820 2394 2875 facit.
2423 2820 2567 2889 Ergo
2605 2819 2788 2888 magis
2831 2822 3079 2870 vestrum
3113 2821 3217 2882 est,
3270 2816 3425 2886 quod
3452 2816 3659 2871 lauda—

1894 2920 1934 2973 C
1964 2916 2058 2964 tur
2090 2910 2149 2963 in
2196 2909 2467 2962 homine:
2522 2924 2694 2961 nemo
2755 2905 2927 2970 enim,
2979 2905 3027 2958 si
3074 2904 3219 2958 desit
3265 2904 3659 2957 testimonium

1962 2997 2265 3063 facundiae,
2312 2996 2523 3067 poterit
2567 2994 2883 3065 praedicare
2925 2992 3078 3063 quod
3107 2991 3415 3045 nascimur.
3456 2991 3656 3062 Splen-

1964 3089 2160 3142 dorem
2214 3086 2441 3140 familias
2491 3083 2683 3155 prodit
2741 3083 2960 3151 lingua,
3018 3096 3191 3151 quam
3243 3080 3537 3135 tribuitis:
3591 3081 3657 3136 fit

1961 3193 2149 3247 prmco
2187 3176 2431 3246 generis,
2483 3172 2741 3243 magistri
2769 3170 3109 3225 beneficium
3134 3187 3147 3224 :
3174 3169 3523 3224 ineruditata
3554 3185 3657 3224 no-

1958 3266 2148 3321 bilitas
2190 3266 2415 3319 caeleste
2449 3278 2655 3317 munus
2678 3262 2923 3331 abjurat.
2956 3259 3310 3328 Adstringite
3341 3275 3479 3329 ergo
3522 3275 3647 3313 arc-

1961 3356 2135 3410 tiorib
2153 3372 2218 3408 us
2238 3354 2478 3407 vinculis
2508 3368 2613 3423 per
2644 3356 2869 3406 aetatem
2894 3348 3119 3403 erratici
3151 3348 3405 3419 palmitis
3432 3349 3650 3417 lapsus:

1962 3446 2085 3499 sine
2128 3444 2320 3498 sobole
2369 3459 2559 3497 ramos
2588 3442 2740 3497 ferro
2774 3441 3025 3510 castiga:
3061 3439 3351 3493 novellum
3383 3436 3658 3507 cespitem

1960 3536 2082 3589 fotu
2133 3550 2245 3604 quo
2300 3538 2501 3587 cuncta
2574 3530 2921 3586 fructiﬁcare
2974 3530 3142 3595 soles,
3199 3528 3416 3582 attolle.
3479 3526 3660 3582 Habet

1963 3624 2289 3678 adolescens
2360 3626 2571 3687 noster,
2641 3620 3028 3691 quodcunque
3088 3618 3157 3672 de
3217 3604 3333 3671 suis
3386 3616 3657 3687 respexit,

1962 3713 2117 3783 quod
2163 3716 2474 3781 sequatur:
2521 3709 2682 3763 nobis
2714 3709 2903 3773 crede,
2948 3712 3114 3769 actus
3141 3710 3224 3759 tot
3254 3706 3501 3760 stimulis
3531 3721 3660 3776 per-

1962 3803 2132 3863 volat,
2189 3800 2447 3870 quolibet
2477 3798 2730 3851 scientias
2778 3796 2949 3849 fuerit
2996 3811 3193 3864 aequor
3222 3793 3549 3865 ingressus:
3585 3794 3662 3848 fo-

1963 3891 2152 3944 dietur
2179 3887 2461 3958 prosapiae
2500 3903 2616 3940 sua;
2647 3884 2993 3939 calcaribus:
3040 3899 3143 3953 per
3187 3888 3273 3937 tot
3303 3882 3533 3937 ordines
3564 3883 3660 3937 ni-

1962 3980 2040 4034 hil
2090 3977 2203 4032 nisi
2246 3977 2397 4047 quod
2456 3975 2527 4029 ad
2582 3975 2801 4028 litteras
2850 3972 3075 4040 invitat,
3116 3972 3351 4025 invenit.
3383 3972 3504 4027 Stat
3529 3988 3657 4027 ecce

1965 4072 2093 4121 ante
2143 4073 2195 4121 te
2245 4064 2519 4136 parvulus
2568 4068 2763 4116 noster
2816 4061 3076 4114 felicibus
3122 4060 3437 4114 initiandus
3468 4062 3662 4132 auspi-

1964 4156 2102 4211 ciis:
2140 4161 2195 4209 et
2224 4155 2371 4208 sicut
2407 4151 2550 4222 justi
2596 4150 2786 4205 hostia
2816 4148 3179 4203 devotionem
3226 4148 3535 4202 sacerdotis
3568 4165 3664 4204 ex-

1893 4272 1936 4325 D
1971 4245 2229 4315 postulat.
2276 4244 2578 4296 Paternam
2610 4238 2877 4294 convenit
2916 4253 3012 4290 ore
3053 4237 3348 4306 pietatem,
3386 4241 3449 4289 ut
3478 4236 3664 4305 quali-

1966 4335 2061 4388 bet
2102 4333 2358 4387 oratione
2388 4328 2756 4383 constitutam
2806 4327 2865 4381 in
2897 4326 3026 4379 vitm
3071 4325 3271 4379 limine
3302 4325 3666 4380 commendet

1962 4422 2287 4487 infantiam,
2342 4435 2516 4490 quam
2557 4418 2625 4473 de
2659 4415 2993 4488 parentibus
3024 4431 3142 4468 non
3173 4429 3436 4468 sermone
3469 4414 3662 4484 exigit,

1963 4512 2063 4565 sed
2111 4509 2247 4579 quid
2281 4509 2564 4563 desideret
2612 4522 2774 4561 error
2826 4504 3075 4559 ostendit
3111 4520 3125 4570 ;
3169 4502 3429 4572 cogimur
3459 4502 3664 4557 subve-

1961 4598 2086 4654 nire
2136 4599 2194 4651 in
2244 4598 2571 4651 necessitate
2623 4595 2864 4666 parvuli,
2914 4609 3088 4664 quam
3119 4592 3366 4646 formido
3419 4591 3664 4645 manife-

1962 4693 2091 4742 stat.
2132 4686 2363 4756 Sponde
2404 4686 2515 4739 tuis
2578 4684 3000 4739 adolescentule
3030 4685 3049 4715 ²
3083 4681 3255 4751 digne
3298 4680 3663 4751 primordiis:

1962 4792 2123 4847 spem
2155 4774 2392 4828 solidam
2426 4774 2496 4827 de
2525 4778 2621 4826 tua
2653 4772 3003 4840 perfectione
3030 4769 3420 4839 concipimus:
3450 4769 3667 4823 bonum

1961 4864 2261 4934 ingenium
2292 4860 2507 4917 doctori
2540 4862 2756 4930 optimo
2790 4860 3206 4929 mancipamus.
3243 4858 3400 4913 Sacri
3429 4859 3550 4929 jam
3575 4874 3663 4911 ru-

1962 4953 2214 5007 dimenta
2262 4967 2533 5005 venerare
2579 4949 2841 5019 collegii:
2876 4948 2945 5002 ad
3000 4948 3237 5002 Latiaris
3266 4946 3441 5001 curiae
3494 4946 3669 5017 proﬁ-

1962 5041 2120 5095 ciunt
2171 5040 2376 5104 sidera,
2413 5054 2556 5109 quos
2583 5039 2742 5091 vides
2786 5038 3048 5091 scintillis
3108 5036 3351 5091 modicis
3403 5036 3667 5089 futurum

1958 5129 2157 5185 lumen
2205 5128 2527 5182 ostendere.
2588 5128 2710 5182 Hoc
2758 5143 2891 5180 avos
2931 5126 3141 5181 dixisse
3192 5124 3471 5179 sufficiat:
3521 5124 3669 5185 mihi

2001 5285 2112 5339 uod
2164 5284 2395 5339 quidem
2442 5300 2509 5338 ex
2551 5282 2817 5338 Vaticano
2866 5283 3061 5338 codice
3106 5280 3665 5337 Commentariorum

2001 5302 2112 5339 nou
2207 5302 2395 5339 uiucm
2442 5302 2509 5338 ex
2557 5302 2817 5338 vaticano
2866 5302 3061 5338 conice
3106 5302 3664 5337 bommentarlorllﬂl

1958 5302 2094 5412 gulii
2164 5302 2401 5411 gaesaris
2468 5355 2793 5419 didicimus,
2851 5356 2910 5409 in
2964 5371 3079 5424 quo
3132 5354 3222 5424 ad,
3257 5352 3390 5424 libri
3450 5353 3664 5424 calcem

1959 5428 2270 5497 ascriptum
2295 5431 2409 5480 erat
2437 5443 2449 5480 :
2474 5426 2679 5497 Julius
2710 5426 2902 5482 Celsus
2928 5422 3334 5497 Constantinus
3356 5422 3487 5496 legi.
3523 5425 3667 5478 Fla-

1958 5500 2083 5555 vius
2110 5495 2381 5553 Liccrius
2411 5496 2707 5553 Firminus
2738 5496 3051 5568 Lupicinus
3081 5495 3216 5567 legi.

2035 5570 2058 5601 ¹¹
2099 5571 2261 5625 Forte
2293 5568 2493 5641 digna.
