4060 6174
324 284 430 339 2⁴79

1547 282 1833 337 ENNODII
1874 282 2183 340 EPISCOPI
2226 282 2609 340 TICINENSIS

3718 287 3820 338 280

330 418 583 473 remanet
629 415 823 471 stricta
866 413 1197 469 insinuatio.
1244 412 1639 485 Propinquum
1678 413 1749 468 ad
1794 420 1848 469 te
1881 430 2011 469 con-
2047 415 2095 471 A
2124 414 2439 485 expendere
2486 413 2707 485 origine
2738 414 3019 484 serpentis
3066 413 3257 482 rivuli,
3291 413 3390 485 qui
3433 414 3721 487 scalpente
3751 415 3829 470 ad

329 506 695 578 sanguineus,
753 503 958 559 orbum
1013 501 1344 575 parentibus
1401 503 1702 574 religiosus
1758 503 2008 559 exhibui.

332 596 467 661 Quae
498 611 586 649 res
625 593 767 649 mihi
797 592 1064 648 affectum
1095 592 1260 663 pueri
1286 592 1513 659 faciant,
1547 592 1667 663 jam
1697 595 1921 648 tenetis.
1957 592 2015 649 Si

335 684 689 739 necessitudo
737 683 1057 754 respicitur,
1104 681 1248 736 liber
1273 682 1342 736 ab
1374 698 1565 736 amore
1597 698 1717 736 esse
1749 699 1867 737 non
1891 700 2015 752 pos-

333 790 497 829 sum:
530 773 575 827 si
605 774 784 844 pietas
826 772 1008 825 amica
1034 773 1349 842 proposito,
1384 773 1565 825 nostri
1594 772 1743 827 ﬁunt
1784 772 1887 828 ﬁlii
1921 773 2019 844 qui

334 868 636 933 parentum
667 877 901 915 suorum
927 860 1195 930 praesidio
1239 860 1620 915 denudantur.
1657 862 1845 916 Unum
1882 877 2018 932 ergo

336 952 641 1017 vinculum,
672 950 828 1005 venit
857 966 887 1003 a
918 949 1219 1021 prosapie:
1254 950 1365 1003 alio
1398 966 1500 1004 nos
1549 950 1853 1021 adstringit
1896 952 2020 1005 otti-

333 1042 503 1096 cium.
566 1039 824 1111 Respice,
884 1039 1226 1094 venerabilis
1272 1038 1563 1109 magister,
1622 1044 1708 1094 tot
1764 1056 1864 1110 pro
1913 1040 2022 1095 isto

334 1130 615 1203 supplices
642 1145 868 1197 manus,
922 1130 1061 1184 etin
1093 1145 1193 1200 spe
1223 1128 1448 1199 parvuli
1480 1128 1724 1199 majores
1756 1132 1899 1200 ejus,
1933 1147 2025 1185 me

336 1227 500 1292 teque
529 1219 845 1274 considera.
882 1218 1069 1273 Genus
1100 1222 1182 1272 est
1213 1217 1500 1287 singulare
1533 1218 1719 1272 laudis
1749 1219 1808 1272 in
1837 1219 2028 1273 docto-

335 1310 509 1376 ribus,
546 1308 811 1380 discipuli
859 1308 1122 1362 eruditio.
1174 1307 1407 1362 Achillis
1454 1308 1649 1377 lingua
1700 1309 1914 1363 Chiron
1945 1311 2027 1363 in-

336 1400 553 1467 notuit;
585 1398 716 1453 fecit
748 1396 1002 1468 sequacis
1036 1396 1307 1450 meritum
1341 1397 1675 1466 opinionem
1717 1398 1869 1452 illius
1899 1398 2027 1468 plus

333 1487 534 1555 amari,
566 1488 729 1558 cujus
757 1502 862 1557 per
892 1501 950 1540 se
991 1485 1139 1540 forte
1168 1485 1437 1541 facundia
1479 1486 1539 1540 iu
1567 1486 1754 1541 lucem
1786 1504 1901 1542 non
1929 1504 2032 1558 po-

336 1578 536 1632 tuisset
577 1578 750 1630 exire.
803 1577 952 1630 Maro
1001 1580 1188 1630 vester
1253 1576 1429 1629 tantis
1485 1576 1838 1631 institutores
1897 1594 2031 1632 suos

336 1665 774 1733 commendavit,
825 1664 1053 1736 quantis
1085 1665 1205 1735 ipse
1237 1669 1406 1718 notus
1452 1670 1579 1719 est:
1617 1670 1673 1721 et
1711 1671 1860 1721 certe
1899 1667 2029 1722 illos

339 1772 439 1827 per
467 1755 672 1809 merita
716 1770 817 1808 sua
861 1753 1011 1808 fama
1051 1770 1169 1808 non
1199 1753 1469 1825 prodidit.
1505 1753 1884 1825 Hieronymus
1924 1770 2028 1807 no-

339 1851 473 1913 ster,
504 1844 614 1899 nisi
645 1849 1057 1916 praeceptorem
1092 1860 1259 1897 suum
1291 1844 1624 1915 Gregorium
1667 1843 1897 1911 diceret,
1932 1843 2028 1898 illo

343 1936 545 1991 melior
571 1939 901 1990 censeretur
932 1950 945 1987 :
979 1934 1077 1988 sed
1108 1932 1193 1987 illi
1224 1933 1560 2005 applicanda
1591 1937 1725 1988 sunt
1753 1933 1902 1988 bona
1931 1949 2031 1987 no-

343 2021 565 2092 minati,
620 2039 651 2076 a
709 2038 823 2093 quo
886 2021 1197 2092 sumpsisse
1264 2022 1533 2076 videntur
1598 2022 1903 2093 originem.
1966 2024 2031 2078 In

340 2127 582 2178 summa,
616 2113 679 2165 ut
707 2109 845 2177 dixi,
885 2110 1090 2164 cretum
1124 2110 1314 2181 pulsat
1340 2111 1597 2182 magistri
1619 2110 1813 2181 opinio
1845 2111 2031 2182 perfe-

340 2201 525 2256 ctione
576 2198 858 2270 discipuli.
906 2198 1073 2270 Apud
1106 2198 1379 2253 scientem
1413 2215 1607 2254 rerum
1658 2215 1775 2254 non
1822 2199 2030 2271 objicio

341 2288 707 2356 oblivionem,
740 2287 875 2359 quia
910 2290 1049 2342 nota
1081 2303 1467 2342 commemoro
1494 2304 1507 2343 :
1542 2304 1711 2342 avara
1746 2294 1878 2343 sunt
1906 2292 2034 2343 vota

341 2378 702 2449 «liligentum.
738 2377 919 2432 Deum
954 2392 1175 2447 precor,
1220 2381 1284 2431 ut
1319 2377 1524 2431 studiis
1560 2377 1757 2431 vestris
1790 2378 2033 2449 gratiam

342 2484 500 2522 suam
544 2467 812 2521 comitem
850 2467 1078 2537 jungat,
1115 2471 1177 2521 ut
1206 2482 1349 2537 quos
1394 2483 1427 2520 a
1459 2482 1547 2520 me
1580 2467 1860 2521 limandos
1887 2483 2037 2522 acce-

344 2556 495 2626 pisti,
528 2555 882 2610 doctissimos
929 2555 1171 2609 reddas:
1205 2561 1262 2609 et
1306 2556 1536 2610 illorum
1580 2556 1823 2610 eruditio
1853 2560 2037 2611 vestra

344 2646 571 2717 quidem
603 2644 804 2717 gloria,
837 2644 936 2699 sed
965 2660 1156 2699 meum
1188 2644 1468 2698 efﬁciatur
1497 2644 1853 2717 obsequium.

1010 2734 1241 2789 DlCTlO
1282 2735 1367 2788 IX.

421 2820 713 2891 ‘Prwfatio
741 2820 975 2894 quando
1002 2822 1218 2876 Arator
1237 2821 1586 2877 auditorium
1611 2820 1901 2896 ingressus
1929 2824 2033 2876 est.

827 2926 1261 2966 SCBOLASTICA
1295 2926 1557 2967 TERTIA.

413 3001 624 3056 Notum
670 3001 888 3055 cunctis
922 3001 1064 3055 bene
1106 3001 1461 3068 mortalibus,
1495 3001 1651 3073 quod
1680 3001 1908 3057 dicendi
1955 3003 2037 3058 la-

344 3092 541 3145 borem
576 3090 939 3161 negotiorum
984 3090 1141 3145 feriae
1175 3090 1421 3161 pariant,
1454 3096 1510 3145 et
1546 3090 1851 3145 eliminatis
1880 3108 2038 3146 cura-

347 3195 472 3233 rum
502 3179 769 3249 procellis
807 3179 1131 3233 orationum
1179 3196 1379 3233 serena
1419 3179 1549 3249 plus
1578 3181 1835 3236 rutilent.
1874 3182 2036 3235 Diem

344 3282 512 3320 suum
557 3265 811 3337 ingenia,
866 3266 976 3320 nisi
1034 3268 1470 3337 occupationem
1524 3268 1749 3322 nebulis
1798 3268 2034 3337 fuscata,

348 3370 461 3408 non
520 3356 803 3426 perdunt:
853 3355 1268 3409 sententiarum
1295 3355 1467 3426 jubar
1525 3372 1662 3411 cura
1702 3373 1909 3412 vacuos
1951 3375 2038 3413 re-

343 3443 528 3515 spicit,
571 3449 626 3498 et
667 3444 969 3515 expeditus
997 3445 1222 3498 animus
1251 3445 1737 3501 declamationum
1764 3464 2037 3518 pompam

344 3533 721 3587 commendat.
771 3533 878 3598 Qui
936 3550 1084 3588 caeca
1135 3533 1309 3589 remis
1341 3536 1680 3590 temerarius
1726 3536 1868 3591 freta
1908 3553 2039 3609 pro-

344 3620 564 3689 scindit,
614 3621 834 3676 nudum
864 3622 1246 3677 Sollicitudine
1275 3624 1679 3695 gubernaculis
1717 3631 1916 3696 pectus
1943 3642 2033 3681 ac-

343 3711 696 3765 commodat:
733 3716 788 3765 et
844 3711 1266 3783 claviregimen
1341 3715 1461 3767 sola
1530 3731 1644 3785 qua
1693 3716 2035 3787 magistrum

344 3800 500 3854 navis
550 3800 832 3868 convenit,
883 3801 1253 3872 inquisitione
1284 3804 1607 3873 perpendit.
1638 3805 1793 3859 Tunc
1835 3810 2037 3876 stupea

345 3889 404 3943 in
447 3894 649 3944 ventos
700 3906 764 3943 ex
810 3895 938 3944 voto
984 3890 1151 3945 frena
1204 3891 1507 3947 laxantur:
1558 3898 1694 3948 tunc
1726 3895 2033 3950 rudentum

348 3973 581 4033 vinculis
627 3979 723 4034 diu
775 3980 955 4034 libera
988 3981 1168 4034 maria
1215 3981 1558 4051 vinciuntur,
1606 3989 1662 4038 et
1713 3984 2034 4055 imperiosis

345 4069 630 4123 undarum
682 4068 926 4123 cumulis
982 4068 1153 4123 homo
1218 4070 1615 4125 dominaturus
1688 4071 2029 4144 ingreditur,

349 4156 563 4212 liarum
590 4158 807 4213 incerta
837 4158 1002 4213 astris
1054 4158 1482 4214 recludentibus
1512 4161 1832 4232 agniturus.
1877 4164 2034 4217 Tunc

346 4247 761 4319 l’hosphorum,
796 4247 1074 4317 Pleiadas,
1107 4248 1482 4319 Cynosuram,
1515 4255 1571 4303 et
1615 4251 1897 4322 quidquid
1926 4252 2033 4305 iter

345 4338 621 4389 monstrat
671 4335 1002 4407 inspiciens,
1037 4337 1108 4391 ad
1156 4338 1281 4392 caeli
1325 4338 1558 4392 ductum
1590 4339 1747 4391 callis
1782 4339 2033 4393 hominis

341 4419 640 4475 ordinatur
662 4439 676 4489 ;
701 4421 749 4475 si
774 4429 964 4477 tamen
994 4438 1158 4477 mens
1192 4424 1350 4477 nullo
1394 4428 1675 4477 extraneae
1706 4424 2030 4495 occupatio-

343 4507 426 4561 i.is
458 4510 789 4564 mordeatur
836 4512 1147 4581 ambiguo;
1198 4528 1302 4565 nec
1354 4512 1818 4583 peregrinantem
1875 4514 2030 4568 noti-

343 4600 479 4651 tiam
510 4599 784 4669 magister
834 4599 1057 4654 inertia:
1106 4617 1316 4655 mceror
1360 4601 1596 4671 affligat.
1648 4601 1809 4666 Quod
1841 4602 1886 4656 si
1934 4607 2034 4657 aut

342 4687 503 4758 pigro
536 4692 764 4757 torpore
810 4688 1109 4743 hebetatus
1138 4690 1365 4744 animus
1404 4691 1672 4757 dormiat,
1707 4696 1805 4746 aut
1852 4692 2032 4746 diver-

342 4779 411 4830 sis
442 4777 693 4831 excitans
741 4777 988 4833 stimulis
1020 4796 1124 4850 per
1155 4780 1317 4835 devia
1346 4780 1715 4847 distrahatur,
1747 4781 1927 4836 nescit
1960 4782 2031 4836 ad

342 4865 698 4936 propositum
751 4883 919 4921 suum
973 4873 1123 4921 totus
1183 4885 1500 4937 occurrere,
1562 4871 1723 4941 cujus
1773 4870 2031 4924 membra

340 4954 654 5023 prudentiae
686 4955 896 5010 lanista
934 4956 1259 5012 animarum
1317 4975 1452 5013 cura
1507 4958 1791 5028 discerpit.
1841 4959 2029 5013 Inefli-

338 5060 434 5098 cax
465 5060 693 5115 semper
720 5049 825 5113 est,
869 5051 925 5101 et
967 5064 999 5101 a
1028 5046 1193 5101 molis
1225 5064 1342 5101 suae
1390 5048 1717 5102 valetudine
1762 5047 2026 5102 dissocia-

337 5140 426 5187 tus
457 5134 797 5202 ostenditur,
829 5134 930 5206 qui
961 5151 1080 5189 non
1108 5140 1311 5207 potest,
1360 5140 1607 5206 quantus
1637 5141 1741 5204 est,
1779 5153 1890 5191 una
1921 5142 2032 5191 tra-

336 5229 593 5280 ctatuum
629 5225 815 5279 forma
862 5231 1200 5280 monstrare.
1251 5226 1345 5279 Est
1378 5230 1572 5280 tamen
1601 5227 1737 5280 boni
1780 5226 2029 5281 doctoris

406 5408 422 5442 ί
462 5406 747 5474 Praefatio
792 5405 1020 5480 quando
1053 5409 1272 5461 Arator
1322 5406 1689 5480 auditorium]
1742 5408 1871 5463 Haec
1913 5412 2028 5463 tota
2081 5384 2083 5387 ι

337 5492 492 5549 nunc,
514 5492 769 5546 primum
809 5494 869 5531 1n
903 5478 1285 5549 lucemeruta
1314 5494 1379 5532 ex
1416 5478 1852 5549 manuscriptis:
1887 5480 2022 5534 scri-

338 5548 540 5621 pta__in
594 5549 837 5621 gratiam
862 5548 1166 5621 _Aratoris,
1218 5565 1348 5602 cum
1381 5550 1635 5621 Deuterii
1664 5548 2026 5621 grammatici

335 5617 633 5675 Mediolani
680 5618 993 5689 disciplinae
1041 5620 1381 5676 traderetur.
1432 5617 1735 5677 Mediolani
1764 5622 2023 5693 inquam,

2122 496 2305 574 ipsam
2326 510 2536 558 terram
2561 519 2754 573 ungue
2778 503 3130 573 perducitur,
3156 503 3292 574 quid
3312 503 3381 559 sit
3408 503 3530 574 ejus
3553 506 3614 558 in
3634 521 3820 559 unum

2122 595 2389 648 collectus
2437 594 2649 659 alveus,
2681 593 2822 664 quid
2870 594 2917 647 si
2968 594 3065 647 ubi
3112 594 3365 647 nascitur
3408 593 3714 662 mstimare,
3768 599 3827 649 et

2124 685 2270 738 vires
2300 684 2556 739 fluminis
2611 701 2731 738 non
2761 685 2828 739 de
2874 684 2962 739 his
3011 700 3140 755 quae
3189 684 3422 755 accepit.
3470 686 3564 740 sed
3597 687 3667 741 de
3706 687 3825 741 illis

2128 790 2253 845 quin
2283 774 2468 845 potuit
2515 774 2815 844 accepisse,
2848 774 3137 844 colligere.
3182 773 3491 842 Quorsum,
3525 775 3827 830 venerabi-

2128 863 2196 917 lis
2232 864 2519 934 magister,
2554 863 2832 918 libertatis
2871 863 3060 930 index,
3102 863 3238 917 boni
3274 863 3669 918 testimonium
3698 881 3828 919 san-

2130 952 2339 1023 guinis,
2395 953 2763 1023 ingeniorum
2811 954 2970 1019 lima,
3016 952 3324 1007 fabricator
3372 969 3666 1023 sensuum,
3700 953 3829 1008 ham

2130 1043 2302 1097 verba
2330 1043 2729 1113 praemiserim,
2766 1042 2813 1096 si
2844 1043 3103 1115 requiras
3130 1060 3142 1109 ;
3176 1059 3267 1097 me
3291 1060 3382 1097 me
3417 1044 3639 1098 locutus
3671 1059 3824 1110 sum,

2132 1132 2336 1199 fateor,
2386 1148 2477 1186 me
2511 1132 2751 1202 digessi:
2787 1148 2959 1203 quem
3006 1133 3157 1186 inter
3199 1132 3439 1187 inscitia:
3493 1132 3833 1187 dormientis

2135 1219 2437 1274 infantiam
2468 1222 2865 1291 occupationes
2898 1221 3071 1275 variae
3114 1225 3168 1275 et
3196 1221 3424 1275 tristitia
3452 1221 3613 1276 fortis
3645 1222 3831 1292 impe-

2134 1311 2281 1364 ritize
2312 1315 2495 1363 mater
2540 1310 2854 1380 Oppressit:
2903 1310 2995 1364 cui
3045 1326 3163 1364 non
3208 1310 3377 1364 datur
3410 1310 3568 1365 duris
3608 1311 3833 1365 solvere

2137 1400 2283 1453 colla
2307 1398 2616 1468 laboribus,
2647 1403 2709 1452 ut
2740 1396 3063 1452 studiorum
3089 1398 3300 1469 lupatis
3336 1415 3434 1452 ora
3467 1400 3832 1455 decorentur.

2140 1490 2292 1544 Meus
2342 1505 2528 1542 sermo
2574 1488 2726 1559 quod
2759 1488 2954 1541 scaber
2986 1494 3091 1555 est,
3127 1493 3182 1543 et
3220 1489 3380 1543 nullo
3428 1489 3833 1558 splendescens

2139 1577 2404 1633 dictionis
2450 1578 2668 1645 attritu,
2705 1576 3104 1647 intelligentia:
3154 1581 3238 1632 est
3276 1582 3333 1632 et
3379 1578 3634 1632 exercitii
3678 1578 3834 1649 quod

2143 1667 2388 1722 dedisco.
2439 1668 2512 1722 Te
2552 1668 2702 1724 inter
2766 1670 3030 1741 palaestra
3075 1674 3174 1724 tua
3247 1669 3558 1740 originaria
3616 1670 3835 1741 lingua:

2137 1757 2329 1827 palma
2372 1757 2677 1814 sollicitat:
2729 1758 2936 1812 teinter
2980 1758 3149 1824 cives,
3202 1758 3317 1813 mei
3359 1758 3685 1826 immemor,
3737 1774 3834 1813 su-

2136 1848 2313 1919 perba
2355 1848 2522 1902 Delus
2554 1853 2913 1903 annumerat.
2962 1850 3046 1904 Tu
3098 1848 3325 1903 Castalii
3363 1848 3607 1919 gurgitis
3644 1848 3835 1903 lautus

2138 1954 2429 2010 possessor
2475 1939 2729 2005 incedis;
2771 1943 2825 1992 ct
2872 1954 2977 2008 ego
3028 1938 3116 1992 vix
3167 1937 3455 1991 arentibus
3506 1936 3673 1991 labiis
3720 1937 3835 1992 stil-

2139 2027 2353 2082 lantem
2398 2032 2621 2099 guttam
2661 2026 2898 2081 marcidi
2927 2026 3169 2097 liquoris
3200 2024 3462 2080 infando.
3504 2026 3579 2080 Te
3622 2024 3834 2079 sudore

2140 2115 2433 2182 continuo,
2476 2117 2632 2169 nulla
2680 2115 3003 2170 diversitate
3049 2115 3469 2185 interpellante,
3505 2119 3706 2185 utpote
3735 2131 3831 2168 co-

2140 2196 2341 2250 lonum
2384 2211 2576 2261 suum,
2622 2194 2893 2249 doctrina:
2948 2194 3146 2248 messis
3203 2194 3532 2264 amplificat.
3584 2195 3660 2250 At
3689 2195 3836 2249 mihi

2142 2283 2234 2337 vix
2264 2283 2332 2338 de
2386 2298 2729 2354 magnorum
2781 2281 2999 2336 horreis
3039 2297 3258 2352 pauper
3296 2282 3458 2336 fascli
3498 2298 3625 2336 esca
3655 2282 3839 2353 porri-

2142 2373 2315 2444 gitur.
2363 2376 2448 2429 Tu
2493 2374 2554 2427 in
2584 2372 3062 2427 sustentationem
3105 2372 3340 2426 ruitura:
3385 2371 3668 2426 libertatis
3699 2372 3837 2427 felix

2143 2461 2374 2515 dextera
2427 2461 2790 2531 subrogaris:
2863 2477 2954 2514 me
3016 2459 3275 2515 Ecclesia:
3352 2461 3597 2531 angulus
3663 2462 3839 2516 etiam

2142 2550 2297 2605 bona
2334 2555 2687 2605 metuentem
2735 2550 2927 2604 saeculi
2975 2549 3289 2620 gprtesentis
3341 2548 3601 2605 includit.
3663 2552 3836 2619 Quid,

2144 2656 2304 2709 rogo,
2337 2640 2523 2693 visum
2566 2645 2649 2694 est
2677 2640 2896 2694 dudum
2925 2638 3177 2708 insignia
3220 2639 3563 2709 eloquentiae
3616 2644 3731 2694 tuae
3778 2641 3839 2694 in

2146 2746 2237 2784 me
2282 2735 2400 2784 tam
2445 2730 2617 2800 longe
2654 2728 2905 2799 positum
2968 2729 3158 2783 oculos
3206 2728 3535 2784 destinare?
3584 2730 3842 2784 Fuerunt

2146 2818 2328 2889 magis
2360 2818 2475 2886 alii,
2529 2834 2671 2889 quos
2710 2816 2973 2871 dictionis
3009 2822 3123 2871 tuae
3156 2823 3493 2871 ornamenta
3522 2833 3840 2890 compone-

2147 2913 2297 2975 rent,
2328 2909 2534 2979 quibus
2568 2907 2869 2961 verborum
2910 2907 3162 2976 phaleraa
3192 2924 3296 2977 per
3327 2907 3566 2962 Latiales
3601 2908 3840 2979 elegan-

2148 2997 2255 3052 tias
2287 2998 2575 3068 acquisitas
2608 2997 2891 3051 victurum
2921 3001 2977 3051 et
3024 2997 3170 3066 apud
3205 3002 3459 3067 posteros
3502 3013 3715 3051 nomen
3747 2998 3843 3051 of-

2145 3086 2377 3140 ferrent.
2411 3086 2492 3139 Me
2533 3085 2702 3139 tacito
2736 3084 2919 3138 teneri
2961 3089 3184 3139 tantum
3215 3084 3480 3139 convenit
3518 3085 3725 3139 affectu
3756 3086 3844 3140 di-

2145 3176 2248 3230 ctis
2292 3175 2568 3246 imparem
2603 3180 2659 3229 et
2706 3174 2910 3229 ofﬁciis
2945 3178 3384 3244 sequestratum.
3425 3174 3569 3238 Quid
3600 3175 3843 3245 erigeris

2146 3266 2366 3319 animos
2398 3281 2542 3334 quos
2592 3264 2737 3317 alter
2786 3264 2908 3333 jam
2941 3264 3047 3317 sibi
3080 3263 3207 3317 vita:
3270 3262 3407 3317 ordo
3463 3263 3842 3319 subdiderat?

2146 3354 2291 3419 Quid
2323 3354 2394 3408 ad
2425 3358 2479 3408 te
2524 3352 2806 3408 revocaris
2839 3368 2941 3423 per
2972 3352 3145 3422 longa
3174 3351 3383 3406 iterum
3413 3351 3714 3406 intervalla
3746 3352 3841 3407 di-

2146 3446 2393 3496 stantem
2442 3442 2759 3509 hominem,
2810 3440 2965 3511 apud
3015 3456 3187 3510 quem
3218 3440 3364 3494 sicut
3411 3440 3569 3494 nefas
3601 3445 3838 3495 estnon

2144 3531 2422 3585 meruisse
2469 3532 2708 3599 laudari,
2745 3530 2826 3585 ita
2873 3529 3092 3584 crimen
3124 3529 3296 3584 fuisse
3329 3528 3673 3584 laudatum?
3720 3531 3844 3585 Tua

2143 3625 2293 3688 sunt,
2346 3626 2464 3689 tua,
2501 3637 2572 3675 ne
2605 3620 2823 3683 dubita,
2875 3624 2972 3674 aut
3015 3618 3235 3685 eorum,
3289 3618 3333 3672 si
3369 3623 3561 3673 tamen
3593 3618 3843 3674 inveniri

2145 3710 2442 3780 potuerint
2467 3710 2566 3781 qui
2610 3713 2949 3781 sequuntur.
2981 3708 3064 3763 Ad
3095 3708 3583 3762 adolescentulum
3618 3713 3839 3775 tamen,

2144 3817 2315 3872 quem
2358 3802 2659 3873 praesentis
2705 3802 2818 3856 diei
2865 3801 3161 3855 auditoriis
3192 3801 3305 3854 tuis
3336 3800 3586 3870 auspicia
3612 3800 3843 3855 dedica-

2143 3896 2295 3958 runt,
2332 3908 2463 3946 cum
2497 3909 2609 3963 quo
2643 3890 2786 3945 mihi
2814 3890 2982 3961 parili
3007 3890 3249 3944 infantia
3276 3889 3553 3957 convenit,
3587 3889 3632 3943 si
3670 3890 3843 3945 venia

2144 3997 2235 4035 me
2267 3981 2511 4047 donatis,
2544 3980 2719 4035 verba
2748 3986 3035 4033 converto.
3071 3980 3241 4049 Cujus
3282 3979 3595 4049 primordia
3625 3995 3841 4050 quam-

2142 4068 2226 4122 vis
2258 4068 2597 4123 infabricato
2636 4084 2901 4123 sermone
2930 4067 3355 4134 commendem,
3389 4068 3643 4139 imperiis
3679 4084 3842 4122 amo-

2142 4158 2218 4212 ris
2266 4174 2522 4212 excusor.
2578 4157 2694 4213 Sub
2730 4158 2941 4228 jugum
2969 4155 3217 4211 mittitur
3258 4156 3574 4211 dilectionis
3601 4158 3845 4211 necessi-

2142 4251 2257 4302 tate
2304 4247 2637 4301 constricti:
2672 4248 2729 4300 et
2774 4246 2910 4300 dum
2942 4245 3087 4299 caris
3128 4245 3527 4316 prospicimus,
3563 4246 3701 4316 quid
3733 4263 3843 4302 nos

2074 4342 2113 4394 D
2147 4337 2342 4392 deceat
2382 4353 2495 4390 non
2543 4335 2817 4390 videmus.
2871 4336 3031 4390 Hunc
3076 4335 3211 4389 licet
3256 4341 3501 4405 paterna
3545 4334 3841 4391 debuisset

2146 4427 2326 4480 oratio
2359 4426 2665 4497 prosequi:
2700 4441 2817 4479 non
2848 4430 2933 4478 est
2979 4430 3171 4478 tamen
3193 4441 3224 4478 a
3252 4431 3412 4496 patre
3444 4425 3632 4480 aliena
3661 4442 3842 4497 quam

2141 4516 2392 4585 porrigo.
2448 4514 2650 4569 Debuit
2688 4515 2812 4581 tibi,
2856 4518 3058 4581 macte,
3101 4514 3418 4569 orationem
3463 4516 3741 4586 professio
3781 4520 3843 4571 et

2141 4620 2290 4657 mea.
2326 4604 2477 4659 Felix
2506 4604 2660 4658 istud
2689 4604 2940 4658 nominis
2978 4604 3129 4674 apud
3154 4604 3351 4657 doctos
3378 4604 3721 4675 auspicium,
3756 4604 3839 4659 di-

2140 4694 2312 4747 taudo
2348 4694 2600 4747 scientiae
2633 4693 2891 4764 frugibus
2935 4694 3190 4747 laborem
3222 4694 3369 4747 circa
3418 4693 3604 4747 studia
3645 4710 3840 4747 neces-

2140 4782 2354 4835 sarium
2381 4782 2664 4852 promittit
2701 4789 2756 4837 et
2786 4782 3041 4836 nomine.
3073 4781 3269 4848 Finde,
3298 4782 3624 4837 adolescens
3665 4798 3837 4851 egre-

2140 4872 2252 4942 gie,
2286 4871 2592 4941 pinguium
2624 4872 2790 4925 dorsa
2815 4878 3095 4924 terrarum
3127 4886 3139 4922 :
3175 4871 3440 4941 imprime
3470 4872 3700 4925 dentem
3746 4887 3839 4925 vo.

2136 4959 2308 5013 meris
2338 4959 2562 5014 novella
2609 4959 2793 5013 adhuc
2851 4958 3057 5012 incude
3121 4959 3471 5035 formatum:
3520 4974 3723 5013 exerce
3778 4958 3839 5012 in

2139 5049 2457 5102 studiorum
2496 5048 2615 5103 solo
2668 5048 2952 5120 quidquid
3002 5049 3287 5118 optimum
3335 5048 3602 5101 convenit
3640 5054 3835 5102 arato-

2139 5152 2280 5190 rem.
2333 5138 2387 5193 Si
2436 5141 2718 5192 scrutatus
2768 5138 2996 5208 penitus
3042 5137 3220 5192 fueris
3270 5137 3577 5192 latentium
3616 5143 3840 5192 secreta

2138 5242 2490 5297 camporum,
2544 5227 2797 5281 invenies
2842 5227 2959 5282 illic
3014 5227 3373 5297 Deuterium,
3421 5226 3520 5299 qui
3568 5226 3840 5281 ubertate

2138 5408 2273 5479 quia
2320 5412 2385 5462 ut
2435 5408 2506 5463 ad
2554 5408 2823 5478 epistolas
2876 5408 3237 5463 observatum
3295 5412 3399 5475 est,
3432 5408 3639 5461 Arator
3679 5411 3840 5479 extra

2138 5478 2430 5551 Liguriam
2476 5496 2599 5552 non
2632 5480 2885 5552 studuit:
2932 5488 2989 5534 et
3042 5481 3268 5552 quaede
3312 5479 3577 5552 Deuterio
3616 5478 3834 5552 passim

2136 5552 2479 5620 scribuntur,
2539 5551 2610 5606 ad
2653 5550 3076 5620 Mediolanum,_
3102 5551 3203 5608 ubi
3259 5551 3513 5605 scholam
3564 5550 3833 5615 habebat,

2137 5623 2437 5679 referenda
2467 5627 2619 5679 sunt.
