4060 6174
187 322 263 372 281
1700 316 1836 371 DlC’l

2015 315 2061 370 IS

3528 322 3633 375 282

185 455 469 523 linguarum
504 451 765 522 germina
790 450 893 506 tibi
938 452 1331 524 multiplicatis
1390 452 1725 519 seminibus,
1769 456 1823 507 et
1859 456 1904 509 A
1936 467 2106 522 quem
2140 468 2249 507 non
2277 452 2437 523 juvet
2482 451 2741 507 amisisse
2772 457 3014 524 patrem,
3047 452 3150 508 sub
3201 454 3425 509 lucrosa
3470 470 3632 510 com-

183 544 411 600 sudorem
470 545 868 595 remuneretur
906 541 1257 613 impensum-
1317 542 1478 596 Disce
1523 542 1643 613 jam
1678 558 1828 596 nunc

182 630 447 684 verborum
475 630 758 684 luxuriem
813 630 949 684 artis
992 632 1133 685 falce
1182 637 1491 699 truncare;
1542 635 1604 685 ut
1634 631 1829 685 novel-

181 719 251 772 lus
288 734 466 788 cespes
510 718 616 772 sub
664 718 799 772 ferri
851 702 1150 791 disciplina
1196 720 1475 790 proﬁciat.
1520 720 1828 775 Resecetur

180 807 424 878 quidquid
469 806 770 861 infecunda
801 809 1113 878 ’palmituni
1147 810 1353 864 umbra
1399 810 1780 864 transmiserit
1812 826 1824 864 :

181 895 237 949 ad
270 894 434 948 solam
480 912 721 950 uvarum
754 912 910 966 spem
953 897 1093 950 vites
1126 902 1239 951 tute
1270 913 1458 952 ramos
1487 898 1823 967 :extendant.

179 984 299 1039 Talis
326 984 387 1037 ad
417 984 652 1054 genium
686 990 849 1039 tuum
898 985 1094 1039 redeas
1133 1001 1364 1040 necesse
1413 991 1535 1041 est:
1579 988 1708 1040 talis
1756 986 1828 1039 ad

181 1080 281 1127 vota
305 1078 487 1126 nostra
522 1074 790 1145 respicias
827 1092 839 1129 :
900 1079 955 1129 et
985 1092 1113 1129 cum
1172 1080 1225 1128 te
1281 1075 1531 1145 gravidis
1576 1075 1829 1130 scicntize

178 1163 348 1217 culmis
380 1164 690 1231 ornaveris,
754 1170 893 1219 tunc
947 1170 1002 1219 te
1060 1180 1337 1235 magnum
1393 1165 1503 1219 dici
1534 1165 1829 1219 conveniet

176 1256 453 1306 Aratorem.
484 1253 758 1317 Quocirca
789 1270 887 1324 spe
932 1254 990 1308 in
1020 1259 1073 1309 te
1104 1256 1327 1326 prmmii
1382 1255 1597 1308 nutriat
1645 1254 1829 1307 laudis

176 1340 420 1395 ardorem.
454 1342 593 1412 Legi
626 1342 761 1413 quia
793 1360 908 1397 non
927 1348 1008 1396 est
1037 1344 1285 1397 fortunae
1312 1344 1490 1411 lusus,
1525 1344 1571 1397 si
1598 1343 1827 1414 quando

174 1430 294 1484 inter
318 1430 629 1485 feculentos
651 1448 895 1503 quorum
919 1450 1025 1503 ego
1069 1433 1290 1502 primus
1346 1448 1492 1499 sum,
1537 1432 1829 1503 imperito-

173 1535 275 1573 rum
300 1535 492 1591 greges
516 1522 820 1591 profecerit
843 1522 1143 1576 litteratus.
1188 1523 1314 1576 Non
1380 1527 1600 1575 metuas
1662 1537 1830 1593 pres-

174 1625 351 1675 suram,
384 1626 493 1680 qua
530 1616 842 1680 gravantur
865 1611 1127 1666 instructi
1159 1627 1171 1665 :
1212 1612 1392 1682 magis
1432 1612 1616 1665 laudis
1658 1612 1833 1666 habet

1937 542 2254 595 mutatione
2284 541 2331 595 si
2368 542 2539 595 talem
2572 542 2898 596 conceditur
2940 542 3270 598 invenisse?
3312 544 3478 599 Tanti
3527 544 3634 599 viri

1936 630 2202 700 insignia,
2265 647 2392 701 quae
2450 630 2692 701 implere
2748 647 2988 702 nequeo,
3021 648 3125 702 per
3183 633 3422 704 profana
3462 634 3635 688 verba

1938 735 2056 773 non
2088 725 2324 773 temero.
2361 721 2485 790 Ipse
2511 725 2612 787 est,
2645 720 2807 790 cujus
2835 726 2920 776 est
2950 721 3129 775 dulcis
3160 722 3507 791 auctoritas,’
3536 726 3637 777 aut

1937 808 2168 862 horrida
2198 809 2434 862 dulcedo
2464 808 2584 879 ,qui
2651 809 2988 879 magistrum
3039 811 3100 864 in
3146 801 3399 881 ecclesia,
3460 812 3637 882 magi-

1939 898 2200 952 strumin
2221 898 2416 963 domo,
2465 898 2806 969 magistrum
2837 900 2895 952 in
2947 898 3231 969 convivio,
3292 901 3634 972 magistrum

1936 986 2141 1055 implet
2170 986 2228 1039 in
2249 986 2391 1055 jocis
2430 1002 2441 1041 :
2479 986 2577 1056 qui
2627 1002 2925 1058 nunquam
2977 988 3108 1042 facit
3148 989 3301 1059 quod
3334 995 3635 1060 sequentes

1937 1075 2083 1129 nolit
2111 1075 2341 1129 imitari.
2402 1076 2579 1146 Cujus
2645 1076 2715 1129 ad
2764 1093 3019 1147 unguem
3064 1078 3241 1149 polita
3281 1079 3635 1134 conversatio

1938 1164 2163 1217 coeleste
2197 1164 2303 1218 iter
2326 1164 2639 1235 discipulis,
2673 1164 2808 1219 dum
2843 1165 3075 1233 incedit,
3106 1167 3354 1221 ostendit
3389 1183 3400 1221 :
3447 1167 3637 1221 minor

1943 1254 2095 1307 enim
2130 1254 2250 1306 laus
2280 1258 2360 1307 est
2390 1254 2593 1308 docere
2614 1254 2782 1319 bene,
2814 1253 2923 1307 nisi
2946 1270 3119 1323 opere
3169 1254 3424 1309 docenda
3481 1271 3639 1309 mon-

1938 1342 2420 1412 straveris.Hujus
2443 1342 2548 1395 viri
2600 1346 2855 1412 suscepto
2925 1341 3271 1396 adolescenti
3318 1342 3457 1414 quid
3508 1359 3639 1397 mea

1939 1431 2292 1502 praestitisset
2317 1432 2501 1485 oratio
2528 1451 2541 1498 ;
2572 1432 2775 1502 [quem
2834 1440 3070 1485 eventus
3122 1432 3319 1485 dexter
3353 1432 3421 1485 de
3474 1432 3635 1485 insti-

1940 1519 2142 1574 tutoris
2175 1520 2393 1573 meritis
2448 1527 2661 1583 manet,
2727 1524 2782 1573 et
2836 1520 2904 1575 de
2942 1521 3203 1574 orbitatis
3255 1520 3633 1591 prosperitate

1940 1609 2255 1681 perfectio?
2289 1608 2428 1662 Huic
2454 1610 2741 1663 sufticiunt
2784 1609 3015 1678 patroni
3065 1626 3261 1680 preces
3297 1625 3309 1662 :
3343 1624 3445 1679 per
3493 1625 3635 1680 quas

173 1700 329 1769 jacens
371 1700 598 1771 peritia,
656 1717 831 1771 quam
883 1702 1136 1754 culmina
1193 1701 1590 1754 rusticantum.
1656 1700 1832 1769 Erigit
1875 1739 1914 1793 Β
1944 1698 2257 1753 merebitur
2276 1697 2551 1752 institutis
2582 1698 2815 1769 optimis
2845 1697 3101 1753 imbutus
3148 1698 3497 1769 degenerare
3527 1699 3633 1769 ζευ-

176 1789 329 1842 doctos
356 1786 705 1844 conscientia
739 1804 875 1855 sua;
908 1791 963 1841 et
1006 1788 1049 1842 si
1083 1790 1309 1859 quando
1350 1788 1583 1842 incertis
1608 1793 1835 1858 tempo—

175 1889 276 1926 rum
302 1873 525 1928 flatibus
562 1883 951 1946 opponuntur,
977 1879 1262 1932 sustinent
1301 1878 1468 1945 mala,
1505 1894 1634 1949 quae
1666 1891 1838 1931 saecu-

176 1965 227 2018 lis
252 1966 417 2035 magis
448 1970 588 2018 sunt
621 1966 974 2033 ascribenda,
1010 1984 1183 2038 quam
1225 1967 1458 2022 meritis.

230 2054 679 2107 Prosecutionem
712 2070 898 2108 meam
930 2072 1103 2126 quam
1136 2072 1263 2110 vere
1295 2057 1566 2110 rusticam
1611 2055 1673 2109 in
1699 2057 1835 2111 Ara-

176 2144 799 2197 toriscommendatione
830 2144 1112 2212 contexui,
1164 2145 1317 2199 felici
1367 2151 1594 2199 tantum
1639 2145 1839 2199 dicunt

178 2233 323 2304 aliqui
348 2250 608 2304 personae
641 2233 995 2300 blanditam;
1029 2237 1115 2287 cui
1140 2234 1393 2288 favorem
1426 2234 1493 2288 de
1517 2236 1694 2304 patris
1720 2238 1836 2306 [po-

177 2316 341 2376 testate
378 2323 649 2376 conciliet
695 2322 1064 2377 dilectionem
1120 2324 1358 2377 mentita
1400 2324 1726 2378 necessitas.
1772 2326 1836 2377 ln

176 2413 307 2482 cujus
333 2413 507 2467 laudis
545 2412 871 2466 ministerio
931 2412 1068 2466 vivis
1102 2416 1158 2466 et
1186 2413 1563 2483 praesentibus
1612 2418 1837 2466 tantum

175 2502 403 2569 serviens,
428 2502 816 2573 temporalem
838 2502 1069 2556 exhibet
1093 2502 1291 2572 lingua
1314 2502 1677 2555 famulatum.
1696 2502 1830 2566 Quae

175 2590 361 2662 quoties
383 2593 442 2646 in
474 2593 812 2663 aliquorum
839 2592 1125 2661 praeconio
1152 2592 1357 2646 fucatis
1374 2592 1679 2645 verborum
1699 2592 1838 2644 ima-

172 2682 365 2751 ginibus
397 2682 573 2747 ludit,
598 2681 818 2735 fortiori
866 2681 1052 2735 studio
1082 2686 1439 2751 .conceptum
1474 2680 1682 2735 mentis
1714 2681 1837 2734 abs-

172 2772 349 2825 condit.
385 2773 816 2842 Nonnunquam
850 2771 1003 2824 enim
1035 2771 1215 2824 doctis
1237 2771 1439 2825 tribuit
1468 2771 1647 2841 stylus
1692 2786 1834 2840 pro-

170 2856 461 2914 fundiorum
489 2860 914 2931 cogitationum
946 2860 1245 2927 latebram,
1277 2861 1324 2913 si
1352 2860 1624 2927 dulcibus
1672 2875 1836 2913 aures

172 2963 264 3001 non
288 2949 421 3003 bene
448 2950 810 3003 merentium
847 2948 1114 3002 fomentis
1159 2949 1423 3003 illexerit.
1460 2949 1570 3003 Sed
1636 2965 1834 3020 seque-

171 3038 387 3092 strentur
413 3055 445 3092 a
476 3045 681 3093 nostro
700 3038 835 3091 talia
861 3038 1116 3092 instituta
1138 3039 1453 3108 proposito.
1482 3039 1596 3092 Nos
1618 3044 1673 3091 et
1694 3039 1837 3093 scire

170 3127 266 3182 haec
291 3129 576 3194 convenit,
606 3135 662 3181 et
692 3128 893 3181 odisse.
929 3128 1161 3182 Cautius
1194 3128 1345 3180 enim
1380 3144 1411 3180 a
1459 3128 1837 3198 prudentibus

170 3224 277 3270 nota
304 3234 469 3289 quam
502 3218 809 3288 inopinata
834 3218 1152 3287 fugiuntur.
1182 3217 1318 3272 Mihi
1350 3217 1422 3271 ad
1479 3217 1837 3272 laudationes

169 3307 447 3361 amicorum
470 3307 590 3361 nisi
622 3322 788 3360 amor
811 3308 981 3361 verbo
1005 3306 1383 3359 transmiserit
1420 3322 1546 3377 quae
1614 3306 1675 3360 in
1732 3322 1836 3376 pe-

169 3397 446 3451 netralibus
499 3396 878 3451 conscientiae
933 3395 1168 3450 caritate
1223 3396 1496 3465 magistra
1532 3395 1837 3464 dictantur,

168 3487 288 3539 inter
313 3487 668 3541 relationum
700 3487 817 3539 vias
847 3485 950 3538 sub
982 3486 1131 3539 fasce
1170 3484 1418 3555 suscepti
1470 3483 1659 3538 oneris
1715 3484 1839 3555 pal-

169 3577 345 3645 pitabo.
384 3580 533 3648 Ergo
563 3578 579 3611 ¹
628 3576 858 3630 classico
890 3591 1038 3643 meo,
1064 3575 1155 3628 cui
1176 3575 1470 3645 proprium
1488 3574 1607 3627 sine
1636 3574 1838 3628 fraude

167 3668 362 3719 servivit
394 3666 729 3737 ingenium,
782 3664 995 3718 indices
1055 3663 1233 3717 animi
1273 3664 1386 3717 mei
1419 3664 1698 3718 dictiones
1753 3666 1838 3717 at-

166 3754 282 3820 tuli;
312 3757 444 3825 quia
476 3756 612 3809 sine
636 3754 983 3808 adulationis
1005 3752 1327 3824 suspicione
1347 3758 1430 3807 est
1460 3753 1610 3806 inter
1639 3769 1841 3824 aequa-

165 3841 229 3896 les
256 3845 499 3899 amicitia
530 3860 815 3915 personas
852 3860 865 3909 ;
921 3849 978 3896 et
1015 3847 1150 3896 tunc
1175 3842 1291 3896 tida
1352 3842 1690 3912 diligentum
1722 3842 1839 3895 sin-

165 3933 334 3986 ceritas
362 3934 742 4004 approbatur,
804 3932 1067 4002 quotiens
1118 3947 1234 3985 non
1283 3931 1528 4000 venitga
1557 3935 1841 4001 potestate

165 4023 287 4090 quod
332 4030 582 4077 metuas.
627 4020 763 4077 Mihi
789 4021 1055 4075 classicus
1102 4037 1217 4074 non
1256 4024 1511 4074 meretur
1562 4021 1838 4092 imperiis,

165 4110 412 4181 quidquid
439 4128 562 4166 non
600 4111 845 4181 imponit
876 4110 1172 4181 obsequio.
1202 4111 1414 4164 Ferunt
1429 4115 1620 4164 tamen
1640 4110 1839 4181 aliqui,

164 4198 275 4253 orbo
319 4201 667 4272 parentibus
724 4199 900 4267 fideli,
956 4200 1248 4269 auspicato
1300 4202 1595 4270 gymnasia
1632 4200 1845 4253 littera-

163 4304 287 4356 rum,
326 4306 645 4361 personam
674 4289 1001 4358 religiosam
1020 4288 1284 4343 debuisse
1306 4288 1489 4359 magis
1514 4290 1839 4359 verbapraa-

1946 1788 2214 1843 blimiter.

2618 1876 2845 1933 DICTIO
2883 1877 2942 1932 Χ.

2015 1964 2038 1999 ²
2060 1965 2393 2023 Gratiarum
2423 1964 2573 2022 actio
2600 1964 3002 2037 grammatico,
3035 1964 3261 2037 quando
3290 1964 3637 2021 Parthenius

2573 2054 2709 2108 bene
2732 2053 3015 2109 recitavit.

2411 2157 2846 2199 SCHOLASTICA
2892 2159 3170 2206 QUARTA.

2016 2232 2254 2297 Quando
2279 2232 2495 2287 debitas
2526 2232 2817 2287 beneficiis
2846 2233 3137 2287 reddimus
3177 2232 3406 2303 gratias,
3466 2233 3633 2289 credo

1945 2321 2098 2392 quod
2117 2321 2448 2392 abjuramus
2481 2320 2819 2392 jactantiam
2851 2322 3185 2376 necessariis
3216 2321 3583 2393 obsequendo
3620 2337 3635 2375 :

1944 2410 2104 2465 nullo
2127 2411 2281 2465 enim
2305 2411 2653 2482 arrogantia:
2684 2416 2876 2464 tumor
2904 2411 3216 2465 honestatis
3266 2413 3488 2465 velatur
3546 2410 3635 2465 in-

1945 2499 2242 2564 dumento,
2278 2515 2407 2553 cum
2440 2516 2557 2553 non
2612 2500 2805 2571 gloriae
2840 2500 3095 2555 militant
3143 2500 3335 2567 verba,
3380 2500 3477 2555 sed
3508 2516 3637 2554 san-

1944 2588 2122 2658 guini.
2158 2588 2325 2642 Aliud
2348 2593 2430 2641 est
2461 2590 2615 2642 enim
2641 2589 2969 2643 utlauderis
3003 2588 3210 2656 dicere,
3265 2588 3420 2643 aliud
3449 2588 3637 2643 dicere

1942 2694 2016 2731 ne
2049 2679 2318 2749 carparis.
2354 2678 2435 2732 lbi
2464 2695 2624 2732 mens
2655 2695 2823 2733 avara
2850 2679 3020 2733 fama:
3048 2685 3133 2732 est
3150 2679 3403 2749 subjecta
3423 2678 3639 2749 jactan-

1944 2767 2059 2830 tiae,
2093 2767 2183 2819 hic
2209 2772 2431 2820 servata
2456 2768 2676 2821 ratione
2700 2768 2831 2838 jure
2871 2768 2932 2822 in
2986 2768 3173 2822 locum
3228 2768 3428 2839 gloriae
3482 2766 3636 2821 redi-

1944 2856 2047 2926 git,
2092 2856 2245 2927 quod
2278 2872 2343 2909 ex
2365 2856 2629 2909 dictionis
2651 2857 2856 2911 sudore
2898 2858 3219 2927 contigerit.
3274 2855 3443 2913 Justis
3477 2872 3637 2910 nam-

1946 2961 2057 3015 que
2088 2950 2145 2999 et
2201 2945 2506 3014 superﬂuis
2544 2945 3073 3013 declamationibus,
3124 2952 3183 3000 et
3236 2946 3283 2999 si
3327 2945 3451 3016 pari
3480 2944 3638 2998 favor

1878 3030 1919 3084 C
1948 3050 2230 3101 sermone,
2256 3033 2515 3088 discretis
2549 3039 2740 3087 tamen
2798 3035 3087 3088 mentibus
3129 3034 3468 3088 exhibetur:
3520 3048 3637 3086 uno

1948 3124 2177 3195 quidem
2209 3123 2439 3193 tyranni
2470 3122 2851 3189 laudationes,
2877 3127 2931 3177 et
2966 3123 3250 3176 bonorum
3309 3122 3636 3193 principum

1947 3229 2044 3267 ore
2074 3212 2452 3274 celebrantur,
2489 3227 2592 3265 nec
2623 3216 2708 3265 est
2737 3211 2929 3281 aliqua
2954 3211 3107 3264 inter
3147 3212 3271 3281 ejus
3320 3211 3419 3280 qui
3453 3225 3633 3263 mere-

1945 3305 2039 3355 tur
2064 3300 2373 3371 praeconia,
2417 3299 2731 3366 diversitas,
2757 3304 2812 3352 et
2832 3300 2985 3353 illius
3040 3300 3139 3370 qui
3162 3304 3417 3371 usurpat.
3478 3298 3640 3364 Quod

1945 3390 2060 3445 nisi
2090 3389 2661 3461 graviajudicantum
2694 3390 2927 3460 ingenia
2955 3386 3639 3459 dicendicausas'expen-

1947 3480 2165 3548 derent,
2200 3480 2424 3534 nullum
2445 3479 2607 3534 daret
2636 3480 2758 3534 haec
2809 3495 2939 3549 qua:
2997 3479 3169 3532 etiam
3224 3476 3480 3550 indignis
3510 3492 3640 3531 con-

1945 3570 2134 3641 tingit,
2197 3570 2637 3623 acclamantium
2686 3585 2826 3622 aura
2854 3568 3182 3622 discrimen.
3235 3568 3639 3638 Susceptarum

1948 3666 2164 3714 secreta
2193 3660 2505 3714 dictionum
2539 3659 2609 3713 ab
2654 3658 3017 3712 audientibus
3072 3674 3191 3711 non
3238 3657 3641 3711 examinantur

1948 3749 2164 3819 lingua,
2192 3749 2286 3803 sed
2318 3754 2565 3818 pectore.
2601 3750 2663 3801 In
2690 3764 2935 3814 summa,
2983 3746 3139 3800 aliud
3170 3751 3254 3801 est
3306 3747 3639 3800 recitantem

1948 3839 2157 3894 blande
2188 3842 2241 3891 et
2266 3837 2509 3892 libenter
2529 3838 2747 3905 audire,
2775 3836 2927 3891 aliud
2952 3832 3222 3891 affectum
3268 3852 3381 3908 quo
3440 3835 3642 3889 recites

1951 3927 2284 3999 approbare.
2322 3926 2427 3981 Sed
2452 3927 2576 3996 jam
2606 3926 2829 3980 omissis
2864 3927 3131 3981 thematis
3199 3924 3644 3980 commendatio-

1950 4019 2139 4085 nibus,
2188 4032 2309 4070 rem
2368 4016 2560 4086 potius
2629 4017 2993 4071 mediocratis
3048 4020 3261 4071 nostrae
3315 4016 3638 4087 eloquatur.

1951 4106 2319 4163 Parthenium
2351 4106 2643 4175 quondam
2700 4106 2770 4159 ad
2823 4106 3012 4161 studia
3049 4110 3146 4160 tua
3205 4110 3639 4176 properantem,

1952 4197 2166 4267 optime
2196 4194 2488 4266 magister,
2513 4195 2617 4248 sub
2646 4194 3020 4249 oratiunculae
3061 4211 3202 4249 meae
3251 4193 3643 4248 insinuatione

1950 4285 2215 4357 perduxi,
2262 4291 2399 4339 tunc
2453 4300 2585 4338 cum
2642 4284 2963 4338 liberalium
2999 4284 3429 4354 disciplinarum
3464 4284 3643 4337 limen

166 4384 376 4433 sectare.
412 4380 642 4434 Orbum
674 4378 1009 4449 parentibus
1038 4378 1173 4446 dixi,
1228 4378 1318 4431 cui
1353 4395 1454 4449 per
1500 4378 1685 4433 felicia
1739 4395 1842 4433 na-
1884 4388 1927 4442 υ
1960 4376 2216 4444 intraret,
2249 4380 2387 4429 tunc
2426 4390 2556 4428 cum
2596 4373 2879 4427 incertum
2913 4378 3080 4439 esset,
3108 4380 3303 4427 utrum
3360 4372 3643 4442 prosapiae

164 4472 279 4521 tura'
300 4469 513 4523 damna
545 4467 873 4522 communis
909 4471 1071 4538 pater
1092 4473 1148 4521 et
1200 4468 1496 4539 episcopus
1553 4468 1732 4522 factus
1760 4473 1846 4522 est

166 4558 425 4626 proprius.
462 4558 575 4612 Ille
625 4557 970 4610 afflictorum
1024 4557 1360 4624 consolatio,
1405 4558 1739 4628 jejunorum
1763 4557 1840 4611 ci-

168 4643 268 4710 bus,
321 4644 625 4701 caecorum'
661 4647 879 4713 oculus,
922 4662 1020 4716 pes
1078 4646 1435 4713 claudorum,
1484 4650 1567 4701 tot
1615 4648 1843 4718 pietatis

168 4746 260 4786 suae
286 4737 526 4806 species,
580 4739 664 4788 tot
719 4734 1243 4789 misericordiarum
1302 4736 1513 4805 gradus
1571 4737 1639 4790 ad
1670 4737 1844 4807 hujus

166 4828 408 4879 convertit
456 4841 735 4896 persona:
788 4824 1132 4894 profectum.
1164 4826 1226 4879 Et
1284 4824 1425 4879 illud
1452 4825 1647 4878 domui
1698 4826 1842 4879 Lau-

166 4914 327 4979 rentii,
378 4915 525 4985 quid
579 4913 785 4967 mundi
842 4913 1276 4967 necessitatibus
1323 4916 1621 4981 succurrit,
1681 4915 1842 4985 inge-

163 5002 316 5071 nium,
346 5004 405 5058 in
438 5002 771 5057 ministerio
824 5002 994 5072 hujus
1025 5008 1319 5057 exercetur
1380 5003 1676 5059 infantuli.
1739 5003 1843 5060 Cui

163 5090 265 5143 talis
290 5109 407 5147 non
431 5094 546 5162 sit,
612 5097 676 5147 ut
714 5108 843 5147 vere
892 5093 1155 5160 dixerim,
1207 5092 1457 5163 gratiosa
1509 5094 1844 5149 calamitas?

219 5265 500 5323 ‘Clasn'co
532 5269 683 5338 meo]
715 5268 834 5321 Mox
880 5266 1051 5333 infra,
1098 5267 1375 5322 classicus
1436 5283 1549 5321 non
1596 5271 1845 5323 meretur

158 5333 409 5407 imperiis,
444 5333 916 5409 nempe-Arator.
967 5339 1117 5392 Nova
1177 5339 1597 5409 significatione
1650 5341 1842 5393 classi-

161 5422 266 5480 cum
298 5412 434 5465 dixit
484 5411 816 5465 auditorem
876 5410 1296 5476 scholasticum,
1356 5410 1661 5480 quasijam
1721 5419 1844 5467 tum

161 5479 454 5552 scholarum
489 5483 727 5535 ordines
747 5483 807 5535 in
838 5498 981 5552 quos
1013 5481 1334 5536 scholastici
1377 5479 1839 5552 distinguuntur,

163 5550 339 5606 classes
358 5554 718 5624 appellarint
756 5571 768 5608 :
803 5550 937 5606 usus
975 5568 1148 5622 porro
1192 5553 1392 5606 eadem
1424 5558 1507 5606 est
1562 5550 1698 5608 voce
1741 5555 1838 5608 lib.

166 5625 475 5695 ix,‘epistola
505 5625 853 5695 penultima.

222 5690 242 5725 ³
269 5690 613 5751 Gratiarum
634 5693 1193 5769 actiogrammatico,
1217 5696 1444 5767 quando
1456 5696 1834 5770 Parthenius]

1951 4467 2201 4521 nitorem
2230 4464 2553 4520 eruditione
2576 4464 2907 4533 loqueretur
2933 4478 2946 4529 ;
2984 4462 3143 4516 nullo
3174 4460 3327 4516 enim
3375 4466 3516 4515 teste
3548 4476 3644 4514 no-

1950 4556 2187 4610 bilitatis
2217 4554 2418 4622 utitur,
2448 4555 2611 4624 cujus
2643 4553 2981 4624 sanguinem
3026 4568 3142 4606 non
3203 4550 3396 4621 prodit
3424 4551 3645 4605 instru-

1952 4644 2082 4698 ctio.
2109 4646 2265 4699 Tunc
2295 4659 2428 4713 ergo
2458 4641 2799 4713 praedictum
2833 4640 3120 4711 prosecuti
3142 4656 3339 4695 sumus
3390 4638 3643 4710 eloquio,

1953 4733 2182 4803 quando
2212 4732 2296 4786 fas
2354 4748 2470 4786 non
2522 4736 2643 4785 erat
2693 4748 2957 4785 sermone
2979 4736 3196 4798 nostro,
3233 4728 3444 4801 .qualis
3503 4732 3649 4783 esset

1952 4827 2139 4891 natus,
2196 4821 2455 4876 ostendi:
2509 4821 2645 4892 quia
2698 4822 2983 4877 bonorum
3024 4836 3252 4892 semper
3308 4818 3648 4874 meritorum

1951 4912 2106 4966 labes
2136 4916 2218 4964 est
2252 4911 2463 4965 habere
2522 4911 2709 4965 lucem
2758 4910 3076 4982 sanguinis,
3116 4916 3172 4964 et
3208 4913 3374 4965 nocte
3430 4907 3649 4964 rustici-

1956 5002 2085 5057 tatis
2114 5001 2362 5055 includi:
2404 5000 2571 5070 prodi
2610 5006 2982 5055 stemmatum
3032 5000 3282 5068 vocibus,
3324 5005 3379 5055 et
3408 4997 3647 5069 imperi-

1950 5091 2031 5146 tia
2059 5091 2315 5145 fuscante
2341 5090 2692 5147 delitescere.
2723 5095 2943 5146 Aurum
2974 5090 3118 5145 nihil
3146 5090 3265 5163 lest,
3301 5090 3413 5145 nisi
3470 5102 3648 5144 manu

1953 5270 2031 5324 De
2053 5267 2358 5323 Parthenio
2393 5267 2626 5322 alterius
2656 5269 2899 5324 Ennodii
2922 5269 3134 5323 sororis
3163 5267 3280 5322 ﬁlio
3312 5265 3530 5320 dictum
3562 5269 3649 5320 est

1952 5357 2053 5395 suo
2083 5342 2204 5395 loco
2235 5340 2292 5393 in
2312 5339 2583 5409 epistolis.
2614 5340 2773 5394 Nunc
2795 5342 3099 5407 olim,cum
3115 5338 3303 5393 studia
3330 5337 3650 5406 auspicare-

1950 5418 2063 5475 tur,
2094 5412 2204 5465 alia
2233 5412 2481 5465 dictione
2507 5418 2842 5482 prosecutus
2862 5413 3048 5465 fuerat
3066 5409 3356 5482 Ennodius
3378 5424 3508 5480 qua:
3529 5425 3648 5482 non

1952 5490 2134 5538 exstat
2164 5499 2177 5536 :
2204 5500 2355 5537 nunc
2376 5480 3069 5553 ejus'doctori,Deuterio,
3092 5481 3393 5550 utopinor,
3434 5480 3649 5551 gratias

1951 5555 2088 5622 agit,
2122 5571 2249 5607 cum
2265 5558 2553 5625 specimen
2573 5556 2858 5625 profectus
2879 5555 2964 5607 sui
2984 5553 3356 5607 declamando
3375 5553 3645 5608 dedisset.

1952 5627 2042 5681 Sic
2059 5642 2163 5697 pro
2180 5629 2416 5681 Aratore
2431 5626 2557 5681 dum
2573 5632 2709 5681 sunt
2722 5626 3017 5697 dictiones,
3034 5641 3150 5680 una
3165 5640 3295 5680 cum
3308 5625 3378 5680 ad
3391 5625 3646 5681 scholam

1954 5698 2228 5753 deductus
2259 5702 2360 5767 est,
2385 5698 2564 5753 altera
2590 5714 2720 5753 cum
2753 5697 2823 5752 ad
2852 5696 3083 5752 laudem
3111 5701 3435 5768 provectus.
