4008 6170
394 213 498 267 283

392 433 703 487 fabricante
746 432 1069 503 jungatur:
1121 434 1373 485 cessante
1415 430 1717 497 industria,
1763 431 1970 501 exigua
2000 434 2084 486 est

394 522 619 576 claritas
650 538 778 592 quas
817 522 1035 575 venerit
1066 538 1096 575 a
1130 524 1351 574 natura.
1385 520 1705 574 Fabrilibus
1744 521 1913 574 debet
1968 526 2083 575 stu-

393 610 519 676 diis,
554 611 705 681 quod
734 610 795 663 in
826 616 992 681 partu
1022 626 1123 663 suo
1156 614 1312 662 terra
1350 609 1653 663 laudatur:
1714 609 1962 663 fornacis
1993 610 2086 664 be-

394 700 598 753 neﬁcio
627 699 996 753 etlatentium
1028 698 1260 751 fmcibus
1290 713 1568 750 venarum
1614 698 1767 767 quod
1823 698 1883 751 in
1916 697 2087 751 solidi

394 789 564 843 traxit
594 789 839 859 speciem
871 788 1021 842 ferro
1051 789 1063 821 ¹
1102 788 1459 856 dominatur;
1482 792 1539 840 et
1578 788 1751 840 effera
1780 787 2086 841 hominum

393 879 584 944 corda,
636 878 931 931 domitrice
1007 876 1304 930 affectione
1362 875 1602 944 captiva,
1686 875 1919 943 victum,
1976 874 2086 928 nisi

393 973 807 1033 exercerentur,
822 968 839 1031 μ
871 965 1213 1019 mortalibus
1265 981 1375 1017 non
1400 964 1745 1033 praeberent.
1797 964 1949 1019 Artis
1981 969 2082 1027 est,

393 1056 541 1127 quod
582 1055 867 1127 liquidum
902 1054 1074 1107 maris
1108 1056 1460 1107 elementum
1511 1053 1684 1107 homo
1743 1070 1974 1108 securus
2004 1053 2088 1107 in-

391 1144 683 1215 greditur;
727 1149 990 1214 etparvo
1014 1143 1339 1196 discrimine
1384 1158 1486 1211 per
1510 1142 1743 1212 ingenia
1793 1144 1899 1196 iter
1930 1159 2087 1196 mor-

393 1237 464 1288 tis
522 1239 839 1306 exsuperat.
893 1233 1158 1303 Magistra
1190 1232 1571 1303 agricolarum
1617 1233 1952 1303 simplicitas
1982 1233 2086 1287 tel-

391 1325 531 1378 luris
564 1324 764 1379 faciem
797 1323 932 1376 dum
954 1322 1200 1376 brachiis
1261 1322 1582 1391 distinguit,
1607 1323 1798 1376 vineta
1854 1338 2084 1391 compo-

392 1414 495 1481 nit,
529 1417 583 1466 et
615 1413 683 1465 de
712 1412 871 1482 prole
904 1412 1171 1464 arborum
1203 1412 1486 1481 liquorem
1520 1427 1631 1480 quo
1673 1413 1823 1464 salus
1850 1410 2089 1479 jnutria-

392 1506 507 1568 tur,
540 1504 858 1569 extorquet.
893 1498 1079 1552 Multis
1115 1500 1513 1552 manifestatur
1544 1498 1794 1567 indiciis,
1847 1515 2092 1569 operan-

393 1589 536 1642 tium
568 1588 887 1657 diligentia,
926 1592 1025 1641 aut
1051 1587 1293 1657 ,infundi
1318 1588 1473 1657 quod
1521 1587 1680 1658 origo
1714 1604 1828 1641 non
1866 1588 2087 1647 tribuit,

393 1682 489 1731 aut
517 1678 667 1747 quod
690 1678 840 1731 bona
863 1677 1067 1730 tribuit
1114 1677 1410 1730 custodiri.
1443 1678 1510 1730 Et
1540 1679 1587 1730 si
1626 1677 1755 1730 talis
1787 1680 1870 1731 est
1894 1694 2087 1731 rerum

392 1765 659 1819 universa
710 1765 982 1829 conditio,
1039 1769 1278 1835 quanto,
1309 1765 1506 1818 doctor
1532 1765 1938 1831 eruditissime,
1974 1765 2088 1818 sol-

391 1854 625 1908 licitudo
648 1859 744 1907 tua
768 1856 853 1907 est
882 1855 1155 1907 elevanda
1183 1855 1495 1924 praeconio,
1558 1870 1659 1923 per
1697 1857 1859 1924 cujus
1909 1855 2092 1908 dexte-

393 1959 516 1997 ram
548 1942 775 1996 libertas
801 1941 1176 2012 jamjamque
1199 1942 1421 1994 ruitura
1448 1942 1777 1995 relevatur‘?
1797 1958 1899 2011 per
1932 1942 2093 2011 cujus

392 2032 660 2103 peritiam
695 2036 792 2085 aut
838 2031 1223 2084 instituuntur
1258 2030 1503 2095 novella,
1537 2035 1635 2084 aut
1667 2035 1964 2083 servantur
1989 2030 2092 2082 de—

395 2136 525 2174 cora
567 2119 897 2190 majorum?
964 2120 1102 2173 Vere
1130 2118 1331 2186 fateor,
1382 2118 1493 2173 nisi
1551 2134 1721 2185 esses,
1759 2118 1918 2172 brevi
1967 2134 2092 2171 suc-

398 2209 711 2275 cumberet,
745 2208 1029 2279 quidquid
1074 2212 1353 2261 monstrat
1418 2207 1737 2278 ingenium.
1791 2207 1896 2261 Sed
1956 2206 2094 2277 quid

397 2300 619 2369 obligor
653 2297 935 2362 maximis,
977 2298 1075 2369 qui
1123 2298 1402 2351 sustinere
1435 2314 1611 2367 parva
1666 2313 1783 2350 non
1830 2297 2095 2364 valeo,et

395 2388 725 2461 generalem
756 2387 900 2440 facio
933 2387 1250 2457 gratiarum
1309 2386 1677 2454 relationem,
1721 2386 1822 2456 qui
1868 2386 1958 2439 vix
1992 2400 2092 2455 pro

393 2493 640 2549 persona
670 2476 938 2529 sufficio?
999 2475 1207 2529 Uberes
1233 2474 1338 2528 tibi
1380 2490 1567 2528 coram
1628 2473 1845 2538 multis,
1894 2490 2095 2527 emen-

395 2565 688 2622 datissime
710 2564 1034 2631 hominum,
1066 2569 1251 2633 grates
1283 2563 1485 2627 refero,
1514 2563 1649 2633 quia
1685 2562 1913 2633 agnosci
1940 2579 1972 2616 a
2003 2578 2095 2617 me

397 2655 770 2711 Parthenium
800 2654 1162 2707 institutione
1203 2652 1520 2707 fecisci.Tu
1570 2653 1639 2706 de
1695 2654 1818 2722 ejus
1870 2657 2095 2723 pectore

396 2744 649 2799 scientiae
682 2743 905 2797 sarculo
936 2744 1227 2813 paliurum
1258 2747 1313 2795 et
1352 2742 1556 2797 lolium
1614 2741 1952 2795 submovisti
1989 2759 2001 2795 :
2032 2746 2096 2796 tu

394 2835 677 2889 triticeam
726 2849 967 2886 messem
1009 2848 1122 2903 qua
1175 2832 1530 2903 propinquos
1576 2836 1785 2901 pascat,
1839 2831 2094 2899 elevasti,

391 2922 544 2979 felici
565 2924 624 2977 in
648 2939 713 2977 eo
737 2927 938 2976 eventu
960 2938 1064 2991 per
1085 2921 1433 2975 familiarum
1452 2921 1889 2990 dissonantiam,
1914 2937 2096 2974 unum

395 3013 547 3085 quod
580 3018 936 3082 sequeretur,
958 3016 1012 3064 et
1044 3011 1196 3064 aliud
1230 3011 1386 3082 quod
1416 3011 1660 3080 fugeret,
1694 3011 2089 3065 demonstran-

396 3100 501 3156 dol
534 3102 575 3155 Ο
607 3101 894 3154 laudanda
920 3117 1095 3170 supra
1123 3101 1421 3154 hominem
1457 3100 1732 3153 tuivirtus
1753 3100 2004 3170 ingenii!
2032 3101 2095 3153 In

396 3207 510 3244 una
550 3190 865 3259 eademque
901 3204 1166 3257 persona,
1208 3205 1322 3258 qua
1375 3194 1517 3256 arte,
1573 3188 1727 3257 quod
1784 3194 2094 3257 utrumque

397 3276 777 3332 descendebat
808 3294 837 3331 a
866 3277 1165 3347 sanguine,
1200 3277 1337 3347 quid
1369 3276 1632 3342 disceret,
1661 3280 1717 3329 et
1747 3276 1883 3345 quid
1934 3276 2093 3329 dedi-

399 3372 597 3433 sceret,
624 3366 907 3419 indicasti.
971 3366 1118 3419 Laeto
1160 3366 1306 3419 Deus
1348 3364 1559 3434 gaudia
1587 3369 1778 3418 nostra
1832 3364 2097 3434 disponat

396 3459 603 3510 eventu
635 3454 868 3524 :procul
910 3452 983 3507 sit
1014 3454 1398 3524 quodcunque
1454 3454 1707 3506 minatur
1750 3452 2053 3507 adversitas
2080 3470 2092 3508 :

399 3545 526 3615 plus
554 3544 609 3596 in
645 3549 697 3597 te
762 3543 1113 3596 laudandum
1160 3548 1263 3607 est,
1319 3541 1454 3613 quia
1481 3542 1789 3612 discipulus
1821 3546 1951 3595 tuus
1992 3542 2097 3596 scit

399 3632 723 3704 prosapiem
749 3632 941 3695 vitare,
973 3648 1144 3702 quam
1192 3632 1345 3702 quod
1376 3631 1701 3701 prosapiem
1729 3635 1907 3685 certat
1962 3632 2094 3685 imi-

397 3722 523 3778 tari.
550 3723 688 3775 Ecce
712 3721 1084 3775 Parthenium
1132 3720 1535 3792 propinquitas
1592 3737 1693 3772 sua
1747 3736 1812 3773 ex
1850 3724 2094 3791 utroque

399 3812 625 3882 generis
653 3811 791 3864 calle
825 3811 1197 3879 descendens,
1230 3811 1339 3863 alia
1403 3809 1662 3879 agnoscit
1689 3808 1947 3875 feliciter,
1986 3810 2095 3863 alia

397 3901 638 3956 feliciter
660 3916 771 3954 non
804 3899 1077 3970 agnoscit.
1104 3900 1285 3964 Quam
1317 3900 1485 3952 timui
1517 3916 1588 3953 ne
1619 3900 1856 3970 praefata
1888 3900 2098 3969 permi-

398 3990 503 4044 stio
534 3990 671 4044 dum
704 3989 826 4059 ipsa
846 3989 1169 4043 diversitate
1194 3988 1499 4056 discordat,
1534 3988 1592 4041 in
1627 3989 1926 4043 deterioris
1964 3988 2096 4059 jura

396 4079 636 4134 meliora
666 4079 778 4133 vita
818 4079 1175 4146 concederet,
1209 4083 1265 4133 et
1285 4094 1388 4149 pro
1408 4077 1623 4132 vilitate
1648 4082 1973 4149 temporum
2022 4078 2096 4131 fa-

396 4170 559 4223 cilius
589 4169 649 4222 in
680 4169 802 4239 ipso
857 4184 989 4239 pars
1033 4168 1263 4221 indocta
1313 4172 1607 4238 regnaret!
1635 4167 1744 4221 Sed
1796 4165 2093 4220 ostendisti

398 4259 559 4326 mihi,
594 4260 774 4313 aetatis
802 4264 917 4311 tuae
949 4263 1374 4326 ornamentum,
1407 4257 1543 4328 quia
1601 4257 1729 4327 plus
1759 4256 1818 4309 in
1849 4271 2087 4308 consan-

395 4350 605 4419 guineo
633 4348 858 4402 obtinui
910 4364 1084 4418 quam
1136 4347 1394 4417 poposci.
1456 4347 1715 4401 Ccelestia
1751 4345 2003 4398 imitatus
2032 4361 2089 4398 es

396 4438 655 4490 ubertate
679 4436 967 4507 beneficii,
993 4436 1220 4506 quando
1238 4434 1598 4505 impensione
1618 4433 2091 4505 multiplicicom-

398 4525 721 4577 mendantis
739 4531 869 4578 vota
905 4526 1102 4578 vicisti.
1139 4526 1277 4578 Ecce
1302 4525 1421 4594 jam
1453 4523 1689 4577 hiemali
1750 4527 1978 4593 pectore
2036 4530 2092 4578 et

397 4612 563 4662 corde
596 4611 783 4680 algido
811 4612 1124 4665 dictionum
1158 4611 1378 4666 flosculi
1437 4617 1695 4677 vernant,
1752 4618 1807 4664 et
1846 4610 2094 4664 ridentia

399 4697 701 4750 verborum
727 4700 987 4768 germina
1041 4700 1361 4770 depingunt
1410 4700 1665 4754 calathos
1727 4700 2090 4754 exhibentis:

400 4801 526 4839 ecce
556 4790 685 4855 post
705 4786 919 4854 gentile
953 4803 1214 4841 murmur
1244 4790 1311 4842 de
1352 4806 1450 4843 ore
1481 4790 1623 4860 ejus,
1650 4805 1777 4861 quas
1822 4788 2094 4842 humani-

399 4878 575 4927 tatem
611 4873 954 4942 significent,
987 4877 1156 4929 verba
1180 4877 1519 4932 funduntur.
1579 4879 1671 4932 llis
1712 4894 1846 4949 ergo
1892 4893 2092 4932 mune-

402 4964 554 5018 ribus
578 4963 691 5017 tuis
734 4962 839 5015 nisi
884 4964 1119 5017 reddam
1145 4966 1619 5037 vicissitudinem,
1668 4967 1995 5039 praestitisse
2040 4971 2095 5022 te

404 5055 651 5108 aestimes
685 5068 798 5106 non
831 5053 1095 5106 merenti.
1129 5053 1397 5125 Quisquis
1454 5059 1607 5111 enim
1642 5058 1843 5113 feriata
1899 5057 2097 5127 lingua

403 5160 691 5197 successus
723 5142 986 5196 meliores
1018 5143 1353 5213 susceperit,
1386 5147 1635 5201 ostendit
1682 5164 1739 5201 se
1762 5147 1914 5218 quod
1944 5152 2094 5200 attu-

404 5234 470 5289 lit
503 5231 854 5305 prosperitas
879 5247 994 5285 non
1028 5240 1271 5284 amare.‘

486 5582 500 5617 ¹
530 5581 718 5637 Schot.
731 5624 744 5651 ,
774 5583 1041 5639 donatur.

1619 206 1913 264 ENNODII
1950 209 2269 269 EPISCOPI
2307 213 2690 271 TICINENSIS
3652 210 3657 217 “
3706 233 3783 286 ⁸284

391 344 771 413 componatur
800 340 1051 408 artiﬁcis,
1093 344 1151 395 et
1191 340 1346 395 fulvo
1387 338 1639 411 pretium
1662 342 1893 395 metallo
1946 340 2085 395 lima
2126 346 2172 399 A

2868 348 3103 405 DICTIO
3143 350 3229 405 XI.

2336 436 2465 502 Quae
2490 435 2646 491 dicta
2671 439 2775 505 est,
2798 438 3025 508 quando
3056 438 3289 495 Eusebii
3298 440 3455 511 ﬁlim
3481 445 3687 502 traditus

2822 529 2906 579 est
2933 526 3008 579 ad
3036 527 3246 581 studia.

2662 628 3095 672 SCHOLASTICA
3139 633 3395 679 QUINTA.

2266 698 2420 754 Licet
2440 700 2583 755 sicut
2612 704 2855 771 novitas,
2891 704 2969 757 ita
3021 704 3268 759 habeant
3310 706 3602 763 intermissa
3640 712 3792 768 formi-

2193 787 2407 856 dinem,
2441 792 2632 845 ethoc
2682 791 2753 845 sit
2802 808 2933 846 cum
2980 794 3089 847 de1
3137 796 3326 849 attrito
3388 797 3576 852 favoris
3620 802 3787 869 publici

2194 876 2351 931 frons
2390 878 2619 950 refugit,
2654 881 2805 951 quod
2834 881 2944 935 fuit
2968 887 3100 937 ante
3142 900 3312 954 quam
3339 886 3707 953 disceret;dum
3750 892 3800 946 ad

2197 968 2504 1021 eluctatam
2544 970 2834 1023 reducitur
2865 988 2969 1025 usu
3024 972 3252 1026 dicendi
3297 981 3552 1043 pereunte
3603 984 3804 1032 senectus

2197 1056 2516 1112 infantiam.
2578 1060 2864 1114 Exercitus
2947 1062 3258 1133 Olympicis
3330 1064 3693 1118 certaminibus
3754 1068 3803 1122 de

2197 1146 2389 1217 palma
2437 1149 2676 1202 confidit
2741 1150 2993 1215 eculeus;
3045 1156 3102 1203 et
3134 1151 3179 1203 si
3238 1167 3351 1204 non
3397 1152 3804 1220 otiodebilitetur,

2198 1235 2257 1289 in
2286 1236 2531 1304 suojure
2580 1236 2758 1289 credit
2802 1253 2922 1290 esse
2977 1236 3315 1293 victoriam:
3365 1256 3572 1309 semper
3595 1241 3638 1293 ei
3684 1257 3806 1293 curo-

2200 1339 2334 1376 nam
2387 1322 2793 1378 blandimentis
2842 1324 3170 1379 efficacibus
3218 1342 3341 1397 spes
3394 1327 3666 1397 promittit,
3726 1328 3810 1382 nisi

2198 1414 2478 1467 velocitati
2499 1415 2800 1484 prtemium
2824 1414 3054 1468 desidia:
3086 1415 3331 1485 languor
3355 1416 3599 1469 excutiat.
3646 1418 3811 1471 Artifex

2194 1502 2487 1573 jaculandi
2518 1504 2585 1557 de
2616 1503 2924 1573 triumphis
2947 1520 3181 1558 securus
3202 1510 3359 1575 optat
3400 1505 3629 1559 incerta:
3678 1512 3722 1559 et
3746 1505 3811 1558 cui

2203 1593 2448 1646 occurrit
2478 1608 2704 1661 semper
2726 1593 2782 1645 in
2805 1593 2921 1646 acie
2952 1594 3159 1663 gloria,
3194 1594 3361 1664 longa
3392 1611 3519 1664 pace
3541 1600 3809 1664 superatur:

2203 1686 2501 1751 poetarum
2533 1680 2769 1734 hederas
2809 1680 3187 1735 nobilioribus
3218 1684 3495 1754 corymbis
3541 1682 3812 1737 etviridanti
3875 1738 3886 1757 ,

2202 1769 2387 1839 specie
2413 1769 2603 1822 nutrix
2630 1769 2849 1839 ingenii
2870 1770 3047 1824 comit
3085 1772 3420 1827 assiduitas:
3475 1777 3692 1827 cessante
3733 1772 3813 1824 fre-

2202 1859 2400 1930 quenti
2430 1858 2767 1928 probatione
2800 1864 3126 1913 mutescunt
3170 1878 3271 1914 ora
3314 1862 3609 1915 causidici:
3656 1860 3815 1914 educa-

2200 1952 2291 2000 tus
2323 1947 2379 2000 in
2405 1948 2692 2017 puppibus
2740 1964 2937 2018 aequor
2967 1948 3252 2018 liquidum
3288 1951 3407 2003 sine
3454 1956 3645 2003 terrore
3689 1952 3819 2001 nauta

2201 2038 2507 2109 perlustrat
2538 2053 2550 2090 :
2607 2036 2703 2107 qui
2737 2035 2784 2089 si
2836 2036 2905 2089 ad
2939 2040 3233 2090 terrenam
3257 2038 3426 2091 vitam
3482 2038 3633 2091 ducat
3660 2036 3817 2098 ofﬁcia,

2201 2142 2305 2180 nec
2327 2125 2533 2178 itinera
2583 2123 2769 2188 astris,
2824 2139 2929 2176 nec
2980 2130 3223 2177 eventus
3270 2124 3626 2195 deprehendit
3677 2121 3821 2192 auspi-

2202 2215 2321 2268 ciis.
2348 2212 2613 2283 Agricola
2644 2212 2689 2265 si
2713 2211 3023 2280 aliquando
3056 2228 3351 2266 vomerem
3383 2213 3592 2266 illectus
3642 2208 3825 2271 urbani-

2202 2308 2313 2359 tate
2347 2305 2694 2369 contemnat,
2727 2301 2785 2353 in
2808 2300 3037 2354 devium
3068 2300 3256 2354 bobus
3292 2302 3427 2355 dum
3458 2300 3638 2354 scribit
3684 2302 3821 2367 terga,

2201 2394 2475 2462 rapietur.
2513 2393 2656 2460 Ergo
2684 2390 2828 2444 sicut
2856 2389 3065 2443 artium
3098 2390 3157 2443 in
3191 2407 3294 2443 suo
3328 2406 3560 2460 quaeque
3589 2403 3733 2458 opere
3758 2386 3825 2438 ia-

2202 2481 2430 2535 venitur
2452 2485 2631 2533 mater
2663 2480 2969 2545 instantia;
3031 2479 3110 2532 ita
3160 2496 3405 2533 noverca
3451 2475 3746 2533 eruditionis
3767 2477 3827 2528 est

2203 2568 2569 2641 negligentia.
2596 2568 2743 2622 Talis
2774 2574 2858 2622 est
2902 2574 3132 2630 nostrae.
3177 2586 3349 2641 quam
3393 2575 3516 2640 post
3565 2574 3827 2636 temporum

2204 2657 2504 2711 intervalla
2542 2657 2931 2727 producimus,
2990 2657 3248 2712 conditio
3306 2656 3602 2712 dictionis:
3644 2670 3736 2708 non
3754 2668 3827 2705 no-

2204 2751 2326 2800 tum
2381 2746 2609 2800 schema
2668 2746 2948 2814 deferens,
3009 2763 3122 2800 non
3184 2763 3451 2818 pompam
3495 2760 3655 2816 quam
3704 2746 3831 2796 aetate

2206 2837 2447 2890 mercari
2472 2836 2758 2891 debuisset
2775 2836 3057 2890 ostendit:
3092 2840 3277 2890 totam
3310 2837 3569 2891 fiduciam
3599 2834 3659 2888 de
3711 2830 3833 2884 audi-

2206 2930 2397 2978 torum
2430 2925 2780 2995 benignitate
2814 2925 3163 2995 concipiens,
3190 2926 3452 2980 sufficere
3471 2924 3636 2978 credit
3656 2920 3833 2975 veniam

2204 3031 2308 3085 pro
2332 3016 2554 3080 favore;
2582 3014 2717 3067 satis
2772 3029 2893 3067 esse
2941 3014 3035 3085 pia
3066 3019 3193 3067 vota
3240 3032 3347 3084 pro
3403 3014 3615 3068 merito.
3658 3008 3831 3065 Absiste

2204 3103 2648 3173 procui,debilis
2688 3102 2860 3156 timor
2893 3119 2905 3157 :
2938 3103 3352 3158 insinuandum
3410 3101 3651 3157 orbitatis
3702 3097 3832 3153 mise-

2205 3193 2367 3260 ratio,
2423 3192 2743 3246 orationem
2802 3192 3137 3262 religiosum
3195 3193 3557 3247 commendat
3611 3188 3833 3244 officium.

2202 3282 2350 3346 Quid
2398 3282 2566 3335 faciat
2608 3297 2793 3334 sermo
2842 3280 3064 3351 peritiae
3113 3282 3419 3352 splendore
3487 3282 3711 3343 dotatus,
3762 3274 3837 3328 ubi

2204 3387 2369 3424 causa
2403 3371 2574 3423 etiam
2602 3370 2724 3424 sine
2755 3370 3146 3423 insinuatricis
3182 3369 3401 3442 lingua:
3433 3370 3604 3443 placet
3648 3363 3836 3420 ofﬁcio?

2204 3476 2294 3514 res
2324 3460 2653 3529 impetravit
2691 3459 2975 3530 gratiam:
3011 3458 3221 3512 sufﬁcit
3254 3465 3319 3513 ut
3349 3460 3512 3513 verba
3566 3462 3838 3512 mereantur

2204 3550 2509 3604 affectum:
2558 3554 2799 3618 utraque
2847 3548 3107 3602 secundis
3133 3548 3201 3602 ad
3244 3549 3593 3603 audientiam
3644 3549 3839 3599 vestram

2206 3639 2493 3693 ominibus
2515 3642 2921 3691 convenerunt.
2957 3638 3148 3692 Dicam
3171 3654 3307 3692 sane
3337 3638 3487 3709 quod
3510 3640 3688 3699 restat,
3736 3630 3841 3702 quia

2202 3733 2423 3783 tantum
2443 3727 2680 3781 defrudo
2712 3726 2979 3780 laudibus
3012 3726 3174 3793 meis,
3220 3735 3503 3797 quantum
3556 3718 3843 3780 remanserit

2203 3817 2263 3870 in
2296 3817 2569 3887 praesenti
2595 3832 2763 3869 causa
2782 3816 3045 3869 silentiis.
3092 3815 3231 3869 Huic
3285 3816 3556 3870 Eusebius
3610 3807 3843 3867 nobilissi-

2204 3924 2331 3961 mus
2356 3906 2600 3976 genitor,
2634 3922 2737 3975 par
2755 3905 3008 3958 moribus
3049 3920 3223 3975 quam
3260 3911 3484 3968 natura,
3518 3904 3649 3959 dum
3700 3902 3846 3953 extre-

2204 3996 2310 4049 mis
2338 4011 2585 4065 pressus,
2618 3993 2989 4048 humanitatis
3015 3998 3225 4047 sortem
3250 3995 3545 4063 profuturo
3567 3992 3622 4046 in
3650 3992 3843 4056 longum

2202 4083 2337 4137 velit
2364 4100 2631 4154 superare
2685 4082 2972 4137 consilio:
3022 4082 3159 4136 dum
3213 4083 3402 4137 vitalis
3458 4082 3655 4136 animae
3686 4078 3846 4147 \igor‘e

2202 4173 2415 4227 terreni
2460 4173 2699 4227 carceris
2741 4172 2983 4242 angusia
3035 4173 3294 4239 calcaret,
3342 4189 3408 4226 ac
3450 4188 3509 4225 se
3549 4165 3847 4241 spiritalibus

2206 4263 2565 4329 habitaculis,
2636 4278 2767 4316 cum
2798 4279 2829 4315 a
2876 4263 2992 4315 Deo
3037 4265 3353 4327 vocaretur,
3403 4261 3741 4321 refunderet;
3792 4250 3851 4306 ui-

2205 4356 2402 4426 hilque
2448 4354 2508 4407 in
2555 4357 2745 4407 mente
2807 4352 2928 4420 ejus
2963 4355 3108 4404 esset
3147 4350 3227 4419 ,de
3276 4351 3511 4404 homine
3577 4345 3849 4403 residuum,

2201 4445 2311 4499 nisi
2342 4442 2711 4497 immaculata
2740 4440 2846 4494 filii
2868 4438 3184 4509 diligentia,
3240 4439 3404 4507 illud,
3466 4438 3613 4509 quod
3666 4442 3757 4489 nec
3780 4432 3853 4483 in—

2202 4538 2288 4588 ter
2320 4532 2567 4587 coelestia
2601 4531 2716 4583 ulla
2739 4530 2887 4583 delet
2918 4528 3125 4582 oblivio
3160 4544 3172 4582 :
3209 4527 3361 4581 hunc
3386 4528 3527 4582 mihi
3559 4524 3708 4597 quasi
3732 4522 3852 4575 bene

2202 4622 2463 4676 conscius
2492 4618 2822 4683 fovendum,
2848 4622 3017 4687 prout
3039 4616 3187 4670 vires
3212 4617 3494 4684 tribuunt,
3539 4610 3814 4681 dereliquit
3840 4620 3849 4655 ε

2203 4710 2437 4764 confusa
2497 4712 2629 4760 sunt
2676 4706 2958 4777 supremis
3010 4705 3352 4775 deponentis
3395 4705 3564 4758 verba
3610 4695 3851 4770 suspiriis.

2202 4799 2402 4853 Videro
2444 4796 2581 4866 quid
2614 4795 2737 4848 aliis
2785 4794 3102 4865 reliquerit,
3160 4794 3299 4847 mihi
3360 4794 3462 4847 sub
3498 4792 3595 4847 Dei
3654 4789 3855 4843 obtesta-

2202 4889 2357 4942 tione
2390 4886 2606 4939 dimisit
2636 4884 2943 4938 hacredem.
2976 4884 3076 4939 Cui
3123 4899 3383 4953 saporem
3418 4882 3546 4936 vita:
3577 4878 3738 4934 labris
3759 4872 3855 4944 pri-

2206 4977 2463 5031 moribus
2495 4973 2847 5043 contingenti
2887 4979 3115 5044 gustum
3175 4974 3450 5044 deprecor
3490 4966 3748 5025 ubertatis
3786 4962 3852 5014 in-

2203 5066 2368 5121 fundi
2402 5081 2413 5118 :
2442 5067 2502 5117 ut
2553 5068 2888 5133 provocatus
2943 5062 3376 5133 disciplinarum
3427 5062 3593 5116 melle
3641 5061 3693 5111 et
3740 5048 3856 5106 favis

2206 5155 2477 5219 scientiae,
2510 5154 2578 5207 de
2600 5152 2861 5206 domibus
2917 5153 3093 5205 cereis
3128 5152 3247 5222 ipse
3298 5151 3406 5205 sibi
3444 5147 3708 5221 liquentis
3764 5140 3857 5194 ele-

2207 5243 2386 5298 menti
2452 5249 2644 5296 nectar
2698 5245 2968 5294 assumat.
3031 5240 3228 5308 Habet,
3289 5240 3484 5294 doctor
3532 5227 3857 5292 venerabilis,

2207 5335 2329 5387 laus
2358 5336 2458 5384 tua
2487 5346 2587 5400 per
2607 5330 2757 5384 hunc
2787 5329 2859 5382 ad
2917 5330 3215 5383 cumulum
3255 5329 3551 5399 perducta,
3602 5321 3744 5396 quod
3784 5331 3856 5369 ca-

2210 5424 2359 5495 piat:
2393 5420 2671 5473 extalium
2713 5419 2989 5488 profectu,
3042 5419 3388 5473 meritorum
3434 5424 3659 5473 tuorum
3709 5402 3861 5482 pleni-

2280 5586 2301 5617 ²
2336 5584 2499 5638 Forte
2522 5580 2752 5637 attritu.
