4060 6174
183 292 266 344 285
650 286 659 295 ”
1700 287 2091 343 DICTIONES.
3536 290 3635 341 ?86

184 418 296 473 tudo
322 431 433 469 non
464 413 667 468 refutat
698 420 1007 485 augmenta
1041 432 1053 468 :
1087 416 1222 486 quia
1249 416 1509 487 discipuli
1542 417 1829 487 elegantia
1869 421 1919 476 A
1948 434 2050 489 per
2077 435 2192 482 vos,
2231 419 2377 490 quod
2400 434 2497 472 cor
2518 420 2661 473 bene
2682 419 2997 488 dictaverit,
3022 420 3220 491 lingua
3239 422 3642 493 proloquitur:

182 504 386 560 assertio
424 506 507 557 est
547 501 668 555 sine
714 502 840 556 labe
863 503 1144 569 doctoris;
1180 504 1303 573 ejus
1359 504 1626 571 maxime,
1674 506 1837 576 cujus

182 591 472 667 prosapiem
512 589 868 659 splendidam
901 596 1127 661 tempus
1170 592 1422 661 postulat
1451 592 1705 647 scientiae
1745 611 1837 647 ra-

180 684 269 738 diis
308 682 597 747 adornare,
631 685 695 733 ut
748 680 917 734 decus
949 680 1191 751 originis
1240 681 1298 734 in
1342 682 1493 736 diem
1535 684 1835 737 serenissi-

180 789 313 828 mum
360 769 643 842 procedat,
696 769 926 841 quando
979 770 1092 823 oris
1154 769 1212 824 in
1269 770 1395 842 ipso
1447 772 1621 843 jubar
1669 774 1837 829 efful-

187 861 313 916 serit.

794 948 1021 1003 DICTIO
1060 949 1186 1004 XII.

299 1039 441 1095 Data
474 1036 711 1093 Aratori
735 1038 960 1108 quando
980 1038 1056 1091 ad
1086 1039 1314 1093 laudem
1339 1047 1636 1112 provectus
1660 1045 1762 1096 est.

641 1141 1071 1183 SCHOLASTICA
1119 1144 1339 1184 SEXTA.

610 1217 842 1282 Thema,
878 1217 999 1269 laus
1030 1218 1373 1274 litterarum.

813 1321 1168 1362 PREFATIO.

295 1396 489 1451 Littera
523 1395 594 1449 de
625 1397 863 1466 proprio
899 1398 1160 1451 laudetur
1192 1398 1493 1469 splendida
1527 1416 1719 1468 censu,

388 1483 623 1537 Advena
656 1500 787 1537 nam
820 1484 1003 1537 cultus
1032 1485 1109 1538 nil
1137 1487 1347 1541 tribuet
1377 1488 1551 1557 genii.

295 1572 449 1627 Ebria
478 1573 688 1626 vestito
720 1574 850 1643 plus
880 1573 1071 1627 lucent
1110 1575 1318 1628 vellera
1345 1577 1480 1630 Sere
1512 1595 1523 1632 :

388 1662 613 1715 Persica
640 1662 945 1715 candentes
977 1664 1121 1717 colla
1152 1664 1353 1718 decent
1385 1666 1622 1735 lapides.

296 1751 551 1819 Niljuvat
582 1758 813 1805 externo
843 1769 1187 1823 componere
1218 1755 1474 1808 membra
1508 1756 1692 1810 nitore
1720 1773 1730 1810 :

388 1840 500 1893 Lux
536 1842 816 1895 naturalis
843 1841 1027 1894 sidera
1060 1842 1338 1896 nobilitat.

831 1946 1176 1985 NARRATIO.

239 2017 486 2073 Omnibus
540 2018 714 2072 rebus
751 2035 876 2090 quae
913 2021 1270 2073 aestimantur
1322 2021 1645 2091 praeconiis,
1681 2022 1839 2075 exhi-

186 2106 328 2159 benda
349 2112 426 2159 est
459 2123 570 2178 pro
604 2106 828 2161 dicendi
856 2108 1121 2161 facultate
1144 2110 1395 2162 laudatio
1422 2127 1433 2163 :
1472 2111 1540 2163 ab
1569 2111 1837 2181 eloquen-

193 2198 263 2249 tiae
292 2198 402 2251 dote
433 2198 796 2251 radiantibus
843 2199 1132 2253 reddenda
1165 2204 1298 2253 sunt
1332 2200 1539 2253 litteris
1572 2217 1700 2272 qua:
1734 2202 1835 2255 de-

185 2285 385 2339 bentur:
418 2287 558 2357 quia
596 2288 740 2340 sicut
774 2288 1091 2357 gratuitum
1124 2305 1352 2354 munus,
1384 2294 1439 2342 et
1472 2306 1609 2360 opes
1636 2296 1692 2344 et
1721 2290 1839 2344 ani-

187 2391 312 2428 mum
338 2376 546 2429 indicat
583 2376 909 2446 largitoris;
954 2377 1028 2429 ita
1064 2383 1291 2448 accepta
1323 2379 1615 2449 denegari,
1657 2379 1837 2434 avari-

186 2464 291 2517 tiam
321 2470 370 2517 et
411 2465 840 2535 impudentiam
870 2471 1083 2519 reserat
1113 2467 1541 2536 supprimentis.
1577 2469 1839 2523 Libemus

186 2553 455 2607 litterarum
490 2554 725 2608 numini
759 2556 908 2625 quod
945 2556 1011 2608 de
1042 2556 1293 2625 ipsarum
1328 2557 1489 2610 ﬂuxit
1519 2559 1791 2611 altaribus
1822 2576 1834 2613 :

183 2642 448 2711 quantisvis
494 2643 659 2696 enim
719 2644 959 2697 materia
1024 2644 1130 2697 ista
1180 2645 1356 2715 copiis
1415 2647 1838 2716 praedicationis

182 2730 467 2799 houoretur,
519 2732 785 2804 qualibet
853 2733 1051 2786 efﬂuat
1102 2734 1357 2787 ubertate
1411 2736 1712 2800 dictorum,
1769 2736 1837 2789 de

183 2822 507 2889 possessionis
552 2838 673 2875 suae
708 2822 971 2892 frugibus
1016 2828 1177 2893 pasta
1226 2825 1496 2877 satiatur:
1536 2825 1671 2895 quia
1700 2825 1837 2878 dum

186 2908 301 2961 inter
326 2911 495 2963 vireta
546 2927 681 2983 quze
712 2911 1008 2982 disposuit,
1066 2912 1296 2982 propria
1354 2914 1547 2966 oculos
1597 2916 1836 2969 amoeni-

184 2999 267 3050 tate
309 3001 571 3069 captivat,
638 3001 813 3055 habet
862 3000 1092 3071 quidem
1140 3002 1261 3071 ipsa
1308 3003 1732 3071 jucunditatem
1767 3005 1834 3057 de

183 3087 486 3153 graminibus
516 3089 663 3157 suis,
702 3090 797 3142 sed
832 3090 1051 3159 majora
1083 3092 1315 3161 capiunt
1345 3108 1552 3145 messes
1583 3093 1839 3162 ingenio-

182 3190 277 3227 rum
303 3176 650 3232 incrementa
684 3194 788 3249 per
828 3180 1137 3232 dominam.
1175 3181 1368 3251 Itaque
1418 3181 1516 3250 qui
1550 3181 1711 3234 fenus
1744 3183 1835 3236 lit-

183 3264 285 3316 teris
349 3267 602 3334 solverit,
658 3269 789 3338 plus
841 3268 1094 3321 ditescit:
1158 3270 1294 3322 dum
1349 3285 1453 3339 per
1508 3269 1836 3322 secretiores

184 3359 377 3421 meatus,
410 3358 578 3427 quasi
610 3373 714 3426 per
755 3373 991 3426 magnos
1026 3358 1233 3423 alveos,
1269 3374 1399 3428 quae
1432 3358 1499 3411 ad
1531 3358 1655 3411 illas
1688 3359 1833 3411 dire-

183 3447 247 3494 cla
285 3451 403 3498 sunt
452 3445 694 3513 ﬂuenta,
729 3447 1112 3500 reducuntur:
1163 3462 1268 3501 nec
1298 3448 1450 3518 quod
1500 3462 1604 3517 per
1649 3453 1836 3517 guttas

182 3534 409 3598 amiseris,
442 3537 615 3589 aliter
660 3552 832 3606 quam
865 3536 911 3589 si
960 3536 1266 3589 reiabentis
1296 3536 1441 3590 Jonii
1465 3538 1555 3606 jus
1601 3538 1830 3607 habeas,

181 3623 463 3690 possidebis.
515 3624 660 3689 Quis
710 3626 929 3694 peritiae
973 3626 1294 3695 depositum
1346 3632 1533 3696 neget,
1580 3628 1687 3680 nisi
1734 3629 1834 3699 qui

182 3710 416 3767 desiderat
466 3714 773 3768 mendicus
826 3714 973 3768 effici
1033 3715 1169 3769 dum
1219 3716 1518 3769 reservat?
1552 3716 1719 3771 Istius
1751 3718 1835 3771 rei

182 3800 352 3855 fructus
384 3806 554 3876 (quod
600 3806 809 3858 mirum
842 3806 997 3859 dictu
1028 3806 1131 3875 est)
1157 3805 1214 3859 in
1245 3806 1653 3859 abundantiam
1689 3807 1835 3860 refu-

183 3904 252 3943 sus
287 3901 569 3958 exaestuat,
621 3895 758 3947 dum
803 3894 1029 3964 jejunos
1072 3895 1242 3948 faciat
1284 3894 1639 3948 incubantes.
1690 3897 1834 3966 Ergo

182 3986 277 4046 post
298 3998 450 4051 opem
482 3984 798 4047 caelestem,
843 3989 973 4052 post
1014 3984 1249 4053 superni
1294 3983 1499 4037 favoris
1531 3985 1834 4053 auxilium,

183 4068 396 4123 ministra
436 4074 653 4144 quibus
704 4072 900 4137 utaris,
954 4088 1043 4125 ars
1099 4074 1441 4139 veneranda,
1492 4074 1830 4144 praeconiis;

182 4162 220 4207 ct
257 4158 584 4214 inventionis
634 4166 746 4215 tute
800 4161 954 4215 bono
985 4162 1054 4214 de
1087 4161 1174 4215 his
1208 4178 1332 4232 qua:
1364 4178 1392 4214 a
1433 4167 1487 4215 te
1518 4161 1728 4216 fuerint
1757 4163 1836 4217 di—

182 4252 317 4315 recta,
347 4252 654 4319 gratulare.
690 4254 733 4303 A
763 4256 816 4303 te
848 4256 969 4304 orta
1000 4250 1057 4304 in
1090 4267 1196 4304 usu
1234 4250 1414 4303 laudis
1449 4253 1830 4322 amplectere:

184 4349 261 4387 nos
286 4337 411 4391 nihil
436 4344 635 4392 manet
658 4339 713 4391 in
748 4340 850 4392 hac
882 4343 1060 4409 parte,
1088 4340 1240 4409 quod
1264 4340 1499 4409 dignum
1528 4341 1599 4394 sit
1621 4341 1835 4396 ultione

1944 508 2014 561 ad
2048 508 2499 580 investigandam
2538 510 2687 563 inter
2726 510 3004 579 justitiam
3037 526 3135 564 vos
3179 512 3466 580 praebetis,
3504 512 3643 565 dum

1945 613 2284 668 Oppressum
2325 600 2525 652 callem
2558 600 2807 653 dumetis
2848 616 2961 669 quo
2995 604 3340 670 expetuntur
3370 617 3640 671 superna,

1942 688 2268 756 purgastis:
2312 703 2409 740 vos
2440 687 2721 741 triticeam
2763 687 2833 740 de
2883 687 3032 741 loliis
3082 693 3356 755 segetem,
3407 705 3505 741 vos
3562 689 3643 741 fe-

1942 775 2156 828 cundas
2188 775 2257 828 de
2307 775 2602 827 sterilitate
2634 775 3005 844 ingeniorum
3060 776 3252 844 glebas
3309 776 3552 841 efficitis,
3588 782 3645 830 et

1944 863 2205 933 gravidas
2236 864 2441 916 aristas
2472 864 2538 917 ad
2572 863 2825 917 scientiae
2855 864 3080 929 horrea,
3122 881 3191 917 ne
3237 865 3415 918 fames
3461 866 3647 919 infan-

1944 954 2037 1006 tim
2070 954 2249 1023 possit
2278 953 2609 1022 praevalere,
2642 952 2900 1021 portatis.
2933 952 3155 1006 Mundae
3190 953 3436 1006 nitorem
3486 953 3646 1007 fami-

1944 1042 2037 1096 lim
2089 1043 2387 1108 servando,
2440 1042 2743 1094 obscenam
2789 1041 3113 1111 prosapiem
3164 1043 3472 1111 peregrina
3520 1044 3645 1096 luce

1943 1131 2305 1202 perfunditis.
2344 1132 2459 1184 Deo
2508 1131 2770 1201 proxima
2804 1147 2891 1182 res
2924 1136 3006 1183 est
3040 1146 3171 1185 vero
3214 1131 3400 1185 infusa
3427 1131 3642 1186 beneﬁ-

1944 1222 2051 1281 cio,
2084 1221 2220 1274 dum
2253 1236 2354 1290 per
2384 1236 2581 1273 cursus
2606 1219 3052 1273 elucubrationis
3074 1220 3319 1286 traditae,
3346 1237 3416 1273 ne
3439 1220 3644 1290 optimi

1945 1308 2314 1378 degenerent,
2349 1312 2405 1360 et
2443 1313 2507 1360 ut
2538 1307 2673 1360 mali
2698 1308 3069 1376 degenerent,
3097 1309 3250 1360 salva
3272 1313 3644 1363 stemmatum

1944 1398 2184 1449 veritate
2217 1401 2539 1465 praestatur.
2577 1398 2683 1450 Per
2731 1412 2828 1449 vos
2877 1397 2946 1450 de
2992 1395 3365 1449 innocentum
3399 1398 3636 1464 actibus,

1946 1503 2070 1557 quae
2104 1486 2177 1539 ad
2225 1485 2657 1538 instructionem
2692 1486 3059 1556 sequentium
3088 1486 3441 1554 pertinebat,
3488 1492 3645 1555 gesta

1945 1592 2059 1629 non
2106 1579 2382 1645 pereunt:
2433 1574 2633 1627 vestris
2670 1574 2731 1627 in
2783 1573 3041 1627 medium
3091 1575 3305 1627 catenis
3360 1579 3646 1628 transacta

1946 1664 2318 1730 reducuntur,
2369 1668 2424 1716 et
2465 1663 2687 1734 sepulta
2725 1664 3104 1716 reviviscunt:
3140 1680 3237 1716 vos
3266 1663 3647 1716 instrumenta

1880 1773 1920 1827 Β
1952 1753 2259 1816 memorize,
2304 1770 2403 1807 vos
2435 1770 2605 1807 causa
2636 1752 2897 1825 pietatis:
2933 1753 3131 1807 vestris
3162 1753 3488 1806 vomeribus
3532 1753 3640 1806 hu-

1947 1842 2105 1896 mani
2133 1843 2373 1914 pectoris
2396 1842 2561 1895 tellus
2583 1842 2647 1895 ad
2674 1843 3079 1896 fecunditatem
3102 1846 3423 1913 praeparata
3438 1841 3643 1895 descri-

1948 1930 2138 1983 bitur:
2175 1948 2269 1984 vos
2302 1930 2594 2001 religionis
2623 1936 2903 1995 auctores,
2938 1948 3034 1983 vos
3073 1932 3264 1984 hostes
3294 1931 3640 1984 criminum:

1947 2020 2107 2073 vobis
2136 2020 2373 2073 ducibus
2399 2036 2528 2090 quae
2560 2036 2662 2089 per
2689 2037 2853 2073 usum
2890 2020 3238 2091 subripiunt,
3275 2019 3646 2073 dediscuntur

1949 2110 2179 2177 scelera,
2230 2126 2333 2179 per
2378 2126 2520 2179 quas
2551 2109 2702 2162 bona
2748 2110 3084 2162 discuntur:
3120 2114 3218 2161 aut
3262 2109 3332 2161 ad
3363 2108 3644 2162 directum

1947 2198 2210 2252 homines
2238 2200 2457 2268 augetis
2499 2198 2876 2268 propositum,
2914 2203 3011 2251 aut
3046 2197 3276 2250 mutatis
3317 2197 3639 2267 obliquum.

1945 2289 2141 2341 Vestro
2187 2290 2406 2341 exsules
2442 2293 2722 2341 ornantur
2769 2287 3007 2352 indicio,
3044 2291 3098 2340 et
3141 2303 3173 2340 a
3208 2286 3408 2339 mundi
3441 2286 3642 2339 culmi-

1948 2378 2116 2431 nibus
2140 2377 2421 2446 sejunctos
2453 2394 2550 2430 vos
2591 2378 2731 2432 ccelo
2766 2378 3025 2431 sociatis:
3062 2377 3239 2429 malas
3270 2375 3646 2429 conscientias

1950 2471 2044 2519 aut
2093 2468 2305 2520 intrare
2339 2467 2723 2532 contemnitis,
2778 2473 2872 2520 aut
2925 2467 2983 2520 in
3017 2466 3327 2520 sacrarium
3371 2467 3645 2535 ingressas

1949 2556 2235 2609 dedicatis.
2270 2558 2523 2610 Facessat
2552 2572 2583 2608 a
2615 2556 2816 2609 litteris
2851 2557 2933 2609 vel
2964 2561 3183 2609 mutare
3216 2555 3371 2625 quod
3403 2555 3645 2625 dignum

1948 2650 2054 2712 est,
2098 2645 2182 2697 vel
2236 2661 2351 2697 non
2398 2651 2622 2698 mutare
2654 2645 2807 2715 quod
2842 2644 3116 2698 noxium:
3151 2644 3351 2697 vestris
3382 2643 3644 2696 vulneri-

1945 2732 2050 2785 bus
2077 2735 2236 2786 nulla
2268 2750 2367 2803 per
2397 2735 2699 2806 chalybem
2746 2733 2977 2787 vestitos
3008 2732 3275 2786 subducit
3303 2730 3640 2784 instructio:

1947 2823 2015 2875 ad
2049 2822 2367 2892 penetralia
2395 2823 2646 2887 illorum,
2686 2828 2742 2877 et
2768 2839 2909 2892 quos
2934 2822 3151 2876 ferrum
3180 2821 3403 2888 texerit,
3449 2836 3643 2889 perve-

1947 2911 2081 2963 nitis
2107 2952 2120 2979 ,
2158 2911 2353 2964 vestris
2400 2912 2749 2965 umbonibus
2782 2912 2996 2965 directa
3040 2911 3110 2963 ab
3161 2910 3500 2963 adversariis
3532 2908 3646 2961 tela

1944 3002 2336 3070 repelluntur:
2370 3017 2473 3054 nec
2507 3001 2750 3070 speculis
2784 3000 3009 3070 peritiae
3038 3004 3240 3053 vestrae
3273 2999 3389 3051 ulla
3416 2998 3641 3068 clypeo-

1945 3105 2071 3141 rum
2103 3095 2280 3142 crates
2324 3090 2652 3159 opponitur.
2702 3091 2807 3143 Vos
2842 3089 2901 3142 in
2944 3088 3260 3142 afﬂictione
3306 3086 3644 3139 constitutos

1944 3178 2201 3247 erigitis:
2237 3194 2331 3230 vos
2364 3178 2576 3248 positos
2611 3178 2670 3231 in
2701 3194 3002 3248 corporum
3040 3193 3205 3229 cruce
3244 3174 3503 3230 mulcetis
3530 3190 3541 3227 :
3569 3176 3645 3227 sic

1943 3267 2167 3337 gaudiis
2196 3274 2507 3337 augmenta
2550 3268 2886 3334 tribuentes,
2919 3275 2984 3322 ut
3029 3268 3261 3321 modum
3295 3266 3555 3320 hilaritas
3589 3268 3646 3318 et

1941 3357 2219 3425 producta
2249 3357 2567 3410 custodiat:
2602 3356 2648 3409 si
2680 3374 2712 3409 a
2758 3356 2917 3409 vobis
2954 3357 3186 3410 veniant
3222 3355 3638 3417 blandimenta,

1945 3446 2293 3498 dulcescunt.
2350 3447 2472 3499 Non
2516 3445 2648 3499 licet
2698 3457 2895 3498 contra
2925 3444 3235 3514 imperium
3262 3450 3514 3498 vestrum
3546 3443 3633 3496 vel

1942 3533 2271 3587 defunctum
2305 3534 2440 3588 ﬂere
2472 3551 2645 3605 quem
2676 3536 2915 3606 diligas:
2952 3552 3050 3588 vos
3090 3535 3329 3604 nuptiis,
3365 3550 3462 3587 vos
3493 3537 3642 3603 aptae

1942 3624 2273 3677 funeribus:
2330 3623 2578 3677 scientiae
2610 3624 2774 3677 istius
2832 3624 3086 3677 studium
3139 3623 3521 3676 diversissima
3574 3621 3635 3675 in

1942 3712 2301 3765 concordiam
2333 3718 2507 3780 tenet,
2543 3718 2594 3766 et
2624 3718 2927 3782 utramque
2962 3718 3182 3783 partem
3220 3712 3479 3781 amplexa
3507 3727 3639 3780 gra-

1940 3802 2192 3855 tulatur:
2229 3802 2445 3854 utinam
2466 3819 2561 3854 vos
2588 3802 2944 3872 longioribus
2978 3802 3089 3854 coli
3118 3802 3316 3855 liceret
3345 3801 3637 3854 affatibus.

1942 3894 1997 3943 et
2027 3906 2141 3944 non
2173 3890 2371 3943 vestris
2420 3891 2642 3959 legibus
2698 3892 3003 3945 deberetur
3028 3891 3293 3957 brevitas,
3325 3908 3354 3943 a
3407 3890 3638 3960 quibus'

1941 3979 2106 4049 copia
2134 3978 2319 4032 votiva
2364 3980 2727 4050 suggeritur!
2780 3982 2885 4034 Per
2934 3980 3256 4034 litterarum
3311 3979 3528 4049 species
3582 3978 3642 4032 in

1940 4069 2179 4138 longum
2210 4067 2361 4121 itura
2388 4086 2494 4122 vox
2530 4072 2652 4122 tuto
2686 4069 3086 4135 committitur,
3121 4074 3176 4122 et
3208 4068 3329 4121 sine
3360 4068 3638 4121 imminu-

1942 4157 2096 4211 tione
2131 4156 2216 4211 sui
2242 4158 2531 4225 relegente
2561 4157 2859 4211 solidatur.
2892 4158 3039 4210 Ante
3069 4173 3167 4209 vos
3190 4157 3392 4227 ignara
3422 4156 3639 4209 ordinis

1940 4246 2078 4299 vixit
2124 4246 2468 4312 humanitas,
2518 4250 2573 4298 et
2620 4245 2908 4299 ructantia
2939 4245 3208 4315 glandem
3254 4248 3487 4314 pectora
3511 4244 3634 4297 sine

1946 4335 2129 4388 modis
2180 4335 2353 4388 verba
2398 4339 2783 4388 vomuerunt:
2832 4350 2931 4386 vos
2994 4333 3147 4387 inter
3196 4333 3366 4386 unius
3415 4336 3638 4386 naturae

184 4423 245 4474 vel
268 4428 510 4493 przemio.
546 4426 727 4481 Fideli
762 4426 876 4479 oris
908 4426 1110 4479 nostris
1146 4426 1421 4480 famulatu
1459 4427 1504 4481 si
1535 4445 1738 4498 parum
1772 4430 1829 4483 in
1870 4436 1913 4488 D
1944 4423 2204 4477 homines
2252 4424 2582 4478 distantiam
2630 4422 2828 4490 facitis,
2884 4424 3020 4476 dum
3073 4421 3394 4476 cmlestibus
3440 4421 3642 4474 notitia

184 4510 450 4568 elevatione
481 4516 819 4569 meritorum
855 4521 1087 4568 tuorum
1120 4516 1502 4585 suggerimus,
1536 4517 1643 4571 hoc
1674 4518 1833 4571 dedi-

185 4600 262 4651 sti:
291 4619 381 4655 nos
402 4606 610 4663 horum
635 4605 895 4657 amnium
919 4605 1123 4658 fistulae
1148 4622 1365 4672 sumus,
1388 4622 1492 4659 nec
1519 4606 1833 4677 quidquam

187 4684 235 4736 de
259 4690 411 4758 copiis
443 4693 738 4746 commissi
783 4692 1022 4763 liquoris
1055 4694 1339 4747 ebibimus
1368 4711 1381 4748 :
1415 4700 1471 4747 tu
1508 4700 1570 4748 ut
1598 4712 1700 4765 per
1734 4713 1834 4750 nos

186 4779 358 4832 meritis
388 4782 496 4834 tuis
545 4782 878 4848 satisfacias,
931 4783 1093 4853 quasi
1143 4784 1396 4853 [Egasum
1457 4786 1712 4855 pelagus,
1774 4790 1836 4838 ut

186 4862 417 4934 Pegaseus
465 4886 678 4940 gurges
721 4871 975 4924 illabere.
1038 4873 1183 4924 Ante
1215 4873 1407 4925 oculos
1441 4878 1658 4926 vestros
1703 4878 1836 4926 sunt

187 4966 369 5010 morum
398 4966 738 5026 vestrorum,
773 4960 817 5013 si
848 4960 993 5013 bene
1025 4961 1281 5031 exempla
1331 4962 1607 5015 retinetis.
1658 4963 1834 5017 Salvte

184 5049 286 5096 sunt
308 5062 667 5119 quascunque
698 5050 766 5102 de
797 5065 971 5102 censu
1001 5054 1187 5104 vestro
1221 5050 1289 5103 ad
1316 5067 1545 5103 usuram
1578 5067 1835 5120 gemmas

184 5128 530 5191 admovemus.
582 5138 717 5192 Ecce
774 5139 1047 5193 verticem
1105 5155 1300 5192 meum
1352 5155 1653 5194 coruscans
1712 5142 1834 5195 luce

182 5226 331 5274 vestra
375 5225 632 5280 diadema
686 5228 973 5294 nobilitat,
1029 5234 1085 5281 et
1142 5229 1522 5298 pretiosorum
1575 5230 1833 5299 lapidum

183 5304 367 5377 fulgore
396 5316 630 5381 variato,
680 5316 882 5370 crescit
931 5333 996 5370 ex
1034 5317 1221 5387 genio,
1266 5317 1399 5370 dum
1447 5325 1836 5387 competenter

186 5402 487 5455 ostenditur.
534 5409 581 5458 A
621 5405 778 5459 vobis
835 5407 1087 5460 radicem
1145 5412 1384 5459 sumunt
1435 5408 1698 5461 instituta
1742 5426 1833 5462 sa-

185 5490 377 5550 pientia
403 5508 415 5554 ;
441 5508 541 5561 per
580 5509 674 5547 vos
720 5495 1029 5549 informata
1060 5496 1448 5565 proferuntur.
1487 5497 1686 5549 Nullus
1711 5498 1833 5550 sine

190 5575 313 5630 vobis
358 5583 568 5649 pectori
614 5600 776 5654 sapor
822 5590 928 5651 est,
983 5600 1088 5639 nec
1144 5584 1374 5639 libertas
1419 5585 1687 5655 eloquio:
1738 5602 1834 5641 vos

187 5656 386 5733 ingenui
413 5672 801 5728 testimonium
833 5673 1153 5745 sanguinis,
1178 5689 1274 5729 vos
1307 5673 1545 5728 materia
1574 5674 1829 5744 pudoris,

1945 4513 2135 4577 vestri,
2170 4514 2485 4583 pecudibus
2518 4512 2734 4565 similes
2767 4512 2954 4565 reddit
2997 4511 3302 4580 ignoratio.
3342 4512 3403 4565 In
3434 4526 3639 4580 propa-

1946 4603 2064 4654 tulo
2090 4608 2191 4667 est,
2226 4603 2410 4672 qualis
2458 4607 2587 4655 ante
2637 4602 2782 4655 hanc
2832 4602 3062 4671 frugem
3104 4601 3275 4654 fuerit
3303 4600 3638 4656 mortalium

1947 4692 2167 4745 deserta
2198 4691 2529 4761 prosapies:
2565 4707 2691 4744 cum
2738 4691 2849 4744 illis
2897 4690 3051 4743 enim
3102 4690 3311 4760 quibus
3339 4690 3641 4743 nobiscum

1945 4797 2048 4851 par
2074 4782 2347 4834 adventus
2379 4782 2437 4833 in
2469 4782 2591 4834 luce
2632 4792 2734 4845 est,
2789 4797 2893 4848 per
2937 4780 3341 4835 discretionem
3393 4786 3642 4835 vestram

1944 4886 2060 4923 non
2095 4877 2179 4923 est
2227 4869 2479 4923 conditio
2525 4885 2640 4922 una
2699 4869 2975 4938 sapiendi.
3039 4871 3249 4935 Valete,
3301 4875 3643 4923 ornamenta

1944 4959 2197 5012 melioris
2224 4958 2436 5025 smculi,
2481 4962 2536 5011 et
2584 4958 2863 5011 mundum
2912 4974 3085 5028 quem
3134 4959 3484 5012 eruderastis
3511 4974 3642 5012 con-

1943 5066 2114 5104 cessze
2147 5065 2175 5102 a
2208 5050 2339 5116 Deo,
2373 5047 2433 5100 in
2462 5051 2791 5116 temporum
2814 5048 3070 5101 remedio
3103 5048 3413 5118 possidete.

2582 5173 2815 5227 DICTIO
2856 5173 3008 5229 XIII.

2049 5282 2281 5348 Quando
2308 5282 2571 5335 Paterius
2598 5282 2653 5333 et
2678 5283 2913 5336 Severus
2943 5279 3146 5333 traditi
3172 5282 3304 5334 sunt
3319 5277 3396 5333 ad
3418 5275 3635 5333 studia.

2403 5403 2835 5444 SCIIOLASTICA
2881 5403 3183 5443 SEPTIMA.

2014 5496 2071 5552 Si
2097 5502 2269 5550 nauta
2299 5497 2563 5550 secundis
2592 5496 2822 5551 ﬂatibus
2845 5494 3085 5549 feliciter
3110 5493 3335 5549 humidi
3358 5493 3638 5549 directum

1942 5586 2147 5640 transit
2179 5586 2399 5639 itineris
2431 5602 2442 5640 :
2478 5586 2523 5639 si
2554 5586 2888 5639 bellatorem
2920 5584 3078 5638 ducit
3116 5599 3409 5638 successus
3436 5584 3640 5637 melior

1944 5675 2013 5730 ad
2045 5674 2403 5746 triumphum
2430 5691 2442 5730 :
2496 5674 2541 5729 si
2572 5690 2674 5746 per
2704 5672 3018 5728 rhetoricos
3048 5689 3279 5745 campos
3310 5673 3634 5729 litterarum
