4060 6174
377 255 483 308 '287

1580 248 1875 305 ENNODII
1913 248 2223 307 EPISCOPI
2264 250 2645 306 TICINENSIS

3763 257 3872 310 288

379 387 541 443 miles
584 385 791 459 judicis
821 384 887 441 fit
913 383 1105 441 favore
1155 381 1497 439 sublimior:
1532 385 1793 437 nostrum
1841 384 1925 437 est
1959 382 2064 437 ho-
2104 384 2151 439 Α
2178 398 2268 438 res
2311 383 2595 450 secundae,
2627 383 2856 455 quando
2903 385 3398 455 propugnatorum
3448 388 3767 440 vestrorum
3816 390 3876 441 et

379 478 578 533 dierno
625 476 715 532 die
762 475 1069 530 momentis
1116 473 1346 544 paribus
1384 471 1636 542 gaudere
1676 471 1742 525 de
1790 472 2063 527 themate.

376 567 522 632 Quid
553 565 695 621 mihi
723 567 808 619 est
843 580 972 618 cum
996 562 1215 633 ingenii
1247 561 1359 615 mei
1389 560 1682 632 publicata
1714 564 1771 614 et
1792 559 2064 631 degeneri

376 654 753 728 paupertate?
783 670 908 708 ecce
957 654 1024 707 de
1069 655 1343 722 susceptae
1386 649 1651 705 dictionis
1700 666 1887 704 messe
1919 650 2067 704 dite-

376 747 585 801 scimus
625 744 879 815 jucunda
928 746 1099 809 sorte,
1143 742 1371 812 quando
1426 740 1738 796 relatorem
1791 739 2066 794 meritum

377 833 669 889 relationis
708 832 1037 903 amplificat,
1081 834 1136 885 et
1180 836 1430 884 actorem
1463 846 1632 884 causa
1674 829 2064 884 commendat.

380 924 482 981 Ubi
513 928 594 977 est
642 938 831 993 pavor,
889 920 989 993 qui
1040 936 1144 974 nos
1183 919 1291 974 sibi
1322 923 1556 990 propter
1592 918 1897 990 imperitiae
1931 934 2067 973 con-

377 1013 670 1068 scientiam
711 1010 1094 1082 subjugabat?
1132 1009 1229 1063 ubi
1275 1008 1480 1063 frontis
1513 1008 1842 1080 trepidatio,
1875 1024 1981 1063 usu
2014 1012 2071 1062 et

379 1102 777 1157 exercitatione
822 1099 1132 1171 fragilior?
1191 1098 1581 1153 obliviscimur
1636 1098 1827 1153 meriti
1867 1098 2067 1165 nostri,

380 1192 515 1247 dum
548 1190 862 1245 claritatem
908 1189 1205 1260 loquimur
1236 1187 1427 1242 alieni.
1467 1189 1628 1243 Nunc
1668 1188 1940 1243 discimus
1962 1205 2069 1260 po-

378 1284 561 1335 tentes
602 1284 657 1334 et
688 1280 831 1333 alios
874 1294 1015 1347 esse,
1063 1294 1163 1331 vos
1215 1277 1417 1343 facere,
1469 1277 1699 1348 quando
1747 1282 1971 1332 tantum
2014 1281 2073 1332 et

378 1371 529 1424 fama
560 1369 770 1423 nobilis
815 1368 911 1422 dat
943 1366 1211 1438 praeconi.
1260 1366 1414 1421 Nihil
1457 1365 1601 1420 mihi
1642 1382 1773 1421 cum
1836 1366 2067 1421 dubiis:

376 1458 649 1529 splendor
678 1457 976 1512 laudantes
1018 1455 1342 1510 illuminat:
1385 1460 1441 1509 et
1470 1455 1773 1509 immersos
1798 1454 2070 1525 tenebris,

375 1548 421 1601 si
451 1548 573 1617 ejus
612 1546 1001 1613 meminerint,
1035 1546 1115 1599 sol
1147 1544 1410 1599 recludit.
1457 1544 1565 1599 Sed
1590 1560 1786 1598 rursus
1814 1544 2070 1599 hilaritas

371 1637 640 1707 jungitur
673 1651 803 1690 cum
843 1651 1067 1707 pavore,
1104 1639 1161 1689 et
1202 1635 1267 1687 ﬁt
1293 1634 1443 1689 socia
1464 1633 1856 1688 exsultationis
1895 1633 2071 1704 trepi-

360 1726 552 1781 datio.
586 1726 821 1791 Quando
850 1724 1035 1795 impar
1057 1724 1116 1778 in
1145 1723 1403 1785 modicis,
1427 1724 1635 1777 sufficit
1660 1723 1717 1778 in
1746 1723 2072 1793 supremis?

377 1816 517 1870 Nam
561 1815 661 1885 qui
711 1814 1111 1869 claritudinem
1163 1830 1277 1867 non
1328 1814 1453 1884 styli
1509 1813 1634 1867 luce
1683 1813 2069 1881 commendat,

374 1904 703 1960 obnubilat:
763 1909 818 1959 et
867 1904 1011 1958 sicut
1066 1902 1300 1974 ingenio
1370 1902 1749 1957 facundorum
1810 1907 2073 1958 crescunt

377 1994 619 2061 modica,
663 1994 742 2047 ita
780 1993 1029 2046 siccitate
1074 1992 1522 2046 devenustantur
1568 1991 1960 2062 amplissima;
2016 1996 2072 2046 et

378 2083 489 2138 nisi
519 2082 815 2138 aestimatis
836 2081 1051 2136 viribus
1081 2079 1436 2151 aggredieris
1467 2084 1768 2148 sarcinam,
1814 2080 2072 2149 subjace-

376 2172 477 2227 bis.
533 2172 671 2226 Ecce
718 2171 972 2227 Paterius
1005 2174 1059 2225 et
1102 2161 1339 2225 Severus
1373 2174 1711 2223 ornamenta
1757 2170 2067 2237 curulium,

377 2268 431 2317 et
459 2262 754 2333 parentiva
784 2258 1058 2315 vocabula
1087 2274 1496 2331 purpurarum,
1532 2258 1918 2313 eruditionem
1962 2258 2070 2313 ori-

379 2351 661 2423 ginariam
704 2351 763 2405 in
794 2350 932 2421 ipsis
964 2349 1091 2403 vitae
1124 2350 1530 2420 praestolamur
1585 2348 1870 2403 exordiis:
1907 2348 2069 2403 dedi-

377 2444 614 2512 gnantes
646 2456 761 2494 non
790 2438 1114 2493 studiorum
1148 2437 1504 2507 diligentiam
1536 2453 1665 2491 cum
1698 2453 1901 2506 sapore
1934 2437 2071 2492 hau-

380 2530 493 2585 rire
544 2529 705 2597 lucis,
759 2545 903 2599 quos
950 2527 1273 2582 indiscretis
1315 2526 1673 2597 temporibus
1717 2526 1821 2580 Dei
1865 2532 2071 2581 natura

378 2620 605 2674 donavit
661 2622 718 2671 et
758 2616 983 2671 litteris.
1039 2617 1146 2670 Pro
1197 2615 1424 2686 quibus,
1465 2615 1603 2686 quid
1633 2619 1938 2686 parentum
1964 2615 2069 2670 de-

378 2724 527 2777 cora,
576 2707 707 2779 qaid
756 2706 1002 2775 insignia
1053 2710 1276 2759 vetusta
1334 2720 1482 2759 novo
1533 2705 1824 2759 mentibus
1855 2705 2069 2759 relator

378 2798 713 2852 iusinuem?
761 2795 1011 2851 Levabor
1060 2796 1167 2849 hoc
1216 2810 1410 2862 onere,
1476 2793 1523 2848 si
1567 2794 1742 2849 fastos
1794 2811 1896 2866 pro
1954 2811 2066 2863 me,

378 2886 623 2952 auditor,
652 2884 1002 2954 interroges:
1037 2898 1265 2937 mecum
1297 2882 1484 2952 campi
1516 2882 1789 2937 solemnis
1835 2883 1933 2937 illa
1961 2898 2068 2937 vo-

2179 472 2445 527 adolescit
2474 472 2796 543 posteritas,
2851 478 2909 528 et
2954 474 3139 529 adhuc
3194 473 3372 545 patris
3429 473 3634 545 avique
3689 474 3877 530 tutela

2178 579 2294 618 non
2364 562 2570 639 deficit.
2635 565 2779 634 Ergo
2835 563 2925 617 his
2994 563 3239 617 stimulis
3295 564 3613 632 incitatum,
3672 565 3875 620 doctor

2178 653 2539 719 venerabilis,
2586 653 2807 722 suscipe
2851 651 3250 707 universorum
3298 669 3461 707 voces
3510 654 3869 721 efferentem,

2182 746 2236 796 et
2266 743 2513 796 elevatus
2543 741 2997 796 consideratione
3033 742 3220 796 meriti
3247 758 3446 813 parem
3476 747 3530 797 te
3553 743 3875 797 multorum

2179 830 2366 885 forma
2409 830 2704 884 sententize
2732 847 2743 883 :
2776 830 2975 884 labora
3006 834 3071 884 ut
3101 830 3346 884 munitio
3377 835 3571 885 nostra
3618 836 3672 885 te
3704 830 3876 884 susti—

2182 924 2352 975 nente
2377 920 2671 985 solidetur,
2719 922 2776 973 et
2804 934 2877 973 ue
2912 918 3145 972 inimica
3178 919 3419 973 arietum
3461 919 3649 974 vincat
3678 919 3876 990 impu-

2181 1010 2398 1079 gnatio,
2445 1013 2509 1063 tu
2556 1008 2736 1063 muris
2774 1008 2975 1079 patria:
3014 1009 3333 1063 studiorum
3365 1025 3524 1064 arma
3561 1010 3871 1081 conjunge.

2180 1098 2400 1155 Scimus
2451 1114 2699 1169 quorum
2729 1098 2834 1153 tibi
2876 1098 3095 1152 soboles
3140 1099 3555 1164 committatur,
3600 1103 3663 1153 ut
3715 1098 3873 1170 quod

2182 1192 2384 1242 natura
2426 1187 2679 1241 validum
2722 1187 2964 1258 peperit,
3021 1188 3303 1242 confortet
3352 1187 3647 1242 industria.
3697 1188 3870 1242 Ducis

2182 1277 2311 1344 erit,
2355 1293 2469 1331 non
2518 1276 2775 1347 originis,
2815 1276 2861 1329 si
2890 1275 2959 1329 de
2982 1276 3088 1329 viri
3122 1276 3284 1330 fortis
3333 1278 3509 1345 stirpe
3554 1276 3738 1330 editus
3771 1276 3872 1331 ha-

2180 1365 2311 1421 beat
2336 1366 2485 1419 inter
2508 1366 2659 1421 bella
2687 1365 3078 1420 formidinem.
3103 1365 3323 1421 Sufficit
3351 1370 3405 1419 te
3428 1367 3507 1419 sic
3535 1365 3873 1420 instructio-

2180 1456 2268 1510 nis
2297 1460 2409 1510 tua:
2440 1456 2646 1510 sudore
2677 1471 2951 1522 crescere,
2977 1461 3040 1509 ut
3062 1461 3374 1525 praesentes
3395 1471 3602 1526 pueros
3627 1456 3874 1510 formam

2181 1551 2436 1600 veterum
2466 1545 2636 1599 facias
2668 1545 2945 1599 obtinere.
3001 1545 3109 1600 Sed
3155 1545 3308 1599 dicas
3338 1545 3611 1600 forsitan:
3643 1545 3777 1598 licet
3819 1551 3875 1599 te

2180 1635 2453 1707 professio
2484 1635 2729 1689 sanctior
2763 1639 2982 1705 urgeat,
3017 1651 3106 1689 me
3138 1634 3196 1687 in
3227 1635 3349 1689 istis
3394 1651 3510 1688 non
3536 1634 3709 1689 habet
3737 1650 3877 1688 cura

2182 1730 2560 1795 postremum.
2612 1726 2724 1794 Ego
2756 1740 2883 1778 sum
2915 1722 3005 1777 cui
3050 1724 3336 1778 Paterium
3379 1724 3560 1779 tilium
3606 1729 3791 1778 mater
3820 1727 3878 1778 et

2182 1816 2341 1885 virgo
2391 1814 2535 1868 sacri
2567 1814 2738 1868 fontis
2785 1814 2945 1868 alvus
2973 1813 3213 1869 effudit:
3266 1829 3373 1885 ego
3422 1814 3482 1868 in
3506 1814 3714 1868 animas
3744 1814 3871 1883 ejus

2181 1904 2429 1965 secunda
2458 1904 2753 1958 nativitate
2777 1907 2875 1957 aut
2901 1903 3255 1957 recreatione
3278 1920 3401 1957 sum
3431 1904 3661 1975 genitor
3685 1919 3699 1957 :
3732 1919 3871 1974 ergo

2180 1994 2484 2064 peculiaris
2514 1992 2852 2047 eruditionis
2879 1992 3001 2062 ejus
3034 2008 3123 2046 me
3154 1991 3401 2062 provisio
3424 1991 3676 2063 respicit,
3709 1992 3874 2063 cujus

2181 2088 2344 2155 pater
2375 2087 2429 2137 et
2458 2082 2607 2136 inter
2636 2081 2887 2135 coelestia
2913 2097 3039 2135 sum
3067 2086 3317 2137 vocatus.

2821 2171 3058 2226 DICTIO
3098 2172 3231 2225 XIV.

2392 2260 2465 2313 In
2495 2257 2766 2330 legatum,
2801 2256 2900 2329 qui
2930 2256 3189 2328 patriam
3217 2256 3469 2312 hostibus
3488 2256 3768 2331 prodidit.

2642 2362 3137 2403 CONTROVERSIA
3181 2362 3409 2403 PRIMA.

2250 2438 2309 2494 Si
2342 2436 2709 2492 excellentius
2736 2436 2952 2491 crimen
2980 2441 3081 2503 est,
3115 2437 3274 2509 quod
3305 2436 3479 2507 digna
3507 2436 3872 2491 veneratione

2178 2541 2423 2596 persona
2449 2524 2822 2592 commiserit,
2851 2525 3093 2593 habetis,
3122 2525 3367 2596 judices,
3400 2526 3461 2579 in
3495 2542 3605 2580 uno
3638 2525 3872 2581 homine

2179 2615 2292 2671 duo
2341 2615 2748 2682 diversissima,
2798 2619 2853 2669 et
2896 2615 3204 2685 proditoris
3236 2615 3525 2683 meritum,
3582 2620 3640 2669 et
3670 2632 3870 2683 sacra-

2180 2709 2441 2759 mentum
2489 2703 2681 2776 legati.
2734 2704 2842 2761 Sed
2874 2704 3120 2758 vincitur
3170 2704 3230 2758 in
3283 2703 3421 2775 ipsis
3450 2720 3554 2759 vox
3582 2708 3870 2774 'superata

2180 2794 2542 2867 primordiis:
2599 2794 2823 2849 facinus
2870 2792 2962 2847 vix
3001 2793 3193 2862 credo,
3258 2793 3415 2865 quod
3467 2809 3684 2865 arguo:
3745 2794 3873 2865 quis

2181 2885 2426 2940 aestimet
2456 2884 2517 2938 in
2546 2883 2817 2937 vocabulo
2848 2883 3194 2951 integritatis
3230 2889 3689 2937 consummatam
3730 2884 3872 2938 ceci-

376 2973 651 3039 ciferatio,
684 2990 909 3028 mecum
940 2972 1211 3028 Severum
1243 2975 1298 3026 et
1327 2971 1618 3027 Paterium
1649 2977 1704 3026 et
1732 2972 1863 3026 aula
1900 2987 2069 3025 vene-
2110 2979 2150 3035 C
2185 2975 2330 3030 disse
2370 2973 2689 3045 perfidiam.
2725 2973 2998 3041 Cogimur
3047 2972 3255 3034 dicere.
3291 2972 3424 3043 quia
3456 2973 3535 3026 nil
3586 2973 3725 3027 mali
3776 2977 3875 3027 aut

378 3070 537 3120 ratur
569 3070 625 3119 et
655 3065 848 3118 curia:
889 3078 1133 3134 quorum
1171 3061 1432 3131 quamvis
1461 3061 1680 3116 familia
1727 3060 1938 3115 meruit
1965 3060 2069 3115 sci-

379 3156 577 3226 piones
610 3158 665 3207 et
708 3152 966 3219 trabeas;
1015 3152 1260 3221 seposita
1310 3154 1504 3205 tamen
1556 3151 1624 3205 ad
1671 3154 1901 3221 tempus
1939 3150 2070 3205 dote

380 3242 699 3313 sanguinis,
752 3242 905 3313 quod
949 3256 1212 3296 occasum
1241 3255 1343 3311 per
1381 3240 1689 3310 dignitates
1734 3245 1789 3293 et
1814 3244 1938 3310 post
1985 3256 2067 3293 se-

380 3333 580 3403 pulcra
628 3332 910 3398 nesciunt,
961 3330 1215 3385 moribus
1265 3334 1594 3400 exegerunt.
1648 3329 1907 3396 Mentior,
1958 3329 2068 3383 nisi

381 3420 518 3475 vivit
547 3422 561 3455 ί
595 3420 851 3475 Paterius
872 3419 929 3473 in
959 3419 1230 3490 opinione
1263 3419 1584 3485 doctorum,
1615 3422 1671 3472 et
1695 3417 1936 3488 perenni
1959 3434 2071 3473 aere

380 3510 677 3577 formatus,
710 3510 866 3564 illam
898 3507 1243 3579 eloquentiae
1275 3507 1481 3578 palmis
1511 3507 1761 3562 nobilem
1792 3508 1943 3562 inter
1978 3524 2072 3579 pe-

382 3600 518 3654 ritos
572 3603 882 3671 praesentat
930 3598 1202 3670 effigiem.
1263 3599 1481 3652 Horum
1535 3597 1830 3668 prosapies
1886 3598 2072 3652 adhuc

383 3690 618 3762 quidem
662 3706 855 3761 parva,
892 3689 1012 3760 jam
1065 3688 1333 3755 maxima,
1384 3692 1673 3757 gemmata
1713 3686 2072 3757 pubescentis

382 3780 605 3835 flosculi
636 3796 733 3833 ora
753 3779 1081 3850 praeferens,
1114 3777 1263 3831 vocis
1296 3776 1626 3847 praesidium
1658 3775 1806 3847 quod
1838 3775 2070 3830 exhibe-

383 3867 485 3933 bit,
510 3868 801 3938 implorat,
836 3868 941 3922 hoc
962 3867 1119 3921 taciti
1142 3883 1381 3938 poscens
1404 3865 1747 3936 allegatione
1773 3864 2067 3933 colloquii.

381 3958 576 4012 Iuvate
598 3958 882 4028 parvulos,
906 3973 1048 4028 quos
1071 3955 1358 4011 habebitis
1381 3955 1581 4027 patria:
1612 3971 1741 4009 mox
1763 3960 2029 4025 parentes
2053 3968 2066 4007 :

382 4047 693 4119 impendite
732 4046 999 4118 praesidia
1028 4044 1444 4111 defensoribus,
1478 4050 1533 4099 et
1561 4049 1815 4115 pugnate
1846 4060 1948 4114 pro
1986 4048 2067 4097 te-

382 4139 554 4205 neris,
586 4154 658 4192 ne
710 4137 1049 4191 maturiores
1087 4152 1207 4191 aevo
1239 4135 1678 4190 succumbamus
1708 4150 1813 4204 pro
1848 4133 2072 4186 univer-

382 4230 544 4283 sitate
584 4227 879 4282 bellantes.
927 4225 1091 4281 Scitis
1123 4241 1247 4295 quae
1275 4224 1477 4277 domus
1509 4240 1613 4294 pro
1643 4222 1897 4293 generali
1924 4222 2069 4275 cala-

382 4316 578 4370 mitate
610 4315 868 4379 desudet,
898 4312 991 4366 cui
1021 4312 1296 4366 debeatur
1315 4328 1420 4382 pro
1448 4312 1740 4367 communi
1767 4310 2067 4365 securitate
2108 4353 2150 4406 D

379 4405 596 4460 litatio:
633 4422 667 4459 a
716 4419 828 4474 qua
858 4400 1086 4455 fluxerit
1116 4400 1270 4471 quod
1316 4402 1468 4455 inter
1516 4401 1748 4455 adversa
1777 4400 1927 4454 inter
1966 4416 2069 4454 vos

380 4495 618 4549 civilitas
648 4507 768 4545 non
810 4490 1057 4545 vacillat.
1092 4489 1271 4544 Debet
1315 4489 1476 4544 vobis
1505 4489 1666 4561 origo
1699 4494 1893 4543 nostra
1923 4488 2070 4543 hanc

379 4582 743 4640 tributariam
796 4580 1174 4647 functionem,
1220 4583 1284 4633 ut
1314 4594 1540 4649 semper
1596 4579 1814 4633 nutriat
1868 4578 2068 4649 patria:

378 4691 494 4728 sua:
546 4672 667 4724 sine
698 4669 1124 4724 intermissione
1173 4668 1458 4723 custodes.
1507 4668 1648 4739 Ergo
1701 4667 1747 4720 si
1777 4673 1912 4722 nota
1937 4670 2073 4722 sunt

378 4761 533 4817 vobis
562 4760 709 4814 bona
740 4758 1013 4829 germinis
1043 4758 1246 4824 nostri,
1293 4757 1599 4811 inserenda
1645 4757 1970 4827 suggerite:
2007 4761 2073 4810 ut

377 4850 533 4922 quod
563 4848 709 4903 nitet
736 4848 794 4902 in
819 4847 1058 4914 semine,
1084 4848 1306 4901 cultura
1331 4847 1623 4902 melioret:
1649 4846 1858 4901 habeat
1876 4861 2072 4916 cespes

379 4939 557 4995 radici
606 4937 1001 4993 obsecundans
1049 4953 1243 5007 poma,
1306 4953 1435 5009 quae
1484 4937 1715 4991 tribuat.
1770 4936 1894 4990 Non
1938 4940 2073 4990 sunt

380 5034 700 5104 peregrina,
743 5051 858 5090 non
903 5034 1145 5105 fugitiva
1199 5052 1329 5106 qua:
1374 5037 1682 5107 poscimus.
1730 5034 1787 5090 Si
1820 5035 1966 5088 Eleis
2017 5039 2073 5089 et

380 5122 686 5193 Olympicis
716 5122 1075 5178 conﬂictibus
1105 5124 1361 5178 nutritur
1390 5125 1619 5178 eculeus
1640 5123 1709 5178 de
1736 5123 2072 5194 parentibus

378 5212 713 5280 aestimatus,
753 5230 859 5268 nos
897 5214 1084 5268 adhuc
1127 5213 1555 5285 proﬁcientium
1598 5218 1920 5267 creatorum
1950 5229 2073 5267 mu-

378 5300 605 5358 niamur
636 5302 925 5373 exemplis.
964 5301 1131 5356 Vobis
1159 5306 1384 5355 tantum
1410 5300 1783 5371 praebuerunt
1814 5301 2072 5372 obsequii

457 5441 616 5516 Vivit,
648 5442 935 5516 Paterius]
984 5442 1234 5497 Petronii
1264 5441 1497 5516 Maximi,
1518 5457 1557 5496 ιι
1587 5440 1835 5495 consulis
1855 5441 2074 5516 collega

378 5531 529 5569 anno
560 5515 664 5568 442
696 5520 750 5568 et
785 5512 933 5568 ante'
960 5516 1318 5568 consulatum
1351 5512 1651 5582 praefectus
1682 5513 1974 5582 praetorio,
2010 5518 2073 5567 ut

380 5591 620 5641 testatur
666 5585 1045 5639 Valentiniani
1102 5592 1245 5655 Aug.
1300 5586 1520 5638 novella
1580 5584 1650 5637 ad
1703 5600 1835 5639 eum
1876 5584 2067 5638 missa.

380 5656 673 5714 Ennodius
701 5672 911 5711 aream
950 5673 1181 5727 quoque
1236 5660 1485 5711 statuam
1529 5655 1803 5710 doctrina:
1836 5655 2071 5710 nomine

2180 3064 2437 3138 proditor
2488 3067 2721 3130 metuat,
2767 3067 2866 3116 aut
2910 3078 3076 3116 verus
3121 3062 3341 3133 legatus
3372 3062 3655 3116 admittat.
3724 3062 3874 3126 Quid

2181 3152 2522 3209 accusationi
2553 3168 2695 3207 meae
2725 3168 2830 3221 pro
2874 3152 3204 3205 innocentia
3228 3167 3439 3205 nomen
3469 3150 3755 3222 opponis?
3783 3152 3870 3206 in-

2182 3249 2514 3316 sequentem
2563 3258 2759 3313 posses
2802 3241 3076 3311 effugere,
3142 3241 3188 3295 si
3236 3258 3385 3295 esses
3429 3244 3668 3295 meritus
3718 3242 3873 3312 quod

2180 3334 2413 3389 vocaris.
2450 3334 2626 3387 Nemo
2655 3332 2875 3385 cautius
2907 3331 3090 3385 malus
3119 3335 3204 3384 est
3234 3346 3409 3401 quam
3438 3331 3539 3402 qui
3581 3330 3872 3385 abscondi-

2180 3428 2274 3479 tur
2321 3422 2425 3476 sub
2465 3421 2850 3492 appellatione
2907 3420 3133 3489 pietatis
3162 3436 3175 3475 :
3209 3423 3397 3473 tutum
3431 3424 3513 3474 est
3546 3419 3871 3491 iniquitatis

2181 3512 2531 3579 exercitium,
2575 3510 2730 3582 quod
2778 3509 3090 3565 honestatis
3137 3508 3352 3581 tegitur
3381 3509 3741 3564 indumento.
3780 3511 3875 3564 Fa-

2180 3607 2359 3659 cessat
2423 3600 2782 3672 propositum
2848 3598 3153 3671 praestigiis
3213 3600 3405 3671 potius
3458 3615 3628 3670 quam
3682 3603 3876 3653 mente

2180 3696 2475 3746 constare:
2523 3693 2789 3744 enervata
2832 3688 3086 3744 defensio
3128 3693 3231 3756 est,
3282 3704 3409 3760 quae
3450 3687 3590 3742 nudi
3632 3686 3877 3741 honoris

2180 3782 2382 3835 nititur
2408 3779 2548 3834 nihil
2587 3779 2831 3833 valitura
2862 3776 3212 3832 testimonio.
3248 3778 3316 3832 Ut
3348 3779 3643 3831 nocentior
3669 3783 3874 3830 contra

2179 3872 2430 3942 patriam
2472 3868 2765 3935 existeres,
2811 3867 2960 3921 viam
3002 3866 3105 3922 tibi
3135 3867 3373 3921 consilia
3404 3872 3593 3920 nostra
3626 3882 3871 3936 pepere-

2184 3963 2354 4012 runt:
2381 3974 2484 4012 nos
2518 3958 2763 4028 egimus,
2799 3961 2863 4010 ut
2895 3956 3099 4009 fortior
3129 3956 3325 4021 hostis,
3357 3956 3491 4009 dum
3526 3970 3874 4025 propugna—

2181 4051 2362 4101 torem
2412 4047 2745 4118 quaerimus,
2779 4061 3124 4116 appareres:
3185 4061 3300 4099 non
3359 4044 3702 4099 sentiremus
3743 4060 3874 4115 qua:

2180 4134 2443 4206 irrogasti
2491 4135 2689 4206 patriae
2736 4134 3168 4189 inimicitiarum
3211 4133 3483 4205 pondera,
3531 4132 3640 4186 nisi
3679 4148 3876 4203 sump-

2178 4226 2422 4297 psissent
2450 4225 2518 4279 ab
2542 4224 2925 4279 amicitiarum
2960 4224 3239 4295 religione
3270 4222 3639 4294 principium.
3675 4223 3873 4277 Exter-

2180 4315 2267 4369 nis
2300 4314 2638 4369 adversariis
2664 4315 2786 4368 sine
2816 4314 3011 4368 labore
3037 4312 3479 4383 congredimur:
3511 4311 3731 4365 inerme
3766 4328 3874 4381 pe-

2178 4409 2299 4459 ctus
2331 4404 2569 4469 invenit,
2602 4402 2701 4474 qui
2729 4403 2797 4458 de
2825 4403 3022 4473 gratiae
3043 4402 3210 4470 fruge
3241 4402 3298 4456 in
3321 4400 3585 4456 affectum
3607 4416 3874 4471 prorum-

2176 4494 2263 4565 pit
2303 4493 2559 4547 inimici:
2595 4492 2818 4563 egimus
2865 4491 3092 4545 foederis
3136 4497 3416 4561 tempore,
3446 4495 3507 4543 ut
3538 4490 3873 4559 generalem

2181 4582 2590 4645 adversarium,
2643 4581 2783 4652 quid
2837 4585 3101 4651 gravaret
3163 4580 3432 4651 patriam,
3485 4595 3598 4632 non
3643 4580 3871 4632 lateret.

2180 4673 2289 4727 Iste
2320 4672 2497 4736 enim,
2526 4671 2890 4740 cognitorum
2917 4668 3382 4739 splendidissimi,
3414 4668 3459 4721 si
3479 4666 3875 4738 negligentius

2179 4761 2240 4815 in
2269 4765 2528 4831 suscepto
2558 4759 2785 4814 iunctus
2817 4757 3027 4826 officio,
3072 4775 3177 4829 per
3215 4758 3393 4813 animi
3424 4756 3655 4811 taedium
3688 4757 3876 4811 socio-

2182 4866 2309 4903 rum
2360 4850 2673 4905 commodis
2716 4848 3034 4915 institisset,
3095 4848 3337 4918 capitale
3383 4853 3700 4901 mereretur
3761 4847 3878 4901 exi-

2184 4938 2324 4992 tium
2355 4955 2368 4993 :
2406 4939 2573 5008 quale
2604 4942 2689 4991 est
2737 4938 3063 4992 enuntiasse
3095 4936 3355 4991 hostibus
3386 4936 3614 4989 interna
3643 4934 3874 5005 patriae,

2181 5044 2284 5098 pro
2334 5027 2541 5098 quibus
2587 5032 2829 5081 certasse
2878 5026 3242 5098 sacrilegium
3290 5025 3445 5081 fuit?
3486 5024 3693 5095 quibus
3741 5028 3877 5077 sunt

2182 5117 2462 5188 expianda
2498 5117 2831 5183 tortoribus,
2876 5116 3105 5187 quando
3154 5114 3295 5169 illud
3326 5113 3670 5185 perdideris,
3716 5112 3875 5184 quod

2181 5207 2339 5261 nefas
2388 5211 2473 5261 est
2504 5223 2620 5260 non
2646 5206 2859 5277 juvisse
2880 5206 2907 5259 ?
2940 5205 3170 5276 quantis
3201 5206 3458 5259 colorum
3501 5203 3880 5257 varietatibus

2183 5302 2238 5351 et
2263 5297 2585 5351 urbanitate
2615 5296 2811 5351 lethali
2841 5295 2914 5349 ad
2958 5295 3067 5349 hoc
3096 5294 3409 5365 perductus
3440 5291 3784 5356 aestimatur,
3820 5294 3882 5343 ut

2180 5441 2406 5497 Paterio
2457 5440 2701 5511 positam
2746 5438 2918 5493 fuisse
2952 5438 3283 5511 significat,
3334 5437 3396 5492 in
3442 5439 3566 5491 foro
3602 5433 3880 5489 nimirum

2182 5510 2577 5585 Trajano,’ubi
2607 5528 2731 5565 mos
2762 5515 2899 5578 erat,
2938 5510 3243 5565 Sidonius:

2462 5590 2612 5653 Ulpia
2640 5589 2781 5653 quod
2806 5589 2988 5639 rutilat
3014 5590 3249 5652 porticus
3271 5602 3374 5638 aere
3401 5600 3519 5637 meo
