4060 6174
175 297 266 349 289
1725 296 2113 353 DICTIONES.

3557 306 3660 357 29ft

171 423 330 494 legati
369 438 680 494 personam
711 426 1015 494 putaretur
1042 422 1324 494 implere?
1358 424 1510 480 Solet
1539 426 1716 481 virtus
1733 442 1862 497 quae
1900 432 1946 484 Α
1976 443 2081 497 pus
2112 426 2317 482 afﬂixit
2351 444 2363 483 :
2397 432 2682 499 postrema
2706 434 2790 484 est
2821 430 2880 484 in
2924 432 3209 485 novercali
3263 431 3653 504 indignatione

174 514 358 567 innata
396 529 519 567 non
563 513 755 577 fuerit,
809 529 944 568 cura
1002 518 1059 568 et
1089 514 1457 569 nutrimentis
1523 516 1770 583 institui,
1803 523 1859 573 et

172 602 401 656 transire
453 603 513 655 in
553 602 840 669 affectum,
896 604 1049 674 quod
1081 604 1280 658 feceris
1315 605 1503 659 studio
1554 606 1852 661 falsitatis:

170 708 264 745 usu
313 691 640 745 honestatis
697 693 875 746 robur
931 692 1279 763 adipiscitur,
1334 693 1433 765 qui
1479 695 1696 749 bonum
1754 696 1857 749 sub

170 780 541 835 diuturnitate
567 781 862 833 mentitur.
889 781 1150 835 Servasse
1176 783 1361 836 adhuc
1394 783 1857 839 benevolentiam

174 869 500 939 captiosam,
539 870 1272 940 nisiinspexisseslmdendi
1312 873 1514 927 callem
1558 874 1859 943 legationis

174 960 308 1013 clave
341 965 689 1012 reseratum.
745 960 877 1013 Tale
914 965 1016 1026 est,
1051 976 1114 1013 ac
1171 960 1216 1013 si
1248 962 1415 1032 aegris
1471 962 1575 1017 sub
1614 963 1859 1017 febrium

169 1048 467 1119 jactatione
520 1048 931 1118 languentibus
986 1050 1263 1103 allaturus
1331 1034 1860 1107 salutem'curator

173 1138 444 1202 adveniat,
474 1142 534 1191 et
563 1140 816 1191 animam
858 1137 915 1191 in
948 1138 1335 1209 penetralibus
1362 1140 1477 1193 suis
1504 1141 1608 1195 sub
1675 1141 1857 1195 medi-

170 1226 319 1279 cinali
381 1227 577 1297 specie
624 1227 955 1281 exclusurus
1004 1228 1257 1297 inquirat
1288 1245 1300 1282 :
1332 1230 1477 1300 quis,
1512 1246 1669 1297 rogo,
1726 1230 1860 1285 huic

170 1330 268 1367 non
296 1316 525 1384 pandat
555 1322 774 1369 secreta
805 1316 1087 1381 vitalium,
1113 1322 1167 1370 et
1197 1316 1254 1370 in
1280 1319 1489 1388 quibus
1519 1320 1856 1373 adhuclocis

168 1405 311 1473 vigor
332 1404 632 1469 subsistat,
665 1405 1006 1459 annuntiat?
1056 1406 1241 1460 facilis
1302 1409 1707 1478 exstinguendi
1756 1408 1857 1462 mi-

168 1492 430 1547 nistratur
454 1494 676 1547 occasio
704 1494 789 1547 illi
821 1510 851 1546 a
884 1510 996 1565 quo
1030 1495 1242 1549 sanitas
1274 1498 1615 1567 postulatur.
1661 1498 1749 1553 Sic
1780 1502 1853 1565 te,

170 1584 552 1651 impurissime
584 1584 908 1649 hominum,
945 1585 1211 1637 adversus
1252 1601 1351 1639 nos
1384 1586 1723 1640 intimorum
1768 1603 1856 1641 re-

168 1672 440 1724 seratione
494 1671 867 1726 munivimus.
933 1674 1006 1727 Ex
1049 1676 1237 1727 vestro
1290 1690 1463 1739 nunc,
1509 1676 1851 1745 cognitores,

168 1761 358 1831 pendet
391 1761 657 1827 arbitrio,
716 1761 763 1814 si
800 1762 898 1831 qui
932 1763 1174 1831 peccatis
1205 1762 1337 1817 vicit
1370 1764 1685 1831 universos,
1736 1781 1853 1819 non

169 1850 317 1903 debet
346 1866 556 1903 omnes
577 1866 706 1903 reos
746 1866 1018 1920 superare
1069 1852 1384 1922 suppliciis.
1442 1853 1761 1907 Nascituras
1794 1854 1853 1905 in

170 1947 445 2010 posterum
474 1939 673 2009 culpas
702 1938 933 1993 incidite
967 1956 979 1994 :
1034 1941 1255 1994 eveniet
1277 1956 1343 1993 ex
1373 1941 1542 1994 unius
1599 1942 1854 1995 cruciatu

170 2028 550 2095 generalitatis
603 2028 951 2083 emendatio.
1000 2030 1188 2083 Genus
1263 2029 1490 2100 pietatis
1550 2036 1653 2096 est,
1707 2031 1854 2083 circa

168 2114 368 2169 hostem
433 2116 640 2185 patria:
703 2133 825 2170 esse
885 2117 1226 2183 districtum,
1264 2120 1344 2171 ‘ne
1398 2119 1533 2172 dum
1593 2134 1851 2189 persona:

168 2204 399 2272 parcitis,
434 2206 511 2260 ad
546 2206 969 2261 incrementum
1002 2206 1138 2261 vitia
1170 2208 1511 2277 provocetis.

815 2322 1043 2377 DICTIO
1084 2322 1193 2376 XV.

168 2427 228 2479 In
253 2443 581 2496 novercam,
610 2443 737 2498 qua
764 2444 893 2483 cum
933 2428 1141 2483 marito
1171 2428 1425 2500 privigni
1454 2428 1586 2484 odia
1614 2430 1852 2486 suadere

422 2533 542 2571 non
563 2521 781 2589 posset,
815 2517 1070 2589 uirisque
1093 2536 1309 2574 venena
1330 2523 1600 2591 porrexit.

572 2648 1070 2690 CONTROVERSIA
1117 2650 1429 2691 SECUNDA.

224 2738 412 2805 Adest,
443 2738 695 2809 judices,
727 2755 990 2806 noverca,
1052 2757 1181 2811 quae
1239 2745 1303 2795 ut
1343 2741 1646 2795 satisfaciat
1684 2741 1850 2808 odiis,

164 2843 265 2881 non
295 2830 488 2899 parcit
518 2829 815 2883 affectibus
849 2846 862 2884 :
908 2846 1081 2901 quam
1120 2846 1191 2885 ne
1226 2831 1524 2901 privignus
1565 2832 1849 2899 evaderet,

163 2917 319 2987 elegit
350 2920 601 2972 miscere
650 2918 773 2988 ejus
803 2919 1046 2985 casibus,
1082 2936 1255 2990 quem
1306 2920 1502 2974 dilexit
1534 2936 1547 2973 :
1586 2936 1712 2991 quae
1744 2936 1851 2974 ste-

1967 518 2122 572 necis
2149 519 2458 572 exsecutio.
2494 518 2709 573 Vellem
2764 520 2819 573 in
2850 520 3227 586 accusatione,
3255 521 3495 591 judices,
3523 522 3621 577 diu

1966 604 2079 659 tius
2141 605 2457 673 immorari,
2517 606 2626 659 nisi
2700 606 3032 661 facinorosae
3094 624 3323 677 poenam
3382 610 3643 680 prolixior

1966 694 2165 764 lingua
2196 694 2467 748 differret.
2508 695 2781 748 Nolumus
2810 711 2948 765 quas
2982 698 3272 765 peroranti
3322 699 3651 764 conceditis,

1968 784 2360 838 utaddicenda
2409 785 2467 838 in
2527 785 2648 838 luce
2696 791 2984 838 mereatur
3026 786 3307 840 inducias.
3362 787 3651 851 Quotiens,

1968 873 2361 927 scelestissima
2386 872 2748 936 feminarum,
2786 874 3040 927 subdolis
3087 875 3416 944 privignum
3474 876 3653 929 fovisti

1966 962 2359 1032 complexibus
2391 966 2628 1015 matrem
2659 962 2935 1015 mentita?
2962 964 3223 1033 quotiens
3250 964 3495 1017 innoxiis
3547 981 3653 1035 po—

1966 1051 2218 1106 tionibus
2278 1052 2465 1119 egisti,
2517 1056 2578 1105 ut
2628 1050 2696 1104 de
2754 1068 2928 1105 manu
2982 1058 3079 1105 tua
3136 1059 3377 1106 mortem
3425 1070 3655 1107 securus

1968 1140 2289 1210 acciperet?
2330 1142 2564 1211 Captata
2618 1140 2759 1205 sitis,
2826 1146 3051 1210 tempus
3100 1145 3154 1194 et
3191 1141 3422 1195 bibendi
3468 1158 3655 1195 ncces-

1967 1231 2192 1283 sitatem
2218 1230 2359 1283 forte
2394 1235 2454 1283 ut
2486 1230 2651 1283 citius
2677 1229 2889 1282 letbum
2936 1230 3279 1299 porrigeres,
3336 1231 3606 1285 exorabat
3640 1249 3650 1283 :

1965 1317 2216 1372 habuisti
2264 1319 2647 1373 misericordis
2690 1319 3023 1388 opinionem
3079 1320 3325 1388 privigni
3364 1320 3655 1374 desiderii~=

1965 1408 2337 1478 obsequendo
2383 1424 2395 1461 :
2458 1408 2727 1478 quotiens
2784 1412 3031 1461 matrum
3109 1408 3230 1461 loca
3284 1408 3536 1475 tenuisti,
3594 1416 3645 1461 ui

1964 1513 2267 1551 novercam
2327 1498 2504 1550 tutius
2566 1498 2898 1551 exhiberes?
2955 1498 3123 1562 Solet,
3177 1497 3451 1550 libertatis
3512 1514 3657 1567 pra?-

1965 1588 2134 1653 sules,
2159 1586 2215 1640 in
2246 1586 2533 1657 conjugali
2561 1588 2841 1640 consortio
2863 1586 3028 1639 unius
3047 1586 3253 1639 sobolis
3274 1592 3653 1640 utcommune

1966 1678 2177 1748 pignus
2220 1676 2457 1741 attendi,
2509 1676 2645 1730 dum
2707 1676 2929 1729 affectio
2979 1692 3151 1747 quam
3205 1682 3369 1745 pater
3410 1676 3653 1729 obtinuit

1967 1766 2171 1821 transit
2206 1766 2275 1820 ad
2310 1766 2491 1819 ﬁlium
2531 1782 2542 1819 :
2591 1766 2997 1819 decedentibus
3045 1766 3342 1831 matronis,
3402 1765 3650 1819 virorum

1964 1856 2344 1927 providentia,
2378 1855 2513 1909 dum
2552 1857 2617 1908 ad
2652 1856 3005 1909 educandam
3065 1856 3457 1925 posteritatem
3496 1871 3656 1909 cura-

1963 1961 2091 1999 rum
2114 1943 2417 2014 participes
2448 1948 2732 2014 quaerunt,
2759 1944 2837 1997 sic
2860 1960 3129 1997 novercas
3160 1944 3652 2015 inveniunt.Szepe

1962 2039 2155 2089 tamen
2200 2035 2305 2087 sub
2353 2035 2462 2087 hoc
2506 2034 2777 2087 vocabulo
2814 2039 2997 2087 mater
3029 2034 3262 2099 accedit,
3323 2050 3390 2087 eo
3433 2033 3655 2087 cautior

1963 2124 2109 2177 circa
2139 2139 2376 2193 germen
2419 2124 2692 2188 alienum,
2729 2140 2841 2193 quo
2874 2123 3170 2176 sollicitius
3203 2139 3415 2176 nomen
3474 2123 3649 2192 tragi-

1962 2229 2091 2267 cum
2126 2213 2248 2266 vult
2306 2212 2549 2265 vincere.
2611 2211 2954 2266 Genitricem
3004 2214 3192 2265 munit
3249 2212 3543 2277 securitas,
3601 2219 3655 2265 et

1961 2306 2381 2355 sacramentum
2407 2300 2658 2354 nominis
2685 2301 2774 2354 sui
2806 2318 2818 2354 ε
2845 2317 2973 2372 quae
2995 2302 3168 2355 etiam
3208 2300 3654 2355 misericorditer

1961 2390 2277 2444 creduntur
2310 2390 2497 2443 irasci.
2554 2391 2796 2453 Vestras,
2864 2391 3126 2455 infausta,
3177 2390 3487 2444 blanditias
3525 2390 3647 2460 jure

1961 2480 2305 2549 respuimus,
2360 2480 2569 2550 quibus
2622 2496 2725 2550 per
2771 2480 2963 2533 fucum
3019 2480 3255 2533 malitias
3295 2480 3522 2533 interna
3558 2494 3649 2533 ve-

1961 2568 2128 2623 stitis.
2186 2568 2489 2635 Erubesco,
2554 2568 2876 2639 cognitores
2910 2568 3275 2633 sanctissimi,
3329 2569 3649 2623 damnatam

1962 2656 2180 2710 meritis
2212 2656 2330 2709 suis
2362 2656 2633 2709 diuturna
2664 2656 3100 2725 impugnatione
3140 2661 3457 2709 sustentare
3485 2671 3497 2709 :
3539 2670 3649 2708 non

1962 2749 2047 2799 est
2076 2761 2284 2815 anceps
2320 2746 2633 2809 sententia,
2690 2761 2862 2814 quam
2914 2746 3109 2798 labore
3150 2745 3456 2813 suspendo.
3530 2742 3650 2797 Uti—

1960 2849 2095 2887 nam
2132 2833 2430 2904 exquisitis
2478 2832 2763 2901 elfugetur
2807 2832 2876 2886 de
2944 2832 3069 2886 luce
3152 2832 3519 2897 cruciatibus,
3599 2838 3651 2884 et

1960 2922 2133 2977 lentis
2164 2928 2314 2976 secta
2346 2922 2676 2975 vulneribus
2709 2918 2913 2975 existat
2943 2925 3229 2990 superstes
3248 2920 3472 2990 corpori
3514 2925 3644 2973 suo!

161 3008 521 3062 vissimarum
558 3024 717 3061 more
770 3009 1111 3073 belluarum,
1161 3010 1230 3063 de
1278 3010 1527 3063 confusis
1574 3010 1853 3063 mortibus
1892 3027 1932 3083 (ς
1964 3028 2076 3065 [1οΠ
2104 3028 2218 3065 uno
2260 3016 2515 3081 tempore
2545 3010 2613 3063 de
2646 3009 2901 3079 propriis
2932 3009 3160 3062 sedibus
3189 3024 3397 3061 nocens
3460 3008 3649 3061 anima

163 3102 423 3153 tesseram
460 3098 617 3166 fecit,
653 3100 859 3167 dignos
891 3099 1029 3152 lethi
1061 3099 1206 3153 forte
1238 3099 1547 3167 wstimans,
1604 3099 1850 3170 quicun-

161 3204 258 3258 que
315 3204 454 3243 cum
512 3188 747 3241 inimico
776 3188 925 3242 illius
982 3193 1221 3259 potuere
1292 3189 1584 3243 trucidari.
1650 3188 1851 3258 Ruptis

161 3278 443 3349 repagulis
495 3278 713 3348 accepit
742 3278 902 3331 furor
923 3280 1045 3347 ejus
1086 3278 1440 3346 exercitium,
1503 3278 1666 3348 quasi
1724 3278 1849 3331 neci

162 3366 491 3437 deputatum
518 3368 810 3436 perimens
850 3367 1133 3437 quidquid
1175 3369 1437 3421 occurrit.
1481 3368 1850 3421 Generalitati

162 3456 471 3524 perniciosa
514 3472 637 3509 esse
686 3456 1033 3522 desiderans,
1093 3457 1203 3510 nisi
1262 3458 1599 3512 defecissent
1642 3459 1847 3525 toxica,

162 3545 326 3599 adhuc
350 3546 441 3599 ira
466 3545 758 3599 crescebat
792 3562 805 3599 :
839 3545 1037 3599 hausta
1086 3547 1290 3616 suntfa
1335 3547 1556 3601 duobus
1606 3564 1849 3616 venena,

162 3649 269 3705 qua:
325 3635 592 3706 reperit:
653 3635 807 3706 quod
864 3635 924 3688 in
974 3635 1218 3689 aliorum
1278 3642 1599 3691 servaretur
1654 3638 1846 3704 exitio,

160 3738 261 3776 non
291 3723 598 3777 remansit.
628 3724 772 3776 Heul
801 3723 1285 3793 quemadmodum
1311 3724 1530 3793 gemuit
1560 3724 1847 3777 defectum

159 3814 352 3881 poculi,
381 3828 526 3867 cum
557 3811 835 3865 cadavera
881 3828 1062 3882 pauca
1122 3813 1494 3883 conspiceret,
1550 3813 1849 3883 indignata

160 3902 249 3955 sibi
277 3903 434 3974 quod
471 3903 544 3956 de
576 3901 807 3954 funesto
870 3901 1091 3971 liquore
1144 3902 1273 3971 plus
1320 3902 1622 3970 defunctis,
1676 3918 1846 3971 quam

158 3994 293 4062 quod
324 3992 638 4057 occideret,
674 3991 850 4043 dedit.
876 3991 1144 4054 Quaesivit
1173 3991 1242 4045 de
1272 3992 1677 4045 exstinctorum
1736 3992 1846 4044 vis-

157 4084 362 4135 ceribus
380 4082 644 4152 pretium
670 4079 868 4133 mortis
882 4081 1106 4146 alienas,
1126 4081 1172 4134 si
1192 4081 1464 4148 licuisset,
1487 4080 1845 4147 abstrahere;

156 4174 209 4220 ut
236 4170 509 4239 plurimis
544 4185 646 4240 per
678 4174 870 4238 guttas
903 4170 1018 4223 fata
1040 4169 1411 4240 dispergeret,
1444 4171 1843 4223 utanimarum

156 4261 465 4327 penetralia
500 4260 658 4311 virus
688 4258 879 4311 nobile
910 4258 1242 4328 possideret.
1275 4263 1451 4323 Ante;
1486 4260 1847 4329 experimen-

1960 3102 2218 3155 vellatur.
2255 3100 2318 3155 In
2350 3100 2613 3153 affectum
2649 3098 2940 3151 reducitur
2982 3097 3219 3168 puritas,
3259 3097 3525 3167 quotiens
3555 3112 3647 3168 ge-

1957 3189 2274 3245 neralitatis
2309 3190 2500 3244 oculos
2519 3187 2831 3259 expiaveris
2862 3203 3027 3242 cruce
3055 3186 3378 3242 noxiorum.

2607 3312 2837 3367 DICTIO
2878 3313 3009 3368 XVI.

1960 3423 2033 3476 In
2062 3438 2189 3478 eum
2206 3420 2305 3493 qui
2327 3420 2558 3494 praemii
2588 3420 2817 3475 nomine
2847 3419 3082 3476 vestalis
3136 3417 3377 3491 virginis
3418 3418 3649 3492 nuplias

2646 3508 2976 3581 postulavit.

2412 3631 2902 3673 CONTROVERSIA
2948 3631 3208 3671 TERTIA.

2031 3724 2291 3791 Creditis,
2321 3724 2560 3794 judices,
2589 3740 2690 3793 per
2711 3723 2865 3777 hunc
2887 3723 3139 3776 victoriis
3162 3723 3407 3775 lamenta
3425 3721 3645 3775 misceri

1958 3818 2015 3868 et
2043 3814 2469 3884 triumphorum
2496 3828 2755 3883 saporem
2807 3813 3103 3882 displicere
3126 3812 3220 3880 ,de
3243 3809 3477 3881 praemio
3496 3809 3523 3863 ‘I
3552 3826 3649 3862 aes-

1958 3902 2170 3957 timatis
2202 3902 2412 3955 oll‘endi
2446 3902 2581 3955 deos
2616 3903 2673 3954 in
2711 3901 2916 3955 effectu
2959 3917 3172 3965 rerum,
3200 3905 3256 3953 et
3314 3897 3515 3953 deduci
3578 3900 3645 3951 ad

1956 3991 2351 4064 paenitentiam
2371 3991 2631 4059 numina,
2664 4006 2792 4061 quin
2812 3990 3221 4059 votajuverunt
3242 3989 3269 4044 ?
3286 3989 3459 4043 Adest
3475 3989 3648 4041 homo

1958 4080 2360 4152 nequissimus,
2392 4080 2491 4149 qui
2522 4095 2750 4149 gemere
2782 4096 2883 4133 nos
2915 4080 3178 4149 imperat,
3236 4078 3386 4148 quod
3445 4077 3645 4147 patrim

1957 4176 2164 4224 nostrae
2195 4168 2328 4222 vicit
2357 4168 2619 4221 inimicos
2652 4183 2664 4221 :
2700 4168 2799 4238 qui
2821 4166 3227 4221 consummatis
3249 4166 3482 4235 praeliis,
3509 4166 3643 4219 dum

1957 4259 2170 4314 laboris
2191 4258 2440 4329 pretium
2482 4256 2721 4326 flagitat,
2755 4260 2810 4310 et
2859 4257 3049 4310 hostes
3076 4260 3130 4309 et
3162 4255 3309 4308 bella
3354 4270 3646 4309 commen-

154 4352 261 4402 tum
290 4347 659 4420 perniciosus
688 4347 1846 4418 etfundebaturhumorinpoculum:fecit
1886 4376 1926 4429 ο
1959 4349 2055 4405 dat
2085 4365 2098 4403 :
2137 4348 2236 4418 qui
2276 4348 2548 4400 exhausta
2568 4350 2732 4415 putat
2773 4344 2980 4398 laboris
3004 4361 3125 4399 esse
3183 4342 3475 4413 suffragia,
3536 4343 3644 4397 nisi

156 4454 265 4491 eam
296 4438 439 4509 quid
466 4436 837 4506 perdidisset,
859 4452 1186 4506 agnoscere,
1219 4441 1524 4509 postquam
1558 4438 1625 4491 de
1668 4438 1846 4491 succis

158 4528 579 4582 abundantibus
602 4542 814 4596 paucos
842 4527 1121 4581 exstinxit.
1160 4528 1400 4581 Ubinam
1446 4528 1705 4597 gentium
1741 4528 1848 4580 fuit

161 4618 367 4671 animus
388 4616 1091 4686 conjugalisdiligentim?
1114 4616 1208 4671 ubi
1234 4617 1509 4671 maritalis
1533 4632 1847 4670 sacramen-

163 4710 266 4761 tum
284 4708 521 4778 copulze
537 4706 564 4760 ?
587 4706 718 4760 Plus
737 4706 854 4776 egit
871 4706 1144 4776 privigni,
1164 4723 1337 4778 quam
1359 4707 1470 4761 tori
1491 4706 1842 4760 recordatio:

162 4797 279 4850 dum
307 4796 671 4851 immanitati
701 4794 1056 4865 obsequitur,
1105 4795 1388 4865 etlugatus
1443 4800 1527 4849 est
1566 4794 1670 4847 viri
1698 4810 1845 4864 pra:-

159 4887 312 4939 sentis
341 4888 633 4941 allectus:
681 4884 923 4938 credidit
949 4885 1009 4939 in
1057 4901 1397 4956 quocunque
1450 4885 1671 4938 vivente
1727 4882 1848 4954 pri-

162 4973 299 5043 vigni
352 4991 665 5030 remanere
723 4990 891 5043 posse
948 4973 1346 5029 substantiam.
1404 4975 1609 5028 Lucem
1662 4972 1847 5025 voluit

157 5066 379 5131 profana
393 5064 778 5131 confundere,
796 5069 851 5117 et
868 5064 1104 5117 humani
1125 5064 1353 5135 generis
1369 5080 1611 5118 messem
1627 5062 1844 5117 mundo

156 5151 363 5209 labente
429 5153 694 5208 succidi:
758 5154 1036 5224 quidquid
1074 5154 1129 5207 in
1170 5156 1455 5208 ioccasum
1513 5152 1701 5223 potuit
1762 5152 1845 5208 ire

148 5246 514 5313 praecipitans
558 5242 808 5297 veternis
866 5243 1028 5297 Erebi
1079 5243 1303 5313 legibus
1364 5243 1517 5297 diem
1579 5245 1844 5296 nostrum

151 5334 377 5401 cupiens
408 5332 686 5387 scelerata
720 5332 1057 5386 submittere
1089 5349 1102 5385 :
1137 5348 1208 5386 ne
1241 5333 1399 5386 illam
1458 5332 1544 5386 vel
1598 5336 1727 5401 post
1756 5331 1844 5384 in-

151 5420 300 5475 ferna
317 5423 564 5476 odiosus
588 5421 913 5492 inspiceret.
945 5421 1180 5485 Quantis
1199 5422 1471 5491 gradibus
1499 5425 1555 5474 et
1585 5420 1846 5492 profectu

152 5511 425 5565 scelerum
450 5510 528 5564 ad
558 5527 772 5565 venena
800 5510 1093 5565 descendit
1122 5510 1150 5566 ‘P
1206 5512 1309 5564 Diu
1334 5510 1569 5564 exitium
1601 5510 1841 5575 distulit,

154 5602 291 5669 quod
321 5600 645 5672 aliquando
674 5600 734 5654 in
768 5600 1067 5655 tormentis
1090 5599 1397 5654 constituto
1438 5600 1677 5670 ingessit
1724 5599 1844 5654 vice

152 5686 427 5744 beneﬁcii.
454 5691 607 5743 Ante
637 5689 850 5760 ﬂagris,
882 5690 1052 5757 fame,
1104 5689 1315 5760 frigore
1371 5688 1672 5745 inimicum
1722 5703 1846 5744 cor-

1958 4437 2257 4510 quaeiratis
2287 4435 2555 4491 coelicolis
2575 4435 2985 4489 conferuntur:
3024 4438 3086 4487 ut
3116 4432 3500 4503 possitcivitas
3522 4433 3644 4503 ejus

1957 4528 2219 4598 perdere,
2245 4526 2395 4597 quod
2422 4542 2524 4595 per
2560 4526 2747 4595 ipsum
2770 4524 3018 4578 creditur
3038 4522 3367 4594 acquisisse.
3399 4521 3645 4577 Confidit

1956 4618 2193 4687 genium
2228 4615 2519 4669 bellatoris
2546 4614 2710 4685 pictis
2728 4613 2935 4667 tabulis
2965 4618 3021 4667 et
3048 4611 3396 4681 imaginibus
3427 4627 3542 4665 non
3569 4617 3645 4665 te-

1956 4705 2080 4759 neri
2107 4722 2119 4773 ;
2157 4720 2259 4758 nec
2280 4704 2523 4774 requirit
2546 4709 2605 4757 ut
2636 4708 2891 4757 servetur
2921 4702 3141 4755 saeculis
3178 4717 3291 4755 iere
3320 4700 3597 4755 formatus
3628 4717 3641 4756 :

1957 4795 2076 4848 sola
2124 4792 2395 4864 opinatur
2444 4808 2563 4846 esse
2619 4792 2848 4862 gaudia,
2912 4791 3121 4862 quibus
3180 4790 3371 4845 evenit
3440 4806 3645 4844 munus

1956 4882 2240 4937 adulterii.
2270 4881 2325 4936 Si
2346 4882 2415 4935 ad
2438 4880 2543 4935 hoc
2585 4885 2637 4934 te
2684 4880 2905 4934 casibus
2963 4880 3237 4947 obtulisti,
3291 4884 3355 4934 ut
3398 4896 3502 4950 pro
3550 4895 3643 4933 su-

1956 4973 2093 5027 dore
2124 4977 2223 5026 tuo
2264 4969 2548 5025 nominari
2597 4970 2810 5040 pudeat
2865 4968 3019 5040 quod
3074 4969 3343 5039 requiris,
3398 4985 3501 5022 nos
3532 4984 3644 5021 non

1953 5077 2259 5134 possumus
2318 5059 2514 5113 scortis
2574 5059 2781 5114 debere
2839 5059 2991 5130 quod
3046 5057 3304 5113 vicimus.
3383 5058 3507 5112 Non
3539 5073 3642 5126 pro

1956 5167 2149 5206 amore
2180 5150 2328 5204 bella
2356 5149 2599 5219 gessisti,
2631 5149 2729 5220 qui
2751 5154 2877 5219 post
2909 5148 3259 5203 adversarios
3300 5146 3359 5200 in
3404 5145 3644 5199 civitatis

1955 5241 2145 5296 medio
2177 5255 2305 5293 cum
2348 5239 2561 5309 pudore
2594 5238 3005 5308 congrederis:
3063 5238 3185 5292 sine
3232 5251 3402 5291 causa
3457 5236 3645 5289 hoztes

1955 5330 2368 5401 depulisti,qui
2400 5345 2601 5383 eorum
2634 5329 2849 5383 vicibus
2905 5327 3161 5398 iungeris
3218 5327 3278 5381 in
3324 5325 3638 5393 triumpho.

1958 5420 2270 5475 Habuimus
2292 5423 2502 5473 statum
2531 5418 2845 5473 honestatis
2906 5417 3175 5483 liberum,
3224 5416 3358 5469 dum
3422 5413 3644 5467 casibus

1954 5509 2315 5580 subjacemus
2348 5524 2362 5562 :
2406 5508 2674 5578 fugienda
2707 5513 2791 5563 est
2817 5508 3071 5562 virorum
3102 5504 3333 5559 fortium
3381 5502 3643 5569 felicitas,

1953 5614 2057 5669 per
2093 5614 2266 5669 quam
2316 5597 2619 5669 jungimur
2662 5596 2906 5653 miseriis
2958 5595 3341 5650 subditorum.
3400 5592 3642 5658 Etenim,

1955 5688 2129 5743 curiae
2157 5686 2400 5755 lumina,
2424 5702 2526 5759 per
2556 5687 2827 5753 minutias
2847 5685 3125 5741 scelerum
3156 5684 3306 5740 hunc
3342 5682 3647 5753 opinamur
