4060 6174
435 270 531 322 291

1657 255 1945 312 ENNODII
1987 253 2295 309 EPISCOPl
2335 251 2726 308 TlCINENSlS

3825 248 3922 299 292

437 404 509 458 ad
537 401 813 457 immania
844 405 970 454 vota
1001 396 1378 469 perductum?
1409 392 1638 465 quantis
1670 390 1944 460 gradibus
1967 405 2123 442 exer-
2161 394 2209 444 A
2237 387 2386 441 inter
2416 386 2651 440 adversa
2680 379 3003 437 constitutis
3033 395 3045 433 :
3104 393 3330 432 necesse
3357 382 3441 431 est
3504 375 3711 447 optari,
3774 376 3924 447 quod

437 493 673 548 citatum
695 490 910 544 facinus
929 488 1190 559 pervenit
1215 485 1284 539 ad
1303 485 1408 538 hoc
1439 487 1501 536 ut
1528 482 1665 535 vitia
1690 481 1952 535 laudibus
1985 495 2130 533 mer-

438 588 662 636 caretur
690 581 717 636 ?
749 579 1132 635 Credebamus
1187 590 1340 639 eum,
1387 574 1523 625 dum
1558 572 1732 624 vitam
1779 570 1838 623 in
1864 568 2129 623 tentoriis

437 678 650 742 ageret,
668 671 803 723 etad
825 667 1072 736 insignia
1094 663 1318 718 roboris
1340 662 1497 715 duris
1520 677 1730 730 corpus
1778 657 2129 712 successibus

438 760 722 825 invitaret,
759 758 931 811 eivico
961 771 1154 807 amore
1201 751 1555 820 constringi;
1623 754 1681 802 ut
1726 765 1831 818 per
1864 746 2127 800 militiam

437 851 583 919 ejus,
636 864 738 900 nec
783 843 1114 898 incendium
1173 840 1353 905 urbis,
1403 856 1508 892 nec
1566 854 1750 891 sacras
1807 835 2130 905 corruptela

436 937 684 1007 virgines
716 935 1047 1005 possideret.
1083 933 1190 984 Iste
1252 929 1406 982 enim
1440 927 1580 981 emit
1635 931 1717 980 tot
1771 925 2124 991 vulneribus,

437 1043 508 1080 ne
563 1027 702 1078 alter
728 1023 1052 1077 facinorum
1077 1021 1238 1088 fruge
1261 1019 1557 1088 potiretur.
1582 1015 1728 1079 Quid
1751 1014 2125 1080 tibide-beam,

435 1113 825 1168 crudelissime
849 1111 1174 1174 hominum,
1191 1109 1357 1161 datur
1379 1105 1646 1175 intelligi,
1666 1105 1938 1174 percujus
1960 1103 2128 1156 bene-

431 1205 563 1257 ficia
579 1201 830 1272 superati
853 1201 1066 1253 exitum
1091 1199 1276 1251 victor
1302 1195 1633 1265 ingemisco.
1658 1195 1861 1258 Dicite,
1905 1208 2124 1262 praesu-

434 1295 515 1347 les
538 1291 834 1358 libertatis,
867 1305 1036 1358 queni
1063 1288 1256 1356 potius
1289 1285 1595 1338 habuimus
1626 1282 1963 1353 quianimos
1995 1297 2124 1334 nos-

433 1389 552 1437 tros
565 1381 834 1451 possedit,
852 1380 910 1432 in
925 1378 1194 1431 tubarum
1209 1377 1471 1445 clangore
1495 1380 1794 1436 terrorem,
1831 1371 1967 1425 dum
1990 1369 2125 1423 ferri

433 1487 594 1541 seges
625 1484 904 1538 equorum
930 1465 1162 1520 fremitu
1177 1465 1494 1517 minaretur
1518 1461 1792 1515 exitium?
1817 1460 2013 1526 Credo,
2054 1475 2123 1512 ne

431 1560 617 1614 libera
633 1563 859 1627 patrum
890 1556 1034 1609 colla
1057 1559 1386 1608 catenarum
1419 1552 1590 1621 rigor_
1614 1549 1955 1619 astringeret
1983 1564 1995 1602 :
2052 1563 2122 1601 ne

432 1647 777 1702 inviolabilis
801 1645 1078 1698 matribus
1098 1643 1282 1713 pudor
1295 1641 1533 1695 civitatis
1555 1639 1776 1693 excidio
1801 1636 2118 1707 deperiret:

431 1750 504 1789 ne
536 1732 1038 1801 votivavirginitas
1077 1732 1249 1785 sacris
1306 1729 1632 1799 mancipata
1680 1727 1919 1780 culturis
1975 1742 2124 1797 prae-

433 1821 599 1875 donis
628 1821 759 1891 igne
803 1825 1102 1889 raperetur
1135 1835 1149 1872 :
1183 1835 1253 1871 ne
1277 1817 1494 1870 famula
1533 1816 1760 1869 castitas
1804 1815 1956 1868 hosti
1995 1830 2126 1884 pre-

431 1911 576 1964 tium
609 1911 770 1964 lieret
803 1908 1100 1962 insultanti
1136 1924 1146 1961 :
1176 1924 1246 1960 ne
1273 1906 1606 1976 corporibus
1631 1922 1697 1958 ex
1717 1905 1969 1958 humana
1993 1919 2126 1956 con-

431 2000 648 2055 ditione
680 1999 956 2061 liberatis,
979 1997 1058 2050 vis
1091 1996 1324 2050 inimica
1346 1996 1683 2065 subriperet,
1705 1999 1759 2047 et
1789 1993 2126 2048 adversaria:

431 2089 708 2159 pudicitia
727 2088 955 2142 libidini
971 2087 1039 2140 ad
1059 2087 1322 2140 ultimum
1339 2086 1583 2139 deducta
1603 2084 1857 2138 serviret.
1879 2083 2077 2146 Quaero
2097 2099 2127 2135 a

431 2183 487 2232 te
518 2181 534 2214 ¹
565 2179 739 2232 heroa
761 2176 1146 2246 magnanime,
1181 2175 1319 2245 quid
1343 2176 1411 2228 de
1437 2175 1620 2243 patria
1643 2178 1740 2226 tua
1770 2172 1904 2225 mali
1928 2172 2128 2240 ,depu—

431 2265 584 2333 leris,
613 2267 659 2318 si
691 2266 810 2319 haec
833 2281 960 2335 quze
1016 2264 1185 2318 timui
1231 2263 1409 2316 victor
1436 2263 1665 2332 optasti,
1719 2261 1857 2315 dum
1915 2265 2125 2313 mortes

430 2355 682 2409 hostium
697 2354 896 2408 ictibus
912 2354 1024 2407 tuis
1040 2352 1341 2406 numinum
1359 2352 1516 2406 favor
1533 2352 1839 2404 addiceret.
1856 2352 2027 2403 Percu
2039 2366 2127 2402 ne-

431 2449 522 2498 tor
547 2450 735 2498 utrum
753 2443 1076 2514 poposceris
1092 2442 1398 2512 superosin
1445 2442 1542 2494 illa
1586 2444 1918 2494 necessitate
1933 2440 2121 2493 fauto-

429 2550 520 2589 res
535 2533 628 2588 ?Si
649 2534 849 2598 fecisti,
867 2532 1197 2602 perfunctus
1211 2531 1477 2601 periculis
1499 2527 1773 2583 sacerdoti
1787 2531 1888 2581 bus
1924 2544 2124 2581 eorum

437 2640 542 2694 pro
575 2623 764 2676 debita
794 2622 1080 2675 oblatione
1105 2620 1425 2674 minitaris?
1449 2620 1496 2673 si
1527 2636 1641 2672 non
1674 2617 1989 2672 adhibuisti
2029 2618 2124 2687 pia

431 2718 562 2766 vota
590 2710 911 2775 certamini,
946 2710 1084 2779 quid
1115 2710 1218 2763 tibi
1247 2709 1449 2775 debeo,
1484 2725 1654 2779 quem
1697 2708 1818 2760 sine
1866 2707 2124 2776 precibus

429 2799 546 2852 suis
577 2799 863 2869 generalis
886 2799 1236 2869 prosperitas
1268 2797 1850 2851 comitataliberavit?
1877 2795 1933 2849 Si
1964 2795 2126 2848 intel-

429 2887 577 2958 ligis,
602 2890 844 2942 multum
867 2894 950 2941 est
973 2889 1122 2958 quod
1147 2888 1320 2941 debes
1337 2885 1693 2952 numinibus,
1717 2884 1763 2938 si
1785 2885 2124 2938 studuerunt

2239 476 2476 531 modum
2511 474 2676 545 ponit
2700 468 3117 526 amaritudinis.
3178 468 3361 539 Rogo,
3391 466 3596 538 quibus
3625 465 3926 520 estbelluis

2239 563 2679 635 comparandus,
2713 561 2812 628 qui
2844 557 3246 630 procuratione
3279 571 3381 609 sua
3437 554 3610 608 infert
3642 555 3784 608 dura
3808 553 3926 607 sine

2237 655 2484 708 termino
2505 654 2531 708 ‘?
2557 653 2715 722 cujus
2737 650 2874 716 doli,
2908 649 3046 702 dum
3073 663 3278 701 manus
3321 644 3569 699 abstinet
3599 644 3668 698 ab
3696 649 3926 697 auctore

2236 743 2399 810 lucis,
2425 742 2576 796 letho
2611 739 3019 794 commutanda
3065 733 3459 808 pepererunt?
3500 735 3624 788 .lam
3670 738 3795 786 erat
3833 749 3926 803 ge-

2237 833 2388 886 nitor
2417 831 2580 885 istius
2631 844 2911 884 annorum
2959 828 3108 881 fasce
3159 823 3619 892 contrituszjam
3671 839 3777 892 per
3823 828 3929 877 tre-

2235 921 2445 974 menda
2469 921 2619 974 senis
2653 919 2911 973 membra
2956 916 3060 971 ωνί
3107 914 3473 985 depopulatio
3515 912 3755 982 vestigia
3796 912 3929 966 olim

2237 1010 2468 1064 robusta
2517 1010 2902 1064 subverterat:
2939 1007 3063 1078 jam
3111 1003 3464 1059 diuturitatis
3521 1002 3812 1055 morsibus
3873 1001 3926 1054 in

2235 1115 2407 1169 rugas
2427 1115 2555 1169 quae
2584 1096 2906 1152 declarabat
2925 1095 3240 1159 hominem,
3264 1093 3448 1146 forma
3477 1091 3784 1160 vergebat:
3818 1105 3927 1143 non

2234 1193 2426 1242 tamen
2458 1187 2581 1240 sine
2613 1203 2711 1256 spe
2751 1185 2988 1239 subsidii
3051 1183 3119 1238 ad
3155 1183 3924 1251 maturitatempervenerat,

2234 1276 2458 1346 cuijam
2493 1277 2675 1345 major
2724 1275 2948 1327 soboles
2994 1273 3300 1326 arridebat.
3354 1270 3567 1325 Potiori
3607 1269 3822 1322 ﬁducia
3862 1269 3925 1321 ad

2234 1366 2442 1419 victum
2459 1370 2801 1435 congregata
2821 1363 3108 1433 dispersit,
3127 1377 3297 1432 quem
3317 1377 3540 1430 semper
3559 1357 3769 1412 scimus
3795 1358 3924 1411 lior-

2232 1472 2330 1509 rea
2353 1474 2453 1509 sua
2479 1456 2537 1508 in
2564 1454 2817 1526 pignoris
2841 1454 3130 1506 alacritate
3163 1449 3443 1520 posuisse.
3484 1449 3661 1504 Omen
3711 1446 3929 1518 putavit

2232 1546 2480 1616 cogitare
2517 1545 2586 1598 de
2615 1542 2952 1608 substantia,
2986 1540 3368 1595 cuiexistebat
3393 1545 3558 1593 natus
3588 1537 3924 1591 incolumis:

2235 1639 2303 1690 ad
2365 1633 2611 1706 gelidam
2666 1632 2932 1687 canitiem
2992 1632 3098 1686 hoc
3152 1636 3359 1702 putans
3428 1645 3593 1699 posse
3641 1629 3925 1693 sufficere,

2237 1726 2390 1797 quod
2416 1729 2709 1795 reparatus
2759 1724 2820 1776 in
2877 1721 3139 1791 prosapie
3183 1721 3346 1774 annis
3403 1718 3766 1773 viridioribus
3814 1734 3928 1771 non

2236 1816 2497 1886 peribat:
2532 1830 2660 1868 cum
2695 1818 2929 1882 repente
2961 1811 3228 1880 egregius
3264 1809 3492 1880 juvenis
3551 1809 3651 1862 tali
3702 1813 3928 1878 patrem

2237 1905 2537 1958 securitate
2561 1903 2828 1956 nudavit.
2865 1901 3080 1954 Vellem
3130 1898 3440 1970 paulisper,
3481 1896 3797 1952 venerandi
3839 1913 3928 1950 co-

2237 1996 2507 2064 gnitores,
2543 1993 2613 2046 ad
2643 1991 2795 2045 hunc
2825 1991 2995 2044 verba
3015 1995 3345 2042 convertere
3378 2006 3391 2042 :
3419 1987 3514 2041 sed
3567 2004 3693 2040 reor
3740 1987 3929 2057 perire

2236 2084 2473 2146 monita,
2504 2097 2630 2151 qnze
2662 2079 2980 2150 proﬂigatis
3037 2078 3292 2132 moribus
3335 2077 3694 2132 exhibentur.
3758 2077 3926 2129 Puta-

2237 2189 2383 2238 mus,
2409 2171 2716 2225 venerandi
2747 2169 3074 2236 hominum,
3107 2169 3179 2222 ad
3211 2170 3309 2221 hos
3343 2183 3475 2221 usus
3492 2167 3708 2236 prolem
3744 2165 3931 2234 cujus-

2235 2263 2388 2332 piam
2423 2259 2750 2330 magisterio
2783 2258 3121 2329 pervenire;
3147 2257 3358 2311 sufficit
3407 2256 3653 2326 germini
3703 2255 3929 2309 institu-

2235 2351 2314 2403 tio
2347 2355 2597 2416 naturaz;
2630 2348 2862 2418 quando
2895 2347 3048 2417 quod
3083 2347 3266 2399 solent
3296 2345 3480 2399 facere
3513 2345 3798 2411 doctores,
3837 2344 3928 2396 in-

2228 2439 2414 2493 fundit
2450 2454 2650 2491 eorum
2682 2437 3008 2506 pectoribus
3040 2436 3122 2489 lex
3144 2437 3414 2489 humana.
3441 2435 3564 2487 Non
3597 2438 3678 2487 est
3708 2433 3926 2487 exacci-

2234 2529 2388 2582 denti
2429 2528 2666 2591 bonum,
2715 2526 2907 2579 debita
2959 2525 3282 2595 complere:
3336 2540 3440 2578 nec
3485 2524 3680 2578 deesse
3740 2527 3928 2593 potest

2235 2617 2454 2671 ratione
2492 2615 2770 2686 praeditis,
2831 2614 2981 2685 quod
3014 2615 3214 2668 avibus
3267 2613 3573 2684 probamus
3617 2612 3923 2666 insertum.

2232 2709 2404 2761 Versa
2433 2706 2574 2774 vice,
2609 2706 2830 2776 aquilas
2855 2704 3099 2774 legimus
3121 2704 3339 2758 fetuum
3373 2703 3692 2757 ministerio
3735 2701 3923 2773 pasci:

2231 2802 2288 2851 et
2346 2796 2688 2850 beneﬁcium
2761 2800 3087 2865 parentum,
3165 2794 3318 2865 quod
3394 2794 3702 2863 implumes
3780 2791 3924 2857 nati,

2234 2886 2464 2958 quando
2495 2901 2732 2939 ovorum
2755 2885 2963 2938 tunicis
2995 2891 3301 2950 exuuntur,
3334 2882 3554 2953 indepti
3582 2885 3737 2946 sunt,
3775 2898 3927 2952 qua-

429 2976 672 3045 supplici
704 2993 716 3030 :
753 2979 956 3048 majus,
998 2977 1046 3030 si
1082 2978 1361 3031 dederunt
1392 2975 1688 3030 victoriam
1729 2991 1846 3028 non
1878 2972 2114 3043 petenti.
2159 3000 2198 3054 C
2233 2976 2362 3030 dam
2392 2973 3265 3044 districtiaequitaterestituunt.
3288 2974 3408 3027 Non
3435 2975 3640 3041 putant
3665 2971 3929 3024 volucres

429 3063 633 3130 Credo,
667 3067 954 3136 digressus
977 3083 1006 3120 e
1038 3067 1255 3136 praelio,
1283 3067 1406 3119 loco
1427 3065 1682 3136 principe
1699 3064 2114 3118 delubravene-

426 3159 584 3207 ratus
616 3171 694 3217 es,
727 3162 783 3208 et
813 3156 892 3208 ibi
923 3156 1164 3225 gratiam
1208 3155 1468 3222 retulisti,
1534 3155 1683 3208 unde
1733 3154 1986 3224 praedam
2034 3153 2118 3207 fe-

424 3241 584 3296 riatis
631 3244 896 3296 manibus
933 3250 1112 3297 certas
1167 3243 1446 3313 abripere.
1515 3244 1725 3296 Vereor
1773 3259 1844 3296 ne
1891 3243 2119 3312 templis

426 3331 586 3384 nulla
602 3332 720 3385 face
751 3332 1121 3402 consumptis,
1159 3333 1330 3386 ducat
1350 3332 1617 3386 vestalem
1651 3331 1936 3402 virginem
1997 3348 2118 3385 sors

427 3421 676 3475 secunda
699 3421 998 3492 captivam.

1056 3527 1285 3581 DICTIO
1331 3527 1488 3581 XVII.

674 3634 748 3687 In
778 3650 906 3688 eum
927 3632 1028 3704 qui
1047 3633 1168 3686 seni
1192 3633 1353 3704 patri
1380 3632 1529 3687 cibos-
1555 3631 1858 3687 subtraxit.

1063 3740 1204 3792 Data
1222 3739 1474 3792 Aratori.

863 3859 1355 3901 couraovsasu
1401 3845 1702 3907 QUAarx.‘

498 3949 716 4018 Nescio,
748 3950 990 4021 judices,
1026 3955 1218 4005 utrum
1248 3951 1575 4005 inveniatur
1605 3967 1794 4021 paena,
1825 3951 1964 4023 'quae
2002 3951 2106 4006 cri-

425 4039 680 4094 minibus
728 4039 1039 4094 satisfaciat
1097 4041 1365 4111 impetiti.
1425 4040 1662 4094 Interim
1713 4041 1871 4094 deest
1903 4041 2115 4109 linguae

425 4130 608 4200 COpia,
645 4130 875 4200 quando
909 4131 1174 4184 facinoris
1208 4130 1426 4184 novitas
1468 4136 1700 4200 superat
1755 4136 2112 4200 arguentem.

424 4220 534 4273 Iste
567 4223 652 4272 est
681 4219 832 4273 ﬁlius
857 4220 954 4290 qui
981 4221 1287 4290 grandaevo
1309 4219 1478 4290 patri,
1502 4236 1630 4273 cum
1651 4225 1841 4290 posset
1862 4220 2118 4290 prabere

423 4308 716 4376 alimenta,
748 4309 1050 4380 denegavit
1083 4325 1094 4362 :
1140 4309 1200 4362 id
1238 4307 1394 4375 genii
1435 4309 1743 4362 sceleribus
1786 4308 1903 4361 suis
1962 4325 2115 4362 asso-

423 4397 598 4466 cians,
627 4403 690 4452 ut
724 4404 872 4453 esset
915 4403 1073 4469 patre
1107 4397 1381 4451 incolumi
1440 4397 1740 4467 parricida.
1793 4397 1963 4450 Putas
1983 4412 2115 4449 eva-

423 4485 558 4540 sisse
581 4491 635 4540 te
668 4488 924 4543 debitum
952 4488 1020 4540 de
1045 4503 1161 4541 non
1195 4487 1352 4540 illata
1375 4487 1625 4556 genitori
1654 4489 1832 4539 morte
1891 4484 2117 4556 suppli—

423 4575 618 4629 cium?
643 4581 706 4628 ut
729 4593 878 4629 esses
905 4575 1317 4644 ’innocentior,
1341 4575 1660 4645 pepercisti.
1689 4574 2115 4629 Potuissescru-

424 4663 604 4717 ciatus
634 4680 775 4733 quos
795 4663 1089 4730 intuleras,
1117 4663 1339 4725 ultimo,
1363 4663 1542 4734 patris
1562 4664 1677 4718 ﬁne
1699 4663 2113 4729 concludere,si

425 4766 657 4804 manum
691 4752 894 4820 jugulo
938 4752 1216 4806 medicam
1245 4753 1606 4824 prmstitisses
1642 4755 1864 4824 :prima
1893 4758 1978 4807 est
1997 4769 2114 4806 ma-

424 4840 607 4893 lorum
631 4844 863 4894 tuorum
916 4842 1263 4910 adinventio,
1314 4843 1586 4897 creatoris
1634 4842 1851 4914 proprii
1879 4843 2116 4896 exitium

425 4943 528 4982 nec
559 4945 852 4994 removere
876 4935 939 4985 ut
968 4931 1129 5001 pium
1163 4932 1365 5001 ﬁlium,
1397 4950 1501 4987 nec
1533 4937 1593 4986 ut
1616 4933 1906 4986 crudelem
1931 4932 2113 4998 decet,

423 5016 652 5073 inferre.
689 5018 831 5084 Quid
854 5026 938 5074 est
967 5022 1120 5092 quod
1151 5022 1302 5076 inter
1333 5028 1638 5093 utramque
1679 5023 1853 5088 viam,
1909 5021 2115 5092 exqui—

424 5107 516 5162 siti
546 5109 810 5164 inventor
842 5111 1107 5181 periculi,
1150 5116 1413 5165 neutram
1445 5109 1948 5182 sectatuspasceris
1983 5127 2114 5181 pro-

423 5200 679 5269 mulgata
710 5199 837 5254 tabe
860 5200 1182 5272 genitoris?
1241 5200 1397 5267 vixit,
1430 5205 1484 5254 te
1527 5206 1887 5270 procurante,
1943 5216 2008 5254 eo
2032 5200 2116 5254 in-

421 5286 646 5342 felicior
677 5294 859 5358 pater,
893 5290 1044 5359 quod
1071 5289 1216 5342 mori
1243 5293 1296 5342 te
1323 5295 1667 5359 procurante
1700 5306 1816 5343 non
1881 5288 2110 5342 meruit.

426 5376 624 5441 Nemo,
648 5377 1007 5444 sanctissimi,
1037 5378 1259 5432 dubiiat
1290 5378 1493 5432 mundi
1531 5378 1697 5432 istius
1746 5380 1893 5432 mala
1949 5378 2114 5432 advo-

423 5469 547 5520 cata
577 5482 716 5521 nece
741 5467 1006 5538 sepeliri;
1040 5472 1097 5522 et
1126 5483 1492 5521 communem
1523 5471 1736 5522 sortem
1757 5474 1953 5522 votum
1992 5481 2114 5521 esse

499 5642 516 5675 ¹
552 5642 745 5699 Hero:
776 5647 888 5699 vet.
919 5643 1047 5698 cod.
1078 5643 1233 5716 apud
1254 5643 1443 5699 Schot.

2231 3083 2350 3120 esse
2382 3065 2629 3118 liberum
2660 3069 2888 3132 accepta
2945 3063 3228 3132 denegare
3254 3078 3266 3116 ι
3318 3061 3486 3131 quale
3508 3065 3592 3114 est
3620 3059 3928 3128 ingenium

2228 3159 2382 3226 quod
2403 3155 2552 3208 circa
2579 3152 2934 3222 diligentiam
2961 3169 3196 3206 suorum
3235 3151 3397 3204 alites
3440 3151 3613 3204 nescit
3661 3147 3928 3204 imitari?

2227 3245 2473 3299 Transeo
2498 3243 2909 3313 multiplicibus
2939 3240 3213 3311 exemplis
3248 3242 3514 3312 luporum
3557 3239 3925 3310 rapacitates,

2223 3334 2424 3404 jejuno
2444 3349 2598 3386 escas
2630 3331 2965 3402 parentibus
2995 3347 3092 3384 ore
3124 3331 3408 3396 deferunt,
3471 3334 3525 3383 et
3556 3329 3809 3399 impasta
3859 3328 3928 3381 vi-

2228 3422 2480 3476 sceribus
2510 3422 2631 3475 fera
2660 3421 2731 3474 ad
2761 3426 3043 3473 creatores
3070 3436 3199 3472 suos
3259 3419 3437 3472 currit
3470 3435 3566 3472 ore
3625 3417 3926 3487 locupleti.

2232 3512 2336 3565 Vos
2356 3511 2696 3581 perpendite
2754 3509 3160 3562 conscientiam
3209 3508 3310 3574 rei,
3341 3508 3495 3578 quali
3533 3523 3704 3576 poena
3749 3507 3931 3576 digna

2226 3599 2317 3666 sit,
2350 3616 2474 3669 quae
2508 3597 2777 3652 inusitata
2815 3598 3145 3651 commisit:
3191 3598 3326 3667 quia
3369 3600 3766 3666 propagentur
3823 3595 3931 3649 im-

2225 3690 2484 3758 punitate
2519 3688 2676 3753 vitia,
2722 3692 2776 3740 et
2837 3687 3353 3756 nisijudicantium
3403 3702 3642 3740 censura
3687 3700 3926 3739 succur-

2227 3781 2397 3844 reret,
2423 3777 2694 3849 peccandi
2717 3775 2797 3831 vis
2819 3792 2922 3846 per
2943 3776 3206 3844 generale
3237 3791 3443 3846 corpus
3475 3775 3670 3829 exiret.
3697 3776 3705 3846 ξ

2854 3866 3086 3920 DICTIO
3125 3867 3308 3920 XVlll.

2225 3958 2302 4010 In
2328 3957 2658 4027 tyrannum,
2691 3953 2790 4026 qui
2816 3955 3040 4025 praemii
3060 3954 3286 4008 nomine
3313 3952 3618 4025 parricida
3664 3955 3932 4010 statuam

2716 4044 2868 4098 inter
2891 4045 3044 4098 viros
3049 4045 3243 4112 fortes
3279 4043 3459 4099 dedit.

2781 4136 2922 4188 Data
2948 4134 3174 4189 Aratori
3209 4135 3271 4188 V.
3306 4134 3366 4188 C.

2667 4238 3170 4293 ZCONTROVEHSIA
3214 4238 3476 4286 QUINTA.

2300 4312 2587 4378 Quamvis,
2623 4312 2863 4382 judices,
2905 4313 3162 4367 virorum
3220 4312 3457 4366 fortium
3489 4310 3706 4382 effigies
3757 4326 3933 4365 man-

2173 4400 2194 4411 "
2230 4417 2363 4455 suro
2385 4401 2714 4472 perenniter
2744 4418 2855 4455 aere
2886 4406 3201 4466 serventur,
3238 4405 3294 4454 et
3332 4416 3434 4470 per
3464 4400 3583 4454 hac
3614 4400 3936 4456 simulacra

2228 4489 2481 4544 nesciant
2504 4491 2722 4544 obitum
2761 4491 2848 4544 vel
2880 4490 3088 4561 sepulti
3123 4490 3422 4560 :quamvis
3452 4491 3512 4543 in
3534 4489 3937 4544 aeternitatem

2227 4579 2434 4651 migret
2465 4596 2566 4650 per
2585 4580 2689 4634 has
2733 4584 2884 4633 artes
2909 4579 3103 4650 imago
3144 4579 3498 4645 mortalium,
3530 4583 3585 4634 et
3615 4584 3934 4648 angustam

2226 4669 2491 4723 humanae
2520 4674 2740 4722 naturae
2763 4670 2948 4738 legem
2979 4669 3167 4722 vincat
3196 4668 3484 4723 industria
3518 4684 3532 4722 :
3568 4672 3764 4723 tamen
3813 4670 3939 4724 vir-

2225 4758 2363 4812 tutis
2392 4757 2638 4828 pretium
2669 4774 2771 4811 nec
2813 4757 3098 4827 parricida
3150 4758 3460 4829 aliquando
3519 4757 3750 4825 meruit,
3825 4776 3943 4813 nec

2225 4850 2503 4916 tyrannus
2541 4847 2792 4901 exsolvit.
2839 4846 3076 4910 Quando
3137 4863 3345 4902 munus
3390 4847 3765 4901 innocentum
3831 4857 3944 4902 ant

2224 4937 2530 4990 sceleratus
2561 4936 2772 5002 elicuit,
2807 4941 2904 4990 aut
2946 4952 3252 5006 oppressor
3310 4937 3588 4992 libertatis
3637 4937 3942 5007 ingessit?

2223 5025 2436 5092 Statua,
2516 5026 2823 5079 venerandi
2880 5026 3176 5095 praesules,
3237 5027 3458 5080 sudoris
3513 5026 3731 5080 fructus
3820 5032 3943 5088 est,

2216 5114 2435 5184 judicio
2479 5113 2769 5168 reddenda
2798 5115 3090 5183 purissimi
3119 5132 3132 5168 :
3166 5122 3230 5170 ut
3253 5115 3311 5168 in
3347 5121 3590 5186 utroque
3631 5131 3945 5185 congruus

2221 5203 2376 5256 nitor
2411 5218 2516 5256 nec
2567 5202 2972 5273 suscipientem
3040 5205 3396 5271 devenustet,
3444 5205 3492 5257 si
3527 5204 3768 5274 indigno
3827 5222 3942 5261 au-

2223 5291 2366 5346 ctori
2395 5293 2737 5362 provenerit,
2775 5293 3296 5358 nec,siconferatur
3322 5293 3634 5362 immerito,
3671 5297 3946 5349 maculet

2221 5380 2584 5450 largientem.
2620 5381 2676 5435 Si
2698 5380 2875 5433 libera
2907 5381 3178 5435 adversus
3202 5388 3510 5453 tyrannum
3532 5399 3634 5436 vox
3666 5388 3755 5436 est
3785 5385 3946 5439 vitia

2222 5468 2575 5542 detestantis,
2601 5471 2649 5524 si
2664 5468 2799 5522 licet
2819 5468 2921 5524 sub
2949 5473 3134 5528 tutore
3151 5472 3456 5528 criminum
3487 5472 3682 5543 culpas
3702 5475 3942 5543 urgeri,

2292 5647 2314 5681 ³
2337 5644 2877 5730 Schot.,nocentior.
