  <div class='ocr_page' id='page_1' title='image "/cluster/home/n/w/nwhite01/storage/ocr_20150623/63/hvd.32044073498800/152.png"; bbox 0 0 4008 6170; ppageno 0'>
   <div class='ocr_carea' id='block_1_1' title="bbox 187 290 273 342">
    <p class='ocr_par' dir='ltr' id='par_1_1' title="bbox 187 290 273 342">
     <span class='ocr_line' id='line_1_1' title="bbox 187 290 273 342; baseline 0 -1"><span class='ocrx_word' id='word_1_1' title='bbox 187 290 273 342; x_wconf 79' lang='lat'>&#39;293</span> 
     </span>
    </p>
   </div>
   <div class='ocr_carea' id='block_1_2' title="bbox 1698 283 3643 345">
    <p class='ocr_par' dir='ltr' id='par_1_2' title="bbox 1698 283 3643 345">
     <span class='ocr_line' id='line_1_2' title="bbox 1698 283 3643 345; baseline 0.004 -8"><span class='ocrx_word' id='word_1_2' title='bbox 1698 283 2083 339; x_wconf 87' lang='lat' dir='ltr'>DICTIONES.</span> <span class='ocrx_word' id='word_1_3' title='bbox 3537 294 3643 345; x_wconf 68' lang='lat'>‘294</span> 
     </span>
    </p>
   </div>
   <div class='ocr_carea' id='block_1_3' title="bbox 192 414 3625 493">
    <p class='ocr_par' dir='ltr' id='par_1_3' title="bbox 192 414 3625 493">
     <span class='ocr_line' id='line_1_3' title="bbox 192 414 3625 493; baseline -0.001 -17"><span class='ocrx_word' id='word_1_4' title='bbox 192 422 343 477; x_wconf 87' lang='lat' dir='ltr'>dicam</span> <span class='ocrx_word' id='word_1_5' title='bbox 390 416 535 488; x_wconf 87' lang='lat' dir='ltr'>quod</span> <span class='ocrx_word' id='word_1_6' title='bbox 579 414 778 468; x_wconf 81' lang='lat' dir='ltr'>sentio.</span> <span class='ocrx_word' id='word_1_7' title='bbox 811 416 967 468; x_wconf 82' lang='lat' dir='ltr'>Inter</span> <span class='ocrx_word' id='word_1_8' title='bbox 996 414 1136 469; x_wconf 88' lang='lat' dir='ltr'>duos</span> <span class='ocrx_word' id='word_1_9' title='bbox 1165 414 1413 469; x_wconf 87' lang='lat' dir='ltr'>nefarios</span> <span class='ocrx_word' id='word_1_10' title='bbox 1444 431 1533 471; x_wconf 89' lang='lat' dir='ltr'>res</span> <span class='ocrx_word' id='word_1_11' title='bbox 1582 416 1822 471; x_wconf 91' lang='lat' dir='ltr'>honesta</span> <span class='ocrx_word' id='word_1_12' title='bbox 1860 420 1903 471; x_wconf 89' lang='lat' dir='ltr'><strong>A</strong></span> <span class='ocrx_word' id='word_1_13' title='bbox 1935 414 1980 468; x_wconf 88' lang='lat' dir='ltr'>si</span> <span class='ocrx_word' id='word_1_14' title='bbox 2013 414 2109 486; x_wconf 88' lang='lat' dir='ltr'>qui</span> <span class='ocrx_word' id='word_1_15' title='bbox 2150 415 2450 469; x_wconf 85' lang='lat' dir='ltr'>animabus</span> <span class='ocrx_word' id='word_1_16' title='bbox 2485 415 2738 487; x_wconf 89' lang='lat' dir='ltr'>reliquus</span> <span class='ocrx_word' id='word_1_17' title='bbox 2786 418 2946 488; x_wconf 82' lang='lat' dir='ltr'>vigor</span> <span class='ocrx_word' id='word_1_18' title='bbox 2972 424 3075 485; x_wconf 90' lang='lat' dir='ltr'>est,</span> <span class='ocrx_word' id='word_1_19' title='bbox 3145 420 3357 475; x_wconf 81' lang='lat' dir='ltr'>deflent</span> <span class='ocrx_word' id='word_1_20' title='bbox 3386 424 3584 493; x_wconf 65' lang='lat' dir='ltr'>praemi</span> <span class='ocrx_word' id='word_1_21' title='bbox 3605 441 3625 475; x_wconf 81' lang='grc' dir='ltr'>ι</span> 
     </span>
    </p>
   </div>
   <div class='ocr_carea' id='block_1_4' title="bbox 182 504 1821 577">
    <p class='ocr_par' dir='ltr' id='par_1_4' title="bbox 182 504 1821 577">
     <span class='ocr_line' id='line_1_4' title="bbox 182 504 1821 577; baseline -0.003 -12"><span class='ocrx_word' id='word_1_22' title='bbox 182 508 419 573; x_wconf 71' lang='lat' dir='ltr'>volitavit,</span> <span class='ocrx_word' id='word_1_23' title='bbox 460 512 512 560; x_wconf 91' lang='lat' dir='ltr'>et</span> <span class='ocrx_word' id='word_1_24' title='bbox 554 510 752 559; x_wconf 89' lang='lat' dir='ltr'>neutro</span> <span class='ocrx_word' id='word_1_25' title='bbox 784 504 1010 558; x_wconf 89' lang='lat' dir='ltr'>munita</span> <span class='ocrx_word' id='word_1_26' title='bbox 1035 504 1329 574; x_wconf 65' lang='lat' dir='ltr'>praisidio,</span> <span class='ocrx_word' id='word_1_27' title='bbox 1360 522 1464 559; x_wconf 91' lang='lat' dir='ltr'>nec</span> <span class='ocrx_word' id='word_1_28' title='bbox 1494 522 1525 560; x_wconf 91' lang='lat' dir='ltr'>a</span> <span class='ocrx_word' id='word_1_29' title='bbox 1552 523 1665 577; x_wconf 92' lang='lat' dir='ltr'>quo</span> <span class='ocrx_word' id='word_1_30' title='bbox 1691 523 1821 577; x_wconf 91' lang='lat' dir='ltr'>pro-</span> 
     </span>
    </p>
   </div>
   <div class='ocr_carea' id='block_1_5' title="bbox 183 594 1819 665">
    <p class='ocr_par' dir='ltr' id='par_1_5' title="bbox 183 594 1819 665">
     <span class='ocr_line' id='line_1_5' title="bbox 183 594 1819 665; baseline -0.003 -11"><span class='ocrx_word' id='word_1_31' title='bbox 183 600 387 662; x_wconf 83' lang='lat' dir='ltr'>cederet,</span> <span class='ocrx_word' id='word_1_32' title='bbox 432 611 528 649; x_wconf 89' lang='lat' dir='ltr'>nec</span> <span class='ocrx_word' id='word_1_33' title='bbox 581 594 645 649; x_wconf 89' lang='lat' dir='ltr'>ad</span> <span class='ocrx_word' id='word_1_34' title='bbox 691 610 864 665; x_wconf 91' lang='lat' dir='ltr'>quem</span> <span class='ocrx_word' id='word_1_35' title='bbox 919 594 1218 661; x_wconf 86' lang='lat' dir='ltr'>deﬂueret,</span> <span class='ocrx_word' id='word_1_36' title='bbox 1262 596 1659 665; x_wconf 79' lang='lat' dir='ltr'>cognoscebat.</span> <span class='ocrx_word' id='word_1_37' title='bbox 1715 597 1819 649; x_wconf 84' lang='lat' dir='ltr'>Res</span> 
     </span>
    </p>
   </div>
   <div class='ocr_carea' id='block_1_6' title="bbox 181 684 1822 755">
    <p class='ocr_par' dir='ltr' id='par_1_6' title="bbox 181 684 1822 755">
     <span class='ocr_line' id='line_1_6' title="bbox 181 684 1822 755; baseline -0.004 -12"><span class='ocrx_word' id='word_1_38' title='bbox 181 689 360 743; x_wconf 89' lang='lat' dir='ltr'>dudum</span> <span class='ocrx_word' id='word_1_39' title='bbox 390 686 604 739; x_wconf 88' lang='lat' dir='ltr'>decreta</span> <span class='ocrx_word' id='word_1_40' title='bbox 621 685 885 749; x_wconf 77' lang='lat' dir='ltr'>sortibus,</span> <span class='ocrx_word' id='word_1_41' title='bbox 911 689 963 737; x_wconf 87' lang='lat' dir='ltr'>et</span> <span class='ocrx_word' id='word_1_42' title='bbox 987 684 1282 755; x_wconf 79' lang='lat' dir='ltr'>sanguinis</span> <span class='ocrx_word' id='word_1_43' title='bbox 1305 686 1690 755; x_wconf 88' lang='lat' dir='ltr'>comparanda</span> <span class='ocrx_word' id='word_1_44' title='bbox 1713 685 1822 738; x_wconf 88' lang='lat' dir='ltr'>suf-</span> 
     </span>
    </p>
   </div>
   <div class='ocr_carea' id='block_1_7' title="bbox 180 774 1819 847">
    <p class='ocr_par' dir='ltr' id='par_1_7' title="bbox 180 774 1819 847">
     <span class='ocr_line' id='line_1_7' title="bbox 180 774 1819 847; baseline -0.002 -17"><span class='ocrx_word' id='word_1_45' title='bbox 180 777 359 847; x_wconf 83' lang='lat' dir='ltr'>fragiis,</span> <span class='ocrx_word' id='word_1_46' title='bbox 391 775 453 827; x_wconf 87' lang='lat' dir='ltr'>ad</span> <span class='ocrx_word' id='word_1_47' title='bbox 484 790 722 845; x_wconf 90' lang='lat' dir='ltr'>quorum</span> <span class='ocrx_word' id='word_1_48' title='bbox 743 774 1238 844; x_wconf 84' lang='lat' dir='ltr'>perveneritjura,</span> <span class='ocrx_word' id='word_1_49' title='bbox 1270 774 1532 844; x_wconf 85' lang='lat' dir='ltr'>respicite</span> <span class='ocrx_word' id='word_1_50' title='bbox 1560 791 1572 828; x_wconf 89' lang='lat'>:</span> <span class='ocrx_word' id='word_1_51' title='bbox 1607 780 1669 829; x_wconf 89' lang='lat' dir='ltr'>ut</span> <span class='ocrx_word' id='word_1_52' title='bbox 1695 791 1819 828; x_wconf 89' lang='lat' dir='ltr'>eam</span> 
     </span>
    </p>
   </div>
   <div class='ocr_carea' id='block_1_8' title="bbox 178 862 1815 933">
    <p class='ocr_par' dir='ltr' id='par_1_8' title="bbox 178 862 1815 933">
     <span class='ocr_line' id='line_1_8' title="bbox 178 862 1815 933; baseline -0.002 -13"><span class='ocrx_word' id='word_1_53' title='bbox 178 867 355 920; x_wconf 78' lang='lat' dir='ltr'>tribuat</span> <span class='ocrx_word' id='word_1_54' title='bbox 378 867 670 933; x_wconf 80' lang='lat' dir='ltr'>usurpator</span> <span class='ocrx_word' id='word_1_55' title='bbox 691 862 939 932; x_wconf 90' lang='lat' dir='ltr'>imperii,</span> <span class='ocrx_word' id='word_1_56' title='bbox 961 866 1015 915; x_wconf 90' lang='lat' dir='ltr'>et</span> <span class='ocrx_word' id='word_1_57' title='bbox 1039 862 1277 932; x_wconf 90' lang='lat' dir='ltr'>accipiat</span> <span class='ocrx_word' id='word_1_58' title='bbox 1295 864 1473 933; x_wconf 80' lang='lat' dir='ltr'>patris</span> <span class='ocrx_word' id='word_1_59' title='bbox 1495 864 1815 917; x_wconf 82' lang='lat' dir='ltr'>exstinctor.</span> 
     </span>
    </p>
   </div>
   <div class='ocr_carea' id='block_1_9' title="bbox 178 952 1819 1019">
    <p class='ocr_par' dir='ltr' id='par_1_9' title="bbox 178 952 1819 1019">
     <span class='ocr_line' id='line_1_9' title="bbox 178 952 1819 1019; baseline -0.001 -12"><span class='ocrx_word' id='word_1_60' title='bbox 178 955 271 1019; x_wconf 86' lang='lat' dir='ltr'>Quo</span> <span class='ocrx_word' id='word_1_61' title='bbox 300 970 381 1007; x_wconf 89' lang='lat' dir='ltr'>me</span> <span class='ocrx_word' id='word_1_62' title='bbox 411 958 639 1017; x_wconf 83' lang='lat' dir='ltr'>vertam,</span> <span class='ocrx_word' id='word_1_63' title='bbox 675 952 865 1005; x_wconf 88' lang='lat' dir='ltr'>nescio</span> <span class='ocrx_word' id='word_1_64' title='bbox 893 968 903 1004; x_wconf 92' lang='lat'>:</span> <span class='ocrx_word' id='word_1_65' title='bbox 943 952 1094 1005; x_wconf 89' lang='lat' dir='ltr'>inter</span> <span class='ocrx_word' id='word_1_66' title='bbox 1124 953 1402 1006; x_wconf 89' lang='lat' dir='ltr'>virtutum</span> <span class='ocrx_word' id='word_1_67' title='bbox 1434 957 1685 1019; x_wconf 88' lang='lat' dir='ltr'>tuarum,</span> <span class='ocrx_word' id='word_1_68' title='bbox 1721 970 1819 1006; x_wconf 88' lang='lat' dir='ltr'>ve-</span> 
     </span>
    </p>
   </div>
   <div class='ocr_carea' id='block_1_10' title="bbox 177 1040 1819 1112">
    <p class='ocr_par' dir='ltr' id='par_1_10' title="bbox 177 1040 1819 1112">
     <span class='ocr_line' id='line_1_10' title="bbox 177 1040 1819 1112; baseline -0.001 -16"><span class='ocrx_word' id='word_1_69' title='bbox 177 1043 382 1096; x_wconf 88' lang='lat' dir='ltr'>nerande</span> <span class='ocrx_word' id='word_1_70' title='bbox 411 1041 689 1112; x_wconf 81' lang='lat' dir='ltr'>princeps,</span> <span class='ocrx_word' id='word_1_71' title='bbox 708 1040 1098 1109; x_wconf 87' lang='lat' dir='ltr'>deprehensus</span> <span class='ocrx_word' id='word_1_72' title='bbox 1132 1041 1390 1111; x_wconf 84' lang='lat' dir='ltr'>abrupta,</span> <span class='ocrx_word' id='word_1_73' title='bbox 1408 1042 1597 1095; x_wconf 89' lang='lat' dir='ltr'>nescio</span> <span class='ocrx_word' id='word_1_74' title='bbox 1623 1047 1819 1095; x_wconf 89' lang='lat' dir='ltr'>utrum</span> 
     </span>
    </p>
   </div>
   <div class='ocr_carea' id='block_1_11' title="bbox 176 1130 1819 1202">
    <p class='ocr_par' dir='ltr' id='par_1_11' title="bbox 176 1130 1819 1202">
     <span class='ocr_line' id='line_1_11' title="bbox 176 1130 1819 1202; baseline 0 -17"><span class='ocrx_word' id='word_1_75' title='bbox 176 1148 385 1185; x_wconf 83' lang='lat' dir='ltr'>accusem</span> <span class='ocrx_word' id='word_1_76' title='bbox 414 1130 560 1201; x_wconf 86' lang='lat' dir='ltr'>quod</span> <span class='ocrx_word' id='word_1_77' title='bbox 590 1136 864 1200; x_wconf 80' lang='lat' dir='ltr'>tyrannus</span> <span class='ocrx_word' id='word_1_78' title='bbox 897 1147 976 1195; x_wconf 90' lang='lat' dir='ltr'>es,</span> <span class='ocrx_word' id='word_1_79' title='bbox 1010 1146 1081 1183; x_wconf 89' lang='lat' dir='ltr'>an</span> <span class='ocrx_word' id='word_1_80' title='bbox 1114 1131 1266 1201; x_wconf 89' lang='lat' dir='ltr'>quod</span> <span class='ocrx_word' id='word_1_81' title='bbox 1300 1131 1546 1185; x_wconf 89' lang='lat' dir='ltr'>honoras</span> <span class='ocrx_word' id='word_1_82' title='bbox 1578 1132 1819 1202; x_wconf 66' lang='lat' dir='ltr'>praemio</span> 
     </span>
    </p>
   </div>
   <div class='ocr_carea' id='block_1_12' title="bbox 172 1219 1818 1293">
    <p class='ocr_par' dir='ltr' id='par_1_12' title="bbox 172 1219 1818 1293">
     <span class='ocr_line' id='line_1_12' title="bbox 172 1219 1818 1293; baseline 0.001 -20"><span class='ocrx_word' id='word_1_83' title='bbox 172 1220 447 1293; x_wconf 73' lang='lat' dir='ltr'>parricidas.</span> <span class='ocrx_word' id='word_1_84' title='bbox 484 1219 718 1289; x_wconf 80' lang='lat' dir='ltr'>Utrique</span> <span class='ocrx_word' id='word_1_85' title='bbox 750 1219 909 1289; x_wconf 80' lang='lat' dir='ltr'>digni</span> <span class='ocrx_word' id='word_1_86' title='bbox 938 1220 1219 1280; x_wconf 86' lang='lat' dir='ltr'>crucibus.</span> <span class='ocrx_word' id='word_1_87' title='bbox 1246 1225 1301 1273; x_wconf 91' lang='lat' dir='ltr'>et</span> <span class='ocrx_word' id='word_1_88' title='bbox 1320 1221 1386 1273; x_wconf 92' lang='lat' dir='ltr'>de</span> <span class='ocrx_word' id='word_1_89' title='bbox 1407 1222 1676 1290; x_wconf 67' lang='lat' dir='ltr'>praesenti</span> <span class='ocrx_word' id='word_1_90' title='bbox 1704 1221 1818 1274; x_wconf 83' lang='lat' dir='ltr'>vita</span> 
     </span>
    </p>
   </div>
   <div class='ocr_carea' id='block_1_13' title="bbox 172 1305 1816 1375">
    <p class='ocr_par' dir='ltr' id='par_1_13' title="bbox 172 1305 1816 1375">
     <span class='ocr_line' id='line_1_13' title="bbox 172 1305 1816 1375; baseline 0.002 -16"><span class='ocrx_word' id='word_1_91' title='bbox 172 1307 326 1359; x_wconf 88' lang='lat' dir='ltr'>culleis</span> <span class='ocrx_word' id='word_1_92' title='bbox 355 1305 655 1375; x_wconf 83' lang='lat' dir='ltr'>eﬂ&#39;ugandi.</span> <span class='ocrx_word' id='word_1_93' title='bbox 693 1306 815 1357; x_wconf 86' lang='lat' dir='ltr'>Non</span> <span class='ocrx_word' id='word_1_94' title='bbox 849 1305 1077 1361; x_wconf 81' lang='lat' dir='ltr'>creditis</span> <span class='ocrx_word' id='word_1_95' title='bbox 1108 1307 1389 1374; x_wconf 84' lang='lat' dir='ltr'>sufﬁcere,</span> <span class='ocrx_word' id='word_1_96' title='bbox 1426 1326 1525 1361; x_wconf 89' lang='lat' dir='ltr'>vos</span> <span class='ocrx_word' id='word_1_97' title='bbox 1558 1308 1816 1363; x_wconf 84' lang='lat' dir='ltr'>debitum</span> 
     </span>
    </p>
   </div>
   <div class='ocr_carea' id='block_1_14' title="bbox 170 1394 1812 1465">
    <p class='ocr_par' dir='ltr' id='par_1_14' title="bbox 170 1394 1812 1465">
     <span class='ocr_line' id='line_1_14' title="bbox 170 1394 1812 1465; baseline 0.002 -19"><span class='ocrx_word' id='word_1_98' title='bbox 170 1396 331 1447; x_wconf 75' lang='lat' dir='ltr'>vitasse</span> <span class='ocrx_word' id='word_1_99' title='bbox 352 1394 706 1463; x_wconf 86' lang='lat' dir='ltr'>supplicium,</span> <span class='ocrx_word' id='word_1_100' title='bbox 746 1394 850 1446; x_wconf 84' lang='lat' dir='ltr'>nisi</span> <span class='ocrx_word' id='word_1_101' title='bbox 878 1399 929 1447; x_wconf 90' lang='lat' dir='ltr'>et</span> <span class='ocrx_word' id='word_1_102' title='bbox 965 1400 1023 1448; x_wconf 91' lang='lat' dir='ltr'>tu</span> <span class='ocrx_word' id='word_1_103' title='bbox 1055 1396 1205 1465; x_wconf 85' lang='lat' dir='ltr'>quod</span> <span class='ocrx_word' id='word_1_104' title='bbox 1240 1413 1357 1449; x_wconf 90' lang='lat' dir='ltr'>non</span> <span class='ocrx_word' id='word_1_105' title='bbox 1394 1396 1545 1457; x_wconf 90' lang='lat' dir='ltr'>licet,</span> <span class='ocrx_word' id='word_1_106' title='bbox 1580 1397 1812 1465; x_wconf 74' lang='lat' dir='ltr'>tribuas,</span> 
     </span>
    </p>
   </div>
   <div class='ocr_carea' id='block_1_15' title="bbox 168 1484 1810 1554">
    <p class='ocr_par' dir='ltr' id='par_1_15' title="bbox 168 1484 1810 1554">
     <span class='ocr_line' id='line_1_15' title="bbox 168 1484 1810 1554; baseline 0.002 -19"><span class='ocrx_word' id='word_1_107' title='bbox 168 1490 207 1535; x_wconf 87' lang='lat' dir='ltr'>et</span> <span class='ocrx_word' id='word_1_108' title='bbox 228 1485 305 1537; x_wconf 89' lang='lat' dir='ltr'>ille</span> <span class='ocrx_word' id='word_1_109' title='bbox 332 1484 470 1554; x_wconf 83' lang='lat' dir='ltr'>quod</span> <span class='ocrx_word' id='word_1_110' title='bbox 498 1500 611 1535; x_wconf 92' lang='lat' dir='ltr'>non</span> <span class='ocrx_word' id='word_1_111' title='bbox 652 1489 903 1536; x_wconf 90' lang='lat' dir='ltr'>meretur</span> <span class='ocrx_word' id='word_1_112' title='bbox 933 1485 1235 1553; x_wconf 87' lang='lat' dir='ltr'>acceperit.</span> <span class='ocrx_word' id='word_1_113' title='bbox 1268 1487 1391 1539; x_wconf 83' lang='lat' dir='ltr'>Jam</span> <span class='ocrx_word' id='word_1_114' title='bbox 1430 1486 1648 1539; x_wconf 89' lang='lat' dir='ltr'>dudum</span> <span class='ocrx_word' id='word_1_115' title='bbox 1683 1504 1713 1539; x_wconf 88' lang='lat' dir='ltr'>a</span> <span class='ocrx_word' id='word_1_116' title='bbox 1756 1492 1810 1539; x_wconf 89' lang='lat' dir='ltr'>te</span> 
     </span>
    </p>
   </div>
   <div class='ocr_carea' id='block_1_16' title="bbox 166 1572 1812 1645">
    <p class='ocr_par' dir='ltr' id='par_1_16' title="bbox 166 1572 1812 1645">
     <span class='ocr_line' id='line_1_16' title="bbox 166 1572 1812 1645; baseline 0.002 -21"><span class='ocrx_word' id='word_1_117' title='bbox 166 1572 243 1625; x_wconf 89' lang='lat' dir='ltr'>ista</span> <span class='ocrx_word' id='word_1_118' title='bbox 271 1589 359 1642; x_wconf 88' lang='lat' dir='ltr'>per</span> <span class='ocrx_word' id='word_1_119' title='bbox 398 1572 695 1625; x_wconf 80' lang='lat' dir='ltr'>audaciam</span> <span class='ocrx_word' id='word_1_120' title='bbox 735 1577 1086 1641; x_wconf 65' lang='lat' dir='ltr'>praesumpta</span> <span class='ocrx_word' id='word_1_121' title='bbox 1134 1580 1286 1639; x_wconf 92' lang='lat' dir='ltr'>sunt,</span> <span class='ocrx_word' id='word_1_122' title='bbox 1323 1591 1453 1628; x_wconf 89' lang='lat' dir='ltr'>cum</span> <span class='ocrx_word' id='word_1_123' title='bbox 1506 1591 1695 1628; x_wconf 85' lang='lat' dir='ltr'>arcem</span> <span class='ocrx_word' id='word_1_124' title='bbox 1724 1576 1812 1645; x_wconf 87' lang='lat' dir='ltr'>ju-</span> 
     </span>
    </p>
   </div>
   <div class='ocr_carea' id='block_1_17' title="bbox 167 1661 1813 1731">
    <p class='ocr_par' dir='ltr' id='par_1_17' title="bbox 167 1661 1813 1731">
     <span class='ocr_line' id='line_1_17' title="bbox 167 1661 1813 1731; baseline 0.001 -17"><span class='ocrx_word' id='word_1_125' title='bbox 167 1662 296 1715; x_wconf 72' lang='lat' dir='ltr'>stitize</span> <span class='ocrx_word' id='word_1_126' title='bbox 322 1662 651 1731; x_wconf 82' lang='lat' dir='ltr'>proﬂigator</span> <span class='ocrx_word' id='word_1_127' title='bbox 691 1661 936 1729; x_wconf 81' lang='lat' dir='ltr'>intrasti,</span> <span class='ocrx_word' id='word_1_128' title='bbox 973 1662 1059 1715; x_wconf 91' lang='lat' dir='ltr'>his</span> <span class='ocrx_word' id='word_1_129' title='bbox 1085 1662 1152 1715; x_wconf 89' lang='lat' dir='ltr'>ad</span> <span class='ocrx_word' id='word_1_130' title='bbox 1185 1663 1544 1717; x_wconf 84' lang='lat' dir='ltr'>dominatum</span> <span class='ocrx_word' id='word_1_131' title='bbox 1589 1670 1813 1717; x_wconf 82' lang='lat' dir='ltr'>evectus</span> 
     </span>
    </p>
   </div>
   <div class='ocr_carea' id='block_1_18' title="bbox 167 1749 1810 1820">
    <p class='ocr_par' dir='ltr' id='par_1_18' title="bbox 167 1749 1810 1820">
     <span class='ocr_line' id='line_1_18' title="bbox 167 1749 1810 1820; baseline 0.002 -19"><span class='ocrx_word' id='word_1_132' title='bbox 167 1749 419 1819; x_wconf 80' lang='lat' dir='ltr'>sntl&#39;ragiis,</span> <span class='ocrx_word' id='word_1_133' title='bbox 440 1750 649 1820; x_wconf 89' lang='lat' dir='ltr'>quibus</span> <span class='ocrx_word' id='word_1_134' title='bbox 673 1750 730 1802; x_wconf 92' lang='lat' dir='ltr'>in</span> <span class='ocrx_word' id='word_1_135' title='bbox 755 1750 932 1803; x_wconf 86' lang='lat' dir='ltr'>altero</span> <span class='ocrx_word' id='word_1_136' title='bbox 957 1754 1199 1804; x_wconf 81' lang='lat' dir='ltr'>statuam</span> <span class='ocrx_word' id='word_1_137' title='bbox 1234 1751 1543 1804; x_wconf 85' lang='lat' dir='ltr'>contulisti.</span> <span class='ocrx_word' id='word_1_138' title='bbox 1574 1753 1810 1805; x_wconf 78' lang='lat' dir='ltr'>Necesse</span> 
     </span>
    </p>
   </div>
   <div class='ocr_carea' id='block_1_19' title="bbox 167 1838 1808 1912">
    <p class='ocr_par' dir='ltr' id='par_1_19' title="bbox 167 1838 1808 1912">
     <span class='ocr_line' id='line_1_19' title="bbox 167 1838 1808 1912; baseline 0.001 -19"><span class='ocrx_word' id='word_1_139' title='bbox 167 1846 242 1904; x_wconf 81' lang='lat' dir='ltr'>est,</span> <span class='ocrx_word' id='word_1_140' title='bbox 295 1838 622 1909; x_wconf 85' lang='lat' dir='ltr'>amplissimi</span> <span class='ocrx_word' id='word_1_141' title='bbox 684 1840 1008 1905; x_wconf 85' lang='lat' dir='ltr'>hominum,</span> <span class='ocrx_word' id='word_1_142' title='bbox 1068 1840 1363 1894; x_wconf 89' lang='lat' dir='ltr'>universos</span> <span class='ocrx_word' id='word_1_143' title='bbox 1425 1842 1611 1895; x_wconf 89' lang='lat' dir='ltr'>fovere</span> <span class='ocrx_word' id='word_1_144' title='bbox 1661 1843 1808 1912; x_wconf 88' lang='lat' dir='ltr'>quod</span> 
     </span>
    </p>
   </div>
   <div class='ocr_carea' id='block_1_20' title="bbox 165 1927 1811 2000">
    <p class='ocr_par' dir='ltr' id='par_1_20' title="bbox 165 1927 1811 2000">
     <span class='ocr_line' id='line_1_20' title="bbox 165 1927 1811 2000; baseline 0.002 -21"><span class='ocrx_word' id='word_1_145' title='bbox 165 1927 360 1981; x_wconf 83' lang='lat' dir='ltr'>fuerint:</span> <span class='ocrx_word' id='word_1_146' title='bbox 392 1944 489 1981; x_wconf 89' lang='lat' dir='ltr'>nec</span> <span class='ocrx_word' id='word_1_147' title='bbox 542 1928 786 1994; x_wconf 87' lang='lat' dir='ltr'>utiliter,</span> <span class='ocrx_word' id='word_1_148' title='bbox 822 1928 932 1981; x_wconf 87' lang='lat' dir='ltr'>nisi</span> <span class='ocrx_word' id='word_1_149' title='bbox 965 1928 1033 1982; x_wconf 90' lang='lat' dir='ltr'>ab</span> <span class='ocrx_word' id='word_1_150' title='bbox 1062 1929 1405 1997; x_wconf 70' lang='lat' dir='ltr'>emendatis,</span> <span class='ocrx_word' id='word_1_151' title='bbox 1442 1932 1811 2000; x_wconf 88' lang='lat' dir='ltr'>corriguntur</span> 
     </span>
    </p>
   </div>
   <div class='ocr_carea' id='block_1_21' title="bbox 167 2017 1808 2088">
    <p class='ocr_par' dir='ltr' id='par_1_21' title="bbox 167 2017 1808 2088">
     <span class='ocr_line' id='line_1_21' title="bbox 167 2017 1808 2088; baseline 0.001 -18"><span class='ocrx_word' id='word_1_152' title='bbox 167 2032 391 2070; x_wconf 78' lang='lat' dir='ltr'>excessus.</span> <span class='ocrx_word' id='word_1_153' title='bbox 445 2017 724 2087; x_wconf 83' lang='lat' dir='ltr'>Prodigus</span> <span class='ocrx_word' id='word_1_154' title='bbox 777 2017 977 2071; x_wconf 87' lang='lat' dir='ltr'>frontis</span> <span class='ocrx_word' id='word_1_155' title='bbox 1028 2022 1128 2084; x_wconf 90' lang='lat' dir='ltr'>est,</span> <span class='ocrx_word' id='word_1_156' title='bbox 1174 2019 1272 2088; x_wconf 86' lang='lat' dir='ltr'>qui</span> <span class='ocrx_word' id='word_1_157' title='bbox 1303 2021 1633 2088; x_wconf 90' lang='lat' dir='ltr'>punitorem</span> <span class='ocrx_word' id='word_1_158' title='bbox 1676 2020 1808 2072; x_wconf 87' lang='lat' dir='ltr'>mali</span> 
     </span>
    </p>
   </div>
   <div class='ocr_carea' id='block_1_22' title="bbox 166 2106 1810 2162">
    <p class='ocr_par' dir='ltr' id='par_1_22' title="bbox 166 2106 1810 2162">
     <span class='ocr_line' id='line_1_22' title="bbox 166 2106 1810 2162; baseline 0.004 -7"><span class='ocrx_word' id='word_1_159' title='bbox 166 2107 298 2158; x_wconf 79' lang='lat' dir='ltr'>credit</span> <span class='ocrx_word' id='word_1_160' title='bbox 322 2106 637 2159; x_wconf 87' lang='lat' dir='ltr'>facinorum</span> <span class='ocrx_word' id='word_1_161' title='bbox 670 2111 1022 2160; x_wconf 83' lang='lat' dir='ltr'>sectatorem.</span> <span class='ocrx_word' id='word_1_162' title='bbox 1057 2107 1268 2160; x_wconf 83' lang='lat' dir='ltr'>Judicis</span> <span class='ocrx_word' id='word_1_163' title='bbox 1292 2109 1641 2161; x_wconf 81' lang='lat' dir='ltr'>conscientia</span> <span class='ocrx_word' id='word_1_164' title='bbox 1687 2125 1810 2162; x_wconf 85' lang='lat' dir='ltr'>con-</span> 
     </span>
    </p>
   </div>
   <div class='ocr_carea' id='block_1_23' title="bbox 164 2194 1801 2267">
    <p class='ocr_par' dir='ltr' id='par_1_23' title="bbox 164 2194 1801 2267">
     <span class='ocr_line' id='line_1_23' title="bbox 164 2194 1801 2267; baseline 0.003 -22"><span class='ocrx_word' id='word_1_165' title='bbox 164 2194 407 2264; x_wconf 80' lang='lat' dir='ltr'>stringitur</span> <span class='ocrx_word' id='word_1_166' title='bbox 452 2196 791 2249; x_wconf 77' lang='lat' dir='ltr'>necessitate</span> <span class='ocrx_word' id='word_1_167' title='bbox 852 2196 1075 2262; x_wconf 84' lang='lat' dir='ltr'>secreti,</span> <span class='ocrx_word' id='word_1_168' title='bbox 1126 2202 1181 2250; x_wconf 89' lang='lat' dir='ltr'>et</span> <span class='ocrx_word' id='word_1_169' title='bbox 1214 2213 1329 2250; x_wconf 91' lang='lat' dir='ltr'>non</span> <span class='ocrx_word' id='word_1_170' title='bbox 1360 2203 1522 2267; x_wconf 87' lang='lat' dir='ltr'>putat</span> <span class='ocrx_word' id='word_1_171' title='bbox 1552 2198 1801 2251; x_wconf 91' lang='lat' dir='ltr'>liberum</span> 
     </span>
    </p>
   </div>
   <div class='ocr_carea' id='block_1_24' title="bbox 165 2285 1809 2357">
    <p class='ocr_par' dir='ltr' id='par_1_24' title="bbox 165 2285 1809 2357">
     <span class='ocr_line' id='line_1_24' title="bbox 165 2285 1809 2357; baseline 0.003 -22"><span class='ocrx_word' id='word_1_172' title='bbox 165 2285 482 2338; x_wconf 86' lang='lat' dir='ltr'>condemnare</span> <span class='ocrx_word' id='word_1_173' title='bbox 527 2285 591 2338; x_wconf 90' lang='lat' dir='ltr'>in</span> <span class='ocrx_word' id='word_1_174' title='bbox 643 2285 930 2354; x_wconf 86' lang='lat' dir='ltr'>subjectis,</span> <span class='ocrx_word' id='word_1_175' title='bbox 985 2285 1138 2357; x_wconf 90' lang='lat' dir='ltr'>quod</span> <span class='ocrx_word' id='word_1_176' title='bbox 1186 2286 1309 2356; x_wconf 88' lang='lat' dir='ltr'>ipsa</span> <span class='ocrx_word' id='word_1_177' title='bbox 1359 2303 1477 2339; x_wconf 91' lang='lat' dir='ltr'>non</span> <span class='ocrx_word' id='word_1_178' title='bbox 1529 2286 1809 2340; x_wconf 89' lang='lat' dir='ltr'>dubitavit</span> 
     </span>
    </p>
   </div>
   <div class='ocr_carea' id='block_1_25' title="bbox 165 2372 1806 2445">
    <p class='ocr_par' dir='ltr' id='par_1_25' title="bbox 165 2372 1806 2445">
     <span class='ocr_line' id='line_1_25' title="bbox 165 2372 1806 2445; baseline 0.004 -22"><span class='ocrx_word' id='word_1_179' title='bbox 165 2372 425 2427; x_wconf 86' lang='lat' dir='ltr'>admittere.</span> <span class='ocrx_word' id='word_1_180' title='bbox 458 2374 700 2437; x_wconf 86' lang='lat' dir='ltr'>Quantis</span> <span class='ocrx_word' id='word_1_181' title='bbox 731 2376 1081 2428; x_wconf 89' lang='lat' dir='ltr'>successibus</span> <span class='ocrx_word' id='word_1_182' title='bbox 1127 2380 1225 2427; x_wconf 90' lang='lat' dir='ltr'>aut</span> <span class='ocrx_word' id='word_1_183' title='bbox 1279 2391 1452 2445; x_wconf 78' lang='lat' dir='ltr'>quam</span> <span class='ocrx_word' id='word_1_184' title='bbox 1495 2376 1664 2429; x_wconf 88' lang='lat' dir='ltr'>variis</span> <span class='ocrx_word' id='word_1_185' title='bbox 1714 2376 1806 2429; x_wconf 90' lang='lat' dir='ltr'>in-</span> 
     </span>
    </p>
   </div>
   <div class='ocr_carea' id='block_1_26' title="bbox 167 2463 1807 2533">
    <p class='ocr_par' dir='ltr' id='par_1_26' title="bbox 167 2463 1807 2533">
     <span class='ocr_line' id='line_1_26' title="bbox 167 2463 1807 2533; baseline 0.003 -21"><span class='ocrx_word' id='word_1_186' title='bbox 167 2463 412 2515; x_wconf 85' lang='lat' dir='ltr'>crementis</span> <span class='ocrx_word' id='word_1_187' title='bbox 455 2463 521 2515; x_wconf 86' lang='lat' dir='ltr'>ad</span> <span class='ocrx_word' id='word_1_188' title='bbox 578 2464 705 2515; x_wconf 59' lang='lat' dir='ltr'>hac</span> <span class='ocrx_word' id='word_1_189' title='bbox 752 2464 977 2515; x_wconf 88' lang='lat' dir='ltr'>sentina</span> <span class='ocrx_word' id='word_1_190' title='bbox 1026 2463 1333 2516; x_wconf 85' lang='lat' dir='ltr'>criminum</span> <span class='ocrx_word' id='word_1_191' title='bbox 1368 2465 1695 2533; x_wconf 79' lang='lat' dir='ltr'>pervenisti,</span> <span class='ocrx_word' id='word_1_192' title='bbox 1746 2468 1807 2518; x_wconf 87' lang='lat' dir='ltr'>ut</span> 
     </span>
    </p>
   </div>
   <div class='ocr_carea' id='block_1_27' title="bbox 165 2550 1803 2622">
    <p class='ocr_par' dir='ltr' id='par_1_27' title="bbox 165 2550 1803 2622">
     <span class='ocr_line' id='line_1_27' title="bbox 165 2550 1803 2622; baseline 0.004 -22"><span class='ocrx_word' id='word_1_193' title='bbox 165 2550 240 2602; x_wconf 91' lang='lat' dir='ltr'>tibi</span> <span class='ocrx_word' id='word_1_194' title='bbox 266 2550 436 2604; x_wconf 88' lang='lat' dir='ltr'>liceret</span> <span class='ocrx_word' id='word_1_195' title='bbox 476 2554 545 2605; x_wconf 85' lang='lat' dir='ltr'>ad</span> <span class='ocrx_word' id='word_1_196' title='bbox 599 2552 869 2604; x_wconf 89' lang='lat' dir='ltr'>sublimia</span> <span class='ocrx_word' id='word_1_197' title='bbox 905 2552 1259 2620; x_wconf 82' lang='lat' dir='ltr'>pervenienti</span> <span class='ocrx_word' id='word_1_198' title='bbox 1295 2553 1352 2605; x_wconf 90' lang='lat' dir='ltr'>in</span> <span class='ocrx_word' id='word_1_199' title='bbox 1398 2558 1618 2606; x_wconf 90' lang='lat' dir='ltr'>tantum</span> <span class='ocrx_word' id='word_1_200' title='bbox 1668 2569 1803 2622; x_wconf 86' lang='lat' dir='ltr'>pec-</span> 
     </span>
    </p>
   </div>
   <div class='ocr_carea' id='block_1_28' title="bbox 161 2641 1803 2710">
    <p class='ocr_par' dir='ltr' id='par_1_28' title="bbox 161 2641 1803 2710">
     <span class='ocr_line' id='line_1_28' title="bbox 161 2641 1803 2710; baseline 0.003 -20"><span class='ocrx_word' id='word_1_201' title='bbox 161 2653 274 2705; x_wconf 85' lang='lat' dir='ltr'>care,</span> <span class='ocrx_word' id='word_1_202' title='bbox 305 2655 421 2693; x_wconf 88' lang='lat' dir='ltr'>cum</span> <span class='ocrx_word' id='word_1_203' title='bbox 449 2641 652 2706; x_wconf 81' lang='lat' dir='ltr'>velles,</span> <span class='ocrx_word' id='word_1_204' title='bbox 687 2645 745 2692; x_wconf 92' lang='lat' dir='ltr'>ut</span> <span class='ocrx_word' id='word_1_205' title='bbox 788 2641 1094 2710; x_wconf 88' lang='lat' dir='ltr'>probrosos</span> <span class='ocrx_word' id='word_1_206' title='bbox 1124 2641 1195 2694; x_wconf 89' lang='lat' dir='ltr'>ad</span> <span class='ocrx_word' id='word_1_207' title='bbox 1224 2641 1445 2709; x_wconf 82' lang='lat' dir='ltr'>potiora</span> <span class='ocrx_word' id='word_1_208' title='bbox 1479 2642 1680 2694; x_wconf 89' lang='lat' dir='ltr'>statuis</span> <span class='ocrx_word' id='word_1_209' title='bbox 1708 2642 1803 2695; x_wconf 90' lang='lat' dir='ltr'>iu-</span> 
     </span>
    </p>
   </div>
   <div class='ocr_carea' id='block_1_29' title="bbox 158 2727 1801 2799">
    <p class='ocr_par' dir='ltr' id='par_1_29' title="bbox 158 2727 1801 2799">
     <span class='ocr_line' id='line_1_29' title="bbox 158 2727 1801 2799; baseline 0.005 -22"><span class='ocrx_word' id='word_1_210' title='bbox 158 2727 452 2782; x_wconf 78' lang='lat' dir='ltr'>vitares?Tu</span> <span class='ocrx_word' id='word_1_211' title='bbox 492 2730 782 2782; x_wconf 85' lang='lat' dir='ltr'>libertatis</span> <span class='ocrx_word' id='word_1_212' title='bbox 817 2746 1077 2799; x_wconf 87' lang='lat' dir='ltr'>saporem</span> <span class='ocrx_word' id='word_1_213' title='bbox 1127 2729 1257 2783; x_wconf 85' lang='lat' dir='ltr'>felle</span> <span class='ocrx_word' id='word_1_214' title='bbox 1290 2730 1503 2783; x_wconf 81' lang='lat' dir='ltr'>servitii</span> <span class='ocrx_word' id='word_1_215' title='bbox 1543 2747 1801 2786; x_wconf 89' lang='lat' dir='ltr'>commu-</span> 
     </span>
    </p>
   </div>
   <div class='ocr_carea' id='block_1_30' title="bbox 157 2816 1796 2889">
    <p class='ocr_par' dir='ltr' id='par_1_30' title="bbox 157 2816 1796 2889">
     <span class='ocr_line' id='line_1_30' title="bbox 157 2816 1796 2889; baseline 0.004 -22"><span class='ocrx_word' id='word_1_216' title='bbox 157 2816 289 2869; x_wconf 76' lang='lat' dir='ltr'>tasti:</span> <span class='ocrx_word' id='word_1_217' title='bbox 334 2818 421 2871; x_wconf 90' lang='lat' dir='ltr'>ille</span> <span class='ocrx_word' id='word_1_218' title='bbox 464 2819 749 2889; x_wconf 87' lang='lat' dir='ltr'>obsequia</span> <span class='ocrx_word' id='word_1_219' title='bbox 805 2818 956 2888; x_wconf 88' lang='lat' dir='ltr'>patri</span> <span class='ocrx_word' id='word_1_220' title='bbox 1011 2819 1202 2872; x_wconf 89' lang='lat' dir='ltr'>debita</span> <span class='ocrx_word' id='word_1_221' title='bbox 1244 2820 1413 2873; x_wconf 80' lang='lat' dir='ltr'>vertit</span> <span class='ocrx_word' id='word_1_222' title='bbox 1456 2820 1525 2873; x_wconf 90' lang='lat' dir='ltr'>ad</span> <span class='ocrx_word' id='word_1_223' title='bbox 1558 2820 1796 2889; x_wconf 84' lang='lat' dir='ltr'>gladios.</span> 
     </span>
    </p>
   </div>
   <div class='ocr_carea' id='block_1_31' title="bbox 159 2904 1801 2978">
    <p class='ocr_par' dir='ltr' id='par_1_31' title="bbox 159 2904 1801 2978">
     <span class='ocr_line' id='line_1_31' title="bbox 159 2904 1801 2978; baseline 0.007 -25"><span class='ocrx_word' id='word_1_224' title='bbox 159 2904 390 2967; x_wconf 83' lang='lat' dir='ltr'>Quantum</span> <span class='ocrx_word' id='word_1_225' title='bbox 426 2908 719 2960; x_wconf 90' lang='lat' dir='ltr'>laudanda</span> <span class='ocrx_word' id='word_1_226' title='bbox 768 2908 881 2960; x_wconf 87' lang='lat' dir='ltr'>sint</span> <span class='ocrx_word' id='word_1_227' title='bbox 928 2924 1054 2978; x_wconf 69' lang='lat' dir='ltr'>quae</span> <span class='ocrx_word' id='word_1_228' title='bbox 1106 2908 1351 2973; x_wconf 68' lang='lat' dir='ltr'>lmsistis,</span> <span class='ocrx_word' id='word_1_229' title='bbox 1399 2910 1703 2963; x_wconf 84' lang='lat' dir='ltr'>advertite:</span> <span class='ocrx_word' id='word_1_230' title='bbox 1746 2916 1801 2965; x_wconf 88' lang='lat' dir='ltr'>et</span> 
     </span>
    </p>
   </div>
   <div class='ocr_carea' id='block_1_32' title="bbox 1934 505 3641 578">
    <p class='ocr_par' dir='ltr' id='par_1_32' title="bbox 1934 505 3641 578">
     <span class='ocr_line' id='line_1_32' title="bbox 1934 505 3641 578; baseline 0.005 -21"><span class='ocrx_word' id='word_1_231' title='bbox 1934 521 2056 570; x_wconf 90' lang='lat' dir='ltr'>sua,</span> <span class='ocrx_word' id='word_1_232' title='bbox 2105 521 2232 575; x_wconf 73' lang='lat' dir='ltr'>quze</span> <span class='ocrx_word' id='word_1_233' title='bbox 2284 505 2489 558; x_wconf 89' lang='lat' dir='ltr'>annisu</span> <span class='ocrx_word' id='word_1_234' title='bbox 2537 505 2764 559; x_wconf 86' lang='lat' dir='ltr'>roboris</span> <span class='ocrx_word' id='word_1_235' title='bbox 2811 513 3144 578; x_wconf 81' lang='lat' dir='ltr'>exegerunt.</span> <span class='ocrx_word' id='word_1_236' title='bbox 3208 511 3311 565; x_wconf 91' lang='lat' dir='ltr'>Ubi</span> <span class='ocrx_word' id='word_1_237' title='bbox 3356 512 3641 575; x_wconf 86' lang='lat' dir='ltr'>honestas,</span> 
     </span>
    </p>
   </div>
   <div class='ocr_carea' id='block_1_33' title="bbox 1932 592 3635 670">
    <p class='ocr_par' dir='ltr' id='par_1_33' title="bbox 1932 592 3635 670">
     <span class='ocr_line' id='line_1_33' title="bbox 1932 592 3635 670; baseline 0.005 -25"><span class='ocrx_word' id='word_1_238' title='bbox 1932 592 2029 645; x_wconf 92' lang='lat' dir='ltr'>ubi</span> <span class='ocrx_word' id='word_1_239' title='bbox 2078 593 2249 646; x_wconf 89' lang='lat' dir='ltr'>studii</span> <span class='ocrx_word' id='word_1_240' title='bbox 2302 594 2554 646; x_wconf 80' lang='lat' dir='ltr'>liberalis</span> <span class='ocrx_word' id='word_1_241' title='bbox 2606 594 2881 662; x_wconf 75' lang='lat' dir='ltr'>efficacia,</span> <span class='ocrx_word' id='word_1_242' title='bbox 2932 597 3028 649; x_wconf 92' lang='lat' dir='ltr'>ubi</span> <span class='ocrx_word' id='word_1_243' title='bbox 3061 614 3270 651; x_wconf 90' lang='lat' dir='ltr'>munus</span> <span class='ocrx_word' id='word_1_244' title='bbox 3312 616 3417 669; x_wconf 89' lang='lat' dir='ltr'>pro</span> <span class='ocrx_word' id='word_1_245' title='bbox 3451 602 3635 670; x_wconf 80' lang='lat' dir='ltr'>patria</span> 
     </span>
    </p>
   </div>
   <div class='ocr_carea' id='block_1_34' title="bbox 1932 681 3638 759">
    <p class='ocr_par' dir='ltr' id='par_1_34' title="bbox 1932 681 3638 759">
     <span class='ocr_line' id='line_1_34' title="bbox 1932 681 3638 759; baseline 0.005 -24"><span class='ocrx_word' id='word_1_246' title='bbox 1932 681 2277 747; x_wconf 73' lang='lat' dir='ltr'>dimicantis,</span> <span class='ocrx_word' id='word_1_247' title='bbox 2346 683 2391 735; x_wconf 90' lang='lat' dir='ltr'>si</span> <span class='ocrx_word' id='word_1_248' title='bbox 2464 700 2639 736; x_wconf 60' lang='lat' dir='ltr'>aereas</span> <span class='ocrx_word' id='word_1_249' title='bbox 2698 684 2910 738; x_wconf 84' lang='lat' dir='ltr'>formas</span> <span class='ocrx_word' id='word_1_250' title='bbox 2968 688 3104 739; x_wconf 87' lang='lat' dir='ltr'>artis</span> <span class='ocrx_word' id='word_1_251' title='bbox 3167 705 3460 759; x_wconf 88' lang='lat' dir='ltr'>possessor</span> <span class='ocrx_word' id='word_1_252' title='bbox 3524 694 3638 743; x_wconf 76' lang='lat' dir='ltr'>exi-</span> 
     </span>
    </p>
   </div>
   <div class='ocr_carea' id='block_1_35' title="bbox 1924 770 3632 842">
    <p class='ocr_par' dir='ltr' id='par_1_35' title="bbox 1924 770 3632 842">
     <span class='ocr_line' id='line_1_35' title="bbox 1924 770 3632 842; baseline 0.004 -18"><span class='ocrx_word' id='word_1_253' title='bbox 1924 770 2037 838; x_wconf 89' lang='lat' dir='ltr'>bet,</span> <span class='ocrx_word' id='word_1_254' title='bbox 2095 782 2151 824; x_wconf 85' lang='lat' dir='ltr'>et</span> <span class='ocrx_word' id='word_1_255' title='bbox 2201 771 2298 841; x_wconf 86' lang='lat' dir='ltr'>qui</span> <span class='ocrx_word' id='word_1_256' title='bbox 2349 772 2628 841; x_wconf 83' lang='lat' dir='ltr'>genitoris</span> <span class='ocrx_word' id='word_1_257' title='bbox 2662 771 2831 825; x_wconf 89' lang='lat' dir='ltr'>funus</span> <span class='ocrx_word' id='word_1_258' title='bbox 2864 780 3147 842; x_wconf 89' lang='lat' dir='ltr'>procurat,</span> <span class='ocrx_word' id='word_1_259' title='bbox 3181 778 3477 831; x_wconf 82' lang='lat' dir='ltr'>obtineat?</span> <span class='ocrx_word' id='word_1_260' title='bbox 3524 779 3632 831; x_wconf 87' lang='lat' dir='ltr'>Vos</span> 
     </span>
    </p>
   </div>
   <div class='ocr_carea' id='block_1_36' title="bbox 1925 861 3638 938">
    <p class='ocr_par' dir='ltr' id='par_1_36' title="bbox 1925 861 3638 938">
     <span class='ocr_line' id='line_1_36' title="bbox 1925 861 3638 938; baseline 0.002 -24"><span class='ocrx_word' id='word_1_261' title='bbox 1925 863 2150 914; x_wconf 87' lang='lat' dir='ltr'>tantum</span> <span class='ocrx_word' id='word_1_262' title='bbox 2187 861 2358 929; x_wconf 63' lang='lat' dir='ltr'>digna</span> <span class='ocrx_word' id='word_1_263' title='bbox 2385 862 2600 914; x_wconf 89' lang='lat' dir='ltr'>meritis</span> <span class='ocrx_word' id='word_1_264' title='bbox 2636 862 2895 915; x_wconf 83' lang='lat' dir='ltr'>exhibete</span> <span class='ocrx_word' id='word_1_265' title='bbox 2920 869 3206 918; x_wconf 85' lang='lat' dir='ltr'>tormenta</span> <span class='ocrx_word' id='word_1_266' title='bbox 3232 883 3242 919; x_wconf 91' lang='lat'>:</span> <span class='ocrx_word' id='word_1_267' title='bbox 3272 883 3340 920; x_wconf 90' lang='lat' dir='ltr'>ne</span> <span class='ocrx_word' id='word_1_268' title='bbox 3366 867 3410 920; x_wconf 92' lang='lat' dir='ltr'>si</span> <span class='ocrx_word' id='word_1_269' title='bbox 3452 868 3638 938; x_wconf 81' lang='lat' dir='ltr'>impar</span> 
     </span>
    </p>
   </div>
   <div class='ocr_carea' id='block_1_37' title="bbox 1925 949 3635 1020">
    <p class='ocr_par' dir='ltr' id='par_1_37' title="bbox 1925 949 3635 1020">
     <span class='ocr_line' id='line_1_37' title="bbox 1925 949 3635 1020; baseline 0.005 -17"><span class='ocrx_word' id='word_1_270' title='bbox 1925 965 2092 1020; x_wconf 89' lang='lat' dir='ltr'>poena</span> <span class='ocrx_word' id='word_1_271' title='bbox 2144 949 2437 1019; x_wconf 88' lang='lat' dir='ltr'>impetitos</span> <span class='ocrx_word' id='word_1_272' title='bbox 2478 950 2778 1016; x_wconf 81' lang='lat' dir='ltr'>addixerit,</span> <span class='ocrx_word' id='word_1_273' title='bbox 2835 969 2936 1005; x_wconf 88' lang='lat' dir='ltr'>nec</span> <span class='ocrx_word' id='word_1_274' title='bbox 2973 954 3131 1006; x_wconf 85' lang='lat' dir='ltr'>vobis</span> <span class='ocrx_word' id='word_1_275' title='bbox 3180 956 3461 1009; x_wconf 86' lang='lat' dir='ltr'>debeatur</span> <span class='ocrx_word' id='word_1_276' title='bbox 3522 958 3635 1011; x_wconf 90' lang='lat' dir='ltr'>lau-</span> 
     </span>
    </p>
   </div>
   <div class='ocr_carea' id='block_1_38' title="bbox 1925 1038 3627 1115">
    <p class='ocr_par' dir='ltr' id='par_1_38' title="bbox 1925 1038 3627 1115">
     <span class='ocr_line' id='line_1_38' title="bbox 1925 1038 3627 1115; baseline 0.005 -24"><span class='ocrx_word' id='word_1_277' title='bbox 1925 1039 2078 1092; x_wconf 86' lang='lat' dir='ltr'>datio</span> <span class='ocrx_word' id='word_1_278' title='bbox 2131 1038 2347 1093; x_wconf 89' lang='lat' dir='ltr'>directa</span> <span class='ocrx_word' id='word_1_279' title='bbox 2377 1039 2667 1093; x_wconf 90' lang='lat' dir='ltr'>censendi.</span> <span class='ocrx_word' id='word_1_280' title='bbox 2728 1041 2849 1094; x_wconf 89' lang='lat' dir='ltr'>Uno</span> <span class='ocrx_word' id='word_1_281' title='bbox 2904 1042 3107 1096; x_wconf 91' lang='lat' dir='ltr'>itinere</span> <span class='ocrx_word' id='word_1_282' title='bbox 3170 1045 3283 1097; x_wconf 90' lang='lat' dir='ltr'>vita</span> <span class='ocrx_word' id='word_1_283' title='bbox 3316 1046 3627 1115; x_wconf 87' lang='lat' dir='ltr'>pellantur,</span> 
     </span>
    </p>
   </div>
   <div class='ocr_carea' id='block_1_39' title="bbox 1930 1127 3074 1198">
    <p class='ocr_par' dir='ltr' id='par_1_39' title="bbox 1930 1127 3074 1198">
     <span class='ocr_line' id='line_1_39' title="bbox 1930 1127 3074 1198; baseline 0.003 -18"><span class='ocrx_word' id='word_1_284' title='bbox 1930 1127 2135 1198; x_wconf 90' lang='lat' dir='ltr'>quibus</span> <span class='ocrx_word' id='word_1_285' title='bbox 2164 1145 2309 1198; x_wconf 89' lang='lat' dir='ltr'>pene</span> <span class='ocrx_word' id='word_1_286' title='bbox 2337 1145 2439 1198; x_wconf 88' lang='lat' dir='ltr'>par</span> <span class='ocrx_word' id='word_1_287' title='bbox 2471 1128 2684 1182; x_wconf 81' lang='lat' dir='ltr'>exstitit</span> <span class='ocrx_word' id='word_1_288' title='bbox 2714 1146 2835 1181; x_wconf 86' lang='lat' dir='ltr'>sors</span> <span class='ocrx_word' id='word_1_289' title='bbox 2863 1130 3074 1184; x_wconf 89' lang='lat' dir='ltr'>delicti.</span> 
     </span>
    </p>
   </div>
   <div class='ocr_carea' id='block_1_40' title="bbox 2580 1216 2972 1271">
    <p class='ocr_par' dir='ltr' id='par_1_40' title="bbox 2580 1216 2972 1271">
     <span class='ocr_line' id='line_1_40' title="bbox 2580 1216 2972 1271; baseline 0.003 -2"><span class='ocrx_word' id='word_1_290' title='bbox 2580 1216 2805 1271; x_wconf 88' lang='lat' dir='ltr'>DlCTlO</span> <span class='ocrx_word' id='word_1_291' title='bbox 2846 1218 2972 1271; x_wconf 81' lang='lat' dir='ltr'>XIX.</span> 
     </span>
    </p>
   </div>
   <div class='ocr_carea' id='block_1_41' title="bbox 1930 1304 3623 1379">
    <p class='ocr_par' dir='ltr' id='par_1_41' title="bbox 1930 1304 3623 1379">
     <span class='ocr_line' id='line_1_41' title="bbox 1930 1304 3623 1379; baseline 0.004 -22"><span class='ocrx_word' id='word_1_292' title='bbox 1930 1304 2078 1359; x_wconf 77' lang='lat' dir='ltr'>Data</span> <span class='ocrx_word' id='word_1_293' title='bbox 2097 1304 2414 1371; x_wconf 78' lang='lat' dir='ltr'>Ambrosio,</span> <span class='ocrx_word' id='word_1_294' title='bbox 2435 1304 2494 1358; x_wconf 82' lang='lat' dir='ltr'>in</span> <span class='ocrx_word' id='word_1_295' title='bbox 2509 1305 2817 1358; x_wconf 74' lang='lat' dir='ltr'>aleatorem</span> <span class='ocrx_word' id='word_1_296' title='bbox 2835 1306 2933 1374; x_wconf 78' lang='lat' dir='ltr'>qui</span> <span class='ocrx_word' id='word_1_297' title='bbox 2944 1322 3148 1376; x_wconf 80' lang='lat' dir='ltr'>agrum</span> <span class='ocrx_word' id='word_1_298' title='bbox 3164 1306 3220 1360; x_wconf 77' lang='lat' dir='ltr'>in</span> <span class='ocrx_word' id='word_1_299' title='bbox 3237 1324 3345 1377; x_wconf 84' lang='lat' dir='ltr'>quo</span> <span class='ocrx_word' id='word_1_300' title='bbox 3356 1312 3623 1379; x_wconf 76' lang='lat' dir='ltr'>parentes</span> 
     </span>
    </p>
   </div>
   <div class='ocr_carea' id='block_1_42' title="bbox 2164 1392 3396 1464">
    <p class='ocr_par' dir='ltr' id='par_1_42' title="bbox 2164 1392 3396 1464">
     <span class='ocr_line' id='line_1_42' title="bbox 2164 1392 3396 1464; baseline 0.003 -19"><span class='ocrx_word' id='word_1_301' title='bbox 2164 1392 2288 1453; x_wconf 74' lang='lat' dir='ltr'>eius</span> <span class='ocrx_word' id='word_1_302' title='bbox 2308 1397 2473 1447; x_wconf 76' lang='lat' dir='ltr'>erant</span> <span class='ocrx_word' id='word_1_303' title='bbox 2496 1392 2691 1463; x_wconf 73' lang='lat' dir='ltr'>positi,</span> <span class='ocrx_word' id='word_1_304' title='bbox 2717 1409 2829 1463; x_wconf 82' lang='lat' dir='ltr'>pro</span> <span class='ocrx_word' id='word_1_305' title='bbox 2860 1393 2982 1447; x_wconf 85' lang='lat' dir='ltr'>ludi</span> <span class='ocrx_word' id='word_1_306' title='bbox 3006 1392 3193 1464; x_wconf 79' lang='lat' dir='ltr'>pretio</span> <span class='ocrx_word' id='word_1_307' title='bbox 3224 1395 3396 1449; x_wconf 76' lang='lat' dir='ltr'>dedit.</span> 
     </span>
    </p>
   </div>
   <div class='ocr_carea' id='block_1_43' title="bbox 2394 1498 3158 1538">
    <p class='ocr_par' dir='ltr' id='par_1_43' title="bbox 2394 1498 3158 1538">
     <span class='ocr_line' id='line_1_43' title="bbox 2394 1498 3158 1538; baseline 0 -1"><span class='ocrx_word' id='word_1_308' title='bbox 2394 1498 2889 1538; x_wconf 76' lang='lat' dir='ltr'>CONTROVERSIA</span> <span class='ocrx_word' id='word_1_309' title='bbox 2937 1500 3158 1538; x_wconf 70' lang='lat' dir='ltr'>SEXTA.</span> 
     </span>
    </p>
   </div>
   <div class='ocr_carea' id='block_1_44' title="bbox 1994 1572 3618 1642">
    <p class='ocr_par' dir='ltr' id='par_1_44' title="bbox 1994 1572 3618 1642">
     <span class='ocr_line' id='line_1_44' title="bbox 1994 1572 3618 1642; baseline 0.003 -18"><span class='ocrx_word' id='word_1_310' title='bbox 1994 1572 2320 1642; x_wconf 87' lang='lat' dir='ltr'>Postquam,</span> <span class='ocrx_word' id='word_1_311' title='bbox 2350 1572 2596 1641; x_wconf 86' lang='lat' dir='ltr'>judices,</span> <span class='ocrx_word' id='word_1_312' title='bbox 2642 1573 2898 1626; x_wconf 86' lang='lat' dir='ltr'>deforme</span> <span class='ocrx_word' id='word_1_313' title='bbox 2930 1573 3196 1626; x_wconf 85' lang='lat' dir='ltr'>aleatoris</span> <span class='ocrx_word' id='word_1_314' title='bbox 3229 1573 3478 1628; x_wconf 91' lang='lat' dir='ltr'>studium</span> <span class='ocrx_word' id='word_1_315' title='bbox 3518 1575 3618 1629; x_wconf 80' lang='lat' dir='ltr'>de-</span> 
     </span>
    </p>
   </div>
   <div class='ocr_carea' id='block_1_45' title="bbox 1922 1660 3617 1729">
    <p class='ocr_par' dir='ltr' id='par_1_45' title="bbox 1922 1660 3617 1729">
     <span class='ocr_line' id='line_1_45' title="bbox 1922 1660 3617 1729; baseline 0.002 -15"><span class='ocrx_word' id='word_1_316' title='bbox 1922 1660 2125 1715; x_wconf 91' lang='lat' dir='ltr'>ductus</span> <span class='ocrx_word' id='word_1_317' title='bbox 2175 1661 2243 1714; x_wconf 88' lang='lat' dir='ltr'>ad</span> <span class='ocrx_word' id='word_1_318' title='bbox 2276 1661 2591 1714; x_wconf 81' lang='lat' dir='ltr'>exilitatem</span> <span class='ocrx_word' id='word_1_319' title='bbox 2637 1678 2840 1715; x_wconf 87' lang='lat' dir='ltr'>census</span> <span class='ocrx_word' id='word_1_320' title='bbox 2871 1668 3151 1729; x_wconf 86' lang='lat' dir='ltr'>evaserat,</span> <span class='ocrx_word' id='word_1_321' title='bbox 3188 1667 3241 1716; x_wconf 90' lang='lat' dir='ltr'>et</span> <span class='ocrx_word' id='word_1_322' title='bbox 3271 1670 3617 1717; x_wconf 89' lang='lat' dir='ltr'>crescentem</span> 
     </span>
    </p>
   </div>
   <div class='ocr_carea' id='block_1_46' title="bbox 1923 1749 3620 1824">
    <p class='ocr_par' dir='ltr' id='par_1_46' title="bbox 1923 1749 3620 1824">
     <span class='ocr_line' id='line_1_46' title="bbox 1923 1749 3620 1824; baseline 0.002 -22"><span class='ocrx_word' id='word_1_323' title='bbox 1923 1749 2178 1803; x_wconf 89' lang='lat' dir='ltr'>certandi</span> <span class='ocrx_word' id='word_1_324' title='bbox 2238 1765 2434 1802; x_wconf 53' lang='lat' dir='ltr'>curam</span> <span class='ocrx_word' id='word_1_325' title='bbox 2473 1750 2807 1803; x_wconf 89' lang='lat' dir='ltr'>facultatum</span> <span class='ocrx_word' id='word_1_326' title='bbox 2857 1750 3105 1804; x_wconf 86' lang='lat' dir='ltr'>defectus</span> <span class='ocrx_word' id='word_1_327' title='bbox 3163 1751 3394 1815; x_wconf 85' lang='lat' dir='ltr'>addixit,</span> <span class='ocrx_word' id='word_1_328' title='bbox 3440 1768 3620 1824; x_wconf 65' lang='lat' dir='ltr'>caspe-</span> 
     </span>
    </p>
   </div>
   <div class='ocr_carea' id='block_1_47' title="bbox 1920 1838 3625 1911">
    <p class='ocr_par' dir='ltr' id='par_1_47' title="bbox 1920 1838 3625 1911">
     <span class='ocr_line' id='line_1_47' title="bbox 1920 1838 3625 1911; baseline 0.003 -21"><span class='ocrx_word' id='word_1_329' title='bbox 1920 1842 2054 1891; x_wconf 91' lang='lat' dir='ltr'>runt</span> <span class='ocrx_word' id='word_1_330' title='bbox 2087 1855 2116 1891; x_wconf 91' lang='lat' dir='ltr'>a</span> <span class='ocrx_word' id='word_1_331' title='bbox 2143 1838 2296 1908; x_wconf 89' lang='lat' dir='ltr'>turpi</span> <span class='ocrx_word' id='word_1_332' title='bbox 2330 1838 2566 1908; x_wconf 68' lang='lat' dir='ltr'>praemio</span> <span class='ocrx_word' id='word_1_333' title='bbox 2599 1856 2700 1892; x_wconf 90' lang='lat' dir='ltr'>nec</span> <span class='ocrx_word' id='word_1_334' title='bbox 2731 1844 3035 1909; x_wconf 90' lang='lat' dir='ltr'>parentum</span> <span class='ocrx_word' id='word_1_335' title='bbox 3070 1843 3328 1911; x_wconf 87' lang='lat' dir='ltr'>sepulcra</span> <span class='ocrx_word' id='word_1_336' title='bbox 3350 1841 3625 1895; x_wconf 89' lang='lat' dir='ltr'>subduci:</span> 
     </span>
    </p>
   </div>
   <div class='ocr_carea' id='block_1_48' title="bbox 1920 1928 3623 1997">
    <p class='ocr_par' dir='ltr' id='par_1_48' title="bbox 1920 1928 3623 1997">
     <span class='ocr_line' id='line_1_48' title="bbox 1920 1928 3623 1997; baseline 0.002 -18"><span class='ocrx_word' id='word_1_337' title='bbox 1920 1933 2217 1997; x_wconf 80' lang='lat' dir='ltr'>coeperunt</span> <span class='ocrx_word' id='word_1_338' title='bbox 2239 1928 2554 1996; x_wconf 84' lang='lat' dir='ltr'>exspectari</span> <span class='ocrx_word' id='word_1_339' title='bbox 2579 1928 2750 1981; x_wconf 89' lang='lat' dir='ltr'>dubia</span> <span class='ocrx_word' id='word_1_340' title='bbox 2769 1945 3002 1981; x_wconf 86' lang='lat' dir='ltr'>casuum</span> <span class='ocrx_word' id='word_1_341' title='bbox 3023 1929 3090 1983; x_wconf 88' lang='lat' dir='ltr'>de</span> <span class='ocrx_word' id='word_1_342' title='bbox 3113 1930 3336 1995; x_wconf 82' lang='lat' dir='ltr'>favillis,</span> <span class='ocrx_word' id='word_1_343' title='bbox 3361 1937 3416 1983; x_wconf 91' lang='lat' dir='ltr'>et</span> <span class='ocrx_word' id='word_1_344' title='bbox 3436 1930 3623 1983; x_wconf 81' lang='lat' dir='ltr'>riden-</span> 
     </span>
    </p>
   </div>
   <div class='ocr_carea' id='block_1_49' title="bbox 1918 2014 3617 2090">
    <p class='ocr_par' dir='ltr' id='par_1_49' title="bbox 1918 2014 3617 2090">
     <span class='ocr_line' id='line_1_49' title="bbox 1918 2014 3617 2090; baseline 0.002 -21"><span class='ocrx_word' id='word_1_345' title='bbox 1918 2014 1989 2069; x_wconf 87' lang='lat' dir='ltr'>da</span> <span class='ocrx_word' id='word_1_346' title='bbox 2016 2017 2719 2085; x_wconf 88' lang='lat' dir='ltr'>proponicontentionum</span> <span class='ocrx_word' id='word_1_347' title='bbox 2762 2026 3052 2071; x_wconf 87' lang='lat' dir='ltr'>momenta</span> <span class='ocrx_word' id='word_1_348' title='bbox 3087 2019 3154 2071; x_wconf 91' lang='lat' dir='ltr'>de</span> <span class='ocrx_word' id='word_1_349' title='bbox 3188 2020 3473 2090; x_wconf 75' lang='lat' dir='ltr'>lacrymis.</span> <span class='ocrx_word' id='word_1_350' title='bbox 3513 2020 3617 2073; x_wconf 91' lang='lat' dir='ltr'>Ubi</span> 
     </span>
    </p>
   </div>
   <div class='ocr_carea' id='block_1_50' title="bbox 1918 2106 3618 2176">
    <p class='ocr_par' dir='ltr' id='par_1_50' title="bbox 1918 2106 3618 2176">
     <span class='ocr_line' id='line_1_50' title="bbox 1918 2106 3618 2176; baseline 0.002 -19"><span class='ocrx_word' id='word_1_351' title='bbox 1918 2110 2070 2169; x_wconf 92' lang='lat' dir='ltr'>sunt,</span> <span class='ocrx_word' id='word_1_352' title='bbox 2104 2106 2203 2176; x_wconf 89' lang='lat' dir='ltr'>qui</span> <span class='ocrx_word' id='word_1_353' title='bbox 2250 2106 2445 2159; x_wconf 89' lang='lat' dir='ltr'>dicunt</span> <span class='ocrx_word' id='word_1_354' title='bbox 2492 2107 2818 2175; x_wconf 85' lang='lat' dir='ltr'>perfunctas</span> <span class='ocrx_word' id='word_1_355' title='bbox 2850 2108 2974 2160; x_wconf 90' lang='lat' dir='ltr'>luce</span> <span class='ocrx_word' id='word_1_356' title='bbox 3024 2108 3247 2160; x_wconf 77' lang='lat' dir='ltr'>animas</span> <span class='ocrx_word' id='word_1_357' title='bbox 3299 2109 3442 2162; x_wconf 84' lang='lat' dir='ltr'>nihil</span> <span class='ocrx_word' id='word_1_358' title='bbox 3489 2125 3618 2161; x_wconf 81' lang='lat' dir='ltr'>cuni</span> 
     </span>
    </p>
   </div>
   <div class='ocr_carea' id='block_1_51' title="bbox 1916 2193 3620 2267">
    <p class='ocr_par' dir='ltr' id='par_1_51' title="bbox 1916 2193 3620 2267">
     <span class='ocr_line' id='line_1_51' title="bbox 1916 2193 3620 2267; baseline 0.002 -20"><span class='ocrx_word' id='word_1_359' title='bbox 1916 2193 2086 2263; x_wconf 87' lang='lat' dir='ltr'>hujus</span> <span class='ocrx_word' id='word_1_360' title='bbox 2138 2195 2335 2247; x_wconf 89' lang='lat' dir='ltr'>mundi</span> <span class='ocrx_word' id='word_1_361' title='bbox 2387 2196 2698 2248; x_wconf 89' lang='lat' dir='ltr'>cultoribus</span> <span class='ocrx_word' id='word_1_362' title='bbox 2738 2197 2949 2250; x_wconf 86' lang='lat' dir='ltr'>habere</span> <span class='ocrx_word' id='word_1_363' title='bbox 2997 2214 3327 2265; x_wconf 89' lang='lat' dir='ltr'>commune,</span> <span class='ocrx_word' id='word_1_364' title='bbox 3377 2203 3429 2252; x_wconf 88' lang='lat' dir='ltr'>et</span> <span class='ocrx_word' id='word_1_365' title='bbox 3490 2205 3620 2267; x_wconf 83' lang='lat' dir='ltr'>post</span> 
     </span>
    </p>
   </div>
   <div class='ocr_carea' id='block_1_52' title="bbox 1915 2282 3618 2353">
    <p class='ocr_par' dir='ltr' id='par_1_52' title="bbox 1915 2282 3618 2353">
     <span class='ocr_line' id='line_1_52' title="bbox 1915 2282 3618 2353; baseline 0.004 -19"><span class='ocrx_word' id='word_1_366' title='bbox 1915 2282 2106 2336; x_wconf 72' lang='lat' dir='ltr'>sceculi</span> <span class='ocrx_word' id='word_1_367' title='bbox 2140 2283 2598 2353; x_wconf 71' lang='lat' dir='ltr'>svgregationem</span> <span class='ocrx_word' id='word_1_368' title='bbox 2646 2284 2796 2337; x_wconf 89' lang='lat' dir='ltr'>diem</span> <span class='ocrx_word' id='word_1_369' title='bbox 2824 2302 2989 2338; x_wconf 91' lang='lat' dir='ltr'>suum</span> <span class='ocrx_word' id='word_1_370' title='bbox 3030 2285 3238 2340; x_wconf 86' lang='lat' dir='ltr'>habere</span> <span class='ocrx_word' id='word_1_371' title='bbox 3277 2287 3575 2341; x_wconf 88' lang='lat' dir='ltr'>translatos</span> <span class='ocrx_word' id='word_1_372' title='bbox 3592 2290 3618 2341; x_wconf 66' lang='lat'>1’</span> 
     </span>
    </p>
   </div>
   <div class='ocr_carea' id='block_1_53' title="bbox 1914 2370 3617 2442">
    <p class='ocr_par' dir='ltr' id='par_1_53' title="bbox 1914 2370 3617 2442">
     <span class='ocr_line' id='line_1_53' title="bbox 1914 2370 3617 2442; baseline 0.002 -18"><span class='ocrx_word' id='word_1_373' title='bbox 1914 2370 2050 2424; x_wconf 84' lang='lat' dir='ltr'>Ecce</span> <span class='ocrx_word' id='word_1_374' title='bbox 2078 2370 2195 2439; x_wconf 84' lang='lat' dir='ltr'>jam</span> <span class='ocrx_word' id='word_1_375' title='bbox 2244 2373 2484 2440; x_wconf 83' lang='lat' dir='ltr'>majores</span> <span class='ocrx_word' id='word_1_376' title='bbox 2533 2371 2696 2424; x_wconf 85' lang='lat' dir='ltr'>istius</span> <span class='ocrx_word' id='word_1_377' title='bbox 2729 2388 2906 2442; x_wconf 87' lang='lat' dir='ltr'>prope</span> <span class='ocrx_word' id='word_1_378' title='bbox 2942 2389 3070 2442; x_wconf 65' lang='lat' dir='ltr'>quas</span> <span class='ocrx_word' id='word_1_379' title='bbox 3107 2374 3482 2429; x_wconf 88' lang='lat' dir='ltr'>obtinuerant</span> <span class='ocrx_word' id='word_1_380' title='bbox 3523 2392 3617 2428; x_wconf 79' lang='lat' dir='ltr'>se-</span> 
     </span>
    </p>
   </div>
   <div class='ocr_carea' id='block_1_54' title="bbox 1912 2461 3615 2531">
    <p class='ocr_par' dir='ltr' id='par_1_54' title="bbox 1912 2461 3615 2531">
     <span class='ocr_line' id='line_1_54' title="bbox 1912 2461 3615 2531; baseline 0.003 -18"><span class='ocrx_word' id='word_1_381' title='bbox 1912 2461 2111 2530; x_wconf 88' lang='lat' dir='ltr'>pulcra</span> <span class='ocrx_word' id='word_1_382' title='bbox 2141 2465 2474 2525; x_wconf 87' lang='lat' dir='ltr'>senuerunt,</span> <span class='ocrx_word' id='word_1_383' title='bbox 2512 2469 2567 2514; x_wconf 87' lang='lat' dir='ltr'>et</span> <span class='ocrx_word' id='word_1_384' title='bbox 2596 2461 2664 2514; x_wconf 91' lang='lat' dir='ltr'>de</span> <span class='ocrx_word' id='word_1_385' title='bbox 2700 2462 2835 2531; x_wconf 89' lang='lat' dir='ltr'>ipsis</span> <span class='ocrx_word' id='word_1_386' title='bbox 2867 2478 2967 2531; x_wconf 89' lang='lat' dir='ltr'>per</span> <span class='ocrx_word' id='word_1_387' title='bbox 2998 2461 3435 2518; x_wconf 87' lang='lat' dir='ltr'>diuturnitatem</span> <span class='ocrx_word' id='word_1_388' title='bbox 3469 2464 3615 2518; x_wconf 81' lang='lat' dir='ltr'>ﬁunt</span> 
     </span>
    </p>
   </div>
   <div class='ocr_carea' id='block_1_55' title="bbox 1910 2548 3610 2624">
    <p class='ocr_par' dir='ltr' id='par_1_55' title="bbox 1910 2548 3610 2624">
     <span class='ocr_line' id='line_1_55' title="bbox 1910 2548 3610 2624; baseline 0.005 -23"><span class='ocrx_word' id='word_1_389' title='bbox 1910 2548 2078 2604; x_wconf 88' lang='lat' dir='ltr'>busta</span> <span class='ocrx_word' id='word_1_390' title='bbox 2115 2551 2236 2620; x_wconf 88' lang='lat' dir='ltr'>jam</span> <span class='ocrx_word' id='word_1_391' title='bbox 2270 2552 2544 2605; x_wconf 91' lang='lat' dir='ltr'>tumulis:</span> <span class='ocrx_word' id='word_1_392' title='bbox 2599 2557 2653 2605; x_wconf 90' lang='lat' dir='ltr'>et</span> <span class='ocrx_word' id='word_1_393' title='bbox 2696 2558 2888 2605; x_wconf 89' lang='lat' dir='ltr'>tamen</span> <span class='ocrx_word' id='word_1_394' title='bbox 2922 2554 3069 2624; x_wconf 87' lang='lat' dir='ltr'>apud</span> <span class='ocrx_word' id='word_1_395' title='bbox 3102 2562 3610 2609; x_wconf 84' lang='lat' dir='ltr'>comniessatorem</span> 
     </span>
    </p>
   </div>
   <div class='ocr_carea' id='block_1_56' title="bbox 1911 2638 3612 2709">
    <p class='ocr_par' dir='ltr' id='par_1_56' title="bbox 1911 2638 3612 2709">
     <span class='ocr_line' id='line_1_56' title="bbox 1911 2638 3612 2709; baseline 0.004 -18"><span class='ocrx_word' id='word_1_396' title='bbox 1911 2638 2404 2709; x_wconf 90' lang='lat' dir='ltr'>improbissimum</span> <span class='ocrx_word' id='word_1_397' title='bbox 2458 2641 2642 2694; x_wconf 86' lang='lat' dir='ltr'>adhuc</span> <span class='ocrx_word' id='word_1_398' title='bbox 2691 2644 3003 2695; x_wconf 88' lang='lat' dir='ltr'>creduntur</span> <span class='ocrx_word' id='word_1_399' title='bbox 3046 2644 3103 2697; x_wconf 92' lang='lat' dir='ltr'>in</span> <span class='ocrx_word' id='word_1_400' title='bbox 3138 2645 3251 2697; x_wconf 89' lang='lat' dir='ltr'>illis</span> <span class='ocrx_word' id='word_1_401' title='bbox 3284 2647 3612 2699; x_wconf 81' lang='lat' dir='ltr'>intentionis</span> 
     </span>
    </p>
   </div>
   <div class='ocr_carea' id='block_1_57' title="bbox 1909 2729 3609 2799">
    <p class='ocr_par' dir='ltr' id='par_1_57' title="bbox 1909 2729 3609 2799">
     <span class='ocr_line' id='line_1_57' title="bbox 1909 2729 3609 2799; baseline 0.003 -19"><span class='ocrx_word' id='word_1_402' title='bbox 1909 2729 2091 2797; x_wconf 88' lang='lat' dir='ltr'>pretia</span> <span class='ocrx_word' id='word_1_403' title='bbox 2136 2745 2251 2782; x_wconf 92' lang='lat' dir='ltr'>non</span> <span class='ocrx_word' id='word_1_404' title='bbox 2302 2730 2538 2799; x_wconf 76' lang='lat' dir='ltr'>periSse.</span> <span class='ocrx_word' id='word_1_405' title='bbox 2601 2732 2732 2784; x_wconf 85' lang='lat' dir='ltr'>Post</span> <span class='ocrx_word' id='word_1_406' title='bbox 2774 2732 2943 2799; x_wconf 73' lang='lat' dir='ltr'>longi</span> <span class='ocrx_word' id='word_1_407' title='bbox 2991 2732 3117 2785; x_wconf 79' lang='lat' dir='ltr'>vitae</span> <span class='ocrx_word' id='word_1_408' title='bbox 3174 2734 3455 2786; x_wconf 78' lang='lat' dir='ltr'>curricula</span> <span class='ocrx_word' id='word_1_409' title='bbox 3493 2735 3609 2787; x_wconf 84' lang='lat' dir='ltr'>for-</span> 
     </span>
    </p>
   </div>
   <div class='ocr_carea' id='block_1_58' title="bbox 1906 2816 3607 2891">
    <p class='ocr_par' dir='ltr' id='par_1_58' title="bbox 1906 2816 3607 2891">
     <span class='ocr_line' id='line_1_58' title="bbox 1906 2816 3607 2891; baseline 0.004 -22"><span class='ocrx_word' id='word_1_410' title='bbox 1906 2816 2051 2870; x_wconf 90' lang='lat' dir='ltr'>tuito</span> <span class='ocrx_word' id='word_1_411' title='bbox 2085 2817 2162 2869; x_wconf 92' lang='lat' dir='ltr'>nil</span> <span class='ocrx_word' id='word_1_412' title='bbox 2202 2818 2494 2883; x_wconf 87' lang='lat' dir='ltr'>debentes,</span> <span class='ocrx_word' id='word_1_413' title='bbox 2529 2824 2795 2872; x_wconf 88' lang='lat' dir='ltr'>eventum</span> <span class='ocrx_word' id='word_1_414' title='bbox 2858 2836 3052 2873; x_wconf 74' lang='lat' dir='ltr'>manes</span> <span class='ocrx_word' id='word_1_415' title='bbox 3075 2821 3355 2890; x_wconf 87' lang='lat' dir='ltr'>jubentur</span> <span class='ocrx_word' id='word_1_416' title='bbox 3381 2838 3607 2891; x_wconf 82' lang='lat' dir='ltr'>exspec-</span> 
     </span>
    </p>
   </div>
   <div class='ocr_carea' id='block_1_59' title="bbox 1908 2905 3607 2979">
    <p class='ocr_par' dir='ltr' id='par_1_59' title="bbox 1908 2905 3607 2979">
     <span class='ocr_line' id='line_1_59' title="bbox 1908 2905 3607 2979; baseline 0.004 -22"><span class='ocrx_word' id='word_1_417' title='bbox 1908 2908 2029 2958; x_wconf 86' lang='lat' dir='ltr'>tare</span> <span class='ocrx_word' id='word_1_418' title='bbox 2061 2905 2129 2959; x_wconf 90' lang='lat' dir='ltr'>de</span> <span class='ocrx_word' id='word_1_419' title='bbox 2161 2905 2426 2960; x_wconf 84' lang='lat' dir='ltr'>tesseris:</span> <span class='ocrx_word' id='word_1_420' title='bbox 2460 2912 2584 2974; x_wconf 89' lang='lat' dir='ltr'>post</span> <span class='ocrx_word' id='word_1_421' title='bbox 2632 2907 2983 2978; x_wconf 76' lang='lat' dir='ltr'>proﬂigatae,</span> <span class='ocrx_word' id='word_1_422' title='bbox 3035 2926 3176 2979; x_wconf 84' lang='lat' dir='ltr'>quas</span> <span class='ocrx_word' id='word_1_423' title='bbox 3229 2916 3493 2979; x_wconf 90' lang='lat' dir='ltr'>parentes</span> <span class='ocrx_word' id='word_1_424' title='bbox 3525 2912 3607 2964; x_wconf 91' lang='lat' dir='ltr'>tui</span> 
     </span>
    </p>
   </div>
   <div class='ocr_carea' id='block_1_60' title="bbox 157 2992 3605 3073">
    <p class='ocr_par' dir='ltr' id='par_1_60' title="bbox 157 2992 3605 3073">
     <span class='ocr_line' id='line_1_60' title="bbox 157 2992 3605 3073; baseline 0.002 -28"><span class='ocrx_word' id='word_1_425' title='bbox 157 2992 309 3047; x_wconf 87' lang='lat' dir='ltr'>feriato</span> <span class='ocrx_word' id='word_1_426' title='bbox 336 3012 424 3049; x_wconf 89' lang='lat' dir='ltr'>ore</span> <span class='ocrx_word' id='word_1_427' title='bbox 459 2996 779 3050; x_wconf 77' lang='lat' dir='ltr'>accusantis</span> <span class='ocrx_word' id='word_1_428' title='bbox 812 2997 947 3067; x_wconf 89' lang='lat' dir='ltr'>quid</span> <span class='ocrx_word' id='word_1_429' title='bbox 995 3003 1280 3050; x_wconf 87' lang='lat' dir='ltr'>mereatur</span> <span class='ocrx_word' id='word_1_430' title='bbox 1331 3002 1512 3067; x_wconf 89' lang='lat' dir='ltr'>pater,</span> <span class='ocrx_word' id='word_1_431' title='bbox 1547 3004 1602 3051; x_wconf 88' lang='lat' dir='ltr'>et</span> <span class='ocrx_word' id='word_1_432' title='bbox 1644 2999 1797 3069; x_wconf 88' lang='lat' dir='ltr'>inge-</span> <span class='ocrx_word' id='word_1_433' title='bbox 1830 3019 1869 3073; x_wconf 70' lang='grc' dir='ltr'><strong>ρ</strong></span> <span class='ocrx_word' id='word_1_434' title='bbox 1909 3009 2011 3065; x_wconf 62' lang='lat' dir='ltr'>per</span> <span class='ocrx_word' id='word_1_435' title='bbox 2065 2994 2293 3064; x_wconf 83' lang='lat' dir='ltr'>longam</span> <span class='ocrx_word' id='word_1_436' title='bbox 2347 2997 2762 3064; x_wconf 84' lang='lat' dir='ltr'>parcimoniam</span> <span class='ocrx_word' id='word_1_437' title='bbox 2833 3014 2966 3067; x_wconf 90' lang='lat' dir='ltr'>opes</span> <span class='ocrx_word' id='word_1_438' title='bbox 3031 2999 3419 3067; x_wconf 76' lang='lat' dir='ltr'>collegerant:</span> <span class='ocrx_word' id='word_1_439' title='bbox 3481 3006 3605 3068; x_wconf 77' lang='lat' dir='ltr'>post</span> 
     </span>
    </p>
   </div>
   <div class='ocr_carea' id='block_1_61' title="bbox 158 3084 1795 3157">
    <p class='ocr_par' dir='ltr' id='par_1_61' title="bbox 158 3084 1795 3157">
     <span class='ocr_line' id='line_1_61' title="bbox 158 3084 1795 3157; baseline 0.005 -24"><span class='ocrx_word' id='word_1_440' title='bbox 158 3084 301 3137; x_wconf 84' lang='lat' dir='ltr'>unitas</span> <span class='ocrx_word' id='word_1_441' title='bbox 328 3086 625 3139; x_wconf 61' lang='lat' dir='ltr'>mstimate.</span> <span class='ocrx_word' id='word_1_442' title='bbox 671 3087 750 3139; x_wconf 90' lang='lat' dir='ltr'>Tu</span> <span class='ocrx_word' id='word_1_443' title='bbox 795 3086 1054 3139; x_wconf 89' lang='lat' dir='ltr'>absoluta</span> <span class='ocrx_word' id='word_1_444' title='bbox 1086 3087 1231 3140; x_wconf 91' lang='lat' dir='ltr'>colla</span> <span class='ocrx_word' id='word_1_445' title='bbox 1270 3086 1412 3157; x_wconf 86' lang='lat' dir='ltr'>jugo</span> <span class='ocrx_word' id='word_1_446' title='bbox 1463 3088 1795 3142; x_wconf 59' lang='lat' dir='ltr'>miserrimae</span> 
     </span>
    </p>
   </div>
   <div class='ocr_carea' id='block_1_62' title="bbox 157 3172 1800 3246">
    <p class='ocr_par' dir='ltr' id='par_1_62' title="bbox 157 3172 1800 3246">
     <span class='ocr_line' id='line_1_62' title="bbox 157 3172 1800 3246; baseline 0.004 -23"><span class='ocrx_word' id='word_1_447' title='bbox 157 3172 432 3227; x_wconf 84' lang='lat' dir='ltr'>conditionis</span> <span class='ocrx_word' id='word_1_448' title='bbox 482 3174 801 3243; x_wconf 85' lang='lat' dir='ltr'>astringis:</span> <span class='ocrx_word' id='word_1_449' title='bbox 874 3175 1023 3245; x_wconf 89' lang='lat' dir='ltr'>apud</span> <span class='ocrx_word' id='word_1_450' title='bbox 1082 3176 1242 3228; x_wconf 91' lang='lat' dir='ltr'>illum</span> <span class='ocrx_word' id='word_1_451' title='bbox 1302 3176 1444 3229; x_wconf 88' lang='lat' dir='ltr'>nihil</span> <span class='ocrx_word' id='word_1_452' title='bbox 1501 3178 1800 3246; x_wconf 49' lang='lat' dir='ltr'>praevaluit</span> 
     </span>
    </p>
   </div>
   <div class='ocr_carea' id='block_1_63' title="bbox 159 3262 1801 3336">
    <p class='ocr_par' dir='ltr' id='par_1_63' title="bbox 159 3262 1801 3336">
     <span class='ocr_line' id='line_1_63' title="bbox 159 3262 1801 3336; baseline 0.004 -24"><span class='ocrx_word' id='word_1_453' title='bbox 159 3262 220 3313; x_wconf 78' lang='lat' dir='ltr'>lex</span> <span class='ocrx_word' id='word_1_454' title='bbox 238 3269 456 3317; x_wconf 55' lang='lat' dir='ltr'>natura}:</span> <span class='ocrx_word' id='word_1_455' title='bbox 490 3264 602 3317; x_wconf 90' lang='lat' dir='ltr'>hoc</span> <span class='ocrx_word' id='word_1_456' title='bbox 643 3269 704 3317; x_wconf 91' lang='lat' dir='ltr'>tu</span> <span class='ocrx_word' id='word_1_457' title='bbox 735 3264 882 3318; x_wconf 91' lang='lat' dir='ltr'>circa</span> <span class='ocrx_word' id='word_1_458' title='bbox 922 3265 1166 3333; x_wconf 89' lang='lat' dir='ltr'>patriam</span> <span class='ocrx_word' id='word_1_459' title='bbox 1200 3265 1369 3334; x_wconf 85' lang='lat' dir='ltr'>geris,</span> <span class='ocrx_word' id='word_1_460' title='bbox 1422 3267 1574 3336; x_wconf 86' lang='lat' dir='ltr'>quod</span> <span class='ocrx_word' id='word_1_461' title='bbox 1607 3267 1801 3321; x_wconf 89' lang='lat' dir='ltr'>intulit</span> 
     </span>
    </p>
   </div>
   <div class='ocr_carea' id='block_1_64' title="bbox 158 3347 1795 3423">
    <p class='ocr_par' dir='ltr' id='par_1_64' title="bbox 158 3347 1795 3423">
     <span class='ocr_line' id='line_1_64' title="bbox 158 3347 1795 3423; baseline 0.004 -23"><span class='ocrx_word' id='word_1_462' title='bbox 158 3347 220 3402; x_wconf 90' lang='lat' dir='ltr'>hic</span> <span class='ocrx_word' id='word_1_463' title='bbox 263 3353 495 3421; x_wconf 86' lang='lat' dir='ltr'>parenti:</span> <span class='ocrx_word' id='word_1_464' title='bbox 544 3353 609 3406; x_wconf 87' lang='lat' dir='ltr'>in</span> <span class='ocrx_word' id='word_1_465' title='bbox 642 3369 708 3406; x_wconf 88' lang='lat' dir='ltr'>eo</span> <span class='ocrx_word' id='word_1_466' title='bbox 748 3353 984 3406; x_wconf 85' lang='lat' dir='ltr'>fortasse</span> <span class='ocrx_word' id='word_1_467' title='bbox 1027 3354 1314 3407; x_wconf 89' lang='lat' dir='ltr'>crudelior</span> <span class='ocrx_word' id='word_1_468' title='bbox 1342 3360 1404 3407; x_wconf 92' lang='lat' dir='ltr'>tu</span> <span class='ocrx_word' id='word_1_469' title='bbox 1452 3356 1795 3423; x_wconf 86' lang='lat' dir='ltr'>credendus,</span> 
     </span>
    </p>
   </div>
   <div class='ocr_carea' id='block_1_65' title="bbox 158 3440 1799 3514">
    <p class='ocr_par' dir='ltr' id='par_1_65' title="bbox 158 3440 1799 3514">
     <span class='ocr_line' id='line_1_65' title="bbox 158 3440 1799 3514; baseline 0.005 -25"><span class='ocrx_word' id='word_1_470' title='bbox 158 3440 270 3505; x_wconf 83' lang='lat' dir='ltr'>quod</span> <span class='ocrx_word' id='word_1_471' title='bbox 294 3441 418 3494; x_wconf 81' lang='lat' dir='ltr'>dura</span> <span class='ocrx_word' id='word_1_472' title='bbox 450 3442 701 3513; x_wconf 89' lang='lat' dir='ltr'>imperia</span> <span class='ocrx_word' id='word_1_473' title='bbox 732 3441 833 3495; x_wconf 89' lang='lat' dir='ltr'>sub</span> <span class='ocrx_word' id='word_1_474' title='bbox 862 3442 1017 3495; x_wconf 88' lang='lat' dir='ltr'>vitali</span> <span class='ocrx_word' id='word_1_475' title='bbox 1050 3443 1295 3511; x_wconf 88' lang='lat' dir='ltr'>quadam</span> <span class='ocrx_word' id='word_1_476' title='bbox 1332 3449 1513 3496; x_wconf 88' lang='lat' dir='ltr'>morte</span> <span class='ocrx_word' id='word_1_477' title='bbox 1559 3444 1799 3514; x_wconf 81' lang='lat' dir='ltr'>dispen-</span> 
     </span>
    </p>
   </div>
   <div class='ocr_carea' id='block_1_66' title="bbox 157 3530 1800 3603">
    <p class='ocr_par' dir='ltr' id='par_1_66' title="bbox 157 3530 1800 3603">
     <span class='ocr_line' id='line_1_66' title="bbox 157 3530 1800 3603; baseline 0.006 -27"><span class='ocrx_word' id='word_1_478' title='bbox 157 3540 363 3581; x_wconf 76' lang='lat' dir='ltr'>sasznec</span> <span class='ocrx_word' id='word_1_479' title='bbox 408 3530 517 3583; x_wconf 90' lang='lat' dir='ltr'>illis</span> <span class='ocrx_word' id='word_1_480' title='bbox 561 3532 777 3600; x_wconf 86' lang='lat' dir='ltr'>quibus</span> <span class='ocrx_word' id='word_1_481' title='bbox 824 3535 907 3583; x_wconf 89' lang='lat' dir='ltr'>est</span> <span class='ocrx_word' id='word_1_482' title='bbox 953 3530 1343 3584; x_wconf 88' lang='lat' dir='ltr'>desiderabilis</span> <span class='ocrx_word' id='word_1_483' title='bbox 1394 3532 1603 3599; x_wconf 86' lang='lat' dir='ltr'>obitus,</span> <span class='ocrx_word' id='word_1_484' title='bbox 1639 3531 1800 3603; x_wconf 86' lang='lat' dir='ltr'>quasi</span> 
     </span>
    </p>
   </div>
   <div class='ocr_carea' id='block_1_67' title="bbox 158 3617 1801 3693">
    <p class='ocr_par' dir='ltr' id='par_1_67' title="bbox 158 3617 1801 3693">
     <span class='ocr_line' id='line_1_67' title="bbox 158 3617 1801 3693; baseline 0.006 -28"><span class='ocrx_word' id='word_1_485' title='bbox 158 3617 327 3669; x_wconf 87' lang='lat' dir='ltr'>medica</span> <span class='ocrx_word' id='word_1_486' title='bbox 356 3634 524 3672; x_wconf 88' lang='lat' dir='ltr'>manu</span> <span class='ocrx_word' id='word_1_487' title='bbox 558 3624 801 3689; x_wconf 62' lang='lat' dir='ltr'>praestas</span> <span class='ocrx_word' id='word_1_488' title='bbox 832 3619 1073 3673; x_wconf 80' lang='lat' dir='ltr'>exitium</span> <span class='ocrx_word' id='word_1_489' title='bbox 1106 3636 1117 3672; x_wconf 90' lang='lat'>:</span> <span class='ocrx_word' id='word_1_490' title='bbox 1154 3620 1249 3673; x_wconf 89' lang='lat' dir='ltr'>ille</span> <span class='ocrx_word' id='word_1_491' title='bbox 1278 3636 1389 3673; x_wconf 93' lang='lat' dir='ltr'>non</span> <span class='ocrx_word' id='word_1_492' title='bbox 1416 3638 1615 3691; x_wconf 85' lang='lat' dir='ltr'>passus</span> <span class='ocrx_word' id='word_1_493' title='bbox 1643 3621 1801 3693; x_wconf 86' lang='lat' dir='ltr'>geni-</span> 
     </span>
    </p>
   </div>
   <div class='ocr_carea' id='block_1_68' title="bbox 158 3701 1800 3777">
    <p class='ocr_par' dir='ltr' id='par_1_68' title="bbox 158 3701 1800 3777">
     <span class='ocr_line' id='line_1_68' title="bbox 158 3701 1800 3777; baseline 0.007 -28"><span class='ocrx_word' id='word_1_494' title='bbox 158 3701 292 3754; x_wconf 80' lang='lat' dir='ltr'>torem</span> <span class='ocrx_word' id='word_1_495' title='bbox 322 3703 373 3756; x_wconf 91' lang='lat' dir='ltr'>in</span> <span class='ocrx_word' id='word_1_496' title='bbox 407 3706 628 3758; x_wconf 80' lang='lat' dir='ltr'>mundo</span> <span class='ocrx_word' id='word_1_497' title='bbox 662 3704 988 3772; x_wconf 84' lang='lat' dir='ltr'>subsistere,</span> <span class='ocrx_word' id='word_1_498' title='bbox 1010 3706 1231 3775; x_wconf 88' lang='lat' dir='ltr'>pernici</span> <span class='ocrx_word' id='word_1_499' title='bbox 1251 3707 1367 3760; x_wconf 91' lang='lat' dir='ltr'>ictu</span> <span class='ocrx_word' id='word_1_500' title='bbox 1388 3708 1599 3777; x_wconf 87' lang='lat' dir='ltr'>eripuit</span> <span class='ocrx_word' id='word_1_501' title='bbox 1627 3710 1800 3761; x_wconf 88' lang='lat' dir='ltr'>vitam</span> 
     </span>
    </p>
   </div>
   <div class='ocr_carea' id='block_1_69' title="bbox 158 3787 1801 3863">
    <p class='ocr_par' dir='ltr' id='par_1_69' title="bbox 158 3787 1801 3863">
     <span class='ocr_line' id='line_1_69' title="bbox 158 3787 1801 3863; baseline 0.007 -25"><span class='ocrx_word' id='word_1_502' title='bbox 158 3787 261 3841; x_wconf 85' lang='lat' dir='ltr'>lucis</span> <span class='ocrx_word' id='word_1_503' title='bbox 288 3794 505 3847; x_wconf 86' lang='lat' dir='ltr'>auctori.</span> <span class='ocrx_word' id='word_1_504' title='bbox 562 3794 766 3847; x_wconf 82' lang='lat' dir='ltr'>Nescio</span> <span class='ocrx_word' id='word_1_505' title='bbox 799 3810 910 3863; x_wconf 87' lang='lat' dir='ltr'>qua</span> <span class='ocrx_word' id='word_1_506' title='bbox 960 3798 1093 3847; x_wconf 89' lang='lat' dir='ltr'>sunt</span> <span class='ocrx_word' id='word_1_507' title='bbox 1139 3795 1444 3848; x_wconf 89' lang='lat' dir='ltr'>criminum</span> <span class='ocrx_word' id='word_1_508' title='bbox 1477 3797 1801 3850; x_wconf 87' lang='lat' dir='ltr'>diversitate</span> 
     </span>
    </p>
   </div>
   <div class='ocr_carea' id='block_1_70' title="bbox 159 3876 1802 3954">
    <p class='ocr_par' dir='ltr' id='par_1_70' title="bbox 159 3876 1802 3954">
     <span class='ocr_line' id='line_1_70' title="bbox 159 3876 1802 3954; baseline 0.008 -28"><span class='ocrx_word' id='word_1_509' title='bbox 159 3876 369 3932; x_wconf 63' lang='lat' dir='ltr'>discreti:</span> <span class='ocrx_word' id='word_1_510' title='bbox 417 3881 653 3935; x_wconf 89' lang='lat' dir='ltr'>interim</span> <span class='ocrx_word' id='word_1_511' title='bbox 704 3884 748 3935; x_wconf 90' lang='lat' dir='ltr'>si</span> <span class='ocrx_word' id='word_1_512' title='bbox 794 3884 976 3949; x_wconf 88' lang='lat' dir='ltr'>liceat,</span> <span class='ocrx_word' id='word_1_513' title='bbox 1012 3900 1178 3953; x_wconf 88' lang='lat' dir='ltr'>poena</span> <span class='ocrx_word' id='word_1_514' title='bbox 1221 3884 1502 3954; x_wconf 87' lang='lat' dir='ltr'>jungendi</span> <span class='ocrx_word' id='word_1_515' title='bbox 1539 3890 1690 3950; x_wconf 50' lang='lat' dir='ltr'>suug</span> <span class='ocrx_word' id='word_1_516' title='bbox 1745 3886 1802 3939; x_wconf 83' lang='lat' dir='ltr'>Si</span> 
     </span>
    </p>
   </div>
   <div class='ocr_carea' id='block_1_71' title="bbox 155 3967 1800 4042">
    <p class='ocr_par' dir='ltr' id='par_1_71' title="bbox 155 3967 1800 4042">
     <span class='ocr_line' id='line_1_71' title="bbox 155 3967 1800 4042; baseline 0.009 -29"><span class='ocrx_word' id='word_1_517' title='bbox 155 3967 194 4015; x_wconf 88' lang='lat' dir='ltr'>te</span> <span class='ocrx_word' id='word_1_518' title='bbox 228 3969 351 4020; x_wconf 88' lang='lat' dir='ltr'>circa</span> <span class='ocrx_word' id='word_1_519' title='bbox 394 3970 539 4023; x_wconf 84' lang='lat' dir='ltr'>cives</span> <span class='ocrx_word' id='word_1_520' title='bbox 606 3971 845 4041; x_wconf 88' lang='lat' dir='ltr'>alicujus</span> <span class='ocrx_word' id='word_1_521' title='bbox 903 3972 1191 4042; x_wconf 88' lang='lat' dir='ltr'>supercilii</span> <span class='ocrx_word' id='word_1_522' title='bbox 1248 3978 1443 4027; x_wconf 90' lang='lat' dir='ltr'>tumor</span> <span class='ocrx_word' id='word_1_523' title='bbox 1509 3976 1800 4039; x_wconf 82' lang='lat' dir='ltr'>elevasset,</span> 
     </span>
    </p>
   </div>
   <div class='ocr_carea' id='block_1_72' title="bbox 160 4058 1803 4132">
    <p class='ocr_par' dir='ltr' id='par_1_72' title="bbox 160 4058 1803 4132">
     <span class='ocr_line' id='line_1_72' title="bbox 160 4058 1803 4132; baseline 0.01 -32"><span class='ocrx_word' id='word_1_524' title='bbox 160 4065 281 4105; x_wconf 87' lang='lat' dir='ltr'>reum</span> <span class='ocrx_word' id='word_1_525' title='bbox 308 4060 355 4108; x_wconf 91' lang='lat' dir='ltr'>te</span> <span class='ocrx_word' id='word_1_526' title='bbox 380 4058 709 4128; x_wconf 86' lang='lat' dir='ltr'>designaret</span> <span class='ocrx_word' id='word_1_527' title='bbox 741 4061 869 4112; x_wconf 68' lang='lat' dir='ltr'>laesa</span> <span class='ocrx_word' id='word_1_528' title='bbox 903 4059 1253 4127; x_wconf 86' lang='lat' dir='ltr'>communio,</span> <span class='ocrx_word' id='word_1_529' title='bbox 1288 4067 1343 4114; x_wconf 90' lang='lat' dir='ltr'>et</span> <span class='ocrx_word' id='word_1_530' title='bbox 1372 4062 1608 4131; x_wconf 74' lang='lat' dir='ltr'>privatm</span> <span class='ocrx_word' id='word_1_531' title='bbox 1645 4063 1803 4132; x_wconf 80' lang='lat' dir='ltr'>abju—</span> 
     </span>
    </p>
   </div>
   <div class='ocr_carea' id='block_1_73' title="bbox 160 4145 1804 4205">
    <p class='ocr_par' dir='ltr' id='par_1_73' title="bbox 160 4145 1804 4205">
     <span class='ocr_line' id='line_1_73' title="bbox 160 4145 1804 4205; baseline 0.009 -14"><span class='ocrx_word' id='word_1_532' title='bbox 160 4145 359 4197; x_wconf 84' lang='lat' dir='ltr'>ratorem</span> <span class='ocrx_word' id='word_1_533' title='bbox 390 4146 712 4200; x_wconf 89' lang='lat' dir='ltr'>dulcedinis</span> <span class='ocrx_word' id='word_1_534' title='bbox 756 4149 1133 4202; x_wconf 87' lang='lat' dir='ltr'>immoderata</span> <span class='ocrx_word' id='word_1_535' title='bbox 1164 4150 1453 4204; x_wconf 89' lang='lat' dir='ltr'>nuntiaret</span> <span class='ocrx_word' id='word_1_536' title='bbox 1486 4152 1713 4205; x_wconf 89' lang='lat' dir='ltr'>erectio.</span> <span class='ocrx_word' id='word_1_537' title='bbox 1748 4151 1804 4205; x_wconf 87' lang='lat' dir='ltr'>Si</span> 
     </span>
    </p>
   </div>
   <div class='ocr_carea' id='block_1_74' title="bbox 156 4227 1803 4309">
    <p class='ocr_par' dir='ltr' id='par_1_74' title="bbox 156 4227 1803 4309">
     <span class='ocr_line' id='line_1_74' title="bbox 156 4227 1803 4309; baseline 0.01 -30"><span class='ocrx_word' id='word_1_538' title='bbox 156 4227 224 4281; x_wconf 86' lang='lat' dir='ltr'>ille</span> <span class='ocrx_word' id='word_1_539' title='bbox 249 4240 537 4290; x_wconf 86' lang='lat' dir='ltr'>creatorem</span> <span class='ocrx_word' id='word_1_540' title='bbox 586 4241 748 4289; x_wconf 88' lang='lat' dir='ltr'>torvo</span> <span class='ocrx_word' id='word_1_541' title='bbox 792 4238 1083 4291; x_wconf 88' lang='lat' dir='ltr'>lustrasset</span> <span class='ocrx_word' id='word_1_542' title='bbox 1121 4244 1351 4308; x_wconf 90' lang='lat' dir='ltr'>aspectu</span> <span class='ocrx_word' id='word_1_543' title='bbox 1401 4240 1658 4309; x_wconf 90' lang='lat' dir='ltr'>genitore</span> <span class='ocrx_word' id='word_1_544' title='bbox 1712 4241 1803 4295; x_wconf 90' lang='lat' dir='ltr'>in-</span> 
     </span>
    </p>
   </div>
   <div class='ocr_carea' id='block_1_75' title="bbox 155 4319 1870 4425">
    <p class='ocr_par' dir='ltr' id='par_1_75' title="bbox 155 4319 1870 4425">
     <span class='ocr_line' id='line_1_75' title="bbox 155 4319 1870 4425; baseline 0.007 -55"><span class='ocrx_word' id='word_1_545' title='bbox 155 4319 341 4425; x_wconf 67' lang='lat' dir='ltr'>columi,</span> <span class='ocrx_word' id='word_1_546' title='bbox 362 4324 655 4423; x_wconf 73' lang='lat' dir='ltr'>habuisset</span> <span class='ocrx_word' id='word_1_547' title='bbox 678 4324 940 4425; x_wconf 69' lang='lat' dir='ltr'>meritum</span> <span class='ocrx_word' id='word_1_548' title='bbox 966 4326 1279 4425; x_wconf 56' lang='lat' dir='ltr'>parricidas.</span> <span class='ocrx_word' id='word_1_549' title='bbox 1303 4329 1500 4425; x_wconf 56' lang='lat' dir='ltr'>Yidete</span> <span class='ocrx_word' id='word_1_550' title='bbox 1523 4330 1661 4400; x_wconf 92' lang='lat' dir='ltr'>quid</span> <span class='ocrx_word' id='word_1_551' title='bbox 1680 4330 1799 4399; x_wconf 90' lang='lat' dir='ltr'>dig-</span> <span class='ocrx_word' id='word_1_552' title='bbox 1827 4374 1870 4425; x_wconf 67' lang='grc' dir='ltr'>Β</span> 
     </span>
    </p>
   </div>
   <div class='ocr_carea' id='block_1_76' title="bbox 157 4411 1790 4487">
    <p class='ocr_par' dir='ltr' id='par_1_76' title="bbox 157 4411 1790 4487">
     <span class='ocr_line' id='line_1_76' title="bbox 157 4411 1790 4487; baseline 0.009 -29"><span class='ocrx_word' id='word_1_553' title='bbox 157 4420 259 4460; x_wconf 86' lang='lat' dir='ltr'>num</span> <span class='ocrx_word' id='word_1_554' title='bbox 286 4411 363 4463; x_wconf 89' lang='lat' dir='ltr'>his</span> <span class='ocrx_word' id='word_1_555' title='bbox 392 4414 480 4480; x_wconf 89' lang='lat' dir='ltr'>sit,</span> <span class='ocrx_word' id='word_1_556' title='bbox 508 4415 609 4484; x_wconf 88' lang='lat' dir='ltr'>qui</span> <span class='ocrx_word' id='word_1_557' title='bbox 646 4416 714 4468; x_wconf 89' lang='lat' dir='ltr'>ad</span> <span class='ocrx_word' id='word_1_558' title='bbox 748 4415 1088 4470; x_wconf 91' lang='lat' dir='ltr'>delictorum</span> <span class='ocrx_word' id='word_1_559' title='bbox 1128 4417 1353 4486; x_wconf 88' lang='lat' dir='ltr'>fastigia</span> <span class='ocrx_word' id='word_1_560' title='bbox 1383 4425 1790 4487; x_wconf 88' lang='lat' dir='ltr'>pervenerunt.</span> 
     </span>
    </p>
   </div>
   <div class='ocr_carea' id='block_1_77' title="bbox 162 4494 1798 4577">
    <p class='ocr_par' dir='ltr' id='par_1_77' title="bbox 162 4494 1798 4577">
     <span class='ocr_line' id='line_1_77' title="bbox 162 4494 1798 4577; baseline 0.01 -33"><span class='ocrx_word' id='word_1_561' title='bbox 162 4494 273 4551; x_wconf 71' lang='lat' dir='ltr'>Nihil</span> <span class='ocrx_word' id='word_1_562' title='bbox 299 4506 375 4553; x_wconf 90' lang='lat' dir='ltr'>est</span> <span class='ocrx_word' id='word_1_563' title='bbox 407 4505 559 4573; x_wconf 88' lang='lat' dir='ltr'>quod</span> <span class='ocrx_word' id='word_1_564' title='bbox 610 4504 927 4570; x_wconf 89' lang='lat' dir='ltr'>residuum,</span> <span class='ocrx_word' id='word_1_565' title='bbox 961 4510 1061 4558; x_wconf 90' lang='lat' dir='ltr'>aut</span> <span class='ocrx_word' id='word_1_566' title='bbox 1096 4506 1303 4559; x_wconf 83' lang='lat' dir='ltr'>afﬂicta</span> <span class='ocrx_word' id='word_1_567' title='bbox 1352 4507 1542 4560; x_wconf 89' lang='lat' dir='ltr'>credat</span> <span class='ocrx_word' id='word_1_568' title='bbox 1590 4508 1798 4577; x_wconf 89' lang='lat' dir='ltr'>patria,</span> 
     </span>
    </p>
   </div>
   <div class='ocr_carea' id='block_1_78' title="bbox 160 4591 1803 4666">
    <p class='ocr_par' dir='ltr' id='par_1_78' title="bbox 160 4591 1803 4666">
     <span class='ocr_line' id='line_1_78' title="bbox 160 4591 1803 4666; baseline 0.01 -32"><span class='ocrx_word' id='word_1_569' title='bbox 160 4591 229 4635; x_wconf 71' lang='lat' dir='ltr'>aut</span> <span class='ocrx_word' id='word_1_570' title='bbox 252 4594 397 4655; x_wconf 84' lang='lat' dir='ltr'>pater</span> <span class='ocrx_word' id='word_1_571' title='bbox 426 4593 758 4645; x_wconf 82' lang='lat' dir='ltr'>exstinctus.</span> <span class='ocrx_word' id='word_1_572' title='bbox 786 4594 1044 4647; x_wconf 86' lang='lat' dir='ltr'>Facessat</span> <span class='ocrx_word' id='word_1_573' title='bbox 1074 4610 1107 4648; x_wconf 87' lang='lat' dir='ltr'>a</span> <span class='ocrx_word' id='word_1_574' title='bbox 1140 4595 1322 4661; x_wconf 90' lang='lat' dir='ltr'>nobis,</span> <span class='ocrx_word' id='word_1_575' title='bbox 1359 4595 1645 4666; x_wconf 88' lang='lat' dir='ltr'>principes</span> <span class='ocrx_word' id='word_1_576' title='bbox 1672 4597 1803 4663; x_wconf 85' lang='lat' dir='ltr'>viri,</span> 
     </span>
    </p>
   </div>
   <div class='ocr_carea' id='block_1_79' title="bbox 161 4680 1807 4742">
    <p class='ocr_par' dir='ltr' id='par_1_79' title="bbox 161 4680 1807 4742">
     <span class='ocr_line' id='line_1_79' title="bbox 161 4680 1807 4742; baseline 0.007 -14"><span class='ocrx_word' id='word_1_577' title='bbox 161 4680 459 4742; x_wconf 71' lang='lat' dir='ltr'>argumentis</span> <span class='ocrx_word' id='word_1_578' title='bbox 509 4682 776 4735; x_wconf 87' lang='lat' dir='ltr'>acerbare</span> <span class='ocrx_word' id='word_1_579' title='bbox 841 4683 1229 4738; x_wconf 88' lang='lat' dir='ltr'>commissum.</span> <span class='ocrx_word' id='word_1_580' title='bbox 1293 4684 1595 4738; x_wconf 84' lang='lat' dir='ltr'>Sufﬁciunt</span> <span class='ocrx_word' id='word_1_581' title='bbox 1652 4687 1807 4740; x_wconf 88' lang='lat' dir='ltr'>nuda</span> 
     </span>
    </p>
   </div>
   <div class='ocr_carea' id='block_1_80' title="bbox 159 4770 1805 4846">
    <p class='ocr_par' dir='ltr' id='par_1_80' title="bbox 159 4770 1805 4846">
     <span class='ocr_line' id='line_1_80' title="bbox 159 4770 1805 4846; baseline 0.01 -35"><span class='ocrx_word' id='word_1_582' title='bbox 159 4772 337 4819; x_wconf 79' lang='lat' dir='ltr'>reorum</span> <span class='ocrx_word' id='word_1_583' title='bbox 368 4770 664 4837; x_wconf 86' lang='lat' dir='ltr'>vocabula,</span> <span class='ocrx_word' id='word_1_584' title='bbox 698 4772 854 4824; x_wconf 89' lang='lat' dir='ltr'>nullo</span> <span class='ocrx_word' id='word_1_585' title='bbox 885 4771 1232 4825; x_wconf 88' lang='lat' dir='ltr'>defensionis</span> <span class='ocrx_word' id='word_1_586' title='bbox 1281 4775 1595 4828; x_wconf 88' lang='lat' dir='ltr'>munienda</span> <span class='ocrx_word' id='word_1_587' title='bbox 1631 4775 1805 4846; x_wconf 90' lang='lat' dir='ltr'>privi—</span> 
     </span>
    </p>
   </div>
   <div class='ocr_carea' id='block_1_81' title="bbox 160 4846 1810 4935">
    <p class='ocr_par' dir='ltr' id='par_1_81' title="bbox 160 4846 1810 4935">
     <span class='ocr_line' id='line_1_81' title="bbox 160 4846 1810 4935; baseline 0.01 -32"><span class='ocrx_word' id='word_1_588' title='bbox 160 4846 284 4919; x_wconf 80' lang='lat' dir='ltr'>legio.</span> <span class='ocrx_word' id='word_1_589' title='bbox 317 4857 536 4911; x_wconf 80' lang='lat' dir='ltr'>Addam</span> <span class='ocrx_word' id='word_1_590' title='bbox 571 4874 702 4911; x_wconf 89' lang='lat' dir='ltr'>sane</span> <span class='ocrx_word' id='word_1_591' title='bbox 755 4860 960 4914; x_wconf 90' lang='lat' dir='ltr'>delicto</span> <span class='ocrx_word' id='word_1_592' title='bbox 1002 4862 1265 4930; x_wconf 74' lang='lat' dir='ltr'>quaedam</span> <span class='ocrx_word' id='word_1_593' title='bbox 1300 4880 1429 4932; x_wconf 83' lang='lat' dir='ltr'>quae</span> <span class='ocrx_word' id='word_1_594' title='bbox 1480 4868 1612 4917; x_wconf 90' lang='lat' dir='ltr'>sunt</span> <span class='ocrx_word' id='word_1_595' title='bbox 1652 4881 1810 4935; x_wconf 67' lang='lat' dir='ltr'>prce-</span> 
     </span>
    </p>
   </div>
   <div class='ocr_carea' id='block_1_82' title="bbox 161 4939 1805 5021">
    <p class='ocr_par' dir='ltr' id='par_1_82' title="bbox 161 4939 1805 5021">
     <span class='ocr_line' id='line_1_82' title="bbox 161 4939 1805 5021; baseline 0.011 -32"><span class='ocrx_word' id='word_1_596' title='bbox 161 4939 267 4993; x_wconf 81' lang='lat' dir='ltr'>celsa</span> <span class='ocrx_word' id='word_1_597' title='bbox 298 4952 580 5014; x_wconf 88' lang='lat' dir='ltr'>reatuum,</span> <span class='ocrx_word' id='word_1_598' title='bbox 607 4964 676 5000; x_wconf 90' lang='lat' dir='ltr'>ne</span> <span class='ocrx_word' id='word_1_599' title='bbox 699 4949 813 5001; x_wconf 90' lang='lat' dir='ltr'>ulla</span> <span class='ocrx_word' id='word_1_600' title='bbox 834 4965 924 5002; x_wconf 89' lang='lat' dir='ltr'>res</span> <span class='ocrx_word' id='word_1_601' title='bbox 946 4950 1222 5018; x_wconf 85' lang='lat' dir='ltr'>videatur,</span> <span class='ocrx_word' id='word_1_602' title='bbox 1251 4952 1471 5005; x_wconf 90' lang='lat' dir='ltr'>actione</span> <span class='ocrx_word' id='word_1_603' title='bbox 1496 4953 1805 5021; x_wconf 88' lang='lat' dir='ltr'>subtracta,</span> 
     </span>
    </p>
   </div>
   <div class='ocr_carea' id='block_1_83' title="bbox 162 5036 1810 5110">
    <p class='ocr_par' dir='ltr' id='par_1_83' title="bbox 162 5036 1810 5110">
     <span class='ocr_line' id='line_1_83' title="bbox 162 5036 1810 5110; baseline 0.008 -26"><span class='ocrx_word' id='word_1_604' title='bbox 162 5040 292 5094; x_wconf 81' lang='lat' dir='ltr'>quam</span> <span class='ocrx_word' id='word_1_605' title='bbox 321 5036 633 5104; x_wconf 87' lang='lat' dir='ltr'>sagacibus,</span> <span class='ocrx_word' id='word_1_606' title='bbox 667 5042 728 5090; x_wconf 91' lang='lat' dir='ltr'>ut</span> <span class='ocrx_word' id='word_1_607' title='bbox 758 5039 997 5105; x_wconf 75' lang='lat' dir='ltr'>testimo,</span> <span class='ocrx_word' id='word_1_608' title='bbox 1033 5040 1289 5110; x_wconf 83' lang='lat' dir='ltr'>vestigiis</span> <span class='ocrx_word' id='word_1_609' title='bbox 1323 5041 1638 5096; x_wconf 89' lang='lat' dir='ltr'>invenistis.</span> <span class='ocrx_word' id='word_1_610' title='bbox 1668 5046 1810 5098; x_wconf 74' lang='lat' dir='ltr'>Am-</span> 
     </span>
    </p>
   </div>
   <div class='ocr_carea' id='block_1_84' title="bbox 159 5111 1811 5197">
    <p class='ocr_par' dir='ltr' id='par_1_84' title="bbox 159 5111 1811 5197">
     <span class='ocr_line' id='line_1_84' title="bbox 159 5111 1811 5197; baseline 0.012 -32"><span class='ocrx_word' id='word_1_611' title='bbox 159 5111 277 5171; x_wconf 85' lang='lat' dir='ltr'>bitur</span> <span class='ocrx_word' id='word_1_612' title='bbox 304 5125 601 5189; x_wconf 71' lang='lat' dir='ltr'>parricidze</span> <span class='ocrx_word' id='word_1_613' title='bbox 646 5130 847 5192; x_wconf 89' lang='lat' dir='ltr'>statua,</span> <span class='ocrx_word' id='word_1_614' title='bbox 895 5127 1131 5181; x_wconf 89' lang='lat' dir='ltr'>fortium</span> <span class='ocrx_word' id='word_1_615' title='bbox 1177 5130 1384 5183; x_wconf 85' lang='lat' dir='ltr'>vallata</span> <span class='ocrx_word' id='word_1_616' title='bbox 1428 5131 1724 5197; x_wconf 88' lang='lat' dir='ltr'>lateribus,</span> <span class='ocrx_word' id='word_1_617' title='bbox 1756 5135 1811 5185; x_wconf 88' lang='lat' dir='ltr'>et</span> 
     </span>
    </p>
   </div>
   <div class='ocr_carea' id='block_1_85' title="bbox 160 5202 1811 5290">
    <p class='ocr_par' dir='ltr' id='par_1_85' title="bbox 160 5202 1811 5290">
     <span class='ocr_line' id='line_1_85' title="bbox 160 5202 1811 5290; baseline 0.009 -31"><span class='ocrx_word' id='word_1_618' title='bbox 160 5202 505 5280; x_wconf 78' lang='lat' dir='ltr'>Simulacrum,</span> <span class='ocrx_word' id='word_1_619' title='bbox 558 5215 706 5285; x_wconf 89' lang='lat' dir='ltr'>quod</span> <span class='ocrx_word' id='word_1_620' title='bbox 754 5218 897 5269; x_wconf 62' lang='lat' dir='ltr'>aut1</span> <span class='ocrx_word' id='word_1_621' title='bbox 950 5218 1222 5271; x_wconf 84' lang='lat' dir='ltr'>litteraris</span> <span class='ocrx_word' id='word_1_622' title='bbox 1254 5235 1387 5272; x_wconf 86' lang='lat' dir='ltr'>cura</span> <span class='ocrx_word' id='word_1_623' title='bbox 1418 5221 1661 5290; x_wconf 85' lang='lat' dir='ltr'>peperit,</span> <span class='ocrx_word' id='word_1_624' title='bbox 1711 5225 1811 5275; x_wconf 91' lang='lat' dir='ltr'>aut</span> 
     </span>
    </p>
   </div>
   <div class='ocr_carea' id='block_1_86' title="bbox 160 5290 1804 5377">
    <p class='ocr_par' dir='ltr' id='par_1_86' title="bbox 160 5290 1804 5377">
     <span class='ocr_line' id='line_1_86' title="bbox 160 5290 1804 5377; baseline 0.012 -33"><span class='ocrx_word' id='word_1_625' title='bbox 160 5290 348 5350; x_wconf 64' lang='lat' dir='ltr'>lartius</span> <span class='ocrx_word' id='word_1_626' title='bbox 377 5318 616 5373; x_wconf 86' lang='lat' dir='ltr'>campus</span> <span class='ocrx_word' id='word_1_627' title='bbox 636 5304 857 5370; x_wconf 87' lang='lat' dir='ltr'>refudit,</span> <span class='ocrx_word' id='word_1_628' title='bbox 884 5306 1054 5375; x_wconf 86' lang='lat' dir='ltr'>hujus</span> <span class='ocrx_word' id='word_1_629' title='bbox 1075 5306 1386 5376; x_wconf 85' lang='lat' dir='ltr'>imaginem</span> <span class='ocrx_word' id='word_1_630' title='bbox 1411 5308 1804 5377; x_wconf 86' lang='lat' dir='ltr'>posthabetur.</span> 
     </span>
    </p>
   </div>
   <div class='ocr_carea' id='block_1_87' title="bbox 160 5378 1809 5462">
    <p class='ocr_par' dir='ltr' id='par_1_87' title="bbox 160 5378 1809 5462">
     <span class='ocr_line' id='line_1_87' title="bbox 160 5378 1809 5462; baseline 0.013 -32"><span class='ocrx_word' id='word_1_631' title='bbox 160 5378 363 5446; x_wconf 85' lang='lat' dir='ltr'>Duriter.</span> <span class='ocrx_word' id='word_1_632' title='bbox 391 5391 435 5442; x_wconf 92' lang='lat' dir='ltr'>si</span> <span class='ocrx_word' id='word_1_633' title='bbox 466 5391 722 5458; x_wconf 85' lang='lat' dir='ltr'>creditis,</span> <span class='ocrx_word' id='word_1_634' title='bbox 755 5394 947 5448; x_wconf 87' lang='lat' dir='ltr'>ferunt</span> <span class='ocrx_word' id='word_1_635' title='bbox 980 5400 1062 5449; x_wconf 91' lang='lat' dir='ltr'>tot</span> <span class='ocrx_word' id='word_1_636' title='bbox 1102 5396 1277 5449; x_wconf 90' lang='lat' dir='ltr'>evecti</span> <span class='ocrx_word' id='word_1_637' title='bbox 1326 5397 1524 5462; x_wconf 89' lang='lat' dir='ltr'>titulis,</span> <span class='ocrx_word' id='word_1_638' title='bbox 1551 5399 1707 5451; x_wconf 89' lang='lat' dir='ltr'>nulla</span> <span class='ocrx_word' id='word_1_639' title='bbox 1739 5399 1809 5453; x_wconf 91' lang='lat' dir='ltr'>ab</span> 
     </span>
    </p>
   </div>
   <div class='ocr_carea' id='block_1_88' title="bbox 161 5469 1813 5554">
    <p class='ocr_par' dir='ltr' id='par_1_88' title="bbox 161 5469 1813 5554">
     <span class='ocr_line' id='line_1_88' title="bbox 161 5469 1813 5554; baseline 0.012 -32"><span class='ocrx_word' id='word_1_640' title='bbox 161 5469 362 5530; x_wconf 74' lang='lat' dir='ltr'>effusore</span> <span class='ocrx_word' id='word_1_641' title='bbox 396 5494 454 5533; x_wconf 89' lang='lat' dir='ltr'>se</span> <span class='ocrx_word' id='word_1_642' title='bbox 484 5483 710 5551; x_wconf 85' lang='lat' dir='ltr'>paterni</span> <span class='ocrx_word' id='word_1_643' title='bbox 739 5484 1033 5554; x_wconf 87' lang='lat' dir='ltr'>sanguinis</span> <span class='ocrx_word' id='word_1_644' title='bbox 1063 5485 1435 5540; x_wconf 88' lang='lat' dir='ltr'>retributione</span> <span class='ocrx_word' id='word_1_645' title='bbox 1476 5486 1721 5541; x_wconf 87' lang='lat' dir='ltr'>distare:</span> <span class='ocrx_word' id='word_1_646' title='bbox 1756 5490 1813 5541; x_wconf 89' lang='lat' dir='ltr'>et</span> 
     </span>
    </p>
   </div>
   <div class='ocr_carea' id='block_1_89' title="bbox 218 5648 808 5721">
    <p class='ocr_par' dir='ltr' id='par_1_89' title="bbox 218 5648 808 5721">
     <span class='ocr_line' id='line_1_89' title="bbox 218 5648 808 5721; baseline 0.017 -16"><span class='ocrx_word' id='word_1_647' title='bbox 218 5648 229 5681; x_wconf 84' lang='grc'><strong>¹</strong></span> <span class='ocrx_word' id='word_1_648' title='bbox 262 5651 463 5721; x_wconf 86' lang='lat' dir='ltr'>Schot.,</span> <span class='ocrx_word' id='word_1_649' title='bbox 499 5655 808 5714; x_wconf 75' lang='lat' dir='ltr'>litteraria.</span> 
     </span>
    </p>
   </div>
   <div class='ocr_carea' id='block_1_90' title="bbox 1907 3083 3598 3156">
    <p class='ocr_par' dir='ltr' id='par_1_90' title="bbox 1907 3083 3598 3156">
     <span class='ocr_line' id='line_1_90' title="bbox 1907 3083 3598 3156; baseline 0.004 -20"><span class='ocrx_word' id='word_1_650' title='bbox 1907 3083 2088 3136; x_wconf 90' lang='lat' dir='ltr'>multa</span> <span class='ocrx_word' id='word_1_651' title='bbox 2108 3084 2330 3153; x_wconf 87' lang='lat' dir='ltr'>argenti</span> <span class='ocrx_word' id='word_1_652' title='bbox 2353 3084 2593 3154; x_wconf 88' lang='lat' dir='ltr'>aurique</span> <span class='ocrx_word' id='word_1_653' title='bbox 2638 3085 2911 3155; x_wconf 88' lang='lat' dir='ltr'>pondera,</span> <span class='ocrx_word' id='word_1_654' title='bbox 2941 3086 3287 3156; x_wconf 76' lang='lat' dir='ltr'>qmejutura</span> <span class='ocrx_word' id='word_1_655' title='bbox 3313 3087 3598 3142; x_wconf 81' lang='lat' dir='ltr'>haeredem</span> 
     </span>
    </p>
   </div>
   <div class='ocr_carea' id='block_1_91' title="bbox 1905 3172 3601 3245">
    <p class='ocr_par' dir='ltr' id='par_1_91' title="bbox 1905 3172 3601 3245">
     <span class='ocr_line' id='line_1_91' title="bbox 1905 3172 3601 3245; baseline 0.004 -21"><span class='ocrx_word' id='word_1_656' title='bbox 1905 3172 2149 3242; x_wconf 85' lang='lat' dir='ltr'>parcitas</span> <span class='ocrx_word' id='word_1_657' title='bbox 2206 3173 2309 3227; x_wconf 91' lang='lat' dir='ltr'>sub</span> <span class='ocrx_word' id='word_1_658' title='bbox 2351 3173 2707 3227; x_wconf 88' lang='lat' dir='ltr'>dimensione</span> <span class='ocrx_word' id='word_1_659' title='bbox 2757 3176 3036 3229; x_wconf 88' lang='lat' dir='ltr'>servavit:</span> <span class='ocrx_word' id='word_1_660' title='bbox 3108 3192 3277 3228; x_wconf 88' lang='lat' dir='ltr'>urnas</span> <span class='ocrx_word' id='word_1_661' title='bbox 3314 3182 3601 3245; x_wconf 80' lang='lat' dir='ltr'>veterum,</span> 
     </span>
    </p>
   </div>
   <div class='ocr_carea' id='block_1_92' title="bbox 1906 3260 3607 3336">
    <p class='ocr_par' dir='ltr' id='par_1_92' title="bbox 1906 3260 3607 3336">
     <span class='ocr_line' id='line_1_92' title="bbox 1906 3260 3607 3336; baseline 0.002 -23"><span class='ocrx_word' id='word_1_662' title='bbox 1906 3265 1971 3314; x_wconf 90' lang='lat' dir='ltr'>ut</span> <span class='ocrx_word' id='word_1_663' title='bbox 1991 3265 2181 3314; x_wconf 90' lang='lat' dir='ltr'>essent</span> <span class='ocrx_word' id='word_1_664' title='bbox 2210 3260 2268 3314; x_wconf 91' lang='lat' dir='ltr'>in</span> <span class='ocrx_word' id='word_1_665' title='bbox 2300 3261 2539 3331; x_wconf 66' lang='lat' dir='ltr'>praemio</span> <span class='ocrx_word' id='word_1_666' title='bbox 2566 3264 2793 3325; x_wconf 76' lang='lat' dir='ltr'>tabulae,</span> <span class='ocrx_word' id='word_1_667' title='bbox 2821 3264 3117 3318; x_wconf 84' lang='lat' dir='ltr'>sterilitate</span> <span class='ocrx_word' id='word_1_668' title='bbox 3144 3264 3395 3319; x_wconf 91' lang='lat' dir='ltr'>deterior</span> <span class='ocrx_word' id='word_1_669' title='bbox 3417 3267 3607 3336; x_wconf 81' lang='lat' dir='ltr'>proles</span> 
     </span>
    </p>
   </div>
   <div class='ocr_carea' id='block_1_93' title="bbox 1905 3347 3609 3424">
    <p class='ocr_par' dir='ltr' id='par_1_93' title="bbox 1905 3347 3609 3424">
     <span class='ocr_line' id='line_1_93' title="bbox 1905 3347 3609 3424; baseline 0.002 -21"><span class='ocrx_word' id='word_1_670' title='bbox 1905 3347 2216 3403; x_wconf 91' lang='lat' dir='ltr'>honorasti.</span> <span class='ocrx_word' id='word_1_671' title='bbox 2254 3348 2310 3403; x_wconf 88' lang='lat' dir='ltr'>Si</span> <span class='ocrx_word' id='word_1_672' title='bbox 2341 3351 2632 3403; x_wconf 88' lang='lat' dir='ltr'>mausolea</span> <span class='ocrx_word' id='word_1_673' title='bbox 2668 3352 3112 3421; x_wconf 70' lang='lat' dir='ltr'>praecedentium</span> <span class='ocrx_word' id='word_1_674' title='bbox 3160 3354 3351 3406; x_wconf 89' lang='lat' dir='ltr'>minor</span> <span class='ocrx_word' id='word_1_675' title='bbox 3397 3354 3609 3424; x_wconf 87' lang='lat' dir='ltr'>posteri</span> 
     </span>
    </p>
   </div>
   <div class='ocr_carea' id='block_1_94' title="bbox 1909 3439 3609 3511">
    <p class='ocr_par' dir='ltr' id='par_1_94' title="bbox 1909 3439 3609 3511">
     <span class='ocr_line' id='line_1_94' title="bbox 1909 3439 3609 3511; baseline 0.004 -22"><span class='ocrx_word' id='word_1_676' title='bbox 1909 3439 2093 3490; x_wconf 90' lang='lat' dir='ltr'>cultus</span> <span class='ocrx_word' id='word_1_677' title='bbox 2121 3443 2366 3503; x_wconf 85' lang='lat' dir='ltr'>ornaret,</span> <span class='ocrx_word' id='word_1_678' title='bbox 2388 3444 2536 3491; x_wconf 86' lang='lat' dir='ltr'>esset</span> <span class='ocrx_word' id='word_1_679' title='bbox 2555 3439 2847 3508; x_wconf 86' lang='lat' dir='ltr'>plectenda</span> <span class='ocrx_word' id='word_1_680' title='bbox 2866 3441 3234 3511; x_wconf 87' lang='lat' dir='ltr'>negligentia,</span> <span class='ocrx_word' id='word_1_681' title='bbox 3251 3448 3306 3494; x_wconf 84' lang='lat' dir='ltr'>et</span> <span class='ocrx_word' id='word_1_682' title='bbox 3328 3450 3609 3511; x_wconf 66' lang='lat' dir='ltr'>spectaret</span> 
     </span>
    </p>
   </div>
   <div class='ocr_carea' id='block_1_95' title="bbox 1910 3526 3607 3597">
    <p class='ocr_par' dir='ltr' id='par_1_95' title="bbox 1910 3526 3607 3597">
     <span class='ocr_line' id='line_1_95' title="bbox 1910 3526 3607 3597; baseline 0.004 -18"><span class='ocrx_word' id='word_1_683' title='bbox 1910 3526 1976 3579; x_wconf 89' lang='lat' dir='ltr'>de</span> <span class='ocrx_word' id='word_1_684' title='bbox 1998 3526 2109 3579; x_wconf 92' lang='lat' dir='ltr'>illis</span> <span class='ocrx_word' id='word_1_685' title='bbox 2128 3542 2350 3597; x_wconf 75' lang='lat' dir='ltr'>poenam</span> <span class='ocrx_word' id='word_1_686' title='bbox 2372 3526 3065 3597; x_wconf 86' lang='lat' dir='ltr'>judicihus,quitiliorum</span> <span class='ocrx_word' id='word_1_687' title='bbox 3088 3546 3319 3584; x_wconf 89' lang='lat' dir='ltr'>suorum</span> <span class='ocrx_word' id='word_1_688' title='bbox 3346 3548 3532 3584; x_wconf 90' lang='lat' dir='ltr'>mores</span> <span class='ocrx_word' id='word_1_689' title='bbox 3550 3533 3607 3584; x_wconf 89' lang='lat' dir='ltr'>in</span> 
     </span>
    </p>
   </div>
   <div class='ocr_carea' id='block_1_96' title="bbox 1910 3614 3606 3684">
    <p class='ocr_par' dir='ltr' id='par_1_96' title="bbox 1910 3614 3606 3684">
     <span class='ocr_line' id='line_1_96' title="bbox 1910 3614 3606 3684; baseline 0.004 -17"><span class='ocrx_word' id='word_1_690' title='bbox 1910 3614 2113 3667; x_wconf 90' lang='lat' dir='ltr'>alienis</span> <span class='ocrx_word' id='word_1_691' title='bbox 2144 3615 2385 3684; x_wconf 90' lang='lat' dir='ltr'>cupiunt</span> <span class='ocrx_word' id='word_1_692' title='bbox 2417 3616 2722 3669; x_wconf 79' lang='lat' dir='ltr'>emendare</span> <span class='ocrx_word' id='word_1_693' title='bbox 2772 3618 3106 3673; x_wconf 87' lang='lat' dir='ltr'>commissis.</span> <span class='ocrx_word' id='word_1_694' title='bbox 3157 3621 3262 3672; x_wconf 90' lang='lat' dir='ltr'>Pro</span> <span class='ocrx_word' id='word_1_695' title='bbox 3304 3619 3606 3674; x_wconf 85' lang='lat' dir='ltr'>festivitate</span> 
     </span>
    </p>
   </div>
   <div class='ocr_carea' id='block_1_97' title="bbox 1910 3704 3611 3779">
    <p class='ocr_par' dir='ltr' id='par_1_97' title="bbox 1910 3704 3611 3779">
     <span class='ocr_line' id='line_1_97' title="bbox 1910 3704 3611 3779; baseline 0.003 -23"><span class='ocrx_word' id='word_1_696' title='bbox 1910 3710 2062 3757; x_wconf 88' lang='lat' dir='ltr'>certa</span> <span class='ocrx_word' id='word_1_697' title='bbox 2094 3708 2419 3775; x_wconf 91' lang='lat' dir='ltr'>temporum</span> <span class='ocrx_word' id='word_1_698' title='bbox 2454 3704 2579 3774; x_wconf 88' lang='lat' dir='ltr'>lege</span> <span class='ocrx_word' id='word_1_699' title='bbox 2612 3706 2903 3773; x_wconf 89' lang='lat' dir='ltr'>redeunte,</span> <span class='ocrx_word' id='word_1_700' title='bbox 2956 3724 3059 3777; x_wconf 90' lang='lat' dir='ltr'>pro</span> <span class='ocrx_word' id='word_1_701' title='bbox 3105 3709 3288 3771; x_wconf 83' lang='lat' dir='ltr'>sertis,</span> <span class='ocrx_word' id='word_1_702' title='bbox 3326 3710 3611 3779; x_wconf 88' lang='lat' dir='ltr'>etquibus</span> 
     </span>
    </p>
   </div>
   <div class='ocr_carea' id='block_1_98' title="bbox 1914 3792 3611 3868">
    <p class='ocr_par' dir='ltr' id='par_1_98' title="bbox 1914 3792 3611 3868">
     <span class='ocr_line' id='line_1_98' title="bbox 1914 3792 3611 3868; baseline 0.004 -23"><span class='ocrx_word' id='word_1_703' title='bbox 1914 3792 2116 3845; x_wconf 67' lang='lat' dir='ltr'>animos</span> <span class='ocrx_word' id='word_1_704' title='bbox 2150 3799 2463 3861; x_wconf 89' lang='lat' dir='ltr'>pascuntur</span> <span class='ocrx_word' id='word_1_705' title='bbox 2493 3796 2846 3861; x_wconf 88' lang='lat' dir='ltr'>muneribus,</span> <span class='ocrx_word' id='word_1_706' title='bbox 2873 3796 3165 3850; x_wconf 88' lang='lat' dir='ltr'>credidisti</span> <span class='ocrx_word' id='word_1_707' title='bbox 3194 3798 3351 3851; x_wconf 87' lang='lat' dir='ltr'>nefas</span> <span class='ocrx_word' id='word_1_708' title='bbox 3385 3799 3430 3851; x_wconf 91' lang='lat' dir='ltr'>si</span> <span class='ocrx_word' id='word_1_709' title='bbox 3456 3800 3611 3868; x_wconf 87' lang='lat' dir='ltr'>geni-</span> 
     </span>
    </p>
   </div>
   <div class='ocr_carea' id='block_1_99' title="bbox 1912 3883 3603 3949">
    <p class='ocr_par' dir='ltr' id='par_1_99' title="bbox 1912 3883 3603 3949">
     <span class='ocr_line' id='line_1_99' title="bbox 1912 3883 3603 3949; baseline 0.002 -15"><span class='ocrx_word' id='word_1_710' title='bbox 1912 3885 2104 3934; x_wconf 90' lang='lat' dir='ltr'>torum</span> <span class='ocrx_word' id='word_1_711' title='bbox 2129 3885 2359 3933; x_wconf 86' lang='lat' dir='ltr'>tuorum</span> <span class='ocrx_word' id='word_1_712' title='bbox 2393 3883 2653 3949; x_wconf 86' lang='lat' dir='ltr'>sepulcra</span> <span class='ocrx_word' id='word_1_713' title='bbox 2685 3883 2946 3936; x_wconf 89' lang='lat' dir='ltr'>dominos</span> <span class='ocrx_word' id='word_1_714' title='bbox 2979 3901 3092 3937; x_wconf 89' lang='lat' dir='ltr'>non</span> <span class='ocrx_word' id='word_1_715' title='bbox 3127 3892 3437 3940; x_wconf 79' lang='lat' dir='ltr'>mutarent.</span> <span class='ocrx_word' id='word_1_716' title='bbox 3480 3888 3603 3940; x_wconf 82' lang='lat' dir='ltr'>Non</span> 
     </span>
    </p>
   </div>
   <div class='ocr_carea' id='block_1_100' title="bbox 1913 3968 3601 4041">
    <p class='ocr_par' dir='ltr' id='par_1_100' title="bbox 1913 3968 3601 4041">
     <span class='ocr_line' id='line_1_100' title="bbox 1913 3968 3601 4041; baseline 0.004 -21"><span class='ocrx_word' id='word_1_717' title='bbox 1913 3968 2016 4021; x_wconf 90' lang='lat' dir='ltr'>tibi</span> <span class='ocrx_word' id='word_1_718' title='bbox 2058 3968 2284 4022; x_wconf 86' lang='lat' dir='ltr'>licuisse</span> <span class='ocrx_word' id='word_1_719' title='bbox 2326 3970 2528 4022; x_wconf 89' lang='lat' dir='ltr'>domos</span> <span class='ocrx_word' id='word_1_720' title='bbox 2563 3972 2789 4024; x_wconf 88' lang='lat' dir='ltr'>ultimas</span> <span class='ocrx_word' id='word_1_721' title='bbox 2824 3989 2926 4041; x_wconf 89' lang='lat' dir='ltr'>pro</span> <span class='ocrx_word' id='word_1_722' title='bbox 2957 3974 3197 4027; x_wconf 88' lang='lat' dir='ltr'>abducta</span> <span class='ocrx_word' id='word_1_723' title='bbox 3239 3976 3309 4028; x_wconf 90' lang='lat' dir='ltr'>ab</span> <span class='ocrx_word' id='word_1_724' title='bbox 3342 3976 3601 4029; x_wconf 89' lang='lat' dir='ltr'>hostibus</span> 
     </span>
    </p>
   </div>
   <div class='ocr_carea' id='block_1_101' title="bbox 1911 4056 3613 4134">
    <p class='ocr_par' dir='ltr' id='par_1_101' title="bbox 1911 4056 3613 4134">
     <span class='ocr_line' id='line_1_101' title="bbox 1911 4056 3613 4134; baseline 0.005 -25"><span class='ocrx_word' id='word_1_725' title='bbox 1911 4056 2172 4127; x_wconf 83' lang='lat' dir='ltr'>pignoris</span> <span class='ocrx_word' id='word_1_726' title='bbox 2208 4057 2291 4110; x_wconf 91' lang='lat' dir='ltr'>tui</span> <span class='ocrx_word' id='word_1_727' title='bbox 2324 4058 2721 4128; x_wconf 88' lang='lat' dir='ltr'>redemptione</span> <span class='ocrx_word' id='word_1_728' title='bbox 2753 4061 3104 4115; x_wconf 83' lang='lat' dir='ltr'>distrahere:</span> <span class='ocrx_word' id='word_1_729' title='bbox 3139 4080 3334 4133; x_wconf 74' lang='lat' dir='ltr'>quzero</span> <span class='ocrx_word' id='word_1_730' title='bbox 3375 4081 3503 4134; x_wconf 67' lang='lat' dir='ltr'>qua:</span> <span class='ocrx_word' id='word_1_731' title='bbox 3540 4066 3613 4118; x_wconf 88' lang='lat' dir='ltr'>sit</span> 
     </span>
    </p>
   </div>
   <div class='ocr_carea' id='block_1_102' title="bbox 1913 4145 3611 4219">
    <p class='ocr_par' dir='ltr' id='par_1_102' title="bbox 1913 4145 3611 4219">
     <span class='ocr_line' id='line_1_102' title="bbox 1913 4145 3611 4219; baseline 0.005 -21"><span class='ocrx_word' id='word_1_732' title='bbox 1913 4145 2217 4199; x_wconf 81' lang='lat' dir='ltr'>necessitas</span> <span class='ocrx_word' id='word_1_733' title='bbox 2248 4146 2400 4216; x_wconf 87' lang='lat' dir='ltr'>quod</span> <span class='ocrx_word' id='word_1_734' title='bbox 2444 4148 2697 4200; x_wconf 86' lang='lat' dir='ltr'>alienum</span> <span class='ocrx_word' id='word_1_735' title='bbox 2746 4148 2912 4201; x_wconf 89' lang='lat' dir='ltr'>video</span> <span class='ocrx_word' id='word_1_736' title='bbox 2945 4149 3002 4202; x_wconf 92' lang='lat' dir='ltr'>in</span> <span class='ocrx_word' id='word_1_737' title='bbox 3036 4156 3337 4219; x_wconf 88' lang='lat' dir='ltr'>parentum</span> <span class='ocrx_word' id='word_1_738' title='bbox 3372 4157 3611 4205; x_wconf 85' lang='lat' dir='ltr'>tuorum</span> 
     </span>
    </p>
   </div>
   <div class='ocr_carea' id='block_1_103' title="bbox 1914 4234 3611 4304">
    <p class='ocr_par' dir='ltr' id='par_1_103' title="bbox 1914 4234 3611 4304">
     <span class='ocr_line' id='line_1_103' title="bbox 1914 4234 3611 4304; baseline 0.004 -18"><span class='ocrx_word' id='word_1_739' title='bbox 1914 4234 2198 4287; x_wconf 90' lang='lat' dir='ltr'>cineribus</span> <span class='ocrx_word' id='word_1_740' title='bbox 2230 4250 2617 4304; x_wconf 89' lang='lat' dir='ltr'>possessorem</span> <span class='ocrx_word' id='word_1_741' title='bbox 2644 4253 2655 4289; x_wconf 90' lang='lat'>:</span> <span class='ocrx_word' id='word_1_742' title='bbox 2678 4241 2732 4289; x_wconf 89' lang='lat' dir='ltr'>et</span> <span class='ocrx_word' id='word_1_743' title='bbox 2763 4237 2905 4290; x_wconf 92' lang='lat' dir='ltr'>nihil</span> <span class='ocrx_word' id='word_1_744' title='bbox 2941 4238 3082 4291; x_wconf 91' lang='lat' dir='ltr'>mihi</span> <span class='ocrx_word' id='word_1_745' title='bbox 3118 4240 3268 4292; x_wconf 88' lang='lat' dir='ltr'>aliud</span> <span class='ocrx_word' id='word_1_746' title='bbox 3301 4240 3409 4292; x_wconf 92' lang='lat' dir='ltr'>nisi</span> <span class='ocrx_word' id='word_1_747' title='bbox 3440 4241 3611 4293; x_wconf 84' lang='lat' dir='ltr'>ludus</span> 
     </span>
    </p>
   </div>
   <div class='ocr_carea' id='block_1_104' title="bbox 1912 4324 3607 4393">
    <p class='ocr_par' dir='ltr' id='par_1_104' title="bbox 1912 4324 3607 4393">
     <span class='ocr_line' id='line_1_104' title="bbox 1912 4324 3607 4393; baseline 0.004 -17"><span class='ocrx_word' id='word_1_748' title='bbox 1912 4324 2244 4393; x_wconf 89' lang='lat' dir='ltr'>opponitur.</span> <span class='ocrx_word' id='word_1_749' title='bbox 2281 4324 2321 4378; x_wconf 95' lang='grc' dir='ltr'><strong>Ο</strong></span> <span class='ocrx_word' id='word_1_750' title='bbox 2356 4324 2561 4377; x_wconf 89' lang='lat' dir='ltr'>misera</span> <span class='ocrx_word' id='word_1_751' title='bbox 2591 4326 2843 4379; x_wconf 89' lang='lat' dir='ltr'>mortalis</span> <span class='ocrx_word' id='word_1_752' title='bbox 2885 4327 3153 4391; x_wconf 90' lang='lat' dir='ltr'>conditio,</span> <span class='ocrx_word' id='word_1_753' title='bbox 3183 4332 3238 4379; x_wconf 91' lang='lat' dir='ltr'>et</span> <span class='ocrx_word' id='word_1_754' title='bbox 3270 4344 3399 4382; x_wconf 92' lang='lat' dir='ltr'>cum</span> <span class='ocrx_word' id='word_1_755' title='bbox 3434 4330 3607 4382; x_wconf 88' lang='lat' dir='ltr'>dene-</span> 
     </span>
    </p>
   </div>
   <div class='ocr_carea' id='block_1_105' title="bbox 1912 4412 3600 4480">
    <p class='ocr_par' dir='ltr' id='par_1_105' title="bbox 1912 4412 3600 4480">
     <span class='ocr_line' id='line_1_105' title="bbox 1912 4412 3600 4480; baseline 0.004 -15"><span class='ocrx_word' id='word_1_756' title='bbox 1912 4417 2122 4480; x_wconf 87' lang='lat' dir='ltr'>gantur</span> <span class='ocrx_word' id='word_1_757' title='bbox 2169 4412 2471 4479; x_wconf 86' lang='lat' dir='ltr'>desideria,</span> <span class='ocrx_word' id='word_1_758' title='bbox 2535 4418 2590 4468; x_wconf 90' lang='lat' dir='ltr'>et</span> <span class='ocrx_word' id='word_1_759' title='bbox 2640 4430 2768 4468; x_wconf 91' lang='lat' dir='ltr'>cum</span> <span class='ocrx_word' id='word_1_760' title='bbox 2828 4414 3110 4468; x_wconf 89' lang='lat' dir='ltr'>infelicius</span> <span class='ocrx_word' id='word_1_761' title='bbox 3168 4418 3600 4472; x_wconf 82' lang='lat' dir='ltr'>conceduntur!</span> 
     </span>
    </p>
   </div>
   <div class='ocr_carea' id='block_1_106' title="bbox 1914 4502 3607 4564">
    <p class='ocr_par' dir='ltr' id='par_1_106' title="bbox 1914 4502 3607 4564">
     <span class='ocr_line' id='line_1_106' title="bbox 1914 4502 3607 4564; baseline 0.005 -11"><span class='ocrx_word' id='word_1_762' title='bbox 1914 4502 2188 4564; x_wconf 89' lang='lat' dir='ltr'>Quotiens</span> <span class='ocrx_word' id='word_1_763' title='bbox 2240 4507 2521 4556; x_wconf 89' lang='lat' dir='ltr'>creatores</span> <span class='ocrx_word' id='word_1_764' title='bbox 2567 4503 2649 4556; x_wconf 90' lang='lat' dir='ltr'>tui</span> <span class='ocrx_word' id='word_1_765' title='bbox 2699 4503 2956 4557; x_wconf 88' lang='lat' dir='ltr'>sollicitis</span> <span class='ocrx_word' id='word_1_766' title='bbox 3010 4506 3188 4559; x_wconf 90' lang='lat' dir='ltr'>Deum</span> <span class='ocrx_word' id='word_1_767' title='bbox 3240 4523 3466 4562; x_wconf 90' lang='lat' dir='ltr'>movere</span> <span class='ocrx_word' id='word_1_768' title='bbox 3512 4525 3607 4561; x_wconf 83' lang='lat' dir='ltr'>sn-</span> 
     </span>
    </p>
   </div>
   <div class='ocr_carea' id='block_1_107' title="bbox 1916 4591 3605 4665">
    <p class='ocr_par' dir='ltr' id='par_1_107' title="bbox 1916 4591 3605 4665">
     <span class='ocr_line' id='line_1_107' title="bbox 1916 4591 3605 4665; baseline 0.006 -22"><span class='ocrx_word' id='word_1_769' title='bbox 1916 4591 2126 4660; x_wconf 89' lang='lat' dir='ltr'>spiriis,</span> <span class='ocrx_word' id='word_1_770' title='bbox 2162 4607 2233 4645; x_wconf 87' lang='lat' dir='ltr'>ne</span> <span class='ocrx_word' id='word_1_771' title='bbox 2264 4592 2331 4645; x_wconf 91' lang='lat' dir='ltr'>de</span> <span class='ocrx_word' id='word_1_772' title='bbox 2364 4593 2534 4662; x_wconf 86' lang='lat' dir='ltr'>hujus</span> <span class='ocrx_word' id='word_1_773' title='bbox 2568 4609 2735 4646; x_wconf 86' lang='lat' dir='ltr'>usura</span> <span class='ocrx_word' id='word_1_774' title='bbox 2761 4593 2919 4661; x_wconf 83' lang='lat' dir='ltr'>lucis,</span> <span class='ocrx_word' id='word_1_775' title='bbox 2955 4595 3104 4665; x_wconf 91' lang='lat' dir='ltr'>quod</span> <span class='ocrx_word' id='word_1_776' title='bbox 3130 4595 3605 4653; x_wconf 86' lang='lat' dir='ltr'>infaustissimum</span> 
     </span>
    </p>
   </div>
   <div class='ocr_carea' id='block_1_108' title="bbox 1916 4680 3612 4756">
    <p class='ocr_par' dir='ltr' id='par_1_108' title="bbox 1916 4680 3612 4756">
     <span class='ocr_line' id='line_1_108' title="bbox 1916 4680 3612 4756; baseline 0.004 -23"><span class='ocrx_word' id='word_1_777' title='bbox 1916 4680 2186 4745; x_wconf 88' lang='lat' dir='ltr'>creditur,</span> <span class='ocrx_word' id='word_1_778' title='bbox 2221 4685 2275 4735; x_wconf 91' lang='lat' dir='ltr'>et</span> <span class='ocrx_word' id='word_1_779' title='bbox 2305 4682 2427 4735; x_wconf 90' lang='lat' dir='ltr'>sine</span> <span class='ocrx_word' id='word_1_780' title='bbox 2462 4682 2715 4752; x_wconf 90' lang='lat' dir='ltr'>legitimo</span> <span class='ocrx_word' id='word_1_781' title='bbox 2746 4683 2973 4737; x_wconf 63' lang='lat' dir='ltr'>licerede</span> <span class='ocrx_word' id='word_1_782' title='bbox 3006 4685 3361 4740; x_wconf 81' lang='lat' dir='ltr'>transirent?</span> <span class='ocrx_word' id='word_1_783' title='bbox 3391 4688 3612 4756; x_wconf 86' lang='lat' dir='ltr'>Editus,</span> 
     </span>
    </p>
   </div>
   <div class='ocr_carea' id='block_1_109' title="bbox 1918 4766 3616 4848">
    <p class='ocr_par' dir='ltr' id='par_1_109' title="bbox 1918 4766 3616 4848">
     <span class='ocr_line' id='line_1_109' title="bbox 1918 4766 3616 4848; baseline 0.008 -29"><span class='ocrx_word' id='word_1_784' title='bbox 1918 4766 2231 4835; x_wconf 88' lang='lat' dir='ltr'>institutus,</span> <span class='ocrx_word' id='word_1_785' title='bbox 2267 4769 2543 4836; x_wconf 89' lang='lat' dir='ltr'>eruditus,</span> <span class='ocrx_word' id='word_1_786' title='bbox 2579 4772 2646 4823; x_wconf 89' lang='lat' dir='ltr'>ad</span> <span class='ocrx_word' id='word_1_787' title='bbox 2680 4772 2824 4824; x_wconf 89' lang='lat' dir='ltr'>hanc</span> <span class='ocrx_word' id='word_1_788' title='bbox 2861 4788 3119 4840; x_wconf 86' lang='lat' dir='ltr'>messem,</span> <span class='ocrx_word' id='word_1_789' title='bbox 3144 4775 3387 4845; x_wconf 90' lang='lat' dir='ltr'>judices,</span> <span class='ocrx_word' id='word_1_790' title='bbox 3414 4777 3616 4848; x_wconf 86' lang='lat' dir='ltr'>jejuna</span> 
     </span>
    </p>
   </div>
   <div class='ocr_carea' id='block_1_110' title="bbox 1917 4857 3611 4936">
    <p class='ocr_par' dir='ltr' id='par_1_110' title="bbox 1917 4857 3611 4936">
     <span class='ocr_line' id='line_1_110' title="bbox 1917 4857 3611 4936; baseline 0.007 -27"><span class='ocrx_word' id='word_1_791' title='bbox 1917 4857 2154 4927; x_wconf 86' lang='lat' dir='ltr'>pudoris</span> <span class='ocrx_word' id='word_1_792' title='bbox 2188 4863 2379 4912; x_wconf 90' lang='lat' dir='ltr'>mente</span> <span class='ocrx_word' id='word_1_793' title='bbox 2413 4861 2691 4929; x_wconf 88' lang='lat' dir='ltr'>pervenit,</span> <span class='ocrx_word' id='word_1_794' title='bbox 2716 4877 2787 4913; x_wconf 90' lang='lat' dir='ltr'>ne</span> <span class='ocrx_word' id='word_1_795' title='bbox 2820 4861 2877 4915; x_wconf 91' lang='lat' dir='ltr'>in</span> <span class='ocrx_word' id='word_1_796' title='bbox 2906 4862 3034 4933; x_wconf 89' lang='lat' dir='ltr'>jure</span> <span class='ocrx_word' id='word_1_797' title='bbox 3067 4881 3167 4917; x_wconf 90' lang='lat' dir='ltr'>suo</span> <span class='ocrx_word' id='word_1_798' title='bbox 3200 4866 3452 4936; x_wconf 89' lang='lat' dir='ltr'>patiatur</span> <span class='ocrx_word' id='word_1_799' title='bbox 3473 4884 3611 4931; x_wconf 84' lang='lat' dir='ltr'>esse,</span> 
     </span>
    </p>
   </div>
   <div class='ocr_carea' id='block_1_111' title="bbox 1919 4948 3610 5026">
    <p class='ocr_par' dir='ltr' id='par_1_111' title="bbox 1919 4948 3610 5026">
     <span class='ocr_line' id='line_1_111' title="bbox 1919 4948 3610 5026; baseline 0.007 -27"><span class='ocrx_word' id='word_1_800' title='bbox 1919 4950 2220 5016; x_wconf 88' lang='lat' dir='ltr'>postquam</span> <span class='ocrx_word' id='word_1_801' title='bbox 2282 4948 2545 5001; x_wconf 87' lang='lat' dir='ltr'>universa</span> <span class='ocrx_word' id='word_1_802' title='bbox 2596 4950 2863 5020; x_wconf 88' lang='lat' dir='ltr'>perdidit,</span> <span class='ocrx_word' id='word_1_803' title='bbox 2912 4952 3246 5021; x_wconf 89' lang='lat' dir='ltr'>patrimonii</span> <span class='ocrx_word' id='word_1_804' title='bbox 3296 4956 3610 5026; x_wconf 88' lang='lat' dir='ltr'>largitores.</span> 
     </span>
    </p>
   </div>
   <div class='ocr_carea' id='block_1_112' title="bbox 1920 5035 3612 5115">
    <p class='ocr_par' dir='ltr' id='par_1_112' title="bbox 1920 5035 3612 5115">
     <span class='ocr_line' id='line_1_112' title="bbox 1920 5035 3612 5115; baseline 0.007 -28"><span class='ocrx_word' id='word_1_805' title='bbox 1920 5035 2267 5090; x_wconf 88' lang='lat' dir='ltr'>Damnamus</span> <span class='ocrx_word' id='word_1_806' title='bbox 2331 5036 2389 5091; x_wconf 90' lang='lat' dir='ltr'>in</span> <span class='ocrx_word' id='word_1_807' title='bbox 2450 5038 2723 5092; x_wconf 89' lang='lat' dir='ltr'>scelerato</span> <span class='ocrx_word' id='word_1_808' title='bbox 2774 5041 3126 5097; x_wconf 86' lang='lat' dir='ltr'>voluntatem</span> <span class='ocrx_word' id='word_1_809' title='bbox 3184 5045 3612 5115; x_wconf 86' lang='lat' dir='ltr'>turpissimam:</span> 
     </span>
    </p>
   </div>
   <div class='ocr_carea' id='block_1_113' title="bbox 1919 5133 3608 5212">
    <p class='ocr_par' dir='ltr' id='par_1_113' title="bbox 1919 5133 3608 5212">
     <span class='ocr_line' id='line_1_113' title="bbox 1919 5133 3608 5212; baseline 0.007 -27"><span class='ocrx_word' id='word_1_810' title='bbox 1919 5146 2053 5185; x_wconf 87' lang='lat' dir='ltr'>nam</span> <span class='ocrx_word' id='word_1_811' title='bbox 2083 5133 2321 5204; x_wconf 87' lang='lat' dir='ltr'>contigit</span> <span class='ocrx_word' id='word_1_812' title='bbox 2358 5134 2619 5202; x_wconf 85' lang='lat' dir='ltr'>forsitan,</span> <span class='ocrx_word' id='word_1_813' title='bbox 2652 5141 2715 5190; x_wconf 92' lang='lat' dir='ltr'>ut</span> <span class='ocrx_word' id='word_1_814' title='bbox 2765 5138 2834 5191; x_wconf 86' lang='lat' dir='ltr'>ad</span> <span class='ocrx_word' id='word_1_815' title='bbox 2894 5141 3103 5210; x_wconf 88' lang='lat' dir='ltr'>probos</span> <span class='ocrx_word' id='word_1_816' title='bbox 3157 5142 3421 5196; x_wconf 87' lang='lat' dir='ltr'>dominos</span> <span class='ocrx_word' id='word_1_817' title='bbox 3453 5144 3608 5212; x_wconf 89' lang='lat' dir='ltr'>prio-</span> 
     </span>
    </p>
   </div>
   <div class='ocr_carea' id='block_1_114' title="bbox 1922 5224 3616 5287">
    <p class='ocr_par' dir='ltr' id='par_1_114' title="bbox 1922 5224 3616 5287">
     <span class='ocr_line' id='line_1_114' title="bbox 1922 5224 3616 5287; baseline 0.007 -13"><span class='ocrx_word' id='word_1_818' title='bbox 1922 5236 2049 5275; x_wconf 89' lang='lat' dir='ltr'>rum</span> <span class='ocrx_word' id='word_1_819' title='bbox 2098 5226 2327 5277; x_wconf 89' lang='lat' dir='ltr'>tuorum</span> <span class='ocrx_word' id='word_1_820' title='bbox 2362 5241 2489 5278; x_wconf 87' lang='lat' dir='ltr'>ossa</span> <span class='ocrx_word' id='word_1_821' title='bbox 2530 5224 2807 5280; x_wconf 86' lang='lat' dir='ltr'>beneﬁcio</span> <span class='ocrx_word' id='word_1_822' title='bbox 2848 5229 3092 5284; x_wconf 88' lang='lat' dir='ltr'>levitatis</span> <span class='ocrx_word' id='word_1_823' title='bbox 3130 5231 3407 5284; x_wconf 70' lang='lat' dir='ltr'>emiseris.</span> <span class='ocrx_word' id='word_1_824' title='bbox 3452 5233 3616 5287; x_wconf 64' lang='grc' dir='ltr'>ϐορο-</span> 
     </span>
    </p>
   </div>
   <div class='ocr_carea' id='block_1_115' title="bbox 1920 5312 3618 5385">
    <p class='ocr_par' dir='ltr' id='par_1_115' title="bbox 1920 5312 3618 5385">
     <span class='ocr_line' id='line_1_115' title="bbox 1920 5312 3618 5385; baseline 0.008 -23"><span class='ocrx_word' id='word_1_825' title='bbox 1920 5312 2113 5364; x_wconf 89' lang='lat' dir='ltr'>munis</span> <span class='ocrx_word' id='word_1_826' title='bbox 2146 5316 2232 5365; x_wconf 90' lang='lat' dir='ltr'>est</span> <span class='ocrx_word' id='word_1_827' title='bbox 2261 5313 2539 5366; x_wconf 88' lang='lat' dir='ltr'>universis</span> <span class='ocrx_word' id='word_1_828' title='bbox 2569 5314 2964 5371; x_wconf 87' lang='lat' dir='ltr'>defunctorum</span> <span class='ocrx_word' id='word_1_829' title='bbox 2998 5318 3333 5385; x_wconf 88' lang='lat' dir='ltr'>reverentia,</span> <span class='ocrx_word' id='word_1_830' title='bbox 3386 5326 3443 5373; x_wconf 90' lang='lat' dir='ltr'>et</span> <span class='ocrx_word' id='word_1_831' title='bbox 3472 5321 3618 5376; x_wconf 87' lang='lat' dir='ltr'>circa</span> 
     </span>
    </p>
   </div>
   <div class='ocr_carea' id='block_1_116' title="bbox 1920 5400 3620 5481">
    <p class='ocr_par' dir='ltr' id='par_1_116' title="bbox 1920 5400 3620 5481">
     <span class='ocr_line' id='line_1_116' title="bbox 1920 5400 3620 5481; baseline 0.008 -30"><span class='ocrx_word' id='word_1_832' title='bbox 1920 5400 2259 5470; x_wconf 88' lang='lat' dir='ltr'>religionem</span> <span class='ocrx_word' id='word_1_833' title='bbox 2310 5407 2460 5457; x_wconf 89' lang='lat' dir='ltr'>sorte</span> <span class='ocrx_word' id='word_1_834' title='bbox 2518 5404 2722 5458; x_wconf 90' lang='lat' dir='ltr'>ultima</span> <span class='ocrx_word' id='word_1_835' title='bbox 2778 5407 3137 5461; x_wconf 87' lang='lat' dir='ltr'>conditorum</span> <span class='ocrx_word' id='word_1_836' title='bbox 3174 5408 3405 5477; x_wconf 84' lang='lat' dir='ltr'>dignam</span> <span class='ocrx_word' id='word_1_837' title='bbox 3439 5411 3620 5481; x_wconf 84' lang='lat' dir='ltr'>poscit</span> 
     </span>
    </p>
   </div>
   <div class='ocr_carea' id='block_1_117' title="bbox 1920 5487 3615 5555">
    <p class='ocr_par' dir='ltr' id='par_1_117' title="bbox 1920 5487 3615 5555">
     <span class='ocr_line' id='line_1_117' title="bbox 1920 5487 3615 5555; baseline 0.006 -13"><span class='ocrx_word' id='word_1_838' title='bbox 1920 5487 2249 5546; x_wconf 86' lang='lat' dir='ltr'>humanitas</span> <span class='ocrx_word' id='word_1_839' title='bbox 2292 5492 2560 5548; x_wconf 90' lang='lat' dir='ltr'>universa</span> <span class='ocrx_word' id='word_1_840' title='bbox 2617 5497 2949 5551; x_wconf 87' lang='lat' dir='ltr'>culturam:</span> <span class='ocrx_word' id='word_1_841' title='bbox 3010 5497 3377 5554; x_wconf 83' lang='lat' dir='ltr'>excellentius</span> <span class='ocrx_word' id='word_1_842' title='bbox 3426 5506 3615 5555; x_wconf 89' lang='lat' dir='ltr'>tamen</span> 
     </span>
    </p>
   </div>
  </div>
