4060 6174
402 213 507 264 295

1608 210 1892 265 ENNODII
1934 209 2246 267 EPISCOPI
2279 208 2664 266 TlCINENSIS

3798 215 3894 269 296

404 348 714 418 majoribus
761 347 969 402 nostris
1012 348 1203 402 debita
1243 363 1511 417 suprema
1556 347 1894 408 redduntur,
1942 363 2088 418 quos
2128 351 2171 401 Λ
2204 347 2261 402 in
2296 354 2539 420 utroque
2588 349 2952 419 deprehensi,
3000 349 3146 403 nulli
3190 349 3419 405 exibent
3464 352 3727 407 stabilem
3759 369 3894 407 con-

402 435 482 490 ita
526 436 637 491 sibi
670 437 958 491 veneratio
990 436 1262 508 proponit
1297 442 1429 489 ante
1475 435 1689 501 oculos,
1738 440 1799 490 ut
1836 436 1943 490 diis
1974 453 2093 490 cre-

402 525 604 580 damus
649 526 966 580 exhibitum
1008 526 1065 579 in
1113 525 1320 596 quibus
1372 525 1773 579 defunctorum
1827 526 2094 581 mandata

401 618 772 686 peraguntur.
818 616 1116 671 Servamus
1160 615 1425 668 universa
1469 631 1594 685 quas
1626 614 1939 685 jusserint;
1974 632 2092 669 non

401 704 717 773 credentes
743 705 977 775 impune
1009 704 1360 774 contingere,
1395 704 1547 775 quod
1580 702 1649 757 de
1692 720 1890 758 eorum
1921 704 2093 757 fuerit

398 795 783 864 praeceptione
811 793 1103 847 violatum.
1134 795 1257 847 Non
1288 794 1541 860 invenio,
1575 810 1786 847 novum
1820 793 2088 847 facinoris

400 898 582 952 genus
613 899 724 953 qua
762 883 1037 952 explicem
1072 884 1324 936 novitate
1355 899 1708 937 sermonum.
1739 883 1953 947 Quibus
1985 881 2093 935 fuit

400 971 759 1040 sacrilegium
810 987 926 1024 non
975 987 1197 1041 parere,
1254 971 1419 1041 quale
1452 976 1534 1024 est
1572 988 1771 1025 eorum
1822 986 2091 1039 suprema

396 1058 684 1112 domicilia
714 1074 817 1129 pro
858 1059 1091 1113 ludicris
1130 1060 1496 1113 vendidisse?
1535 1060 1781 1125 Credite,
1830 1060 2091 1130 cognito-

398 1162 505 1214 res,
541 1153 688 1202 stare
717 1152 848 1202 ante
880 1148 1073 1202 oculos
1104 1154 1317 1203 vestros
1358 1153 1442 1202 tot
1471 1148 1637 1202 istius
1679 1154 1870 1203 atavos
1908 1148 2091 1202 vindi-

396 1241 501 1289 ctae
532 1240 792 1307 tempora
834 1238 1247 1308 praestolantes,
1284 1254 1531 1308 quorum
1566 1238 1883 1308 placatione
1928 1254 2091 1291 man-

397 1341 528 1379 sura
559 1325 619 1379 in
644 1331 932 1396 posterum
954 1327 1101 1381 circa
1123 1333 1391 1397 parentes
1413 1326 1712 1398 diligentia
1732 1327 1944 1399 poterit
1967 1326 2088 1380 sine

400 1414 527 1468 labe
567 1414 795 1469 sanciri.

1052 1544 1284 1599 DICTIO
1327 1543 1429 1598 XX.

481 1650 552 1702 In
581 1664 711 1707 eum
737 1649 836 1722 qui
866 1649 939 1721 ξὺν
972 1650 1245 1721 lupanari
1274 1652 1531 1705 statuam
1569 1648 1830 1705 Minerva:
1858 1649 2082 1705 locavit.
2127 1644 2167 1698 Β

838 1772 1337 1814 CONTROVERSIA
1380 1773 1658 1813 SEPTIMA

465 1870 701 1939 Semper
740 1865 1202 1920 venerandorum
1243 1866 1503 1936 judicum
1553 1866 1860 1937 ancipitem
1903 1865 2086 1921 credi-

394 1974 523 2013 mus
571 1956 747 2011 fuisse
794 1954 1139 2008 sententiam
1191 1954 1259 2008 de
1327 1954 1657 2008 confusione
1714 1954 1950 2024 peccati.
2005 1954 2089 2008 Ibi

394 2047 722 2117 cognitoris,
778 2060 890 2115 quo
927 2044 1288 2114 potissimum
1334 2050 1613 2116 vergeret,
1662 2045 1831 2098 haesit
1872 2043 2085 2097 delibe-

394 2138 557 2203 ratio,
604 2134 703 2189 ubi
736 2134 911 2187 dubia
942 2134 1161 2188 exstitit
1206 2150 1329 2187 sors
1360 2132 1547 2187 delicti
1575 2150 1587 2187 :
1631 2149 1764 2186 nam
1797 2133 2086 2186 definitio-

396 2242 526 2280 nem
557 2224 814 2295 mquitati
847 2239 1162 2292 congruam
1194 2223 1340 2277 sicut
1369 2224 1507 2277 vitia
1531 2223 1833 2276 manifesta
1852 2222 2089 2292 exigunt

395 2315 473 2369 ita
494 2314 733 2369 obscura
762 2313 1140 2382 suspendunt.
1181 2312 1417 2375 Quando
1461 2312 1518 2366 in
1548 2313 1670 2366 luce
1720 2318 1802 2367 est
1846 2313 2083 2379 facinus,

395 2405 533 2476 quid
562 2404 681 2474 spei
713 2407 972 2456 remanet
1003 2401 1359 2455 addicendo?
1390 2402 1686 2468 Percipite,
1721 2418 1936 2472 quaeso,
1970 2400 2087 2455 ani-

394 2495 526 2563 mis,
583 2498 639 2547 et
672 2493 897 2546 interna
943 2490 1320 2544 aestimatione
1351 2495 1605 2557 tractate,
1643 2491 1829 2561 qualis
1859 2491 1950 2555 sit,
1987 2490 2086 2561 qui

395 2588 453 2636 et
478 2580 819 2651 virginitatis
854 2580 1067 2645 oculos,
1102 2584 1159 2633 et
1180 2580 1472 2649 lupanaris
1496 2584 1712 2633 secreta
1740 2579 1969 2633 violavit
1993 2595 2004 2632 :
2031 2583 2088 2632 et

393 2671 452 2724 in
492 2676 735 2741 utroque
768 2670 1096 2737 sacrilegus,
1134 2684 1237 2722 nec
1268 2668 1485 2739 ﬂagitia
1531 2671 1834 2723 veneratur
1875 2668 2085 2738 quibus

390 2759 685 2814 inimicam
731 2763 932 2812 testem
962 2757 1244 2823 adhibuit,
1280 2764 1334 2811 et
1373 2758 1650 2811 castitatis
1681 2756 1951 2827 profligat
1985 2774 2086 2810 ru-

388 2848 589 2903 borem
623 2864 796 2919 quam
824 2846 1071 2917 indignis
1094 2846 1348 2900 associat.
1374 2847 1679 2916 Expostulo
1697 2850 1821 2912 ate,
1845 2846 2083 2899 humani

2203 439 2518 493 scientiam.
2586 438 2934 493 Pollicentur
2995 438 3150 493 enim
3223 440 3575 509 paenitentia:
3634 446 3891 512 tempore

2202 527 2515 581 honestatis
2546 527 2832 596 affectum,
2858 543 2997 598 quos
3030 527 3200 580 fidem
3237 527 3443 581 videris
3464 528 3733 583 exhibere
3766 546 3885 600 pec-

2200 617 2354 672 catis.
2390 617 2447 671 Si
2488 622 2560 684 te,
2586 617 2980 671 scelestissime
3013 617 3313 671 hominum
3350 624 3479 672 ante
3516 620 3751 673 Veneris
3795 619 3885 673 de-

2200 706 2362 760 lubra
2384 706 2631 776 positum
2667 707 3007 761 stimulasset
3029 707 3289 761 Minerva:
3314 708 3650 775 recordatio,
3675 713 3892 763 utram-

2201 813 2309 867 que
2358 802 2700 867 potestatem
2749 797 2895 850 male
2946 796 3190 866 diligens
3240 796 3461 867 ingenii
3494 799 3576 851 tui
3612 800 3895 852 memoria

2200 885 2485 940 lmsisset?
2533 885 2774 954 fugisses
2814 886 2968 939 illius
2997 885 3376 953 domicilium,
3417 887 3579 957 cujus
3625 888 3895 941 adversa-

2201 975 2342 1028 riam
2370 978 2555 1028 mente
2588 974 2907 1028 retinebas:
2941 974 3040 1044 qui
3072 975 3257 1028 honor
3287 980 3371 1028 est
3396 975 3473 1029 ibi
3505 976 3626 1045 ejus
3650 980 3895 1031 statuam

2199 1062 2522 1130 collocasse,
2556 1062 2653 1116 ubi
2687 1064 2792 1116 dea
2832 1062 3123 1133 pudicitia;
3168 1063 3446 1134 potuisset
3476 1081 3895 1119 commemora-

2198 1152 2354 1206 tione
2390 1151 2636 1207 violari?
2670 1152 3003 1218 Nesciendo,
3046 1152 3478 1219 infaustissime,
3519 1155 3797 1226 gradibus
3830 1155 3894 1209 ad

2198 1240 2423 1311 fastigia
2454 1241 2784 1295 exsecrandi
2815 1242 3023 1295 erroris
3056 1243 3339 1309 accedere,
3364 1260 3510 1312 pene
3538 1244 3893 1315 postliminio

2198 1330 2410 1384 bellum
2470 1330 2625 1385 inter
2684 1331 2964 1384 caelicolas
3022 1331 3290 1385 excitasti.
3346 1333 3549 1386 Vident
3604 1333 3688 1387 illi
3745 1334 3895 1387 oculi

2197 1436 2424 1490 semper
2444 1422 2656 1491 turpia,
2693 1420 2955 1474 detestati
2980 1420 3205 1489 junctos
3237 1422 3486 1492 quadam
3521 1422 3892 1476 obscenitatis

2196 1509 2320 1577 lege
2349 1510 2697 1579 complexus.
2740 1511 2887 1563 Dum
2928 1516 3271 1580 procurante
3305 1516 3357 1565 te
3388 1511 3627 1565 interest
3650 1514 3891 1582 lupana-

2196 1598 2350 1650 ribus
2380 1597 2665 1667 captivum
2696 1614 2945 1666 numen;
2994 1600 3147 1652 solus
3180 1615 3237 1652 es
3287 1599 3386 1669 qui
3425 1600 3727 1653 ostendisti
3765 1616 3886 1654 ser-

2198 1687 2316 1740 vire
2352 1686 2616 1740 humanae
2648 1687 2874 1740 libidini
2909 1704 3253 1758 superorum
3294 1689 3647 1758 potentiam:
3694 1694 3750 1743 et
3784 1689 3895 1744 illis

2198 1792 2294 1829 eos
2324 1775 2638 1846 constringi
2688 1775 2845 1840 locis,
2898 1777 3106 1847 quibus
3138 1776 3353 1830 fuerint
3377 1795 3409 1831 a
3440 1779 3779 1831 mortalibus
3804 1779 3893 1833 de-

2197 1864 2401 1935 putati.
2434 1864 2612 1928 Qnam
2651 1864 2877 1918 dissona
2922 1865 3029 1919 erit
3077 1867 3136 1919 in
3168 1867 3458 1921 adolendis
3502 1868 3766 1936 impensa
3811 1884 3895 1922 sa-

2197 1955 2468 2007 crificiis?
2498 1955 2665 2008 unius
2694 1954 2907 2007 oblatio
2929 1955 3183 2009 numinis
3215 1956 3379 2010 alteri
3402 1957 3558 2011 dabit
3587 1956 3886 2027 injuriam.

2196 2043 2335 2097 Nam
2364 2043 2502 2097 dum
2534 2060 2634 2113 per
2680 2044 3097 2113 providentiam
3143 2050 3302 2099 tuam
3340 2046 3579 2115 simplex
3624 2046 3894 2115 pulvinar

2196 2132 2426 2203 gemina
2473 2149 2810 2202 superorum
2858 2140 3107 2203 potestas
3140 2134 3405 2204 obtinuit,
3443 2142 3499 2188 et
3529 2136 3587 2188 in
3616 2152 3730 2189 una
3773 2136 3894 2189 aede

2195 2222 2380 2291 pudor
2409 2225 2465 2275 et
2517 2222 2740 2275 luxuria
2788 2224 3071 2289 convenit,
3130 2228 3333 2277 neuter
3362 2224 3724 2278 devotionem
3788 2240 3887 2278 no-

2194 2316 2370 2363 stram
2404 2310 2567 2363 favor
2608 2310 2874 2381 aspiciet:
2903 2328 3042 2381 quas
3084 2316 3141 2365 tu
3177 2313 3528 2367 habitatione
3576 2312 3885 2379 miscuisti,

2195 2416 2299 2453 nos
2347 2400 2595 2469 propriis
2644 2400 2981 2453 habebimus
3030 2402 3271 2456 offensas
3327 2401 3657 2456 sacrificiis:
3694 2402 3889 2472 qualia

2196 2493 2365 2542 erunt
2407 2505 2646 2543 munera
2697 2506 2825 2560 quae
2859 2490 3140 2561 gregatim
3190 2491 3464 2561 portanda
3508 2496 3639 2544 sunt
3673 2506 3777 2561 per
3807 2490 3893 2544 in-

2194 2583 2372 2631 cestas
2419 2583 2476 2631 et
2511 2578 2802 2648 virgines?
2845 2596 2958 2632 una
2989 2579 3333 2633 offendenda
3358 2585 3440 2633 est
3485 2580 3798 2647 hilaritate,
3840 2586 3892 2633 et

2194 2666 2422 2720 lascivia
2452 2667 2728 2736 placanda
2770 2668 2965 2722 altera.
3004 2670 3154 2722 [nter
3185 2670 3458 2724 verbenas
3488 2675 3543 2723 et
3578 2668 3747 2721 thura
3783 2669 3886 2722 ho-

2195 2756 2433 2810 stiarum
2468 2756 2576 2810 erit
2611 2772 2778 2810 causa
2807 2763 3118 2826 certamen,
3162 2763 3218 2812 et
3258 2758 3391 2812 inde
3424 2757 3722 2813 efﬁcienda
3748 2757 3890 2811 irata

2194 2846 2456 2911 numina,
2508 2845 2658 2900 unde
2727 2848 3131 2901 mulcentur‘.‘
3177 2846 3527 2902 Submovero
3591 2846 3891 2917 sacrilegis

389 2938 616 3009 generis
650 2942 957 3001 ostentum,
988 2936 1087 3006 qui
1121 2935 1404 2989 levitatem
1439 2943 1595 2990 tuam
1642 2936 1710 2990 ad
1744 2935 2082 3006 erigendum
2122 2928 2162 2983 C
2192 2935 2472 3006 prolixam
2514 2934 2939 2989 narrationem:
2977 2952 3164 2990 moras
3200 2953 3340 3007 quas
3371 2936 3430 2990 in
3469 2936 3594 2990 luce
3624 2952 3761 2989 rens
3805 2952 3893 2989 ac-

387 3028 653 3082 Minervaz
710 3027 1081 3080 simulacrum
1148 3025 1441 3095 religionis
1504 3027 1689 3080 cultus
1761 3026 2078 3093 adduxerit,

389 3116 527 3171 dum
564 3115 912 3187 integritatis
942 3115 1166 3168 hostem
1200 3116 1354 3168 illata
1384 3115 1453 3169 de
1495 3114 1603 3169 loci
1631 3115 1886 3169 faeditate
1922 3131 2081 3169 mon-

388 3210 528 3259 stret
568 3205 816 3276 injuria:
865 3218 970 3257 nec
1012 3203 1395 3257 reverentiam
1425 3207 1480 3256 te
1529 3203 1795 3257 exhibere
1833 3203 2081 3257 Veneriae

384 3293 687 3366 pollutioni
733 3294 938 3348 clamat
972 3293 1261 3362 publicata
1289 3291 1603 3361 corruptio.
1642 3291 1915 3345 Nesciunt
1946 3307 2078 3361 pec-

384 3383 554 3439 candi
584 3382 881 3448 terminos,
917 3382 1015 3452 qui
1049 3381 1120 3435 ad
1152 3381 1670 3450 transgressionem
1720 3380 1946 3433 sceleris
1980 3396 2074 3434 ex-

383 3489 648 3528 cessuum
701 3488 892 3526 amore
940 3477 1360 3541 provocantur:
1397 3470 1636 3523 modum
1681 3468 1739 3523 in
1788 3469 2080 3523 erroribus

386 3562 681 3633 ignorant,
741 3562 839 3631 qui
892 3560 1135 3613 crimina
1204 3559 1425 3613 excelsa
1478 3559 1661 3612 moliti
1720 3563 1869 3611 sunt.
1931 3559 2078 3612 Dum

385 3652 623 3706 Dionem
650 3655 705 3704 et
733 3649 1040 3714 Palladem,
1086 3648 1467 3703 diversissima
1515 3648 1770 3713 numina,
1815 3646 2078 3718 peregri-

382 3741 650 3794 nantibus
670 3738 994 3808 mancipata
1016 3738 1332 3805 sententiis,
1360 3737 1416 3791 in
1440 3754 1616 3791 unum
1638 3737 1913 3791 fabricata
1935 3736 2079 3790 deri-

380 3829 519 3883 dens
544 3835 663 3883 arte
682 3825 1197 3898 conjungis,fecisti
1220 3828 1497 3896 religione
1520 3832 1615 3881 tua
1636 3827 1897 3880 acerbius
1919 3826 2074 3897 quod

379 3917 685 3987 delinquis.
737 3916 845 3970 Res
890 3932 1113 3969 summo
1161 3916 1335 3987 digna
1392 3917 1637 3987 piaculo,
1670 3916 1908 3970 miscere
1954 3915 2076 3968 dis—

379 4005 757 4071 cordantiam,
791 4009 845 4059 et
874 4004 934 4058 in
969 4022 1146 4059 unum
1178 4006 1467 4075 colligere,
1501 4006 1708 4076 quibus
1740 4005 1850 4058 nisi
1884 4020 2077 4059 secre-

378 4099 502 4149 tum
531 4095 886 4166 praestiteris,
920 4095 1292 4149 contumelias
1324 4095 1609 4166 irrogasti.
1643 4094 1884 4149 Creditis
1917 4094 2074 4148 inve-

377 4184 488 4239 niri
528 4183 824 4238 hominem
876 4183 944 4237 de
982 4183 1086 4236 hac
1134 4182 1330 4237 mundi
1372 4184 1604 4253 gemina
1642 4182 2071 4237 conversatione

2192 3024 2383 3093 cipiet,
2438 3024 2585 3077 inter
2644 3025 2926 3094 supplicia
2977 3031 3311 3080 consumat:
3374 3025 3509 3096 quia
3553 3025 3891 3079 devenustat

2191 3115 2536 3168 referentem
2571 3118 2627 3167 et
2655 3113 2976 3168 alienorum
3011 3120 3245 3169 actuum
3282 3114 3597 3185 turpitudo.

2842 3240 3069 3296 DICTIO
3107 3243 3234 3296 XXI.

2188 3348 2263 3402 In
2290 3350 2515 3418 patrem
2541 3347 2868 3419 quemdam,
2893 3348 2992 3419 qui
3010 3364 3139 3402 cum
3167 3347 3353 3419 ﬁlium
3379 3363 3416 3401 a
3435 3348 3630 3419 pirata
3650 3351 3887 3419 captum

2186 3435 2469 3492 redimere
2498 3452 2607 3490 non
2634 3436 2904 3508 dignatus
2937 3439 3099 3505 esset,
3130 3437 3202 3491 ab
3228 3454 3288 3491 eo
3319 3440 3505 3491 tamen
3525 3436 3610 3491 ali
3631 3438 3887 3508 petebat.

2631 3558 3122 3599 CONTROVERSIA
3169 3559 3438 3599 OCTAVA.

2262 3648 2493 3704 Thema.
2546 3651 2672 3704 Lex.
2724 3650 2911 3705 Liberi
2957 3656 3224 3722 parentes
3271 3652 3447 3719 alant,
3504 3655 3603 3705 aut
3631 3650 3891 3705 vincian-

2185 3742 2315 3793 tur:
2350 3738 2579 3792 cuidam
2631 3740 2743 3793 duo
2792 3740 2915 3807 ﬁlii,
2961 3740 3111 3811 frugi
3144 3746 3201 3795 et
3252 3741 3615 3795 luxuriosus:
3665 3741 3887 3810 pirtaas

2185 3828 2418 3897 utrique
2447 3828 2733 3883 incidere:
2766 3830 3119 3899 scripserunt
3150 3830 3298 3899 patri
3349 3830 3416 3884 de
3458 3830 3885 3899 redemptione.

2184 3918 2352 3971 Pater
2384 3933 2515 3971 vero
2561 3918 2805 3973 venditis
2840 3919 3200 3973 facultatibus
3232 3920 3443 3989 piratas
3482 3920 3754 3990 expetiit:
3788 3921 3882 3973 cui

2184 4006 2337 4075 Optio
2370 4006 2500 4059 data
2540 4012 2643 4071 est,
2682 4023 2853 4077 quem
2904 4008 3092 4069 vellet,
3124 4008 3447 4077 redimeret,
3482 4008 3619 4079 quia
3667 4023 3881 4077 parum

2184 4095 2354 4165 pretii
2399 4095 2711 4149 detulisset.
2762 4096 2857 4149 Ille
2906 4098 3080 4166 elegit
3128 4098 3505 4165 luxuriosum,
3556 4097 3694 4168 quia
3725 4114 3884 4168 aeger

2183 4188 2322 4251 erat,
2364 4184 2684 4239 redimere:
2734 4185 2834 4255 qui
2880 4202 3006 4239 cum
3056 4192 3369 4240 reverteret
3405 4187 3464 4240 in
3494 4186 3583 4239 via
3613 4192 3889 4240 mortuus

375 4279 643 4329 neutrum
676 4277 988 4339 tenentem,
1010 4278 1067 4326 et
1087 4288 1190 4325 nec
1213 4273 1459 4325 amicum
1482 4272 1785 4325 virtutibus
1802 4271 2067 4338 existere,
2110 4285 2151 4337 ῐ)
2184 4276 2304 4326 est:
2336 4272 2487 4343 frugi
2510 4274 2721 4343 piratas
2752 4275 2963 4329 evasit:
3002 4280 3164 4345 pater
3194 4276 3333 4347 petit
3366 4275 3588 4329 utalat:
3624 4276 3722 4329 ille
3749 4290 3888 4330 con~

375 4379 477 4418 nec
508 4363 688 4418 ﬁdum
720 4362 871 4416 vitiis
901 4360 1194 4415 inveniri?
1225 4360 1422 4414 Solent
1469 4360 1691 4430 aliquos
1736 4361 1955 4429 erigere
1998 4359 2069 4412 ad

372 4453 702 4523 despectum
748 4451 883 4505 boni
916 4450 1104 4519 operis
1145 4448 1461 4520 patrocinia
1509 4450 1829 4518 culparum,
1880 4453 1935 4501 et
1965 4447 2065 4519 qui

370 4542 439 4596 de
470 4558 671 4611 sapore
695 4540 882 4594 laudis
911 4540 1083 4593 alieni
1107 4542 1259 4605 sunt,
1294 4539 1363 4592 de
1396 4537 1637 4592 licentiae
1676 4538 1841 4608 fruge
1873 4542 2068 4608 gratu-

370 4630 495 4684 lari.
548 4633 617 4683 At
657 4634 710 4683 te
746 4644 875 4699 quin
918 4628 1157 4682 istarum
1189 4642 1382 4681 rerum
1430 4626 1651 4680 invenit
1682 4628 2065 4682 sectatorem?

367 4718 591 4773 meliori
642 4716 833 4770 ordini
880 4717 1194 4771 contrarias
1243 4731 1445 4769 manus
1487 4715 1756 4769 attulisti:
1802 4731 1906 4769 nec
1952 4715 2063 4769 im-

364 4806 559 4877 probis
611 4806 905 4859 sinceriter
960 4806 1260 4860 obsecutus
1319 4805 1464 4859 colla
1513 4804 1886 4858 submitteris.
1932 4803 2057 4871 Odi,

364 4896 652 4968 principes
677 4895 803 4959 viri,
839 4910 1066 4950 morum
1098 4910 1335 4949 suorum
1356 4894 1890 4964 remissosjudices:
1925 4908 2057 4947 con-

364 4986 597 5053 demno,
628 4985 728 5056 qui
752 5001 855 5055 per
901 4984 1315 5056 negligentiam
1359 4999 1695 5038 serenorum
1731 4988 1961 5037 actuum
1995 4982 2054 5037 in

362 5074 603 5131 dubium
633 5076 971 5131 trahuntur:
1006 5074 1408 5130 exsecrabilius
1437 5078 1629 5128 tamen
1658 5073 1908 5128 detestor
1961 5074 2059 5145 qui

437 5219 452 5254 ³
496 5218 715 5285 Schot.,
749 5217 1072 5275 Submoveo.

432 5291 453 5325 ²
492 5289 777 5361 Nunquid
790 5291 890 5355 fas
909 5290 1176 5346 adversus
1200 5286 1641 5358 Quintilianum]
1661 5287 1839 5361 Quem
1854 5288 2057 5361 acutis-

361 5362 574 5416 simum
606 5360 846 5417 Romani
892 5363 1118 5432 generis
1147 5361 1591 5415 declamatorem
1631 5360 1882 5432 appellat
1916 5360 2052 5414 Tre-

357 5432 562 5486 bellius
595 5434 774 5488 Pollio
799 5433 858 5487 in
888 5430 1183 5487 Postumio
1210 5431 1464 5501 juniore.
1500 5431 1786 5486 Ausonius
1814 5430 1884 5486 de
1916 5432 2054 5486 Pro-

358 5503 666 5558 fessoribus

547 5593 653 5643 Seu
682 5593 842 5644 libeat
870 5591 1006 5643 ﬁctis
1034 5591 1283 5643 ludorum
1308 5590 1571 5651 evolvere,
1602 5591 1738 5649 lites,

2174 4360 2420 4416 tradicit.
2446 4362 2603 4415 Actio
2628 4368 2824 4417 contra
2845 4363 3262 4427 Quintilianum
3286 4368 3563 4435 suscepta.
3592 4364 3691 4418 Ille
3714 4365 3877 4419 enim

2181 4456 2400 4522 patrem
2464 4454 2677 4517 tuetur,
2729 4467 2833 4505 nos
2885 4450 3088 4506 filium.
3150 4454 3309 4523 Rogo
3361 4469 3435 4508 ne
3484 4455 3886 4524 arrogantiam

2179 4544 2363 4611 putes,
2396 4538 2493 4609 qui
2524 4539 2753 4609 legeris.

2246 4626 2593 4688 Praefatio.’
2639 4628 2907 4699 Nunquid
2965 4630 3052 4684 fas
3110 4634 3196 4685 est
3249 4630 3521 4685 adversus
3563 4628 3883 4693 Quintilia-

2174 4733 2313 4771 num
2362 4717 2474 4769 nisi
2520 4733 2625 4787 pro
2673 4718 2907 4771 veritate
2938 4718 3169 4774 dicere?
3219 4724 3317 4773 aut
3343 4720 3745 4774 immemorem
3784 4724 3881 4774 sui

2172 4806 2446 4877 loquendi
2485 4805 2618 4861 facit
2665 4806 2930 4874 aviditas,
2983 4809 3082 4880 qui
3126 4809 3327 4863 tribuit
3369 4810 3542 4864 verba
3579 4810 3879 4880 justitiaai

2172 4896 2449 4950 Fallentes
2484 4895 2644 4949 decet
2670 4896 2987 4965 urbanitas,
3026 4898 3165 4951 dum
3196 4899 3461 4969 peniculo
3492 4900 3679 4953 fucata
3707 4916 3881 4954 men-

2170 4984 2314 5038 dacii
2354 4984 2720 5055 peregrinum
2754 4986 3016 5040 decorem
3049 4987 3333 5041 laudanda
3364 4989 3537 5042 verbo
3564 4992 3735 5043 tenus
3774 5006 3881 5045 su-

2168 5072 2275 5129 mit
2305 5074 2564 5130 elocutio.
2591 5077 2735 5130 Sane
2766 5076 2967 5131 solatio
2992 5076 3257 5131 oratoria:
3278 5074 3417 5131 artis
3445 5078 3685 5149 aequitas
3718 5094 3877 5133 asse-

2451 5218 2745 5282 Ancipitem
2775 5220 3004 5283 palmam
3038 5220 3397 5278 Quintilianus
3421 5222 3599 5272 habet.

2163 5298 2370 5362 Quinta
2399 5304 2482 5353 est
2502 5300 2837 5363 Quintiliani
2861 5302 3195 5356 declamatio
3213 5319 3365 5359 manu
3388 5320 3493 5358 neu
3508 5320 3754 5371 EMPTUS,
3774 5310 3873 5361 cui

2163 5371 2498 5425 contradicit
2546 5373 2857 5425 Ennodius.
2920 5374 3136 5427 Thema
3189 5380 3381 5428 autem
3432 5377 3875 5436 controversiae.

2162 5443 2317 5512 quod
2340 5443 2502 5517 apud
2545 5442 2963 5506 Quintilianum
2994 5445 3200 5498 iisdem
3227 5462 3375 5515 pene
3410 5448 3599 5501 verbis
3628 5448 3876 5517 legitur,

2160 5518 2214 5589 et
2263 5513 2630 5589 principium,
2666 5530 2911 5589 quorum
2942 5512 3276 5589 utrumque
3307 5516 3367 5571 in
3419 5519 3669 5589 vulgatis
3688 5512 3876 5575 iibris

2160 5584 2609 5653 desiderabatur,
2643 5600 2709 5640 ex
2733 5585 2985 5657 antiquis
3007 5584 3341 5657 adjecimus.
