4008 6170
176 269 265 321 297
1719 267 2103 322 DICTlONES.

3555 272 3658 325 298

173 403 312 452 ratur
343 415 354 449 :
389 398 536 466 eligo
565 412 859 467 pompam,
896 413 1066 468 quam
1098 397 1354 468 probitas
1375 398 1607 452 defensa
1638 405 1841 469 partu-
1883 402 1926 453 Α
1958 397 2165 452 clamat
2196 397 2493 462 examinis,
2520 397 2784 450 ditiorem
2827 414 2946 450 esse
3005 398 3432 467 quodammodo
3478 416 3509 453 a
3539 417 3653 472 quo

172 488 281 540 riet.
316 487 579 540 Procedat
624 492 819 540 contra
867 486 1403 558 eloquentissimum
1435 487 1619 542 virum
1677 487 1843 542 ccele-

173 576 324 629 stium
350 575 533 628 favore
563 576 784 628 munita
814 575 1150 646 simplicitas
1187 593 1200 629 :
1254 576 1323 630 de
1364 575 1571 631 ﬁducia
1593 578 1844 649 partium

172 671 476 718 nostrarum
561 665 746 718 oritur
819 667 970 736 quod
1056 667 1357 721 audemus.
1431 669 1535 721 Vos
1594 672 1840 734 tantum,

173 758 439 829 principes
518 754 647 819 viri,
739 754 1153 824 benignitatem
1209 763 1475 818 vestram,
1548 757 1701 810 salva
1740 773 1846 810 au-

173 851 302 902 rium
333 846 778 914 animorumque
808 847 1066 898 cautione
1101 851 1398 916 praestate:
1426 863 1495 899 ne
1527 847 1843 900 cothurnus

172 937 251 990 ille
273 933 588 998 sublimior,
630 935 748 986 oris
789 933 1058 986 facultate
1108 951 1220 1002 qua
1266 934 1557 1004 praevalet,
1607 934 1664 988 in
1719 951 1847 1005 pos-

172 1025 396 1078 sessione
443 1040 545 1076 sua
600 1025 792 1076 credat
849 1039 971 1076 esse
1030 1023 1349 1076 victoriam.
1400 1023 1543 1088 Quid
1567 1027 1650 1076 est
1691 1023 1845 1076 aliud

171 1117 420 1167 adversus
456 1113 580 1182 ejus
609 1111 860 1181 impetus
880 1127 984 1164 nos
1005 1112 1224 1181 juvare,
1249 1112 1358 1166 nisi
1382 1111 1845 1184 peregrinantem

172 1205 418 1257 reducere
452 1207 582 1270 post
603 1200 905 1253 intervalla
930 1200 1211 1270 justitiam
1235 1200 1263 1253 ?

229 1289 596 1360 Principium.
677 1289 1018 1354 Gauderem,
1091 1291 1409 1360 cognitores
1487 1288 1842 1359 amplissimi,

170 1379 387 1433 evasisse
450 1393 541 1430 me
617 1378 891 1446 pedorem
955 1379 1220 1445 carceris,
1272 1378 1456 1431 vincla
1506 1378 1845 1448 piratarum,

165 1471 258 1521 nisi
304 1482 569 1536 regresso
606 1465 748 1518 mihi
807 1481 1225 1535 myoparonum
1276 1466 1396 1519 loco
1434 1472 1594 1536 pater
1641 1465 1844 1518 existe-

168 1562 253 1609 ret.
307 1556 529 1619 Quaerit
587 1571 618 1607 a
679 1570 770 1607 me
825 1554 1117 1621 alimenta,
1174 1571 1346 1624 quem
1417 1571 1520 1607 nec
1578 1571 1718 1607 auro
1775 1554 1846 1607 ab

167 1644 422 1710 hostibus,
459 1658 565 1695 nec
597 1641 859 1712 lacrymis
891 1642 1167 1696 liberavit.
1207 1645 1372 1696 Putat
1402 1644 1556 1714 quod
1598 1643 1681 1697 illi
1741 1643 1846 1697 de-

166 1737 276 1788 beat
303 1749 605 1804 regressus
639 1731 764 1800 ejus
794 1730 1094 1800 proﬁcere,
1133 1747 1303 1802 quem
1337 1747 1467 1785 cum
1489 1731 1678 1802 potuit
1731 1747 1850 1786 non

168 1821 402 1875 redemit.
443 1821 678 1874 Frustra
745 1824 970 1889 pastum
1030 1819 1307 1874 beneﬁcio
1339 1821 1482 1890 legis
1551 1820 1846 1890 imploras,

168 1911 247 1979 qui
275 1909 437 1964 factis
472 1910 587 1962 tuis
610 1913 828 1961 naturae
858 1909 988 1978 jura
1040 1909 1278 1963 solvisti.
1326 1909 1589 1964 Exhiberi
1639 1909 1846 1963 victum

169 1999 400 2071 patribus
432 2000 530 2068 jus
564 1998 861 2052 decernit:
897 2014 1010 2052 non
1074 2005 1156 2052 est
1206 2000 1606 2053 tantummodo
1657 2015 1849 2052 sacra-

168 2095 398 2142 mentum
427 2088 582 2141 istud
617 2089 674 2140 in
700 2087 951 2140 nomine.
986 2088 1141 2140 Dicat
1165 2088 1250 2140 vel
1275 2087 1482 2158 pirata,
1508 2089 1551 2141 si
1584 2094 1747 2158 pater
1765 2104 1843 2142 es.

169 2178 436 2232 Meliorem
475 2193 568 2231 me
601 2177 773 2230 fuisse
802 2183 1028 2230 mortuo
1069 2194 1216 2248 saepe
1245 2194 1372 2231 cum
1401 2177 1850 2248 loqueris,‘nun-

165 2283 310 2337 quam
363 2267 630 2320 ostendis
687 2282 826 2330 esse,
877 2282 1006 2319 cum
1051 2267 1286 2335 judicas.
1337 2267 1497 2320 Viam
1548 2268 1848 2337 culparum

166 2357 398 2426 germani
433 2355 767 2410 decedentis
802 2356 1078 2410 attendite
1113 2373 1124 2409 :
1164 2357 1282 2425 ipse
1334 2356 1516 2424 magis
1570 2356 1847 2425 genitoris

165 2447 396 2499 moribus
412 2446 636 2515 paruit,
655 2445 752 2515 qui
774 2446 1041 2516 prmlatus
1059 2451 1171 2510 est;
1198 2461 1302 2515 ego
1326 2462 1440 2516 quo
1466 2445 1658 2498 omine
1673 2445 1847 2498 vitam

165 2551 324 2588 meam
354 2551 471 2606 per
498 2540 804 2587 extraneos
847 2533 916 2586 ab
967 2533 1088 2586 istis
1127 2540 1282 2586 actus
1313 2534 1618 2603 exegerim,
1658 2533 1845 2588 decla-

164 2628 323 2678 ratum
354 2630 448 2677 est
480 2641 613 2677 cum
648 2640 737 2677 me
777 2628 936 2693 pater
981 2623 1350 2692 praedonibus
1385 2628 1587 2692 sponte
1638 2622 1845 2676 dereli-

162 2714 282 2782 quit.
307 2713 514 2766 Valida
539 2712 649 2766 sibi
679 2713 904 2766 videtur
935 2713 1202 2766 adversus
1217 2712 1471 2765 sobolem
1506 2715 1847 2782 argumenta

164 2819 496 2874 proponere,
517 2818 646 2855 cum
679 2801 1108 2872 propensiorem
1125 2801 1365 2870 gratiam
1385 2802 1656 2854 meruisse
1673 2801 1848 2871 jactet

164 2891 496 2962 culpabilem
532 2891 740 2955 tilium,
774 2897 832 2944 et
861 2891 1185 2961 proximum
1237 2891 1566 2962 sepulturae.
1620 2892 1843 2956 Quaeso,

1956 487 2184 558 aliquid
2217 487 2489 558 poscitur.
2523 487 2716 540 Talem
2749 489 3012 540 technam
3056 488 3116 542 in
3138 491 3652 559 supplicationibus

1954 577 2143 631 fucata
2198 579 2382 630 servat
2431 576 2745 644 urbanitas,
2797 582 2856 629 ut
2929 581 3122 632 utatur
3169 580 3487 651 composita
3543 581 3649 636 hu-

1955 666 2198 720 militate
2229 682 2332 736 pro
2357 666 2563 735 jaculis
2605 681 2616 718 :
2673 671 2956 736 quatenus
3011 672 3339 722 commanto
3390 671 3654 742 superba

1955 755 2288 825 abjectionis
2320 755 2462 808 nihil
2497 754 2546 807 ei
2589 755 2879 825 rellnquat
2934 755 3200 819 liberum,
3247 758 3346 829 qui
3393 765 3649 831 rogatur.

1958 844 2257 900 Licitatum
2307 861 2408 915 pro
2460 845 2738 897 ambobus
2790 861 3024 898 censum
3054 850 3313 914 testatur,
3347 864 3518 920 quem
3551 867 3654 922 pro

1956 951 2073 989 uno
2100 937 2317 987 constat
2349 950 2696 1003 expensum;
2724 939 3012 1004 exspectat
3063 936 3356 1006 geminam
3409 940 3652 1010 gratiam

1955 1023 2024 1078 de
2054 1023 2330 1077 beneﬁcio
2361 1023 2656 1092 singulari.
2696 1023 2892 1077 Nescio
2927 1029 3117 1078 utrum
3141 1029 3518 1096 quaerendum
3575 1031 3650 1084 sit

1957 1111 2094 1182 quid
2124 1111 2476 1181 cogitaverit,
2511 1128 2643 1165 cum
2687 1112 2836 1182 apud
2887 1113 3184 1168 universos
3236 1115 3453 1188 liqueat
3515 1119 3656 1190 quid

1957 1199 2170 1254 fecerit.
2200 1201 2471 1253 Exhausit
2505 1201 2756 1270 partium
2783 1206 3013 1255 tuarum
3047 1203 3401 1260 defensiones
3436 1208 3646 1279 pirata,

1959 1289 2057 1360 qui
2087 1291 2155 1343 de
2189 1290 2356 1343 nobis
2417 1291 2679 1360 praestitit
2735 1290 3073 1360 optionem:
3132 1297 3326 1348 teneat
3354 1312 3482 1366 quae
3537 1299 3658 1354 sola

1958 1379 2299 1432 desideravit
2329 1381 2586 1448 sepulcra
2615 1380 2683 1433 de
2715 1380 2831 1434 ﬁlio
2859 1382 3062 1450 pater,
3087 1382 3184 1452 qui
3225 1387 3448 1439 tantum
3481 1389 3656 1443 mori-

1956 1471 2150 1522 turum
2181 1468 2449 1537 redemit;
2473 1487 2602 1522 nam
2631 1469 2729 1540 qui
2761 1471 3283 1540 sauolanguentem
3301 1489 3498 1545 praepo
3520 1476 3655 1543 suit,

1959 1557 2321 1612 denuntiavit
2348 1559 2714 1612 sehorruisse
2747 1560 3031 1614 victurum
3058 1578 3069 1614 :
3093 1561 3234 1632 quid
3257 1562 3325 1618 de
3351 1565 3656 1635 superstite

1887 1689 1928 1743 Β
1959 1659 2181 1718 poscas,
2214 1648 2420 1716 nescio,
2441 1648 2658 1702 habens
2709 1646 2768 1701 in
2801 1649 3190 1707 consolatione
3221 1651 3497 1724 lacrymas
3518 1671 3658 1727 quas

1961 1737 2170 1792 emisti.

2026 1825 2335 1882 Narratio.
2361 1827 2666 1897 Perpetuo,
2717 1826 2956 1898 judices,
3000 1829 3317 1886 honestatis
3374 1833 3658 1891 culturam

1957 1919 2012 1970 et
2067 1916 2126 1970 in
2181 1921 2345 1970 aetate
2425 1917 2668 1986 peccatis
2754 1917 2936 1972 amica
2998 1919 3260 1976 servavi:
3316 1923 3658 1980 subtrahens

1955 2006 2244 2076 impensas
2275 2006 2568 2059 desideriis
2603 2006 2942 2076 puerilibus,
2972 2009 3123 2063 unde
3155 2015 3347 2082 posset
3377 2013 3483 2067 aevi
3515 2030 3656 2084 gau-

1955 2094 2089 2149 dere
2146 2099 2462 2148 maturitas.
2524 2095 2700 2164 Hujus
2749 2096 2833 2150 rei
2891 2097 3218 2167 frugalitate
3281 2101 3522 2157 fecimus
3593 2110 3659 2160 ut

1954 2186 2448 2254 remaneretpatri
2485 2185 2639 2254 quod
2688 2202 2790 2256 pro
2823 2187 3117 2241 luxurioso
3163 2188 3282 2242 ﬁlio
3337 2196 3526 2262 posset
3577 2194 3655 2248 of-

1952 2272 2122 2326 ferre.
2157 2272 2302 2336 Quid
2333 2273 2399 2326 de
2445 2273 2777 2342 patrimonii
2836 2275 3085 2330 exilitate
3118 2278 3408 2332 causaris?
3474 2280 3521 2334 si
3553 2298 3658 2354 par

1953 2361 2209 2416 moribus
2235 2362 2596 2424 exstitissem,
2643 2379 2822 2433 usque
2874 2381 2940 2417 eo
2992 2365 3269 2435 perducta
3317 2384 3407 2422 res
3449 2369 3654 2436 fuerat.

1955 2455 2015 2503 ut
2040 2456 2240 2504 neuter
2271 2451 2806 2520 potuissetabsolvi.
2854 2454 3163 2525 luaequalis
3192 2461 3277 2511 est
3298 2457 3535 2528 arbiter,
3557 2463 3656 2532 qui

1952 2540 2228 2610 proficere
2277 2540 2461 2594 voluit
2518 2541 2683 2594 alteri
2731 2543 2886 2612 quod
2918 2548 3113 2599 nostro
3171 2548 3390 2616 pudore
3460 2552 3656 2607 condi-

1954 2630 2163 2684 dimus.
2225 2630 2513 2694 Quantum
2564 2631 2766 2684 asserit
2825 2639 3064 2702 paterna
3118 2635 3420 2705 districtio,
3488 2656 3658 2695 causa

1954 2719 2115 2773 nobis
2145 2719 2435 2771 diuturnae
2467 2719 2814 2789 captivitatis
2845 2721 3099 2790 probitas
3129 2721 3257 2777 fuit.
3295 2725 3478 2780 Sanus
3529 2728 3655 2784 dili-

1955 2823 2114 2879 gens,
2141 2807 2284 2878 patri
2317 2807 2595 2878 fratrique
2628 2809 2875 2874 sedulus,
2938 2809 3067 2862 talis
3124 2811 3323 2866 reduci
3355 2829 3470 2869 non
3523 2832 3647 2872 me-

1953 2902 2112 2951 retur
2149 2896 2210 2950 in
2269 2896 2558 2965 patriam:
2614 2902 2668 2950 et
2719 2897 2828 2950 nisi
2881 2898 3295 2954 exstitissemus
3337 2918 3452 2956 una
3503 2909 3655 2960 sorte

158 2981 374 3049 judices,
449 2981 820 3051 pronuntiato
864 2980 1001 3049 quid
1047 2980 1301 3033 debeam.
1343 2980 1577 3033 lnterim
1626 2979 1841 3033 clarum
1884 2995 1925 3052 ρ
1955 2985 2183 3055 captivi,
2267 2983 2580 3038 sora-luisset
2655 2984 2996 3055 suspicione}
3051 2991 3247 3040 nostra
3320 2991 3650 3060 regressio:

161 3079 230 3124 est
259 3077 424 3124 meet
460 3070 748 3123 cineribus
799 3069 985 3123 vitiosi
1037 3070 1206 3123 fuisse
1254 3070 1660 3140 postpositum.
1723 3070 1843 3122 Non

160 3161 425 3214 erubescit
452 3159 770 3229 quidquam
789 3159 857 3211 ab
887 3175 952 3213 eo
975 3159 1311 3212 auctoritate
1331 3159 1580 3229 parentis
1599 3159 1842 3227 exigere,

156 3249 206 3302 in
233 3266 336 3320 quo
376 3265 509 3302 esse
542 3248 726 3302 noluit
755 3248 906 3318 quod
928 3252 1170 3303 vocatur.
1209 3248 1432 3302 Utinam
1458 3248 1597 3301 mihi
1643 3247 1712 3301 ad
1742 3248 1844 3301 hos

159 3355 274 3392 usus
304 3338 703 3392 valetudinem
744 3339 1058 3408 piratarum
1114 3343 1312 3392 catena
1357 3338 1733 3392 reservasset!
1767 3338 1844 3391 fa-

155 3445 314 3482 cerem
379 3427 732 3499 praebitione
774 3427 1016 3481 indebiti
1066 3427 1321 3481 alimenti
1378 3432 1599 3497 patrem
1651 3442 1842 3480 meum

156 3518 347 3571 rudore
399 3517 720 3586 captivum,
779 3523 840 3570 ut
891 3517 1136 3586 injustus
1196 3516 1408 3570 arbiter
1475 3517 1542 3569 de
1591 3516 1844 3585 propriae

157 3614 383 3662 aemeret
423 3599 735 3676 iniquitate
760 3607 1080 3660 sententiae.
1106 3606 1278 3660 Cibus
1309 3605 1463 3659 enim
1497 3605 1594 3675 qui
1627 3606 1696 3658 ab
1742 3605 1842 3659 illo

156 3703 462 3761 praestatur,
489 3698 584 3750 cui
615 3696 759 3750 nihil
787 3696 924 3749 boni
970 3696 1230 3761 mereris,
1280 3695 1544 3748 exhaurit
1577 3711 1588 3748 :
1642 3694 1844 3764 jejuna

155 3794 264 3840 sunt
295 3788 606 3840 saturitate
670 3802 771 3839 sua
801 3786 1036 3852 viscera,
1092 3802 1220 3856 quae
1264 3801 1381 3838 non
1440 3785 1650 3838 habent
1705 3801 1844 3838 con-

154 3877 436 3930 scientiam
469 3875 739 3929 beneﬁcii
771 3879 898 3929 ante
927 3874 1134 3929 collati.
1159 3874 1355 3928 Nescio
1374 3874 1507 3944 quid
1526 3873 1592 3927 de
1619 3875 1843 3928 duobus

154 3967 460 4020 tiliishomo
489 3965 588 4018 ille
622 3965 744 4034 spei
775 3982 890 4017 suar
926 3964 1220 4018 residuum
1281 3967 1460 4034 putet,
1497 3963 1596 4033 qui
1659 3979 1839 4016 unum

155 4061 297 4107 terrm
331 4054 615 4119 reddidit,
649 4056 886 4107 alterum
919 4070 1118 4124 passus
1152 4056 1236 4107 est
1265 4053 1323 4107 in
1352 4057 1630 4123 perpetua
1662 4057 1844 4124 rapto-

154 4161 261 4197 rum
290 4143 694 4198 dominatione
726 4144 955 4196 servari.
993 4143 1267 4213 Accipiat,
1301 4141 1408 4196 nisi
1451 4142 1837 4207 confunditur,

156 4235 422 4306 quidquid
455 4235 732 4287 exhausta
747 4233 1038 4302 suppliciis
1058 4233 1314 4286 membra
1332 4235 1693 4301 gemuerunt.
1715 4233 1837 4285 Non

153 4325 264 4376 novi
294 4324 443 4394 quid
475 4338 645 4375 senex
680 4339 710 4375 a
758 4321 1050 4375 debilitate
1095 4321 1315 4390 flagitet
1347 4337 1359 4375 :
1419 4320 1638 4374 interea
1687 4320 1840 4390 quod

157 4413 396 4481 adverto,
420 4427 624 4464 sumus
658 4410 824 4464 ambo
854 4411 1141 4480 pascendi.
1169 4409 1313 4473 Quid
1364 4409 1505 4463 mihi
1556 4409 1840 4462 rationem

156 4501 369 4556 modica:
405 4501 702 4555 facultatis
741 4499 972 4553 adducis
1001 4501 1061 4552 in
1082 4499 1376 4552 medium:
1421 4497 1722 4568 quiunum
1755 4514 1838 4551 re-

155 4589 349 4644 dimere
381 4590 592 4655 voluit,
624 4589 703 4642 sic
725 4589 1102 4642 substantiam
1129 4603 1291 4642 suam
1311 4587 1590 4651 vendidit,
1618 4603 1687 4640 ne
1715 4603 1841 4657 pre-

157 4677 274 4731 tium
299 4697 412 4750 pro
451 4683 697 4749 utroque
721 4678 1032 4732 sufficeret:
1056 4677 1181 4749 quis
1204 4675 1592 4731 infelicitatem
1629 4692 1838 4744 meam,

156 4768 261 4835 quis
292 4767 562 4822 miserias
623 4767 801 4836 possit
857 4767 1182 4838 exponere?
1241 4767 1332 4821 cui
1363 4769 1494 4837 post
1543 4765 1742 4820 Cilicas
1786 4771 1843 4820 et

157 4855 259 4926 ipsa
287 4874 474 4929 quam
531 4856 840 4926 resumpsit
905 4873 1026 4910 esse
1083 4856 1263 4910 fertur
1309 4855 1540 4909 libertas
1563 4854 1842 4909 obnoxia?

157 4945 311 5000 Dicite
339 4962 701 5018 quaesumus,
725 4945 964 5016 judices,
997 4945 1040 4999 si
1076 4951 1131 4998 et
1161 4944 1218 4998 in
1250 4945 1434 5014 patria
1467 4960 1593 4998 mea
1623 4944 1840 4997 debito-

156 5048 229 5087 res
255 5035 792 5108 pronuntiabimur,
824 5034 962 5105 quid
994 5033 1182 5090 evasi?
1206 5033 1436 5088 Addidit
1457 5039 1684 5088 creator
1705 5050 1839 5087 san-

153 5123 431 5179 ctissimns
462 5125 658 5179 dolere
695 5139 783 5178 me
813 5125 967 5195 quod
992 5123 1319 5178 emisissent
1373 5123 1561 5176 vincla
1608 5139 1842 5192 germa-

157 5227 298 5268 num.
323 5214 500 5278 Quasi
520 5230 655 5268 vero
678 5218 901 5267 tantum
933 5231 963 5266 a
993 5213 1157 5267 nobis
1180 5211 1368 5282 exigat
1412 5216 1620 5266 natura
1675 5211 1843 5265 servi-

153 5301 306 5366 tium,
327 5308 393 5355 ut
425 5306 756 5374 compenset
789 5301 972 5371 erepti
1001 5301 1162 5355 fratis
1177 5300 1434 5354 hilaritas
1452 5301 1600 5370 quod
1621 5317 1843 5354 reman-

156 5388 211 5441 si.
244 5394 518 5445 Amorem
550 5390 825 5446 debemus
883 5389 1070 5443 carnis
1113 5389 1279 5443 sociis
1310 5389 1552 5442 absoluti
1583 5406 1594 5443 :
1628 5389 1843 5443 credite

155 5477 355 5534 dicenti
378 5481 678 5536 manifesta
711 5479 1010 5534 :nesciunt
1043 5478 1259 5532 intrare
1298 5478 1366 5532 de
1397 5479 1576 5532 altero
1636 5479 1844 5548 gaudia

159 5565 446 5624 hominem
466 5587 564 5642 pro
585 5586 645 5624 se
664 5569 983 5624 timentem.
1003 5567 1152 5623 Illud
1170 5567 1322 5622 enim
1344 5567 1655 5638 improbati
1685 5583 1842 5623 more

510 5659 787 5724 PATBOL.
840 5657 1058 5723 LXlll.

1957 3074 2202 3143 aequales
2218 3072 2537 3125 calamitate
2571 3071 2820 3138 fuimus;
2847 3074 2943 3127 sed
2975 3075 3151 3142 patris
3189 3093 3381 3133 amore
3436 3079 3653 3136 distan-

1953 3166 2056 3217 tes.
2092 3163 2242 3216 Felix
2280 3161 2516 3215 luxuriae
2557 3161 2828 3231 suffragio
2854 3163 3100 3231 juvenis,
3149 3169 3204 3217 et
3223 3170 3354 3220 ante
3386 3183 3656 3240 magnam

1953 3254 2174 3322 partem
2209 3249 2534 3305 communis
2572 3250 2833 3303 exhausit
2871 3252 3222 3322 substantiae,
3256 3259 3313 3309 et
3363 3255 3472 3328 ipsi
3518 3275 3654 3329 pro-

1951 3341 2061 3395 fuit
2089 3339 2558 3410 quodremansit.
2604 3339 2684 3392 Me
2736 3340 3034 3410 miserum,
3059 3346 3115 3395 et
3163 3359 3391 3415 semper
3416 3351 3657 3416 paterna

1945 3429 2301 3500 judicatione
2323 3428 2636 3500 captivum!
2677 3429 2896 3482 Prolusi
2928 3429 2988 3484 in
3021 3447 3159 3501 pace
3199 3437 3332 3487 ante
3355 3437 3506 3506 quod
3531 3454 3658 3509 per-

1949 3520 2094 3584 tuli;
2130 3524 2185 3573 et
2214 3520 2351 3572 dum
2401 3519 2538 3571 recti
2592 3518 2700 3572 iter
2741 3523 2930 3586 teneo,
2996 3518 3206 3573 indicio
3258 3523 3654 3598 parcimonias,

1951 3608 2200 3678 qualiter
2229 3609 2584 3662 interhostes
2600 3608 2905 3675 viveretur,
2927 3609 3136 3678 agnovi
3161 3608 3172 3664 !
3201 3610 3342 3666 Hinc
3363 3601 3447 3668 est
3478 3617 3650 3687 quod,

1949 3697 2074 3751 cibo
2116 3713 2288 3768 quem
2347 3696 2696 3752 ministravit
2758 3696 2952 3749 feritas
3004 3697 3103 3751 illa
3164 3703 3489 3765 contentus,
3539 3703 3654 3759 vixi

1949 3785 2100 3840 inter
2133 3783 2334 3838 ultima
2355 3784 2555 3838 solatio
2604 3785 3054 3852 consuetudinis,
3105 3802 3224 3840 non
3293 3788 3654 3847 humanitate

1951 3873 2214 3944 raptoris.
2247 3874 2448 3937 Quaero
2483 3873 2581 3943 qui
2617 3891 2705 3928 me
2731 3875 2977 3929 servavit
3007 3892 3143 3930 usus
3207 3876 3304 3932 ille
3348 3878 3651 3952 frugalior,

1950 3963 1996 4018 si
2025 3962 2177 4034 aequi
2198 3963 2562 4016 observantia
2588 3969 2816 4032 patrum
2853 3971 3106 4019 meretur
3139 3966 3425 4023 offensas?

2022 4052 2289 4121 Objectio.
2325 4053 2471 4116 Quid
2497 4055 2648 4123 quod
2677 4054 2952 4109 barbarus
2983 4056 3186 4111 dixisse
3251 4075 3310 4111 se
3364 4061 3650 4130 perhibet,

1952 4143 2126 4198 Unius
2161 4143 2408 4213 pretium
2437 4142 2758 4212 pertulisti?
2793 4144 3051 4199 debitum
3093 4162 3319 4216 semper
3368 4149 3654 4221 accipiunt

1955 4232 2176 4299 objecta
2207 4245 2562 4300 responsum.
2597 4231 2675 4284 De
2706 4231 2864 4284 nulla
2889 4232 3212 4301 pependisti
3237 4233 3501 4290 auctione
3533 4239 3653 4292 sol-

1952 4321 2182 4375 licitus:
2241 4335 2447 4372 aurum
2505 4319 2658 4390 quod
2712 4319 3050 4375 exhibueras
3107 4326 3238 4376 ante
3278 4339 3474 4392 preces
3540 4326 3651 4382 ini-

1950 4411 2232 4464 micorum
2254 4408 2431 4461 oculis
2454 4407 2732 4462 obtulisti.
2771 4409 2916 4462 Dum
2943 4410 3021 4463 sic
3053 4410 3155 4464 tibi
3203 4411 3474 4467 universa
3513 4431 3646 4486 pro-

1951 4499 2236 4563 cederent,
2269 4513 2300 4550 a
2347 4496 2504 4549 nullo
2559 4497 2748 4566 potuit
2783 4497 2997 4568 ambigi
3043 4515 3155 4570 quo
3206 4499 3494 4558 sufﬁceret
3553 4505 3652 4560 de-

1953 4587 2176 4640 sideriis
2207 4587 2320 4640 tuis
2351 4585 2518 4639 unius
2546 4585 2825 4640 liberatio.
2863 4588 2983 4641 Mox
3015 4592 3207 4642 tamen
3248 4594 3312 4643 ut
3351 4590 3450 4645 illa
3505 4593 3654 4650 intra

1952 4677 2170 4747 repleta
2191 4675 2453 4747 squalore
2486 4675 2684 4728 mortis
2717 4675 2960 4744 intrasti,
2987 4676 3121 4746 quid
3157 4693 3306 4732 esses
3333 4677 3650 4749 lelecturus,

1952 4771 2258 4836 antequam
2281 4764 2577 4834 optionem
2609 4763 2884 4817 tribueret.
2916 4765 3118 4834 pirata,
3170 4768 3474 4837 cognovit:
3536 4787 3652 4826 non

1951 4854 2244 4911 descendit
2296 4853 2401 4906 ista
2429 4852 2500 4906 de
2550 4868 2743 4906 amore
2795 4854 3127 4924 trepidatio;
3179 4856 3323 4911 nihil
3401 4859 3654 4916 ostendit

1951 4943 2307 5013 ambiguum,
2343 4941 2441 5011 qui
2471 4940 2538 4994 de
2563 4940 2790 4994 duobus
2820 4942 2954 4995 ﬁliis
2986 4959 3088 5014 per
3119 4945 3317 5000 omnia
3347 4945 3510 5017 signa
3564 4948 3651 5003 di-

1950 5033 2220 5103 ligentiae,
2281 5031 2443 5102 quasi
2498 5031 2568 5085 ad
2611 5047 2790 5085 unum
2835 5032 3103 5098 venisset,
3154 5035 3477 5088 annuntiat.
3518 5037 3652 5092 Post

1950 5139 2243 5193 egressum
2276 5126 2436 5174 tuum
2462 5119 2728 5173 fortiores
2765 5136 2855 5174 me
2890 5126 3174 5176 arctavere
3205 5123 3476 5178 custodiae
3509 5139 3524 5179 ε
3562 5125 3651 5180 di-

1949 5210 2173 5267 vinitati
2198 5209 2429 5278 gratias,
2461 5208 2504 5260 si
2525 5209 2845 5262 libertatem
2878 5225 3064 5263 meam
3115 5214 3172 5264 et
3200 5210 3293 5264 hic
3350 5212 3642 5281 tutaverit,

1952 5298 2105 5371 quod
2128 5297 2300 5351 evasi.
2337 5298 2457 5350 Tua
2503 5296 2737 5351 interim
2778 5297 2845 5350 ad
2879 5297 3139 5351 inimicos
3187 5314 3383 5352 vocem
3425 5299 3653 5356 videtur

1949 5388 2206 5466 emisisse
2247 5386 2554 5455 sententia,
2603 5386 2712 5440 nisi
2743 5387 2994 5440 studiose
3016 5402 3188 5456 quem
3219 5386 3502 5460 [relinquo
3527 5406 3650 5446 ser-

1951 5482 2132 5544 vetur,
2165 5478 2462 5546 elapsurus
2506 5481 2609 5530 est.
2669 5476 2782 5530 Diis
2815 5475 3055 5529 ducibus
3096 5475 3234 5546 fuga
3277 5484 3474 5535 nostra
3518 5485 3653 5536 ante

1953 5565 2150 5620 oculos
2181 5564 2438 5618 hostium
2459 5564 2642 5618 locata
2671 5563 2869 5618 efficax
2899 5561 3024 5617 fuit.

3172 5661 3254 5720 10
