4060 6174
379 241 483 294 299

1612 231 1896 289 ENNODII
1936 232 2256 291 EPISCOPI
2293 233 2686 290 TlClNENSIS
3769 238 3865 289 300

449 372 752 426 Euenus.
801 372 1098 435 Prmterea,
1161 373 1222 420 ut
1256 371 1338 419 est
1398 365 1556 418 fandi
1591 366 1840 436 locuples
1891 370 2073 435 pater,
2113 372 2424 422 Amaccm.
2483 368 2648 422 Miror
2700 370 2911 434 tamen,
2966 366 3075 421 nisi
3104 368 3257 438 quod
3306 368 3481 440 effugi
3520 370 3588 424 de
3617 370 3869 425 barbaris

376 466 433 515 et
456 458 679 515 vivendi
712 458 1087 513 diuturnitate
1120 455 1315 510 didicit
1376 459 1723 525 praesentare
1779 454 1933 525 quod
1990 455 2073 509 lo-

377 550 596 622 quitor,
629 550 840 603 callens
870 548 1161 616 impenere
1190 544 1590 599 necessitatem
1638 544 1922 597 mentibus
1970 559 2075 613 per

377 639 661 706 auditum,
704 638 843 693 dicit
900 634 1260 691 omnibusin
1318 634 1677 688 humanitate
1734 633 2073 703 degentibus

377 729 570 784 cibum
599 745 719 784 esse
750 741 1137 794 communem,
1171 728 1225 779 et
1256 724 1325 778 ab
1353 722 1480 777 uno"
1504 723 1726 793 ﬂagitat
1757 724 1909 794 quod
1959 739 2073 777 non

374 819 509 875 licet
540 832 891 891 quemquam
915 832 1149 887 negare,
1184 813 1529 885 generaliter
1571 814 1825 884 allegans
1880 812 2073 866 deberi

373 908 654 964 universis
688 905 967 979 quidquid
1001 908 1147 958 terra
1201 902 1556 974 produxerit.
1610 902 1718 957 Sed
1761 902 1990 973 quando
2015 903 2073 956 in

374 1013 740 1054 communem
775 1012 941 1049 usum
974 1011 1137 1065 seges
1168 993 1453 1047 triticeam
1482 992 1739 1047 sobolem
1773 996 1829 1047 et
1895 992 2075 1063 liquo-

376 1103 499 1140 rem
522 1086 712 1140 vineta
741 1083 1080 1149 fundebant,
1117 1098 1222 1136 nec
1247 1081 1461 1136 viritim
1493 1081 1661 1135 tellus
1707 1084 1827 1134 erat
1882 1079 2073 1133 distri-

373 1175 512 1231 buta
540 1173 855 1229 cultoribus
898 1190 911 1227 :
944 1173 1136 1226 nullus
1166 1172 1315 1225 inter
1344 1172 1537 1225 hostes
1567 1169 1752 1224 ﬁlium
1808 1169 1887 1223 sic
1941 1169 2072 1222 reli-

372 1266 516 1338 quit,
563 1267 629 1319 ut
686 1264 1014 1318 crederetur
1089 1260 1339 1332 gemitus
1423 1261 1745 1331 praetulisse
1805 1258 2070 1313 servitiis.

372 1370 577 1424 gnoro,
602 1352 847 1425 judices,
890 1354 1196 1422 postquam
1230 1349 1469 1419 elegerit
1514 1349 1817 1418 lacrymas,
1878 1348 1946 1401 de
1980 1363 2072 1401 su-

374 1442 614 1514 perstite
644 1441 781 1513 quid
808 1439 1082 1512 requirat.
1118 1439 1228 1494 Sed
1265 1442 1481 1492 metum
1540 1437 1701 1492 nobis
1732 1436 1874 1507 legis
1920 1436 2075 1505 obje-

374 1536 510 1601 ctat,
543 1536 596 1585 et
628 1531 780 1601 quod
804 1530 953 1584 inter
982 1532 1249 1600 parentes
1299 1536 1356 1582 et
1384 1528 1593 1581 liberos
1648 1527 1923 1593 scriptum
1968 1530 2071 1592 est,

376 1620 486 1675 sibi
511 1619 705 1675 deberi
734 1618 875 1680 vult,
905 1618 1005 1689 qui
1027 1618 1170 1672 nihil
1203 1616 1457 1671 exhibuit
1480 1617 1547 1671 de
1569 1620 1825 1687 parente.
1858 1616 2069 1669 Volun-

374 1714 555 1764 tatem
587 1712 865 1775 nostram,
901 1708 1037 1763 dum
1098 1707 1382 1777 cogimur,
1417 1706 1655 1777 quaerit;
1680 1710 1736 1759 et
1793 1704 2076 1759 desiderat

379 1801 486 1855 hoc
540 1816 641 1854 nos
690 1798 960 1853 exhibere
1002 1796 1223 1868 pietati,
1276 1796 1427 1867 quod
1480 1795 1601 1866 ipse
1647 1794 1936 1866 professus
1992 1798 2078 1849 est

376 1893 741 1946 excusantem
776 1904 891 1943 non
918 1904 1088 1958 posse
1151 1902 1360 1958 negare
1425 1885 1739 1941 formidini.
1802 1885 2076 1957 Nunquid

376 1978 783 2033 misericordiae
833 1976 992 2031 locus
1022 1981 1105 2031 est
1155 1977 1251 2030 ubi
1298 1977 1469 2030 instat
1527 1974 1878 2046 imperium?
1923 1975 2077 2046 quod

373 2083 495 2121 non
534 2066 667 2121 licet
689 2066 967 2131 subtrahi,
994 2081 1111 2119 non
1143 2081 1446 2135 possumus
1496 2065 1683 2118 dicere
1734 2064 2077 2118 liberalitate

372 2156 659 2222 conferri;
692 2154 999 2209 clementia
1019 2152 1126 2207 nisi
1157 2153 1410 2224 ingenua
1442 2169 1556 2207 non
1593 2156 1830 2207 vocatur
1871 2152 2076 2223 :quid-

372 2244 514 2315 quid
562 2260 677 2299 non
704 2244 838 2299 dare
867 2243 1167 2314 praevales,
1188 2241 1669 2296 ceuintermunus
1711 2245 2003 2311 computa,
2032 2239 2079 2293 si

378 2333 604 2390 dedisti.
630 2336 701 2388 At
756 2334 1027 2404 frequens
1082 2332 1249 2386 nobis
1306 2336 1525 2385 natura:
1570 2331 1796 2385 iteratio
1837 2335 1893 2385 et
1941 2346 2078 2383 san-

375 2428 533 2478 ctum
567 2422 843 2479 creatoris
868 2422 1099 2495 [nomen
1159 2421 1413 2489 obsistet,
1472 2420 1637 2492 quasi
1688 2436 1861 2473 usura
1913 2420 2075 2486 lucis,

372 2512 524 2567 dono
554 2516 721 2583 parta
750 2511 1085 2578 caelestium,
1138 2509 1289 2564 inter
1336 2510 1435 2563 illa
1464 2526 1592 2580 qum
1644 2509 1713 2564 ab
1744 2508 2078 2563 hominibus

370 2601 710 2657 tribuuntur
739 2601 916 2673 possit
964 2599 1213 2654 ascribi:
1274 2598 1639 2670 sacrilegium
1699 2603 1785 2652 est
1838 2614 2078 2669 supero—

374 2707 508 2748 rum
537 2690 955 2762 indulgentiam
981 2705 1177 2743 semen
1210 2688 1415 2743 dixisse
1449 2687 1801 2756 mortalium,
1861 2688 1928 2741 de
1959 2688 2079 2740 sola

374 2781 553 2836 habet
586 2780 827 2836 libidine
878 2778 1279 2834 testimonium
1339 2784 1504 2849 pater
1554 2778 1821 2832 crudelis.
1879 2777 2079 2847 Jungit

374 2871 554 2926 etiam
586 2870 856 2926 oneribus
886 2870 1050 2931 meis,
1087 2868 1224 2923 dum
1258 2867 1505 2938 reposcit
1543 2867 1742 2922 solatia
1798 2866 2073 2933 destituti,

2180 462 2344 527 pater
2376 458 2639 511 intulerit
2672 474 2683 510 :
2716 457 2857 510 nihil
2881 462 2967 510 est
2995 457 3145 511 unde
3170 458 3530 512 declinentur
3548 460 3867 531 praedones,

2183 547 2228 599 si
2252 564 2370 600 sors
2407 547 2529 617 ipsa
2570 552 2843 616 sequatur
2900 546 2960 599 in
3000 546 3268 617 patriam,
3302 564 3415 601 una
3446 553 3550 617 est,
3594 555 3873 620 quantum

2181 636 2368 703 video,
2423 636 2690 708 genitalis
2739 636 2843 689 soli
2892 640 2946 690 et
3005 636 3487 707 peregrinationis
3540 638 3871 707 adversitas,

2182 742 2284 779 nec
2314 726 2508 796 dispar
2560 724 2885 779 amaritudo
2932 724 3305 780 redeuntibus
3349 730 3403 780 et
3446 727 3705 797 captivis.
3769 728 3869 779 Ne-

2182 831 2473 886 quaquam
2504 820 2698 869 tamen
2732 814 2868 885 quid
2906 813 3128 869 intersit
3170 815 3418 887 invenio,
3472 832 3577 870 nec
3607 832 3736 887 quae
3769 832 3875 885 po-

2181 901 2469 955 tissimum
2509 903 2754 956 cervices
2786 920 2942 957 meas
2971 907 3171 959 catena
3219 908 3407 958 nectat
3452 904 3722 975 inquiro:
3794 904 3868 956 ri-

2182 991 2367 1061 gentis
2387 990 2520 1044 ferri
2552 1008 2732 1046 nexus
2774 991 3084 1059 incurram,
3117 999 3215 1047 aut
3240 993 3390 1063 gulae
3441 994 3688 1063 vectigal
3723 992 3876 1046 exhi-

2182 1079 2368 1147 beam,
2404 1097 2518 1134 una
2538 1081 2789 1135 conditio
2832 1086 2933 1136 est.
2983 1082 3219 1153 Jejunus
3242 1083 3438 1153 epulas
3485 1082 3725 1153 portabo
3796 1098 3877 1135 sa-

2184 1169 2338 1235 tiato,
2375 1174 2447 1232 et,
2502 1170 2656 1241 quod
2707 1175 2791 1224 est
2838 1172 3109 1239 deterius,
3166 1188 3282 1226 non
3343 1173 3575 1227 amanti.
3636 1172 3873 1235 Quantis

2184 1257 2373 1313 oblata
2406 1276 2435 1313 a
2458 1276 2549 1313 me
2612 1260 2871 1331 projiciet
2897 1261 3194 1329 alimentaf
3228 1261 3502 1316 fastidiis?
3534 1278 3647 1332 quo
3704 1261 3877 1315 devo-

2180 1346 2398 1401 tionem
2429 1365 2615 1402 meam
2648 1350 3195 1420 rancorepalcabit?
3238 1351 3414 1405 homo
3445 1366 3616 1421 quem
3657 1351 3879 1404 miseri-

2182 1436 2412 1491 cordem
2446 1436 2677 1505 habere,
2710 1444 2766 1493 et
2816 1439 2949 1492 dum
3013 1455 3195 1492 essem
3256 1439 3404 1493 inter
3441 1444 3712 1505 extrema,
3767 1456 3875 1493 non

2183 1527 2367 1597 potui.
2404 1529 2479 1581 Ex
2515 1545 2680 1598 aequo
2713 1545 2802 1583 me
2821 1533 2876 1582 et
2904 1544 3242 1599 germanum
3259 1544 3449 1583 meum
3483 1528 3879 1598 redemptione

2184 1616 2393 1671 litteris
2432 1618 2756 1688 poposcisse
2812 1618 3134 1688 denuntiat,
3194 1619 3428 1689 paribus
3459 1617 3879 1672 absolutionem

2188 1706 2525 1776 implorasse
2574 1707 2853 1777 lacrymis,
2908 1708 2966 1761 in
3017 1707 3191 1761 simili
3249 1707 3883 1779 epistolasconstitutos

2188 1799 2336 1848 sorte
2395 1794 2650 1849 dictasse.
2692 1796 2814 1849 Non
2877 1813 3076 1863 renuo,
3131 1814 3245 1850 non
3301 1797 3508 1861 refuto,
3556 1796 3766 1851 habeat
3818 1798 3882 1851 de

2186 1883 2291 1937 hac
2324 1884 2645 1954 objectione
2695 1886 3012 1939 victoriam.
3062 1887 3207 1941 Illud
3267 1890 3458 1940 tamen
3490 1886 3699 1957 ﬂagito,
3755 1903 3883 1957 quae

2188 1990 2356 2027 causa
2385 1973 2584 2027 fecerit
2613 1978 2677 2027 ut
2697 1974 2844 2044 quod
2906 1975 3017 2028 duo
3065 1980 3473 2045 poposcerunt,
3528 1976 3750 2030 duobus
3803 1981 3885 2029 est

2188 2063 2468 2131 debitum,
2504 2080 2653 2116 unus
2685 2064 3011 2134 acceperit?
3036 2066 3144 2119 Pro
3164 2066 3420 2135 utrisque
3435 2066 3614 2119 maria
3631 2065 3883 2125 intrasti,

2189 2157 2243 2206 et
2268 2151 2540 2223 liquentis
2572 2153 2839 2206 elementi
2884 2153 3091 2219 minas,
3153 2160 3431 2225 quantum
3484 2156 3884 2225 asseris,?pie—

2187 2246 2298 2295 tate
2333 2242 2473 2295 duce
2503 2242 2773 2295 transisti.
2804 2242 2940 2305 Quis
2995 2243 3064 2297 de
3117 2243 3347 2313 gemina
3400 2243 3633 2297 caritate
3690 2246 3886 2297 credat

2186 2330 2411 2384 homini
2429 2347 2556 2384 cum
2579 2347 2690 2384 uno
2714 2330 3010 2385 redeunti?
3039 2332 3343 2402 Nunquam
3363 2331 3757 2386 misericordia
3773 2332 3884 2386 nisi

2187 2419 2506 2490 periclitata
2546 2420 2842 2485 laudatur;
2903 2436 3016 2490 quo
3069 2421 3290 2490 pudore
3350 2426 3626 2476 'cessante
3679 2421 3883 2476 effectu

2186 2510 2535 2579 praedicatur
2581 2509 2844 2563 affectio?
2879 2510 3153 2580 Nunquid
3184 2525 3410 2580 semper
3450 2515 3731 2565 secretum
3781 2528 3884 2582 pe-

2188 2599 2362 2652 ctoris
2418 2598 2724 2652 innotescit
2776 2598 3054 2653 veraciter
3128 2600 3282 2654 clave
3320 2599 3645 2654 sermonis?
3697 2601 3886 2671 pietas

2188 2703 2315 2757 qua:
2346 2704 2459 2741 non
2484 2688 2655 2741 etiam
2690 2692 2847 2742 muta
2870 2687 3044 2742 rebus
3092 2692 3340 2756 tenetur,
3403 2692 3692 2743 ostentum
3780 2696 3881 2743 est.

2190 2778 2343 2831 Inter
2366 2792 2563 2830 omnes
2594 2778 2857 2831 homines
2893 2778 3225 2832 inconvulsa
3283 2795 3445 2833 amor
3504 2780 3692 2833 radice
3744 2780 3886 2833 sub-

2189 2866 2368 2932 sistet,
2404 2866 2449 2919 si
2477 2868 2625 2921 valet
2657 2868 2763 2921 ista
2785 2868 3042 2938 jactatio.
3105 2870 3213 2922 Lex
3246 2868 3420 2922 dicit:
3466 2870 3584 2922 Aut
3604 2868 3755 2935 alat,
3788 2872 3888 2922 aut

374 2961 572 3016 dicens
596 2960 703 3015 sibi
737 2959 1024 3014 civitatem
1068 2958 1321 3029 potuisse
1379 2948 1730 3020 succurrere,
1787 2956 1847 3010 ni
1898 2956 2077 3011 redis-
2118 2967 2156 3021 c
2186 2955 2491 3009 vinciatur.
2528 2957 2747 3011 Clamat
2777 2963 2979 3028 pater:
3016 2959 3230 3012 Pastas
3278 2957 3386 3011 iste
3403 2958 3651 3029 parenti,
3711 2959 3806 3012 vel
3832 2960 3887 3012 si

373 3066 517 3106 sem.
541 3050 684 3114 Quid
708 3049 864 3104 aliud
891 3049 1158 3102 voluntas
1188 3048 1298 3101 ista
1321 3047 1664 3111 manifestat,
1695 3046 1804 3100 nisi
1831 3050 1893 3099 ut
1945 3062 2073 3099 rur-

374 3157 474 3195 sus
504 3156 595 3193 me
628 3138 817 3209 pirata
847 3136 1120 3208 suscipiat
1151 3153 1164 3190 :
1219 3136 1264 3189 si
1285 3136 1473 3207 gravis
1522 3141 1609 3190 est
1637 3136 1894 3205 inempta
1934 3134 2073 3188 visio

374 3225 552 3299 prolis
581 3231 732 3293 tuae;
766 3230 940 3292 certe,
974 3227 1061 3280 vel
1089 3224 1249 3295 quod’
1282 3226 1430 3279 soles
1462 3240 1669 3294 magno
1719 3239 2072 3293 comparare,

378 3332 575 3371 meum
612 3316 841 3369 bustum
874 3315 995 3367 sine
1040 3313 1225 3384 pretio
1264 3312 1581 3384 possidebis
1614 3329 1626 3367 :
1660 3317 1793 3367 aetas
1845 3312 2075 3383 quidem

376 3405 686 3476 pollicetur
716 3403 1029 3469 vitam,sed
1066 3407 1486 3457 tormentorum
1520 3402 1878 3471 magnitudo,
1902 3417 2077 3472 quam

376 3494 734 3548 acerbiorem
766 3498 817 3547 te
843 3492 1097 3564 digresso
1124 3492 1357 3562 pertuli,
1389 3492 1672 3563 promittit
1697 3492 1952 3545 exitium.

448 3582 760 3653 Exempla.
797 3581 1013 3635 Deinde
1031 3578 1324 3652 protulisti
1356 3579 1618 3649 exempla
1637 3584 1876 3648 paterno
1904 3579 2079 3649 digna

376 3672 672 3744 proposito
705 3687 718 3725 :
750 3671 846 3726 sed
881 3670 1358 3742 interpretatione
1382 3669 1709 3723 viluerunt:
1741 3669 1902 3739 quasi
1941 3674 2079 3723 aetas

379 3778 523 3817 cana
570 3761 869 3817 desideriis
925 3760 1039 3815 tuis
1092 3760 1357 3827 formam,
1425 3765 1482 3814 et
1534 3776 1647 3813 non
1695 3759 2078 3814 imitationem

380 3851 594 3906 sanctis
625 3848 957 3923 praestiterit
988 3848 1284 3903 institutis.
1336 3848 1482 3912 Quid
1513 3849 1708 3919 magni
1738 3851 1928 3903 AZneee
1966 3848 2077 3902 hu-

381 3940 526 3997 meri
582 3939 853 4011 ponderis
915 3939 983 3994 de
1033 3938 1304 3993 creatoris
1366 3938 1511 3993 fasce
1567 3938 1912 3993 senserunt?
1984 3941 2083 3991 aut

378 4030 590 4102 pressit
617 4030 1091 4100 ﬁliumcorpore;
1120 4028 1280 4099 cujus
1331 4028 1452 4099 ipse
1512 4028 1620 4082 fuit
1646 4044 1797 4099 saepe
1854 4028 2081 4098 bajulus

378 4118 648 4176 actione?
692 4119 787 4173 Vis
836 4118 978 4174 scire
1034 4118 1169 4190 quia
1213 4116 1359 4187 eripi
1411 4117 1480 4170 de
1528 4117 1785 4171 hostibus
1826 4115 2081 4170 meruit?

380 4216 510 4266 ante
538 4210 731 4265 oculos
776 4210 1022 4264 locatum
1064 4213 1147 4262 est
1206 4208 1359 4279 quod
1414 4206 1617 4273 noluit,
1674 4221 1745 4259 ne
1798 4208 2078 4275 gravaret,

380 4300 621 4357 credens
652 4300 760 4355 sibi
793 4300 1148 4371 sepulturam
1174 4296 1604 4367 procumbentis
1626 4294 1711 4348 Ilii
1732 4295 1900 4348 ruina
1927 4311 2079 4365 pra)-

381 4391 555 4446 stari:
590 4396 646 4445 et
673 4406 743 4444 ne
769 4387 1175 4459 procedentem
1209 4390 1409 4439 natum
1440 4384 1553 4437 vita
1574 4381 1897 4453 digniorem
1930 4382 2080 4436 seni-

383 4480 458 4534 lia
489 4479 751 4535 membra
780 4479 1116 4543 retinerent,
1148 4491 1412 4528 occasum
1453 4473 1692 4527 civitatis
1747 4472 1888 4526 dixit
1947 4473 2081 4526 satis

381 4584 501 4622 esse
537 4584 644 4637 pro
675 4567 915 4620 tumulo.
944 4567 1040 4619 Ille
1086 4563 1457 4635 praedonibus
1489 4562 1761 4615 evadente
1830 4561 1947 4615 tilio
1995 4578 2081 4614 re-

384 4672 618 4712 manere
642 4655 822 4709 voluit
851 4671 864 4709 :
906 4654 1176 4709 remeasti
1208 4653 1277 4707 ad
1308 4651 1550 4722 patriam
1578 4656 1642 4704 tu
1662 4650 1878 4705 relicto.
1935 4651 2080 4715 Quid

383 4744 602 4801 nobilia
631 4744 909 4815 Scipionis
939 4760 1042 4814 pro
1086 4743 1349 4815 genitore
1380 4758 1481 4796 suo
1529 4741 1677 4796 facta
1729 4757 2078 4795 commemo-

381 4850 474 4889 ras
491 4834 520 4889 ?
541 4850 674 4888 cum
695 4834 791 4887 ille
815 4849 920 4903 pro
944 4838 1178 4887 auctore
1205 4831 1405 4886 sedulo
1440 4832 1576 4885 dum
1599 4847 1656 4884 se
1714 4830 1941 4897 obtulit,
1984 4836 2078 4884 to—

382 4930 505 4979 tum
537 4924 714 4989 dedit,
757 4924 851 4977 sed
887 4938 1003 4976 non
1034 4922 1390 4992 consumpsit
1420 4920 1685 4975 universa
1714 4936 1837 4989 quae
1859 4919 2075 4973 debuit.

381 5014 622 5084 Semper
656 5016 918 5065 votorum
954 5012 1237 5065 bonorum
1277 5016 1361 5064 est
1406 5026 1574 5063 causa
1601 5008 1933 5073 consimilis,
1975 5024 2079 5061 nec

377 5103 621 5159 discreta
652 5106 786 5157 sunt
813 5102 997 5156 studia
1026 5101 1413 5171 benignitatis.
1449 5098 1789 5152 Pronuntiat
1840 5098 1977 5168 quid
2010 5098 2078 5152 de

380 5193 499 5249 filio
531 5198 843 5258 mereatur,
876 5191 971 5263 qui
999 5207 1130 5245 eum
1172 5190 1243 5244 ad
1279 5187 1467 5243 ofﬁcia
1506 5193 1746 5254 naturae,
1795 5186 1903 5240 nisi
1958 5203 2079 5241 coa-

380 5290 557 5350 ctum,
586 5282 835 5337 aestimat
862 5298 976 5335 non
1007 5280 1222 5334 venire.
1261 5278 1476 5343 Vincla,
1530 5277 1639 5330 nisi
1691 5292 1946 5347 paream,
1988 5278 2078 5330 lex

379 5373 637 5427 minatur
670 5388 684 5425 :
714 5371 849 5442 quid
876 5369 1092 5424 refert?
1143 5369 1227 5422 Ad
1287 5369 1434 5421 hanc
1465 5383 1556 5420 me
1600 5366 2075 5421 consuetudinem

379 5460 789 5533 suppliciorum
831 5477 864 5514 a
930 5466 985 5514 te
1048 5460 1353 5528 procurata
1402 5455 1664 5509 formavit
1705 5454 2073 5521 diuturnitas,

378 5550 641 5623 quamvis
669 5550 840 5620 longa
864 5564 1169 5620 poenarum
1189 5544 1497 5601 tolerantia
1522 5560 1637 5599 non
1676 5543 1845 5599 faciat
1882 5548 2078 5598 contu-

2182 3063 2294 3099 non
2325 3045 2591 3114 redimat,
2615 3048 2742 3114 jam
2774 3046 3021 3101 debetur.
3057 3047 3141 3101 Ad
3176 3046 3277 3100 has
3305 3054 3357 3101 te
3380 3048 3639 3118 equidem
3670 3054 3885 3117 partes,

2184 3135 2402 3189 cumab
2425 3136 2612 3190 officio
2638 3135 2729 3189 cui
2761 3152 2885 3189 eras
2924 3153 3028 3206 per
3058 3142 3323 3190 naturam
3372 3137 3649 3191 obnoxius
3697 3153 3885 3191 cessa-

2187 3225 2280 3292 ris,
2316 3225 2588 3291 armasti;
2646 3224 2874 3294 proficit
2943 3230 3176 3279 ventoso
3223 3226 3550 3293 munimiui,
3601 3227 3755 3296 quod
3794 3243 3889 3296 ge-

2188 3313 2381 3367 nuinae
2414 3318 2687 3384 negatum
2718 3318 2800 3367 est
2832 3314 3075 3384 turpiter
3100 3314 3359 3384 puritati.
3395 3315 3570 3369 Crede
3596 3315 3765 3385 mihi,
3797 3317 3887 3370 lex

2186 3419 2314 3456 cum
2344 3407 2641 3473 parentem
2667 3404 2853 3457 locuta
2877 3408 2981 3469 est,
3014 3420 3128 3457 non
3188 3404 3363 3458 tacuit
3413 3405 3842 3474 redemptorem
3873 3422 3885 3458 ε

2188 3493 2415 3546 hortata
2439 3497 2541 3557 est,
2568 3491 2756 3562 jussit,
2817 3493 3051 3546 extorsit
3091 3491 3356 3546 universa
3403 3493 3757 3547 sufﬁcienter
3786 3494 3892 3547 im-

2186 3582 2331 3653 pleri
2366 3582 2616 3651 religiosi
2645 3582 2834 3651 operis
2866 3586 3223 3635 sacramenta
3249 3599 3352 3652 per
3371 3583 3625 3636 nomina.
3646 3581 3892 3638 Calami-

2188 3676 2271 3723 tas
2299 3686 2424 3723 mea
2465 3687 2663 3723 sensus
2701 3674 2824 3723 tuos
2847 3671 2916 3725 ad
2946 3671 3117 3741 hujus
3147 3671 3562 3725 reiintellectus
3600 3671 3886 3725 obnubit:

2189 3759 2504 3831 redemptio
2532 3760 2634 3813 ﬁlii
2665 3777 2791 3831 quae
2837 3767 2920 3815 est
2961 3760 3021 3814 in
3078 3760 3377 3831 diligentia
3425 3761 3889 3825 necessitudinis,

2189 3866 2308 3903 esse
2336 3866 2451 3903 non
2481 3850 2667 3920 potuit
2689 3850 2749 3903 in
2797 3851 3115 3921 praeceptis.
3176 3852 3535 3921 lmpietatem
3577 3868 3794 3918 meam,
3835 3859 3892 3906 et

2189 3937 2247 3990 in
2280 3937 2617 3991 liberatione
2644 3936 2835 3991 fratris
2864 3938 3157 4002 invidiam,
3208 3940 3345 3993 dum
3392 3940 3586 3993 Ledaea
3642 3939 3893 4010 pignora

2192 4028 2408 4091 laudas,
2451 4043 2698 4080 accusas.
2735 4029 2923 4081 Nescis
2947 4030 3083 4098 quia
3115 4029 3160 4082 si
3183 4030 3334 4083 inter
3364 4031 3491 4082 illos
3541 4034 3654 4082 tua:
3691 4030 3891 4082 distri-

2190 4115 2442 4169 butionis
2482 4116 2849 4185 processisset
2907 4118 3174 4189 aequatio,
3220 4123 3543 4188 generasset
3570 4134 3835 4173 errorem
3879 4135 3892 4172 :

2195 4221 2324 4258 nam
2348 4222 2526 4271 unum
2552 4206 2610 4259 in
2634 4212 2912 4277 perpetuo
2940 4208 3147 4263 decore
3180 4208 3342 4277 lucis,
3383 4208 3625 4262 alterum
3658 4208 3720 4261 in
3758 4208 3895 4278 jugi

2195 4295 2373 4348 noctis
2407 4296 2759 4365 possessione
2795 4297 3136 4351 damnasset.
3172 4298 3433 4366 Mentior,
3466 4299 3513 4352 si
3534 4298 3645 4351 alia
3664 4298 3897 4368 judicia

2187 4388 2283 4437 tua
2315 4385 2579 4440 exstitere
2602 4389 2670 4439 de
2696 4385 2847 4439 filiis.
2910 4386 3189 4450 Quidnam
3239 4403 3360 4441 esse
3421 4386 3711 4453 censuisti,
3756 4404 3895 4441 cum

2190 4489 2370 4527 unum
2412 4489 2712 4544 nunquam
2733 4474 3033 4528 habiturus
3078 4475 3261 4546 pirata
3312 4476 3645 4541 dimitteret,
3706 4475 3894 4530 alium

2193 4578 2491 4633 nunquam
2520 4562 2823 4616 relicturus
2849 4564 3013 4634 quasi
3052 4569 3214 4634 patre
3268 4565 3527 4619 tradente
3567 4565 3898 4619 retineret?

2189 4650 2474 4722 quidquid
2507 4656 2637 4720 post
2670 4652 2865 4705 oculos
2897 4656 3022 4706 tuos
3055 4653 3115 4706 in
3142 4653 3415 4708 illaferali
3443 4654 3896 4715 terrasustinui,

2188 4757 2219 4793 a
2250 4745 2303 4793 te
2330 4740 2667 4810 processisse
2697 4757 2813 4795 non
2845 4741 3062 4797 dubito.
3093 4742 3230 4813 Spes
3262 4742 3405 4797 mihi
3438 4743 3705 4797 universa
3750 4758 3897 4796 con-

2187 4834 2413 4898 sumpta
2445 4833 2547 4895 est,
2582 4836 2885 4901 postquam
2935 4831 3155 4885 inerme
3213 4832 3281 4886 de
3316 4832 3434 4886 solo
3462 4831 3761 4886 barbarico
3806 4848 3902 4885 re-

2188 4919 2456 4987 demptor
2486 4920 2778 4973 abscessit.
2836 4921 2988 4983 Quas
3033 4937 3207 4975 naves
3249 4922 3316 4975 ad
3346 4923 3536 4975 littora
3566 4922 3901 4975 inhumana

2185 5007 2488 5061 tendentes
2511 5024 2626 5062 non
2660 5009 2880 5078 primus
2911 5009 3156 5080 inspexi,
3178 5016 3233 5065 et
3254 5010 3529 5081 quidquid
3547 5018 3902 5064 vanescente

2185 5096 2406 5151 visione
2440 5113 2555 5151 non
2580 5098 2966 5169 sequebantur
2995 5100 3160 5163 oculi,
3195 5105 3386 5154 mente
3430 5099 3903 5170 comprehendi?

2187 5187 2323 5257 quia
2353 5188 2612 5257 sagacius
2643 5188 2956 5260 inscipiunt
2994 5190 3233 5261 aliquid,
3268 5191 3364 5261 qui
3398 5190 3723 5260 promptius
3748 5207 3906 5260 prae-

2186 5278 2483 5331 stolantur.
2516 5279 2787 5342 Quotiens
2819 5286 2947 5333 ante
2973 5281 3279 5334 adventum
3313 5287 3501 5348 tuum,
3546 5280 3594 5334 si
3652 5283 3903 5351 quando

2186 5381 2291 5418 nos
2320 5366 2563 5420 lustrare
2594 5384 2782 5421 aerem
2808 5369 2993 5438 pirata
3023 5371 3305 5439 permisit,
3332 5371 3390 5424 in
3408 5371 3691 5424 extraneis
3744 5371 3903 5425 mihi

2184 5456 2448 5525 personis
2476 5462 2638 5525 pater
2687 5458 2954 5525 occurrit,
3012 5463 3067 5512 et
3095 5459 3211 5514 vidi
3257 5460 3358 5514 has
3390 5476 3533 5531 quas
3564 5459 3671 5513 sibi
3723 5475 3906 5513 amor

2186 5544 2307 5598 sine
2339 5544 2651 5601 mentiendi
2683 5545 2958 5601 dedecore
2974 5548 3164 5620 pingit
3185 5548 3447 5620 efﬁgies?
3483 5550 3579 5605 His
3613 5549 3901 5619 imagini-
