  <div class='ocr_page' id='page_1' title='image "/cluster/home/n/w/nwhite01/storage/ocr_20150623/63/hvd.32044073498800/156.png"; bbox 0 0 4060 6174; ppageno 0'>
   <div class='ocr_carea' id='block_1_1' title="bbox 3553 223 3657 279">
    <p class='ocr_par' dir='ltr' id='par_1_1' title="bbox 3553 223 3657 279">
     <span class='ocr_line' id='line_1_1' title="bbox 3553 223 3657 279; baseline 0 0"><span class='ocrx_word' id='word_1_1' title='bbox 3553 223 3657 279; x_wconf 83' lang='lat'>302</span> 
     </span>
    </p>
   </div>
   <div class='ocr_carea' id='block_1_2' title="bbox 220 219 2104 294">
    <p class='ocr_par' dir='ltr' id='par_1_2' title="bbox 220 219 2104 294">
     <span class='ocr_line' id='line_1_2' title="bbox 220 219 2104 294; baseline -0.008 -10"><span class='ocrx_word' id='word_1_2' title='bbox 220 232 292 286; x_wconf 76' lang='lat' dir='ltr'><strong>3m</strong></span> <span class='ocrx_word' id='word_1_3' title='bbox 1637 288 1640 294; x_wconf 27' lang='grc' dir='ltr'>λ</span> <span class='ocrx_word' id='word_1_4' title='bbox 1718 219 2104 275; x_wconf 86' lang='lat' dir='ltr'>DICTIONES.</span> 
     </span>
    </p>
   </div>
   <div class='ocr_carea' id='block_1_3' title="bbox 217 354 1929 423">
    <p class='ocr_par' dir='ltr' id='par_1_3' title="bbox 217 354 1929 423">
     <span class='ocr_line' id='line_1_3' title="bbox 217 354 1929 423; baseline -0.006 -7"><span class='ocrx_word' id='word_1_5' title='bbox 217 364 294 416; x_wconf 68' lang='lat' dir='ltr'>bus</span> <span class='ocrx_word' id='word_1_6' title='bbox 315 361 394 413; x_wconf 83' lang='lat' dir='ltr'>diu</span> <span class='ocrx_word' id='word_1_7' title='bbox 444 356 747 410; x_wconf 88' lang='lat' dir='ltr'>sollicitata</span> <span class='ocrx_word' id='word_1_8' title='bbox 790 354 963 408; x_wconf 88' lang='lat' dir='ltr'>corda</span> <span class='ocrx_word' id='word_1_9' title='bbox 1011 354 1314 407; x_wconf 90' lang='lat' dir='ltr'>feriuntur.</span> <span class='ocrx_word' id='word_1_10' title='bbox 1376 354 1525 406; x_wconf 87' lang='lat' dir='ltr'>Heu!</span> <span class='ocrx_word' id='word_1_11' title='bbox 1586 355 1845 423; x_wconf 88' lang='lat' dir='ltr'>quotiens</span> <span class='ocrx_word' id='word_1_12' title='bbox 1885 354 1929 405; x_wconf 84' lang='grc' dir='ltr'><strong>Α</strong></span> 
     </span>
    </p>
   </div>
   <div class='ocr_carea' id='block_1_4' title="bbox 216 441 1850 513">
    <p class='ocr_par' dir='ltr' id='par_1_4' title="bbox 216 441 1850 513">
     <span class='ocr_line' id='line_1_4' title="bbox 216 441 1850 513; baseline -0.007 -8"><span class='ocrx_word' id='word_1_13' title='bbox 216 445 423 506; x_wconf 81' lang='lat' dir='ltr'>renuenti</span> <span class='ocrx_word' id='word_1_14' title='bbox 450 444 591 498; x_wconf 91' lang='lat' dir='ltr'>mihi</span> <span class='ocrx_word' id='word_1_15' title='bbox 632 443 788 497; x_wconf 87' lang='lat' dir='ltr'>cibos</span> <span class='ocrx_word' id='word_1_16' title='bbox 819 459 962 513; x_wconf 88' lang='lat' dir='ltr'>quos</span> <span class='ocrx_word' id='word_1_17' title='bbox 990 442 1173 512; x_wconf 83' lang='lat' dir='ltr'>pirata</span> <span class='ocrx_word' id='word_1_18' title='bbox 1229 443 1557 512; x_wconf 76' lang='lat' dir='ltr'>praestabat,</span> <span class='ocrx_word' id='word_1_19' title='bbox 1584 441 1690 495; x_wconf 89' lang='lat' dir='ltr'>hac</span> <span class='ocrx_word' id='word_1_20' title='bbox 1717 443 1850 495; x_wconf 89' lang='lat' dir='ltr'>bar-</span> 
     </span>
    </p>
   </div>
   <div class='ocr_carea' id='block_1_5' title="bbox 214 531 1853 598">
    <p class='ocr_par' dir='ltr' id='par_1_5' title="bbox 214 531 1853 598">
     <span class='ocr_line' id='line_1_5' title="bbox 214 531 1853 598; baseline -0.006 -5"><span class='ocrx_word' id='word_1_21' title='bbox 214 543 344 594; x_wconf 82' lang='lat' dir='ltr'>birus</span> <span class='ocrx_word' id='word_1_22' title='bbox 368 534 747 590; x_wconf 87' lang='lat' dir='ltr'>consolatione</span> <span class='ocrx_word' id='word_1_23' title='bbox 779 532 1059 585; x_wconf 78' lang='lat' dir='ltr'>subvenit.</span> <span class='ocrx_word' id='word_1_24' title='bbox 1105 532 1192 586; x_wconf 89' lang='lat' dir='ltr'>Nil</span> <span class='ocrx_word' id='word_1_25' title='bbox 1226 536 1467 598; x_wconf 77' lang='lat' dir='ltr'>metuas,</span> <span class='ocrx_word' id='word_1_26' title='bbox 1508 532 1588 585; x_wconf 88' lang='lat' dir='ltr'>nil</span> <span class='ocrx_word' id='word_1_27' title='bbox 1628 532 1695 586; x_wconf 87' lang='lat' dir='ltr'>de</span> <span class='ocrx_word' id='word_1_28' title='bbox 1748 531 1853 584; x_wconf 87' lang='lat' dir='ltr'>hac</span> 
     </span>
    </p>
   </div>
   <div class='ocr_carea' id='block_1_6' title="bbox 214 621 1852 692">
    <p class='ocr_par' dir='ltr' id='par_1_6' title="bbox 214 621 1852 692">
     <span class='ocr_line' id='line_1_6' title="bbox 214 621 1852 692; baseline -0.006 -11"><span class='ocrx_word' id='word_1_29' title='bbox 214 625 467 681; x_wconf 72' lang='lat' dir='ltr'>afflictione</span> <span class='ocrx_word' id='word_1_30' title='bbox 501 622 788 692; x_wconf 79' lang='lat' dir='ltr'>suspiras:</span> <span class='ocrx_word' id='word_1_31' title='bbox 824 621 866 673; x_wconf 89' lang='lat' dir='ltr'>si</span> <span class='ocrx_word' id='word_1_32' title='bbox 903 626 1126 674; x_wconf 83' lang='lat' dir='ltr'>creator</span> <span class='ocrx_word' id='word_1_33' title='bbox 1154 623 1286 673; x_wconf 87' lang='lat' dir='ltr'>tuus</span> <span class='ocrx_word' id='word_1_34' title='bbox 1333 623 1613 690; x_wconf 85' lang='lat' dir='ltr'>superest,</span> <span class='ocrx_word' id='word_1_35' title='bbox 1646 634 1852 690; x_wconf 90' lang='lat' dir='ltr'>parum</span> 
     </span>
    </p>
   </div>
   <div class='ocr_carea' id='block_1_7' title="bbox 212 707 1853 780">
    <p class='ocr_par' dir='ltr' id='par_1_7' title="bbox 212 707 1853 780">
     <span class='ocr_line' id='line_1_7' title="bbox 212 707 1853 780; baseline -0.005 -11"><span class='ocrx_word' id='word_1_36' title='bbox 212 736 234 769; x_wconf 76' lang='grc' dir='ltr'>ει</span> <span class='ocrx_word' id='word_1_37' title='bbox 259 712 499 768; x_wconf 73' lang='lat' dir='ltr'>libertatis</span> <span class='ocrx_word' id='word_1_38' title='bbox 533 711 776 764; x_wconf 81' lang='lat' dir='ltr'>statione</span> <span class='ocrx_word' id='word_1_39' title='bbox 808 709 1141 779; x_wconf 89' lang='lat' dir='ltr'>sejungeris.</span> <span class='ocrx_word' id='word_1_40' title='bbox 1170 710 1305 762; x_wconf 86' lang='lat' dir='ltr'>Ecce</span> <span class='ocrx_word' id='word_1_41' title='bbox 1338 709 1643 780; x_wconf 85' lang='lat' dir='ltr'>aliquando</span> <span class='ocrx_word' id='word_1_42' title='bbox 1671 707 1853 761; x_wconf 86' lang='lat' dir='ltr'>adfuit</span> 
     </span>
    </p>
   </div>
   <div class='ocr_carea' id='block_1_8' title="bbox 212 796 1852 870">
    <p class='ocr_par' dir='ltr' id='par_1_8' title="bbox 212 796 1852 870">
     <span class='ocr_line' id='line_1_8' title="bbox 212 796 1852 870; baseline -0.005 -12"><span class='ocrx_word' id='word_1_43' title='bbox 212 822 303 858; x_wconf 77' lang='lat' dir='ltr'>Sul‘s</span> <span class='ocrx_word' id='word_1_44' title='bbox 341 800 549 870; x_wconf 88' lang='lat' dir='ltr'>cupitis,</span> <span class='ocrx_word' id='word_1_45' title='bbox 604 799 791 853; x_wconf 83' lang='lat' dir='ltr'>alacer</span> <span class='ocrx_word' id='word_1_46' title='bbox 841 798 983 851; x_wconf 87' lang='lat' dir='ltr'>mihi</span> <span class='ocrx_word' id='word_1_47' title='bbox 1027 798 1333 851; x_wconf 83' lang='lat' dir='ltr'>adventum</span> <span class='ocrx_word' id='word_1_48' title='bbox 1364 798 1526 850; x_wconf 87' lang='lat' dir='ltr'>istius</span> <span class='ocrx_word' id='word_1_49' title='bbox 1572 802 1628 851; x_wconf 92' lang='lat' dir='ltr'>et</span> <span class='ocrx_word' id='word_1_50' title='bbox 1656 796 1852 866; x_wconf 69' lang='lat' dir='ltr'>prtedo</span> 
     </span>
    </p>
   </div>
   <div class='ocr_carea' id='block_1_9' title="bbox 212 885 1852 958">
    <p class='ocr_par' dir='ltr' id='par_1_9' title="bbox 212 885 1852 958">
     <span class='ocr_line' id='line_1_9' title="bbox 212 885 1852 958; baseline -0.005 -12"><span class='ocrx_word' id='word_1_51' title='bbox 212 890 459 946; x_wconf 81' lang='lat' dir='ltr'>nuntiavit.</span> <span class='ocrx_word' id='word_1_52' title='bbox 508 889 629 942; x_wconf 86' lang='lat' dir='ltr'>Non</span> <span class='ocrx_word' id='word_1_53' title='bbox 662 889 827 958; x_wconf 86' lang='lat' dir='ltr'>longe</span> <span class='ocrx_word' id='word_1_54' title='bbox 859 888 962 941; x_wconf 89' lang='lat' dir='ltr'>fuit</span> <span class='ocrx_word' id='word_1_55' title='bbox 995 887 1062 939; x_wconf 89' lang='lat' dir='ltr'>ab</span> <span class='ocrx_word' id='word_1_56' title='bbox 1099 887 1333 956; x_wconf 73' lang='lat' dir='ltr'>integrze</span> <span class='ocrx_word' id='word_1_57' title='bbox 1373 902 1567 940; x_wconf 90' lang='lat' dir='ltr'>amore</span> <span class='ocrx_word' id='word_1_58' title='bbox 1600 885 1852 939; x_wconf 87' lang='lat' dir='ltr'>clemen-</span> 
     </span>
    </p>
   </div>
   <div class='ocr_carea' id='block_1_10' title="bbox 210 974 1850 1049">
    <p class='ocr_par' dir='ltr' id='par_1_10' title="bbox 210 974 1850 1049">
     <span class='ocr_line' id='line_1_10' title="bbox 210 974 1850 1049; baseline -0.005 -16"><span class='ocrx_word' id='word_1_59' title='bbox 210 984 296 1041; x_wconf 72' lang='lat' dir='ltr'>tiae,</span> <span class='ocrx_word' id='word_1_60' title='bbox 322 979 405 1049; x_wconf 80' lang='lat' dir='ltr'>qui</span> <span class='ocrx_word' id='word_1_61' title='bbox 434 977 856 1047; x_wconf 81' lang='lat' dir='ltr'>redemptorem</span> <span class='ocrx_word' id='word_1_62' title='bbox 890 977 1049 1029; x_wconf 68' lang='lat' dir='ltr'>laetus</span> <span class='ocrx_word' id='word_1_63' title='bbox 1080 975 1317 1045; x_wconf 84' lang='lat' dir='ltr'>excepit.</span> <span class='ocrx_word' id='word_1_64' title='bbox 1353 974 1480 1029; x_wconf 87' lang='lat' dir='ltr'>Non</span> <span class='ocrx_word' id='word_1_65' title='bbox 1525 974 1850 1042; x_wconf 84' lang='lat' dir='ltr'>habuimus,</span> 
     </span>
    </p>
   </div>
   <div class='ocr_carea' id='block_1_11' title="bbox 202 1064 1856 1142">
    <p class='ocr_par' dir='ltr' id='par_1_11' title="bbox 202 1064 1856 1142">
     <span class='ocr_line' id='line_1_11' title="bbox 202 1064 1856 1142; baseline -0.004 -18"><span class='ocrx_word' id='word_1_66' title='bbox 202 1072 394 1142; x_wconf 80' lang='lat' dir='ltr'>judices,</span> <span class='ocrx_word' id='word_1_67' title='bbox 429 1067 694 1121; x_wconf 90' lang='lat' dir='ltr'>dominos</span> <span class='ocrx_word' id='word_1_68' title='bbox 722 1066 1102 1119; x_wconf 89' lang='lat' dir='ltr'>inhumanos:</span> <span class='ocrx_word' id='word_1_69' title='bbox 1135 1065 1368 1119; x_wconf 87' lang='lat' dir='ltr'>fuerunt</span> <span class='ocrx_word' id='word_1_70' title='bbox 1408 1065 1503 1135; x_wconf 89' lang='lat' dir='ltr'>qui</span> <span class='ocrx_word' id='word_1_71' title='bbox 1534 1064 1856 1134; x_wconf 90' lang='lat' dir='ltr'>potuissent</span> 
     </span>
    </p>
   </div>
   <div class='ocr_carea' id='block_1_12' title="bbox 209 1154 1855 1229">
    <p class='ocr_par' dir='ltr' id='par_1_12' title="bbox 209 1154 1855 1229">
     <span class='ocr_line' id='line_1_12' title="bbox 209 1154 1855 1229; baseline -0.005 -14"><span class='ocrx_word' id='word_1_72' title='bbox 209 1168 249 1215; x_wconf 87' lang='lat' dir='ltr'>et</span> <span class='ocrx_word' id='word_1_73' title='bbox 282 1175 420 1229; x_wconf 83' lang='lat' dir='ltr'>prece</span> <span class='ocrx_word' id='word_1_74' title='bbox 461 1156 712 1209; x_wconf 86' lang='lat' dir='ltr'>molliri:</span> <span class='ocrx_word' id='word_1_75' title='bbox 748 1156 795 1207; x_wconf 88' lang='lat' dir='ltr'>si</span> <span class='ocrx_word' id='word_1_76' title='bbox 829 1155 953 1208; x_wconf 85' lang='lat' dir='ltr'>auri</span> <span class='ocrx_word' id='word_1_77' title='bbox 984 1155 1238 1224; x_wconf 90' lang='lat' dir='ltr'>inopiam</span> <span class='ocrx_word' id='word_1_78' title='bbox 1270 1158 1737 1223; x_wconf 88' lang='lat' dir='ltr'>compensassent</span> <span class='ocrx_word' id='word_1_79' title='bbox 1766 1154 1855 1206; x_wconf 91' lang='lat' dir='ltr'>la-</span> 
     </span>
    </p>
   </div>
   <div class='ocr_carea' id='block_1_13' title="bbox 2613 366 3015 407">
    <p class='ocr_par' dir='ltr' id='par_1_13' title="bbox 2613 366 3015 407">
     <span class='ocr_line' id='line_1_13' title="bbox 2613 366 3015 407; baseline 0.005 -2"><span class='ocrx_word' id='word_1_80' title='bbox 2613 366 2829 407; x_wconf 77' lang='grc' dir='ltr'>ΤΗΒΜΔ</span> <span class='ocrx_word' id='word_1_81' title='bbox 2880 367 3015 407; x_wconf 73' lang='lat' dir='ltr'>LEX.</span> 
     </span>
    </p>
   </div>
   <div class='ocr_carea' id='block_1_14' title="bbox 2108 439 3657 512">
    <p class='ocr_par' dir='ltr' id='par_1_14' title="bbox 2108 439 3657 512">
     <span class='ocr_line' id='line_1_14' title="bbox 2108 439 3657 512; baseline 0.004 -18"><span class='ocrx_word' id='word_1_82' title='bbox 2108 443 2187 494; x_wconf 86' lang='lat' dir='ltr'>De</span> <span class='ocrx_word' id='word_1_83' title='bbox 2208 444 2381 512; x_wconf 79' lang='lat' dir='ltr'>capta</span> <span class='ocrx_word' id='word_1_84' title='bbox 2424 439 2654 495; x_wconf 76' lang='lat' dir='ltr'>civitate</span> <span class='ocrx_word' id='word_1_85' title='bbox 2684 441 2929 497; x_wconf 77' lang='lat' dir='ltr'>hostium</span> <span class='ocrx_word' id='word_1_86' title='bbox 2953 442 3279 497; x_wconf 74' lang='lat' dir='ltr'>sacerdotes</span> <span class='ocrx_word' id='word_1_87' title='bbox 3307 444 3362 496; x_wconf 77' lang='lat' dir='ltr'>et</span> <span class='ocrx_word' id='word_1_88' title='bbox 3402 444 3657 500; x_wconf 73' lang='lat' dir='ltr'>Vestales</span> 
     </span>
    </p>
   </div>
   <div class='ocr_carea' id='block_1_15' title="bbox 2455 528 3317 601">
    <p class='ocr_par' dir='ltr' id='par_1_15' title="bbox 2455 528 3317 601">
     <span class='ocr_line' id='line_1_15' title="bbox 2455 528 3317 601; baseline 0.001 -17"><span class='ocrx_word' id='word_1_89' title='bbox 2455 528 2703 601; x_wconf 75' lang='lat' dir='ltr'>virgines</span> <span class='ocrx_word' id='word_1_90' title='bbox 2730 529 2894 585; x_wconf 81' lang='lat' dir='ltr'>liberi</span> <span class='ocrx_word' id='word_1_91' title='bbox 2922 530 3317 587; x_wconf 77' lang='lat' dir='ltr'>dimittantur.</span> 
     </span>
    </p>
   </div>
   <div class='ocr_carea' id='block_1_16' title="bbox 2030 618 3661 690">
    <p class='ocr_par' dir='ltr' id='par_1_16' title="bbox 2030 618 3661 690">
     <span class='ocr_line' id='line_1_16' title="bbox 2030 618 3661 690; baseline 0.002 -18"><span class='ocrx_word' id='word_1_92' title='bbox 2030 619 2167 672; x_wconf 85' lang='lat' dir='ltr'>Post</span> <span class='ocrx_word' id='word_1_93' title='bbox 2213 618 2495 673; x_wconf 88' lang='lat' dir='ltr'>secundos</span> <span class='ocrx_word' id='word_1_94' title='bbox 2554 620 2743 674; x_wconf 88' lang='lat' dir='ltr'>bellici</span> <span class='ocrx_word' id='word_1_95' title='bbox 2802 620 3131 675; x_wconf 80' lang='lat' dir='ltr'>certaminis</span> <span class='ocrx_word' id='word_1_96' title='bbox 3190 624 3446 690; x_wconf 86' lang='lat' dir='ltr'>eventus,</span> <span class='ocrx_word' id='word_1_97' title='bbox 3509 622 3661 677; x_wconf 87' lang='lat' dir='ltr'>inter</span> 
     </span>
    </p>
   </div>
   <div class='ocr_carea' id='block_1_17' title="bbox 1958 708 3662 782">
    <p class='ocr_par' dir='ltr' id='par_1_17' title="bbox 1958 708 3662 782">
     <span class='ocr_line' id='line_1_17' title="bbox 1958 708 3662 782; baseline 0.002 -21"><span class='ocrx_word' id='word_1_98' title='bbox 1958 708 2285 779; x_wconf 90' lang='lat' dir='ltr'>triumphos</span> <span class='ocrx_word' id='word_1_99' title='bbox 2327 713 2383 763; x_wconf 85' lang='lat' dir='ltr'>et</span> <span class='ocrx_word' id='word_1_100' title='bbox 2428 709 2647 763; x_wconf 84' lang='lat' dir='ltr'>laureas</span> <span class='ocrx_word' id='word_1_101' title='bbox 2669 710 2815 764; x_wconf 89' lang='lat' dir='ltr'>vires</span> <span class='ocrx_word' id='word_1_102' title='bbox 2846 710 3058 765; x_wconf 90' lang='lat' dir='ltr'>habere</span> <span class='ocrx_word' id='word_1_103' title='bbox 3088 726 3203 765; x_wconf 92' lang='lat' dir='ltr'>non</span> <span class='ocrx_word' id='word_1_104' title='bbox 3253 715 3439 782; x_wconf 88' lang='lat' dir='ltr'>potest</span> <span class='ocrx_word' id='word_1_105' title='bbox 3470 711 3561 766; x_wconf 83' lang='lat' dir='ltr'>lex</span> <span class='ocrx_word' id='word_1_106' title='bbox 3590 711 3662 765; x_wconf 89' lang='lat' dir='ltr'>ad</span> 
     </span>
    </p>
   </div>
   <div class='ocr_carea' id='block_1_18' title="bbox 1960 798 3661 871">
    <p class='ocr_par' dir='ltr' id='par_1_18' title="bbox 1960 798 3661 871">
     <span class='ocr_line' id='line_1_18' title="bbox 1960 798 3661 871; baseline 0.002 -20"><span class='ocrx_word' id='word_1_107' title='bbox 1960 798 2346 851; x_wconf 88' lang='lat' dir='ltr'>resistendum</span> <span class='ocrx_word' id='word_1_108' title='bbox 2388 798 2626 851; x_wconf 85' lang='lat' dir='ltr'>recitata</span> <span class='ocrx_word' id='word_1_109' title='bbox 2660 799 2985 854; x_wconf 87' lang='lat' dir='ltr'>victoribus.</span> <span class='ocrx_word' id='word_1_110' title='bbox 3039 798 3187 863; x_wconf 87' lang='lat' dir='ltr'>Quid</span> <span class='ocrx_word' id='word_1_111' title='bbox 3215 800 3420 869; x_wconf 84' lang='lat' dir='ltr'>gladiis</span> <span class='ocrx_word' id='word_1_112' title='bbox 3444 816 3550 871; x_wconf 88' lang='lat' dir='ltr'>per</span> <span class='ocrx_word' id='word_1_113' title='bbox 3580 800 3661 854; x_wconf 87' lang='lat' dir='ltr'>af-</span> 
     </span>
    </p>
   </div>
   <div class='ocr_carea' id='block_1_19' title="bbox 1962 886 3661 960">
    <p class='ocr_par' dir='ltr' id='par_1_19' title="bbox 1962 886 3661 960">
     <span class='ocr_line' id='line_1_19' title="bbox 1962 886 3661 960; baseline 0.002 -21"><span class='ocrx_word' id='word_1_114' title='bbox 1962 886 2269 940; x_wconf 88' lang='lat' dir='ltr'>fectionem</span> <span class='ocrx_word' id='word_1_115' title='bbox 2303 887 2505 940; x_wconf 87' lang='lat' dir='ltr'>mortis</span> <span class='ocrx_word' id='word_1_116' title='bbox 2550 887 2793 955; x_wconf 83' lang='lat' dir='ltr'>egimus,</span> <span class='ocrx_word' id='word_1_117' title='bbox 2856 887 2900 941; x_wconf 94' lang='lat' dir='ltr'>si</span> <span class='ocrx_word' id='word_1_118' title='bbox 2955 888 3064 942; x_wconf 90' lang='lat' dir='ltr'>erit</span> <span class='ocrx_word' id='word_1_119' title='bbox 3098 889 3249 959; x_wconf 91' lang='lat' dir='ltr'>quod</span> <span class='ocrx_word' id='word_1_120' title='bbox 3298 893 3431 959; x_wconf 90' lang='lat' dir='ltr'>post</span> <span class='ocrx_word' id='word_1_121' title='bbox 3460 888 3661 960; x_wconf 67' lang='lat' dir='ltr'>prmlia</span> 
     </span>
    </p>
   </div>
   <div class='ocr_carea' id='block_1_20' title="bbox 1962 975 3661 1048">
    <p class='ocr_par' dir='ltr' id='par_1_20' title="bbox 1962 975 3661 1048">
     <span class='ocr_line' id='line_1_20' title="bbox 1962 975 3661 1048; baseline 0.002 -19"><span class='ocrx_word' id='word_1_122' title='bbox 1962 975 2336 1030; x_wconf 87' lang='lat' dir='ltr'>formidemus</span> <span class='ocrx_word' id='word_1_123' title='bbox 2357 975 2384 1029; x_wconf 81' lang='lat'><strong><em>?</em></strong></span> <span class='ocrx_word' id='word_1_124' title='bbox 2415 978 2568 1030; x_wconf 85' lang='lat' dir='ltr'>Jacet</span> <span class='ocrx_word' id='word_1_125' title='bbox 2595 981 2724 1029; x_wconf 87' lang='lat' dir='ltr'>ante</span> <span class='ocrx_word' id='word_1_126' title='bbox 2748 978 2941 1031; x_wconf 89' lang='lat' dir='ltr'>oculos</span> <span class='ocrx_word' id='word_1_127' title='bbox 2979 993 3139 1031; x_wconf 88' lang='lat' dir='ltr'>meos</span> <span class='ocrx_word' id='word_1_128' title='bbox 3167 976 3449 1048; x_wconf 87' lang='lat' dir='ltr'>quidquid</span> <span class='ocrx_word' id='word_1_129' title='bbox 3472 978 3661 1033; x_wconf 88' lang='lat' dir='ltr'>hacte-</span> 
     </span>
    </p>
   </div>
   <div class='ocr_carea' id='block_1_21' title="bbox 1963 1064 3660 1137">
    <p class='ocr_par' dir='ltr' id='par_1_21' title="bbox 1963 1064 3660 1137">
     <span class='ocr_line' id='line_1_21' title="bbox 1963 1064 3660 1137; baseline 0.001 -16"><span class='ocrx_word' id='word_1_130' title='bbox 1963 1083 2070 1121; x_wconf 86' lang='lat' dir='ltr'>nus</span> <span class='ocrx_word' id='word_1_131' title='bbox 2100 1064 2430 1120; x_wconf 85' lang='lat' dir='ltr'>minabatur</span> <span class='ocrx_word' id='word_1_132' title='bbox 2464 1066 2815 1132; x_wconf 84' lang='lat' dir='ltr'>exanimum,</span> <span class='ocrx_word' id='word_1_133' title='bbox 2847 1072 2904 1121; x_wconf 91' lang='lat' dir='ltr'>et</span> <span class='ocrx_word' id='word_1_134' title='bbox 2930 1071 3236 1137; x_wconf 88' lang='lat' dir='ltr'>postquam</span> <span class='ocrx_word' id='word_1_135' title='bbox 3271 1068 3399 1122; x_wconf 87' lang='lat' dir='ltr'>fusa</span> <span class='ocrx_word' id='word_1_136' title='bbox 3431 1072 3516 1122; x_wconf 89' lang='lat' dir='ltr'>est</span> <span class='ocrx_word' id='word_1_137' title='bbox 3544 1068 3660 1123; x_wconf 88' lang='lat' dir='ltr'>ini-</span> 
     </span>
    </p>
   </div>
   <div class='ocr_carea' id='block_1_22' title="bbox 1962 1154 3660 1226">
    <p class='ocr_par' dir='ltr' id='par_1_22' title="bbox 1962 1154 3660 1226">
     <span class='ocr_line' id='line_1_22' title="bbox 1962 1154 3660 1226; baseline 0.002 -18"><span class='ocrx_word' id='word_1_138' title='bbox 1962 1154 2108 1208; x_wconf 89' lang='lat' dir='ltr'>mica</span> <span class='ocrx_word' id='word_1_139' title='bbox 2149 1155 2497 1225; x_wconf 80' lang='lat' dir='ltr'>congressio,</span> <span class='ocrx_word' id='word_1_140' title='bbox 2528 1156 2719 1209; x_wconf 90' lang='lat' dir='ltr'>nescio</span> <span class='ocrx_word' id='word_1_141' title='bbox 2742 1155 2880 1226; x_wconf 89' lang='lat' dir='ltr'>quid</span> <span class='ocrx_word' id='word_1_142' title='bbox 2907 1156 3071 1211; x_wconf 88' lang='lat' dir='ltr'>nobis</span> <span class='ocrx_word' id='word_1_143' title='bbox 3094 1156 3341 1211; x_wconf 79' lang='lat' dir='ltr'>afferunt</span> <span class='ocrx_word' id='word_1_144' title='bbox 3366 1156 3660 1211; x_wconf 86' lang='lat' dir='ltr'>defuncto-</span> 
     </span>
    </p>
   </div>
   <div class='ocr_carea' id='block_1_23' title="bbox 210 1244 1856 1317">
    <p class='ocr_par' dir='ltr' id='par_1_23' title="bbox 210 1244 1856 1317">
     <span class='ocr_line' id='line_1_23' title="bbox 210 1244 1856 1317; baseline -0.004 -16"><span class='ocrx_word' id='word_1_145' title='bbox 210 1263 393 1317; x_wconf 67' lang='lat' dir='ltr'>crymze,</span> <span class='ocrx_word' id='word_1_146' title='bbox 434 1262 549 1297; x_wconf 90' lang='lat' dir='ltr'>uno</span> <span class='ocrx_word' id='word_1_147' title='bbox 597 1251 852 1314; x_wconf 91' lang='lat' dir='ltr'>tempore</span> <span class='ocrx_word' id='word_1_148' title='bbox 904 1250 1173 1314; x_wconf 87' lang='lat' dir='ltr'>utrosque</span> <span class='ocrx_word' id='word_1_149' title='bbox 1224 1244 1562 1310; x_wconf 74' lang='lat' dir='ltr'>reduxerat;</span> <span class='ocrx_word' id='word_1_150' title='bbox 1616 1247 1856 1296; x_wconf 88' lang='lat' dir='ltr'>testatus</span> 
     </span>
    </p>
   </div>
   <div class='ocr_carea' id='block_1_24' title="bbox 207 1333 1857 1405">
    <p class='ocr_par' dir='ltr' id='par_1_24' title="bbox 207 1333 1857 1405">
     <span class='ocr_line' id='line_1_24' title="bbox 207 1333 1857 1405; baseline -0.002 -16"><span class='ocrx_word' id='word_1_151' title='bbox 207 1346 269 1389; x_wconf 85' lang='lat' dir='ltr'>est</span> <span class='ocrx_word' id='word_1_152' title='bbox 292 1334 522 1389; x_wconf 84' lang='lat' dir='ltr'>noluisse</span> <span class='ocrx_word' id='word_1_153' title='bbox 555 1334 698 1401; x_wconf 74' lang='lat' dir='ltr'>fieri,</span> <span class='ocrx_word' id='word_1_154' title='bbox 733 1334 889 1405; x_wconf 89' lang='lat' dir='ltr'>quod</span> <span class='ocrx_word' id='word_1_155' title='bbox 922 1350 1031 1387; x_wconf 90' lang='lat' dir='ltr'>non</span> <span class='ocrx_word' id='word_1_156' title='bbox 1066 1338 1149 1387; x_wconf 89' lang='lat' dir='ltr'>est</span> <span class='ocrx_word' id='word_1_157' title='bbox 1193 1349 1405 1403; x_wconf 87' lang='lat' dir='ltr'>magno</span> <span class='ocrx_word' id='word_1_158' title='bbox 1438 1339 1700 1403; x_wconf 71' lang='lat' dir='ltr'>precatus</span> <span class='ocrx_word' id='word_1_159' title='bbox 1747 1333 1857 1386; x_wconf 90' lang='lat' dir='ltr'>im-</span> 
     </span>
    </p>
   </div>
   <div class='ocr_carea' id='block_1_25' title="bbox 208 1422 1854 1495">
    <p class='ocr_par' dir='ltr' id='par_1_25' title="bbox 208 1422 1854 1495">
     <span class='ocr_line' id='line_1_25' title="bbox 208 1422 1854 1495; baseline -0.001 -17"><span class='ocrx_word' id='word_1_160' title='bbox 208 1424 395 1495; x_wconf 89' lang='lat' dir='ltr'>pendio.</span> <span class='ocrx_word' id='word_1_161' title='bbox 441 1423 779 1493; x_wconf 81' lang='lat' dir='ltr'>Expendite,</span> <span class='ocrx_word' id='word_1_162' title='bbox 815 1439 1031 1493; x_wconf 71' lang='lat' dir='ltr'>quzeso,</span> <span class='ocrx_word' id='word_1_163' title='bbox 1069 1422 1207 1492; x_wconf 83' lang='lat' dir='ltr'>quid</span> <span class='ocrx_word' id='word_1_164' title='bbox 1241 1439 1272 1474; x_wconf 89' lang='lat' dir='ltr'>a</span> <span class='ocrx_word' id='word_1_165' title='bbox 1308 1438 1397 1475; x_wconf 89' lang='lat' dir='ltr'>me</span> <span class='ocrx_word' id='word_1_166' title='bbox 1421 1423 1549 1492; x_wconf 90' lang='lat' dir='ltr'>jure</span> <span class='ocrx_word' id='word_1_167' title='bbox 1581 1423 1854 1491; x_wconf 85' lang='lat' dir='ltr'>postulet,</span> 
     </span>
    </p>
   </div>
   <div class='ocr_carea' id='block_1_26' title="bbox 204 1511 1859 1586">
    <p class='ocr_par' dir='ltr' id='par_1_26' title="bbox 204 1511 1859 1586">
     <span class='ocr_line' id='line_1_26' title="bbox 204 1511 1859 1586; baseline 0 -20"><span class='ocrx_word' id='word_1_168' title='bbox 204 1516 277 1586; x_wconf 84' lang='lat' dir='ltr'>qui</span> <span class='ocrx_word' id='word_1_169' title='bbox 314 1513 436 1566; x_wconf 91' lang='lat' dir='ltr'>mihi</span> <span class='ocrx_word' id='word_1_170' title='bbox 468 1513 530 1565; x_wconf 88' lang='lat' dir='ltr'>in</span> <span class='ocrx_word' id='word_1_171' title='bbox 562 1512 777 1565; x_wconf 86' lang='lat' dir='ltr'>ultimis</span> <span class='ocrx_word' id='word_1_172' title='bbox 820 1527 921 1564; x_wconf 78' lang='lat' dir='ltr'>nec</span> <span class='ocrx_word' id='word_1_173' title='bbox 968 1511 1384 1581; x_wconf 83' lang='lat' dir='ltr'>supplicatione</span> <span class='ocrx_word' id='word_1_174' title='bbox 1427 1511 1705 1565; x_wconf 85' lang='lat' dir='ltr'>subvenit.</span> <span class='ocrx_word' id='word_1_175' title='bbox 1742 1512 1859 1566; x_wconf 82' lang='lat' dir='ltr'>Ad-</span> 
     </span>
    </p>
   </div>
   <div class='ocr_carea' id='block_1_27' title="bbox 162 1600 1854 1687">
    <p class='ocr_par' dir='ltr' id='par_1_27' title="bbox 162 1600 1854 1687">
     <span class='ocr_line' id='line_1_27' title="bbox 162 1600 1854 1687; baseline -0.001 -30"><span class='ocrx_word' id='word_1_176' title='bbox 162 1671 173 1687; x_wconf 43' lang='grc'><strong><em>,</em></strong></span> <span class='ocrx_word' id='word_1_177' title='bbox 202 1605 346 1673; x_wconf 80' lang='lat' dir='ltr'>jecisti</span> <span class='ocrx_word' id='word_1_178' title='bbox 381 1602 526 1673; x_wconf 88' lang='lat' dir='ltr'>quod</span> <span class='ocrx_word' id='word_1_179' title='bbox 580 1601 891 1671; x_wconf 80' lang='lat' dir='ltr'>privilegiis</span> <span class='ocrx_word' id='word_1_180' title='bbox 924 1606 1144 1654; x_wconf 64' lang='lat' dir='ltr'>naturae</span> <span class='ocrx_word' id='word_1_181' title='bbox 1181 1601 1439 1654; x_wconf 88' lang='lat' dir='ltr'>munitus</span> <span class='ocrx_word' id='word_1_182' title='bbox 1486 1601 1579 1667; x_wconf 88' lang='lat' dir='ltr'>sis,</span> <span class='ocrx_word' id='word_1_183' title='bbox 1616 1606 1671 1654; x_wconf 91' lang='lat' dir='ltr'>et</span> <span class='ocrx_word' id='word_1_184' title='bbox 1698 1600 1854 1671; x_wconf 88' lang='lat' dir='ltr'>quod</span> 
     </span>
    </p>
   </div>
   <div class='ocr_carea' id='block_1_28' title="bbox 1967 1244 3665 1316">
    <p class='ocr_par' dir='ltr' id='par_1_28' title="bbox 1967 1244 3665 1316">
     <span class='ocr_line' id='line_1_28' title="bbox 1967 1244 3665 1316; baseline 0.002 -19"><span class='ocrx_word' id='word_1_185' title='bbox 1967 1260 2094 1298; x_wconf 90' lang='lat' dir='ltr'>rum</span> <span class='ocrx_word' id='word_1_186' title='bbox 2159 1245 2485 1315; x_wconf 82' lang='lat' dir='ltr'>principum</span> <span class='ocrx_word' id='word_1_187' title='bbox 2561 1246 2788 1299; x_wconf 89' lang='lat' dir='ltr'>decreta</span> <span class='ocrx_word' id='word_1_188' title='bbox 2841 1246 3096 1300; x_wconf 87' lang='lat' dir='ltr'>terroris.</span> <span class='ocrx_word' id='word_1_189' title='bbox 3160 1244 3348 1299; x_wconf 91' lang='lat' dir='ltr'>Nescit</span> <span class='ocrx_word' id='word_1_190' title='bbox 3412 1247 3665 1316; x_wconf 67' lang='lat' dir='ltr'>probatm</span> 
     </span>
    </p>
   </div>
   <div class='ocr_carea' id='block_1_29' title="bbox 1967 1334 3666 1407">
    <p class='ocr_par' dir='ltr' id='par_1_29' title="bbox 1967 1334 3666 1407">
     <span class='ocr_line' id='line_1_29' title="bbox 1967 1334 3666 1407; baseline 0.002 -21"><span class='ocrx_word' id='word_1_191' title='bbox 1967 1334 2295 1405; x_wconf 80' lang='lat' dir='ltr'>qualitatem</span> <span class='ocrx_word' id='word_1_192' title='bbox 2322 1335 2547 1389; x_wconf 86' lang='lat' dir='ltr'>virtutis</span> <span class='ocrx_word' id='word_1_193' title='bbox 2570 1336 2913 1405; x_wconf 79' lang='lat' dir='ltr'>expendere,</span> <span class='ocrx_word' id='word_1_194' title='bbox 2942 1336 3041 1407; x_wconf 90' lang='lat' dir='ltr'>qui</span> <span class='ocrx_word' id='word_1_195' title='bbox 3063 1336 3132 1390; x_wconf 90' lang='lat' dir='ltr'>de</span> <span class='ocrx_word' id='word_1_196' title='bbox 3155 1337 3483 1390; x_wconf 88' lang='lat' dir='ltr'>chartarum</span> <span class='ocrx_word' id='word_1_197' title='bbox 3506 1336 3666 1390; x_wconf 88' lang='lat' dir='ltr'>freno</span> 
     </span>
    </p>
   </div>
   <div class='ocr_carea' id='block_1_30' title="bbox 1968 1423 3675 1495">
    <p class='ocr_par' dir='ltr' id='par_1_30' title="bbox 1968 1423 3675 1495">
     <span class='ocr_line' id='line_1_30' title="bbox 1968 1423 3675 1495; baseline 0.002 -18"><span class='ocrx_word' id='word_1_198' title='bbox 1968 1423 2225 1495; x_wconf 86' lang='lat' dir='ltr'>superbit</span> <span class='ocrx_word' id='word_1_199' title='bbox 2255 1424 2507 1477; x_wconf 82' lang='lat' dir='ltr'>armatis.</span> <span class='ocrx_word' id='word_1_200' title='bbox 2554 1425 2932 1495; x_wconf 86' lang='lat' dir='ltr'>Acquiescant</span> <span class='ocrx_word' id='word_1_201' title='bbox 2980 1425 3104 1479; x_wconf 89' lang='lat' dir='ltr'>istis</span> <span class='ocrx_word' id='word_1_202' title='bbox 3136 1426 3343 1479; x_wconf 89' lang='lat' dir='ltr'>inertia</span> <span class='ocrx_word' id='word_1_203' title='bbox 3377 1425 3551 1479; x_wconf 90' lang='lat' dir='ltr'>corda</span> <span class='ocrx_word' id='word_1_204' title='bbox 3578 1441 3675 1481; x_wconf 89' lang='lat' dir='ltr'>re-</span> 
     </span>
    </p>
   </div>
   <div class='ocr_carea' id='block_1_31' title="bbox 1968 1513 3677 1583">
    <p class='ocr_par' dir='ltr' id='par_1_31' title="bbox 1968 1513 3677 1583">
     <span class='ocr_line' id='line_1_31' title="bbox 1968 1513 3677 1583; baseline 0.002 -19"><span class='ocrx_word' id='word_1_205' title='bbox 1968 1513 2233 1582; x_wconf 82' lang='lat' dir='ltr'>pagulis;</span> <span class='ocrx_word' id='word_1_206' title='bbox 2266 1529 2371 1581; x_wconf 83' lang='lat' dir='ltr'>ego</span> <span class='ocrx_word' id='word_1_207' title='bbox 2407 1513 2691 1583; x_wconf 84' lang='lat' dir='ltr'>quidquid</span> <span class='ocrx_word' id='word_1_208' title='bbox 2726 1514 2864 1567; x_wconf 89' lang='lat' dir='ltr'>mihi</span> <span class='ocrx_word' id='word_1_209' title='bbox 2898 1514 3186 1568; x_wconf 86' lang='lat' dir='ltr'>licentiam</span> <span class='ocrx_word' id='word_1_210' title='bbox 3232 1513 3495 1579; x_wconf 90' lang='lat' dir='ltr'>tollebat,</span> <span class='ocrx_word' id='word_1_211' title='bbox 3542 1530 3677 1567; x_wconf 87' lang='lat' dir='ltr'>ense</span> 
     </span>
    </p>
   </div>
   <div class='ocr_carea' id='block_1_32' title="bbox 1969 1601 3675 1674">
    <p class='ocr_par' dir='ltr' id='par_1_32' title="bbox 1969 1601 3675 1674">
     <span class='ocr_line' id='line_1_32' title="bbox 1969 1601 3675 1674; baseline 0.001 -18"><span class='ocrx_word' id='word_1_212' title='bbox 1969 1601 2229 1671; x_wconf 87' lang='lat' dir='ltr'>dispersi.</span> <span class='ocrx_word' id='word_1_213' title='bbox 2278 1602 2423 1655; x_wconf 91' lang='lat' dir='ltr'>Illud</span> <span class='ocrx_word' id='word_1_214' title='bbox 2468 1608 2697 1656; x_wconf 86' lang='lat' dir='ltr'>tantum</span> <span class='ocrx_word' id='word_1_215' title='bbox 2730 1607 2916 1674; x_wconf 86' lang='lat' dir='ltr'>potest</span> <span class='ocrx_word' id='word_1_216' title='bbox 2963 1603 3131 1657; x_wconf 91' lang='lat' dir='ltr'>nobis</span> <span class='ocrx_word' id='word_1_217' title='bbox 3162 1603 3409 1674; x_wconf 89' lang='lat' dir='ltr'>quisque</span> <span class='ocrx_word' id='word_1_218' title='bbox 3443 1619 3675 1673; x_wconf 88' lang='lat' dir='ltr'>negare,</span> 
     </span>
    </p>
   </div>
   <div class='ocr_carea' id='block_1_33' title="bbox 202 1665 3679 1761">
    <p class='ocr_par' dir='ltr' id='par_1_33' title="bbox 202 1665 3679 1761">
     <span class='ocr_line' id='line_1_33' title="bbox 202 1665 3679 1761; baseline 0 -14"><span class='ocrx_word' id='word_1_219' title='bbox 202 1665 243 1747; x_wconf 83' lang='lat' dir='ltr'>in</span> <span class='ocrx_word' id='word_1_220' title='bbox 271 1710 343 1745; x_wconf 88' lang='lat' dir='ltr'>me</span> <span class='ocrx_word' id='word_1_221' title='bbox 372 1665 660 1761; x_wconf 41' lang='lat' dir='ltr'>deliqui-sti</span> <span class='ocrx_word' id='word_1_222' title='bbox 701 1665 813 1743; x_wconf 74' lang='lat' dir='ltr'>non</span> <span class='ocrx_word' id='word_1_223' title='bbox 854 1690 1022 1743; x_wconf 80' lang='lat' dir='ltr'>liceat</span> <span class='ocrx_word' id='word_1_224' title='bbox 1051 1690 1345 1743; x_wconf 87' lang='lat' dir='ltr'>vindicari.</span> <span class='ocrx_word' id='word_1_225' title='bbox 1388 1690 1494 1745; x_wconf 90' lang='lat' dir='ltr'>Sed</span> <span class='ocrx_word' id='word_1_226' title='bbox 1539 1665 1651 1743; x_wconf 88' lang='lat' dir='ltr'>non</span> <span class='ocrx_word' id='word_1_227' title='bbox 1684 1665 1857 1744; x_wconf 66' lang='lat' dir='ltr'>habet</span> <span class='ocrx_word' id='word_1_228' title='bbox 1892 1665 1938 1716; x_wconf 75' lang='grc' dir='ltr'><strong>Α</strong></span> <span class='ocrx_word' id='word_1_229' title='bbox 1967 1665 2121 1761; x_wconf 82' lang='lat' dir='ltr'>quod</span> <span class='ocrx_word' id='word_1_230' title='bbox 2166 1691 2455 1745; x_wconf 90' lang='lat' dir='ltr'>nolumus.</span> <span class='ocrx_word' id='word_1_231' title='bbox 2502 1692 2649 1745; x_wconf 90' lang='lat' dir='ltr'>Illud</span> <span class='ocrx_word' id='word_1_232' title='bbox 2693 1665 2996 1746; x_wconf 78' lang='lat' dir='ltr'>contentus</span> <span class='ocrx_word' id='word_1_233' title='bbox 3041 1665 3432 1747; x_wconf 44' lang='lat' dir='ltr'>sum-habere</span> <span class='ocrx_word' id='word_1_234' title='bbox 3481 1665 3679 1747; x_wconf 55' lang='lat' dir='ltr'>tevrmi-</span> 
     </span>
    </p>
   </div>
   <div class='ocr_carea' id='block_1_34' title="bbox 205 1778 1861 1850">
    <p class='ocr_par' dir='ltr' id='par_1_34' title="bbox 205 1778 1861 1850">
     <span class='ocr_line' id='line_1_34' title="bbox 205 1778 1861 1850; baseline -0.002 -14"><span class='ocrx_word' id='word_1_235' title='bbox 205 1781 499 1836; x_wconf 70' lang='lat' dir='ltr'>innocentiae</span> <span class='ocrx_word' id='word_1_236' title='bbox 536 1780 999 1850; x_wconf 73' lang='lat' dir='ltr'>praerogativam,</span> <span class='ocrx_word' id='word_1_237' title='bbox 1034 1778 1133 1850; x_wconf 87' lang='lat' dir='ltr'>qui</span> <span class='ocrx_word' id='word_1_238' title='bbox 1167 1778 1559 1833; x_wconf 89' lang='lat' dir='ltr'>defensionem</span> <span class='ocrx_word' id='word_1_239' title='bbox 1589 1796 1750 1833; x_wconf 89' lang='lat' dir='ltr'>suam</span> <span class='ocrx_word' id='word_1_240' title='bbox 1784 1780 1861 1833; x_wconf 92' lang='lat' dir='ltr'>lo-</span> 
     </span>
    </p>
   </div>
   <div class='ocr_carea' id='block_1_35' title="bbox 202 1868 1860 1939">
    <p class='ocr_par' dir='ltr' id='par_1_35' title="bbox 202 1868 1860 1939">
     <span class='ocr_line' id='line_1_35' title="bbox 202 1868 1860 1939; baseline -0.002 -14"><span class='ocrx_word' id='word_1_241' title='bbox 202 1879 267 1925; x_wconf 85' lang='lat' dir='ltr'>cat</span> <span class='ocrx_word' id='word_1_242' title='bbox 290 1871 341 1924; x_wconf 90' lang='lat' dir='ltr'>in</span> <span class='ocrx_word' id='word_1_243' title='bbox 371 1870 548 1939; x_wconf 89' lang='lat' dir='ltr'>apice.</span> <span class='ocrx_word' id='word_1_244' title='bbox 588 1871 786 1922; x_wconf 90' lang='lat' dir='ltr'>lnsons</span> <span class='ocrx_word' id='word_1_245' title='bbox 806 1869 1045 1922; x_wconf 88' lang='lat' dir='ltr'>actionis</span> <span class='ocrx_word' id='word_1_246' title='bbox 1064 1869 1186 1921; x_wconf 89' lang='lat' dir='ltr'>luce</span> <span class='ocrx_word' id='word_1_247' title='bbox 1210 1869 1385 1922; x_wconf 89' lang='lat' dir='ltr'>niteat</span> <span class='ocrx_word' id='word_1_248' title='bbox 1406 1885 1417 1922; x_wconf 91' lang='lat'>:</span> <span class='ocrx_word' id='word_1_249' title='bbox 1437 1870 1575 1921; x_wconf 90' lang='lat' dir='ltr'>citra</span> <span class='ocrx_word' id='word_1_250' title='bbox 1594 1868 1860 1922; x_wconf 89' lang='lat' dir='ltr'>dissimu-</span> 
     </span>
    </p>
   </div>
   <div class='ocr_carea' id='block_1_36' title="bbox 206 1957 1864 2029">
    <p class='ocr_par' dir='ltr' id='par_1_36' title="bbox 206 1957 1864 2029">
     <span class='ocr_line' id='line_1_36' title="bbox 206 1957 1864 2029; baseline 0 -17"><span class='ocrx_word' id='word_1_251' title='bbox 206 1961 433 2013; x_wconf 76' lang='lat' dir='ltr'>lationem</span> <span class='ocrx_word' id='word_1_252' title='bbox 455 1959 706 2013; x_wconf 88' lang='lat' dir='ltr'>crimina</span> <span class='ocrx_word' id='word_1_253' title='bbox 736 1960 1059 2025; x_wconf 80' lang='lat' dir='ltr'>confitetur,</span> <span class='ocrx_word' id='word_1_254' title='bbox 1095 1957 1191 2029; x_wconf 89' lang='lat' dir='ltr'>qui</span> <span class='ocrx_word' id='word_1_255' title='bbox 1215 1958 1272 2011; x_wconf 93' lang='lat' dir='ltr'>in</span> <span class='ocrx_word' id='word_1_256' title='bbox 1294 1959 1402 2011; x_wconf 91' lang='lat' dir='ltr'>hoc</span> <span class='ocrx_word' id='word_1_257' title='bbox 1434 1959 1670 2012; x_wconf 89' lang='lat' dir='ltr'>tutelam</span> <span class='ocrx_word' id='word_1_258' title='bbox 1700 1974 1864 2012; x_wconf 87' lang='lat' dir='ltr'>suam</span> 
     </span>
    </p>
   </div>
   <div class='ocr_carea' id='block_1_37' title="bbox 203 2048 1862 2119">
    <p class='ocr_par' dir='ltr' id='par_1_37' title="bbox 203 2048 1862 2119">
     <span class='ocr_line' id='line_1_37' title="bbox 203 2048 1862 2119; baseline 0 -17"><span class='ocrx_word' id='word_1_259' title='bbox 203 2049 399 2103; x_wconf 62' lang='lat' dir='ltr'>estimat</span> <span class='ocrx_word' id='word_1_260' title='bbox 429 2049 588 2119; x_wconf 89' lang='lat' dir='ltr'>quod</span> <span class='ocrx_word' id='word_1_261' title='bbox 624 2048 894 2118; x_wconf 64' lang='lat' dir='ltr'>praecedit</span> <span class='ocrx_word' id='word_1_262' title='bbox 930 2065 941 2100; x_wconf 88' lang='lat'>:</span> <span class='ocrx_word' id='word_1_263' title='bbox 983 2065 1111 2101; x_wconf 80' lang='lat' dir='ltr'>reos</span> <span class='ocrx_word' id='word_1_264' title='bbox 1150 2049 1307 2101; x_wconf 90' lang='lat' dir='ltr'>nulla</span> <span class='ocrx_word' id='word_1_265' title='bbox 1337 2048 1590 2101; x_wconf 83' lang='lat' dir='ltr'>defendit</span> <span class='ocrx_word' id='word_1_266' title='bbox 1620 2048 1862 2102; x_wconf 88' lang='lat' dir='ltr'>auctori-</span> 
     </span>
    </p>
   </div>
   <div class='ocr_carea' id='block_1_38' title="bbox 205 2136 1818 2203">
    <p class='ocr_par' dir='ltr' id='par_1_38' title="bbox 205 2136 1818 2203">
     <span class='ocr_line' id='line_1_38' title="bbox 205 2136 1818 2203; baseline 0 -12"><span class='ocrx_word' id='word_1_267' title='bbox 205 2144 301 2203; x_wconf 84' lang='lat' dir='ltr'>tas;</span> <span class='ocrx_word' id='word_1_268' title='bbox 328 2141 380 2191; x_wconf 92' lang='lat' dir='ltr'>in</span> <span class='ocrx_word' id='word_1_269' title='bbox 410 2139 752 2192; x_wconf 80' lang='lat' dir='ltr'>facinorosis</span> <span class='ocrx_word' id='word_1_270' title='bbox 784 2143 1139 2191; x_wconf 85' lang='lat' dir='ltr'>sacramenta</span> <span class='ocrx_word' id='word_1_271' title='bbox 1171 2136 1419 2190; x_wconf 89' lang='lat' dir='ltr'>nominis</span> <span class='ocrx_word' id='word_1_272' title='bbox 1451 2143 1818 2192; x_wconf 88' lang='lat' dir='ltr'>evanescunt.</span> 
     </span>
    </p>
   </div>
   <div class='ocr_carea' id='block_1_39' title="bbox 257 2227 1869 2299">
    <p class='ocr_par' dir='ltr' id='par_1_39' title="bbox 257 2227 1869 2299">
     <span class='ocr_line' id='line_1_39' title="bbox 257 2227 1869 2299; baseline 0 -18"><span class='ocrx_word' id='word_1_273' title='bbox 257 2228 535 2299; x_wconf 73' lang='lat' dir='ltr'>Epilogus.</span> <span class='ocrx_word' id='word_1_274' title='bbox 592 2229 654 2281; x_wconf 84' lang='lat' dir='ltr'>Et</span> <span class='ocrx_word' id='word_1_275' title='bbox 706 2228 830 2293; x_wconf 90' lang='lat' dir='ltr'>hoc,</span> <span class='ocrx_word' id='word_1_276' title='bbox 884 2227 1225 2281; x_wconf 85' lang='lat' dir='ltr'>sanctissimi</span> <span class='ocrx_word' id='word_1_277' title='bbox 1252 2228 1597 2297; x_wconf 81' lang='lat' dir='ltr'>cognitores,</span> <span class='ocrx_word' id='word_1_278' title='bbox 1634 2227 1713 2281; x_wconf 88' lang='lat' dir='ltr'>ita</span> <span class='ocrx_word' id='word_1_279' title='bbox 1743 2230 1869 2298; x_wconf 90' lang='lat' dir='ltr'>post</span> 
     </span>
    </p>
   </div>
   <div class='ocr_carea' id='block_1_40' title="bbox 204 2316 1867 2387">
    <p class='ocr_par' dir='ltr' id='par_1_40' title="bbox 204 2316 1867 2387">
     <span class='ocr_line' id='line_1_40' title="bbox 204 2316 1867 2387; baseline 0.001 -18"><span class='ocrx_word' id='word_1_280' title='bbox 204 2318 442 2371; x_wconf 81' lang='lat' dir='ltr'>custodias</span> <span class='ocrx_word' id='word_1_281' title='bbox 500 2320 797 2370; x_wconf 89' lang='lat' dir='ltr'>latronum</span> <span class='ocrx_word' id='word_1_282' title='bbox 871 2318 983 2370; x_wconf 88' lang='lat' dir='ltr'>alio</span> <span class='ocrx_word' id='word_1_283' title='bbox 1049 2316 1241 2370; x_wconf 87' lang='lat' dir='ltr'>labore</span> <span class='ocrx_word' id='word_1_284' title='bbox 1304 2317 1553 2387; x_wconf 86' lang='lat' dir='ltr'>pectoris</span> <span class='ocrx_word' id='word_1_285' title='bbox 1604 2316 1867 2387; x_wconf 88' lang='lat' dir='ltr'>allegavi,</span> 
     </span>
    </p>
   </div>
   <div class='ocr_carea' id='block_1_41' title="bbox 204 2403 1870 2476">
    <p class='ocr_par' dir='ltr' id='par_1_41' title="bbox 204 2403 1870 2476">
     <span class='ocr_line' id='line_1_41' title="bbox 204 2403 1870 2476; baseline -0.001 -18"><span class='ocrx_word' id='word_1_286' title='bbox 204 2408 355 2476; x_wconf 83' lang='lat' dir='ltr'>quasi,</span> <span class='ocrx_word' id='word_1_287' title='bbox 402 2409 505 2461; x_wconf 88' lang='lat' dir='ltr'>etsi</span> <span class='ocrx_word' id='word_1_288' title='bbox 562 2424 745 2460; x_wconf 89' lang='lat' dir='ltr'>essem</span> <span class='ocrx_word' id='word_1_289' title='bbox 798 2406 1044 2471; x_wconf 89' lang='lat' dir='ltr'>debitor,</span> <span class='ocrx_word' id='word_1_290' title='bbox 1108 2407 1357 2459; x_wconf 85' lang='lat' dir='ltr'>valerem</span> <span class='ocrx_word' id='word_1_291' title='bbox 1400 2406 1671 2459; x_wconf 80' lang='lat' dir='ltr'>exhibere</span> <span class='ocrx_word' id='word_1_292' title='bbox 1716 2403 1870 2473; x_wconf 90' lang='lat' dir='ltr'>quod</span> 
     </span>
    </p>
   </div>
   <div class='ocr_carea' id='block_1_42' title="bbox 201 2494 1869 2564">
    <p class='ocr_par' dir='ltr' id='par_1_42' title="bbox 201 2494 1869 2564">
     <span class='ocr_line' id='line_1_42' title="bbox 201 2494 1869 2564; baseline -0.001 -16"><span class='ocrx_word' id='word_1_293' title='bbox 201 2498 435 2564; x_wconf 78' lang='lat' dir='ltr'>poscitur.</span> <span class='ocrx_word' id='word_1_294' title='bbox 471 2499 603 2551; x_wconf 73' lang='lat' dir='ltr'>Non</span> <span class='ocrx_word' id='word_1_295' title='bbox 652 2496 976 2549; x_wconf 86' lang='lat' dir='ltr'>considerat</span> <span class='ocrx_word' id='word_1_296' title='bbox 1008 2495 1246 2564; x_wconf 88' lang='lat' dir='ltr'>spoliata</span> <span class='ocrx_word' id='word_1_297' title='bbox 1292 2496 1558 2548; x_wconf 86' lang='lat' dir='ltr'>carnibus</span> <span class='ocrx_word' id='word_1_298' title='bbox 1590 2511 1734 2555; x_wconf 88' lang='lat' dir='ltr'>ossa,</span> <span class='ocrx_word' id='word_1_299' title='bbox 1771 2494 1869 2547; x_wconf 92' lang='lat' dir='ltr'>do-</span> 
     </span>
    </p>
   </div>
   <div class='ocr_carea' id='block_1_43' title="bbox 203 2581 1872 2653">
    <p class='ocr_par' dir='ltr' id='par_1_43' title="bbox 203 2581 1872 2653">
     <span class='ocr_line' id='line_1_43' title="bbox 203 2581 1872 2653; baseline -0.001 -17"><span class='ocrx_word' id='word_1_300' title='bbox 203 2586 455 2638; x_wconf 83' lang='lat' dir='ltr'>minorum</span> <span class='ocrx_word' id='word_1_301' title='bbox 503 2585 935 2637; x_wconf 85' lang='lat' dir='ltr'>inhumanitate</span> <span class='ocrx_word' id='word_1_302' title='bbox 981 2583 1290 2649; x_wconf 89' lang='lat' dir='ltr'>sordentia,</span> <span class='ocrx_word' id='word_1_303' title='bbox 1347 2588 1400 2636; x_wconf 89' lang='lat' dir='ltr'>et</span> <span class='ocrx_word' id='word_1_304' title='bbox 1447 2581 1726 2653; x_wconf 88' lang='lat' dir='ltr'>patefacta</span> <span class='ocrx_word' id='word_1_305' title='bbox 1768 2596 1872 2651; x_wconf 90' lang='lat' dir='ltr'>per</span> 
     </span>
    </p>
   </div>
   <div class='ocr_carea' id='block_1_44' title="bbox 199 2672 1871 2743">
    <p class='ocr_par' dir='ltr' id='par_1_44' title="bbox 199 2672 1871 2743">
     <span class='ocr_line' id='line_1_44' title="bbox 199 2672 1871 2743; baseline -0.001 -18"><span class='ocrx_word' id='word_1_306' title='bbox 199 2676 456 2727; x_wconf 77' lang='lat' dir='ltr'>carniﬁces</span> <span class='ocrx_word' id='word_1_307' title='bbox 506 2678 736 2727; x_wconf 71' lang='lat' dir='ltr'>naturae</span> <span class='ocrx_word' id='word_1_308' title='bbox 786 2678 1001 2727; x_wconf 90' lang='lat' dir='ltr'>secreta</span> <span class='ocrx_word' id='word_1_309' title='bbox 1050 2688 1168 2725; x_wconf 90' lang='lat' dir='ltr'>non</span> <span class='ocrx_word' id='word_1_310' title='bbox 1208 2672 1460 2743; x_wconf 77' lang='lat' dir='ltr'>reSpicit.</span> <span class='ocrx_word' id='word_1_311' title='bbox 1520 2673 1583 2724; x_wconf 88' lang='lat' dir='ltr'>In</span> <span class='ocrx_word' id='word_1_312' title='bbox 1630 2687 1871 2741; x_wconf 91' lang='lat' dir='ltr'>corpore</span> 
     </span>
    </p>
   </div>
   <div class='ocr_carea' id='block_1_45' title="bbox 199 2761 1870 2833">
    <p class='ocr_par' dir='ltr' id='par_1_45' title="bbox 199 2761 1870 2833">
     <span class='ocr_line' id='line_1_45' title="bbox 199 2761 1870 2833; baseline -0.001 -18"><span class='ocrx_word' id='word_1_313' title='bbox 199 2778 303 2815; x_wconf 83' lang='lat' dir='ltr'>meo</span> <span class='ocrx_word' id='word_1_314' title='bbox 346 2764 400 2817; x_wconf 89' lang='lat' dir='ltr'>in</span> <span class='ocrx_word' id='word_1_315' title='bbox 444 2766 640 2817; x_wconf 85' lang='lat' dir='ltr'>lucem</span> <span class='ocrx_word' id='word_1_316' title='bbox 679 2762 961 2833; x_wconf 88' lang='lat' dir='ltr'>quidquid</span> <span class='ocrx_word' id='word_1_317' title='bbox 1008 2762 1181 2816; x_wconf 90' lang='lat' dir='ltr'>homo</span> <span class='ocrx_word' id='word_1_318' title='bbox 1230 2766 1313 2814; x_wconf 88' lang='lat' dir='ltr'>est</span> <span class='ocrx_word' id='word_1_319' title='bbox 1342 2761 1714 2830; x_wconf 88' lang='lat' dir='ltr'>protulerunt</span> <span class='ocrx_word' id='word_1_320' title='bbox 1752 2766 1870 2813; x_wconf 86' lang='lat' dir='ltr'>tor-</span> 
     </span>
    </p>
   </div>
   <div class='ocr_carea' id='block_1_46' title="bbox 198 2848 1874 2921">
    <p class='ocr_par' dir='ltr' id='par_1_46' title="bbox 198 2848 1874 2921">
     <span class='ocr_line' id='line_1_46' title="bbox 198 2848 1874 2921; baseline -0.002 -18"><span class='ocrx_word' id='word_1_321' title='bbox 198 2858 379 2917; x_wconf 86' lang='lat' dir='ltr'>menta,</span> <span class='ocrx_word' id='word_1_322' title='bbox 423 2857 477 2906; x_wconf 88' lang='lat' dir='ltr'>et</span> <span class='ocrx_word' id='word_1_323' title='bbox 539 2851 863 2921; x_wconf 82' lang='lat' dir='ltr'>penetralia</span> <span class='ocrx_word' id='word_1_324' title='bbox 907 2850 1185 2904; x_wconf 88' lang='lat' dir='ltr'>viscerum</span> <span class='ocrx_word' id='word_1_325' title='bbox 1236 2849 1483 2902; x_wconf 86' lang='lat' dir='ltr'>instante</span> <span class='ocrx_word' id='word_1_326' title='bbox 1530 2848 1874 2903; x_wconf 88' lang='lat' dir='ltr'>cruciatibus</span> 
     </span>
    </p>
   </div>
   <div class='ocr_carea' id='block_1_47' title="bbox 1968 1780 3681 1853">
    <p class='ocr_par' dir='ltr' id='par_1_47' title="bbox 1968 1780 3681 1853">
     <span class='ocr_line' id='line_1_47' title="bbox 1968 1780 3681 1853; baseline 0.002 -20"><span class='ocrx_word' id='word_1_327' title='bbox 1968 1797 2125 1848; x_wconf 89' lang='lat' dir='ltr'>num,</span> <span class='ocrx_word' id='word_1_328' title='bbox 2174 1780 2245 1834; x_wconf 91' lang='lat' dir='ltr'>ad</span> <span class='ocrx_word' id='word_1_329' title='bbox 2316 1782 2477 1851; x_wconf 88' lang='lat' dir='ltr'>cujus</span> <span class='ocrx_word' id='word_1_330' title='bbox 2531 1797 2620 1834; x_wconf 90' lang='lat' dir='ltr'>me</span> <span class='ocrx_word' id='word_1_331' title='bbox 2671 1782 3193 1853; x_wconf 88' lang='lat' dir='ltr'>transgressionem</span> <span class='ocrx_word' id='word_1_332' title='bbox 3238 1781 3523 1836; x_wconf 88' lang='lat' dir='ltr'>desideria</span> <span class='ocrx_word' id='word_1_333' title='bbox 3561 1798 3681 1837; x_wconf 85' lang='lat' dir='ltr'>non</span> 
     </span>
    </p>
   </div>
   <div class='ocr_carea' id='block_1_48' title="bbox 1965 1870 3681 1942">
    <p class='ocr_par' dir='ltr' id='par_1_48' title="bbox 1965 1870 3681 1942">
     <span class='ocr_line' id='line_1_48' title="bbox 1965 1870 3681 1942; baseline 0.002 -18"><span class='ocrx_word' id='word_1_334' title='bbox 1965 1874 2260 1924; x_wconf 83' lang='lat' dir='ltr'>vocarunt.</span> <span class='ocrx_word' id='word_1_335' title='bbox 2296 1870 2425 1925; x_wconf 85' lang='lat' dir='ltr'>Mihi</span> <span class='ocrx_word' id='word_1_336' title='bbox 2471 1871 2748 1942; x_wconf 89' lang='lat' dir='ltr'>quidquid</span> <span class='ocrx_word' id='word_1_337' title='bbox 2792 1873 3154 1941; x_wconf 61' lang='lat' dir='ltr'>praevaluero</span> <span class='ocrx_word' id='word_1_338' title='bbox 3188 1872 3401 1927; x_wconf 89' lang='lat' dir='ltr'>habere</span> <span class='ocrx_word' id='word_1_339' title='bbox 3434 1871 3529 1926; x_wconf 81' lang='lat' dir='ltr'>lex</span> <span class='ocrx_word' id='word_1_340' title='bbox 3577 1873 3681 1927; x_wconf 90' lang='lat' dir='ltr'>tri-</span> 
     </span>
    </p>
   </div>
   <div class='ocr_carea' id='block_1_49' title="bbox 1970 1960 3683 2032">
    <p class='ocr_par' dir='ltr' id='par_1_49' title="bbox 1970 1960 3683 2032">
     <span class='ocr_line' id='line_1_49' title="bbox 1970 1960 3683 2032; baseline 0.001 -18"><span class='ocrx_word' id='word_1_341' title='bbox 1970 1960 2110 2014; x_wconf 89' lang='lat' dir='ltr'>buit.</span> <span class='ocrx_word' id='word_1_342' title='bbox 2138 1960 2331 2013; x_wconf 87' lang='lat' dir='ltr'>Otium</span> <span class='ocrx_word' id='word_1_343' title='bbox 2365 1964 2420 2013; x_wconf 89' lang='lat' dir='ltr'>et</span> <span class='ocrx_word' id='word_1_344' title='bbox 2455 1964 2587 2029; x_wconf 84' lang='lat' dir='ltr'>toga</span> <span class='ocrx_word' id='word_1_345' title='bbox 2623 1961 3015 2031; x_wconf 90' lang='lat' dir='ltr'>denegnantes</span> <span class='ocrx_word' id='word_1_346' title='bbox 3038 1961 3261 2032; x_wconf 89' lang='lat' dir='ltr'>aliquid</span> <span class='ocrx_word' id='word_1_347' title='bbox 3287 1962 3510 2016; x_wconf 89' lang='lat' dir='ltr'>ferant:</span> <span class='ocrx_word' id='word_1_348' title='bbox 3539 1962 3683 2016; x_wconf 89' lang='lat' dir='ltr'>mihi</span> 
     </span>
    </p>
   </div>
   <div class='ocr_carea' id='block_1_50' title="bbox 1970 2048 3684 2120">
    <p class='ocr_par' dir='ltr' id='par_1_50' title="bbox 1970 2048 3684 2120">
     <span class='ocr_line' id='line_1_50' title="bbox 1970 2048 3684 2120; baseline 0 -19"><span class='ocrx_word' id='word_1_349' title='bbox 1970 2052 2157 2102; x_wconf 88' lang='lat' dir='ltr'>totum</span> <span class='ocrx_word' id='word_1_350' title='bbox 2188 2054 2393 2101; x_wconf 85' lang='lat' dir='ltr'>natura</span> <span class='ocrx_word' id='word_1_351' title='bbox 2443 2049 2686 2119; x_wconf 84' lang='lat' dir='ltr'>peperit,</span> <span class='ocrx_word' id='word_1_352' title='bbox 2722 2049 3000 2120; x_wconf 87' lang='lat' dir='ltr'>quidquid</span> <span class='ocrx_word' id='word_1_353' title='bbox 3033 2049 3092 2104; x_wconf 89' lang='lat' dir='ltr'>in</span> <span class='ocrx_word' id='word_1_354' title='bbox 3133 2048 3436 2120; x_wconf 88' lang='lat' dir='ltr'>procinctu</span> <span class='ocrx_word' id='word_1_355' title='bbox 3473 2048 3684 2103; x_wconf 89' lang='lat' dir='ltr'>consti-</span> 
     </span>
    </p>
   </div>
   <div class='ocr_carea' id='block_1_51' title="bbox 1971 2136 3684 2208">
    <p class='ocr_par' dir='ltr' id='par_1_51' title="bbox 1971 2136 3684 2208">
     <span class='ocr_line' id='line_1_51' title="bbox 1971 2136 3684 2208; baseline -0.001 -18"><span class='ocrx_word' id='word_1_356' title='bbox 1971 2142 2126 2191; x_wconf 90' lang='lat' dir='ltr'>tutus</span> <span class='ocrx_word' id='word_1_357' title='bbox 2160 2141 2470 2191; x_wconf 79' lang='lat' dir='ltr'>extorsero.</span> <span class='ocrx_word' id='word_1_358' title='bbox 2504 2137 2631 2191; x_wconf 90' lang='lat' dir='ltr'>Sola</span> <span class='ocrx_word' id='word_1_359' title='bbox 2689 2138 2853 2191; x_wconf 91' lang='lat' dir='ltr'>nobis</span> <span class='ocrx_word' id='word_1_360' title='bbox 2886 2138 3093 2208; x_wconf 90' lang='lat' dir='ltr'>scripta</span> <span class='ocrx_word' id='word_1_361' title='bbox 3130 2137 3260 2206; x_wconf 90' lang='lat' dir='ltr'>jura</span> <span class='ocrx_word' id='word_1_362' title='bbox 3292 2140 3446 2203; x_wconf 90' lang='lat' dir='ltr'>sunt,</span> <span class='ocrx_word' id='word_1_363' title='bbox 3480 2136 3561 2190; x_wconf 91' lang='lat' dir='ltr'>nil</span> <span class='ocrx_word' id='word_1_364' title='bbox 3604 2136 3684 2190; x_wconf 85' lang='lat' dir='ltr'>ti-</span> 
     </span>
    </p>
   </div>
   <div class='ocr_carea' id='block_1_52' title="bbox 1973 2224 3689 2297">
    <p class='ocr_par' dir='ltr' id='par_1_52' title="bbox 1973 2224 3689 2297">
     <span class='ocr_line' id='line_1_52' title="bbox 1973 2224 3689 2297; baseline -0.001 -17"><span class='ocrx_word' id='word_1_365' title='bbox 1973 2242 2148 2280; x_wconf 91' lang='lat' dir='ltr'>mere.</span> <span class='ocrx_word' id='word_1_366' title='bbox 2197 2226 2262 2279; x_wconf 87' lang='lat' dir='ltr'>Et</span> <span class='ocrx_word' id='word_1_367' title='bbox 2291 2225 2414 2279; x_wconf 76' lang='lat' dir='ltr'>hzec</span> <span class='ocrx_word' id='word_1_368' title='bbox 2445 2226 2681 2296; x_wconf 89' lang='lat' dir='ltr'>quidem</span> <span class='ocrx_word' id='word_1_369' title='bbox 2744 2224 2981 2280; x_wconf 89' lang='lat' dir='ltr'>auribus</span> <span class='ocrx_word' id='word_1_370' title='bbox 3032 2225 3255 2293; x_wconf 89' lang='lat' dir='ltr'>vestris,</span> <span class='ocrx_word' id='word_1_371' title='bbox 3318 2225 3480 2297; x_wconf 91' lang='lat' dir='ltr'>quasi</span> <span class='ocrx_word' id='word_1_372' title='bbox 3534 2224 3689 2279; x_wconf 86' lang='lat' dir='ltr'>bona</span> 
     </span>
    </p>
   </div>
   <div class='ocr_carea' id='block_1_53' title="bbox 1975 2314 3691 2385">
    <p class='ocr_par' dir='ltr' id='par_1_53' title="bbox 1975 2314 3691 2385">
     <span class='ocr_line' id='line_1_53' title="bbox 1975 2314 3691 2385; baseline -0.001 -15"><span class='ocrx_word' id='word_1_373' title='bbox 1975 2321 2122 2370; x_wconf 89' lang='lat' dir='ltr'>esset</span> <span class='ocrx_word' id='word_1_374' title='bbox 2152 2314 2401 2369; x_wconf 84' lang='lat' dir='ltr'>formula</span> <span class='ocrx_word' id='word_1_375' title='bbox 2444 2332 2574 2385; x_wconf 67' lang='lat' dir='ltr'>quae</span> <span class='ocrx_word' id='word_1_376' title='bbox 2624 2315 3040 2385; x_wconf 87' lang='lat' dir='ltr'>objectabatur,</span> <span class='ocrx_word' id='word_1_377' title='bbox 3089 2315 3327 2370; x_wconf 88' lang='lat' dir='ltr'>asserui.</span> <span class='ocrx_word' id='word_1_378' title='bbox 3381 2314 3581 2370; x_wconf 81' lang='lat' dir='ltr'>Nutrix</span> <span class='ocrx_word' id='word_1_379' title='bbox 3610 2320 3691 2369; x_wconf 87' lang='lat' dir='ltr'>ta-</span> 
     </span>
    </p>
   </div>
   <div class='ocr_carea' id='block_1_54' title="bbox 1977 2404 3690 2475">
    <p class='ocr_par' dir='ltr' id='par_1_54' title="bbox 1977 2404 3690 2475">
     <span class='ocr_line' id='line_1_54' title="bbox 1977 2404 3690 2475; baseline 0 -16"><span class='ocrx_word' id='word_1_380' title='bbox 1977 2421 2109 2459; x_wconf 91' lang='lat' dir='ltr'>men</span> <span class='ocrx_word' id='word_1_381' title='bbox 2148 2404 2401 2458; x_wconf 90' lang='lat' dir='ltr'>virorum</span> <span class='ocrx_word' id='word_1_382' title='bbox 2456 2404 2698 2458; x_wconf 88' lang='lat' dir='ltr'>fortium</span> <span class='ocrx_word' id='word_1_383' title='bbox 2739 2405 2850 2472; x_wconf 83' lang='lat' dir='ltr'>lex,</span> <span class='ocrx_word' id='word_1_384' title='bbox 2896 2404 3105 2459; x_wconf 85' lang='lat' dir='ltr'>vindex</span> <span class='ocrx_word' id='word_1_385' title='bbox 3137 2404 3437 2473; x_wconf 89' lang='lat' dir='ltr'>libertatis,</span> <span class='ocrx_word' id='word_1_386' title='bbox 3487 2404 3690 2475; x_wconf 77' lang='lat' dir='ltr'>patriae</span> 
     </span>
    </p>
   </div>
   <div class='ocr_carea' id='block_1_55' title="bbox 1978 2491 3669 2564">
    <p class='ocr_par' dir='ltr' id='par_1_55' title="bbox 1978 2491 3669 2564">
     <span class='ocr_line' id='line_1_55' title="bbox 1978 2491 3669 2564; baseline 0.002 -20"><span class='ocrx_word' id='word_1_387' title='bbox 1978 2491 2430 2560; x_wconf 89' lang='lat' dir='ltr'>munimentum,</span> <span class='ocrx_word' id='word_1_388' title='bbox 2471 2492 2641 2562; x_wconf 89' lang='lat' dir='ltr'>jubet</span> <span class='ocrx_word' id='word_1_389' title='bbox 2673 2497 2803 2564; x_wconf 92' lang='lat' dir='ltr'>post</span> <span class='ocrx_word' id='word_1_390' title='bbox 2836 2497 3127 2548; x_wconf 87' lang='lat' dir='ltr'>certamen</span> <span class='ocrx_word' id='word_1_391' title='bbox 3157 2494 3360 2549; x_wconf 89' lang='lat' dir='ltr'>heroas</span> <span class='ocrx_word' id='word_1_392' title='bbox 3390 2511 3524 2549; x_wconf 89' lang='lat' dir='ltr'>suos</span> <span class='ocrx_word' id='word_1_393' title='bbox 3551 2493 3669 2548; x_wconf 87' lang='lat' dir='ltr'>reci</span> 
     </span>
    </p>
   </div>
   <div class='ocr_carea' id='block_1_56' title="bbox 1978 2581 3690 2655">
    <p class='ocr_par' dir='ltr' id='par_1_56' title="bbox 1978 2581 3690 2655">
     <span class='ocr_line' id='line_1_56' title="bbox 1978 2581 3690 2655; baseline 0.002 -21"><span class='ocrx_word' id='word_1_394' title='bbox 1978 2581 2165 2634; x_wconf 89' lang='lat' dir='ltr'>divam</span> <span class='ocrx_word' id='word_1_395' title='bbox 2203 2581 2599 2637; x_wconf 88' lang='lat' dir='ltr'>intentionem</span> <span class='ocrx_word' id='word_1_396' title='bbox 2630 2584 2844 2638; x_wconf 90' lang='lat' dir='ltr'>habere</span> <span class='ocrx_word' id='word_1_397' title='bbox 2871 2584 2939 2638; x_wconf 90' lang='lat' dir='ltr'>de</span> <span class='ocrx_word' id='word_1_398' title='bbox 2970 2584 3251 2655; x_wconf 80' lang='lat' dir='ltr'>praemio;</span> <span class='ocrx_word' id='word_1_399' title='bbox 3286 2588 3342 2638; x_wconf 91' lang='lat' dir='ltr'>et</span> <span class='ocrx_word' id='word_1_400' title='bbox 3370 2584 3543 2655; x_wconf 85' lang='lat' dir='ltr'>gestis</span> <span class='ocrx_word' id='word_1_401' title='bbox 3572 2599 3690 2638; x_wconf 92' lang='lat' dir='ltr'>non</span> 
     </span>
    </p>
   </div>
   <div class='ocr_carea' id='block_1_57' title="bbox 1979 2670 3694 2744">
    <p class='ocr_par' dir='ltr' id='par_1_57' title="bbox 1979 2670 3694 2744">
     <span class='ocr_line' id='line_1_57' title="bbox 1979 2670 3694 2744; baseline 0.002 -21"><span class='ocrx_word' id='word_1_402' title='bbox 1979 2674 2246 2723; x_wconf 89' lang='lat' dir='ltr'>contenta</span> <span class='ocrx_word' id='word_1_403' title='bbox 2269 2670 2549 2739; x_wconf 84' lang='lat' dir='ltr'>felicibus,</span> <span class='ocrx_word' id='word_1_404' title='bbox 2586 2673 2723 2727; x_wconf 90' lang='lat' dir='ltr'>dum</span> <span class='ocrx_word' id='word_1_405' title='bbox 2747 2674 3138 2728; x_wconf 88' lang='lat' dir='ltr'>tollitsudoris</span> <span class='ocrx_word' id='word_1_406' title='bbox 3164 2674 3437 2744; x_wconf 87' lang='lat' dir='ltr'>pretium,</span> <span class='ocrx_word' id='word_1_407' title='bbox 3478 2673 3694 2742; x_wconf 83' lang='lat' dir='ltr'>frangit</span> 
     </span>
    </p>
   </div>
   <div class='ocr_carea' id='block_1_58' title="bbox 1980 2759 3689 2833">
    <p class='ocr_par' dir='ltr' id='par_1_58' title="bbox 1980 2759 3689 2833">
     <span class='ocr_line' id='line_1_58' title="bbox 1980 2759 3689 2833; baseline 0.002 -22"><span class='ocrx_word' id='word_1_408' title='bbox 1980 2759 2168 2812; x_wconf 90' lang='lat' dir='ltr'>studia</span> <span class='ocrx_word' id='word_1_409' title='bbox 2214 2760 2551 2814; x_wconf 89' lang='lat' dir='ltr'>dimicandi.</span> <span class='ocrx_word' id='word_1_410' title='bbox 2588 2763 2731 2833; x_wconf 85' lang='lat' dir='ltr'>Ergo</span> <span class='ocrx_word' id='word_1_411' title='bbox 2766 2779 2837 2815; x_wconf 91' lang='lat' dir='ltr'>ne</span> <span class='ocrx_word' id='word_1_412' title='bbox 2867 2762 3019 2816; x_wconf 89' lang='lat' dir='ltr'>bona</span> <span class='ocrx_word' id='word_1_413' title='bbox 3066 2766 3198 2816; x_wconf 90' lang='lat' dir='ltr'>sunt</span> <span class='ocrx_word' id='word_1_414' title='bbox 3237 2766 3523 2833; x_wconf 66' lang='lat' dir='ltr'>prmcepta</span> <span class='ocrx_word' id='word_1_415' title='bbox 3559 2777 3689 2831; x_wconf 70' lang='lat' dir='ltr'>qum</span> 
     </span>
    </p>
   </div>
   <div class='ocr_carea' id='block_1_59' title="bbox 1983 2848 3756 2922">
    <p class='ocr_par' dir='ltr' id='par_1_59' title="bbox 1983 2848 3756 2922">
     <span class='ocr_line' id='line_1_59' title="bbox 1983 2848 3756 2922; baseline 0.002 -22"><span class='ocrx_word' id='word_1_416' title='bbox 1983 2864 2056 2901; x_wconf 92' lang='lat' dir='ltr'>ne</span> <span class='ocrx_word' id='word_1_417' title='bbox 2106 2848 2244 2901; x_wconf 91' lang='lat' dir='ltr'>boni</span> <span class='ocrx_word' id='word_1_418' title='bbox 2279 2848 2597 2904; x_wconf 81' lang='lat' dir='ltr'>efficiamur</span> <span class='ocrx_word' id='word_1_419' title='bbox 2641 2853 2994 2906; x_wconf 89' lang='lat' dir='ltr'>occurrunt?</span> <span class='ocrx_word' id='word_1_420' title='bbox 3027 2852 3394 2922; x_wconf 63' lang='lat' dir='ltr'>Quaecunque</span> <span class='ocrx_word' id='word_1_421' title='bbox 3442 2851 3693 2905; x_wconf 87' lang='lat' dir='ltr'>fructum</span> <span class='ocrx_word' id='word_1_422' title='bbox 3752 2877 3756 2881; x_wconf 90' lang='lat'><strong><em>-</em></strong></span> 
     </span>
    </p>
   </div>
   <div class='ocr_carea' id='block_1_60' title="bbox 200 2937 3695 3022">
    <p class='ocr_par' dir='ltr' id='par_1_60' title="bbox 200 2937 3695 3022">
     <span class='ocr_line' id='line_1_60' title="bbox 200 2937 3695 3022; baseline 0 -30"><span class='ocrx_word' id='word_1_423' title='bbox 200 2940 429 3007; x_wconf 86' lang='lat' dir='ltr'>barbaro,</span> <span class='ocrx_word' id='word_1_424' title='bbox 467 2958 607 2995; x_wconf 87' lang='lat' dir='ltr'>cum</span> <span class='ocrx_word' id='word_1_425' title='bbox 658 2944 820 3009; x_wconf 90' lang='lat' dir='ltr'>pater</span> <span class='ocrx_word' id='word_1_426' title='bbox 854 2939 995 2993; x_wconf 89' lang='lat' dir='ltr'>mihi</span> <span class='ocrx_word' id='word_1_427' title='bbox 1044 2939 1452 3008; x_wconf 82' lang='lat' dir='ltr'>dedignaretur</span> <span class='ocrx_word' id='word_1_428' title='bbox 1496 2939 1713 3005; x_wconf 89' lang='lat' dir='ltr'>adesse,</span> <span class='ocrx_word' id='word_1_429' title='bbox 1748 2937 1871 2990; x_wconf 86' lang='lat' dir='ltr'>vul-</span> <span class='ocrx_word' id='word_1_430' title='bbox 1913 2966 1952 3022; x_wconf 65' lang='grc' dir='ltr'>Ο</span> <span class='ocrx_word' id='word_1_431' title='bbox 1986 2937 2249 2991; x_wconf 91' lang='lat' dir='ltr'>adimunt</span> <span class='ocrx_word' id='word_1_432' title='bbox 2281 2938 2562 3005; x_wconf 90' lang='lat' dir='ltr'>laborum,</span> <span class='ocrx_word' id='word_1_433' title='bbox 2604 2956 2873 2994; x_wconf 87' lang='lat' dir='ltr'>censores</span> <span class='ocrx_word' id='word_1_434' title='bbox 2910 2940 3368 3010; x_wconf 90' lang='lat' dir='ltr'>prudentissimi,</span> <span class='ocrx_word' id='word_1_435' title='bbox 3406 2940 3475 2995; x_wconf 90' lang='lat' dir='ltr'>de</span> <span class='ocrx_word' id='word_1_436' title='bbox 3506 2939 3695 2994; x_wconf 86' lang='lat' dir='ltr'>aliena</span> 
     </span>
    </p>
   </div>
   <div class='ocr_carea' id='block_1_61' title="bbox 196 3025 1873 3097">
    <p class='ocr_par' dir='ltr' id='par_1_61' title="bbox 196 3025 1873 3097">
     <span class='ocr_line' id='line_1_61' title="bbox 196 3025 1873 3097; baseline -0.001 -16"><span class='ocrx_word' id='word_1_437' title='bbox 196 3034 303 3097; x_wconf 80' lang='lat' dir='ltr'>gata</span> <span class='ocrx_word' id='word_1_438' title='bbox 330 3036 472 3083; x_wconf 85' lang='lat' dir='ltr'>sunt.</span> <span class='ocrx_word' id='word_1_439' title='bbox 517 3030 753 3084; x_wconf 74' lang='lat' dir='ltr'>Modum</span> <span class='ocrx_word' id='word_1_440' title='bbox 787 3028 986 3082; x_wconf 90' lang='lat' dir='ltr'>transit</span> <span class='ocrx_word' id='word_1_441' title='bbox 1021 3028 1303 3091; x_wconf 87' lang='lat' dir='ltr'>atrocitas,</span> <span class='ocrx_word' id='word_1_442' title='bbox 1341 3043 1469 3097; x_wconf 69' lang='lat' dir='ltr'>qua:</span> <span class='ocrx_word' id='word_1_443' title='bbox 1499 3027 1586 3080; x_wconf 89' lang='lat' dir='ltr'>vel</span> <span class='ocrx_word' id='word_1_444' title='bbox 1622 3027 1678 3079; x_wconf 89' lang='lat' dir='ltr'>in</span> <span class='ocrx_word' id='word_1_445' title='bbox 1712 3025 1873 3080; x_wconf 88' lang='lat' dir='ltr'>debi-</span> 
     </span>
    </p>
   </div>
   <div class='ocr_carea' id='block_1_62' title="bbox 198 3115 1878 3189">
    <p class='ocr_par' dir='ltr' id='par_1_62' title="bbox 198 3115 1878 3189">
     <span class='ocr_line' id='line_1_62' title="bbox 198 3115 1878 3189; baseline -0.001 -20"><span class='ocrx_word' id='word_1_446' title='bbox 198 3118 254 3170; x_wconf 86' lang='lat' dir='ltr'>tis</span> <span class='ocrx_word' id='word_1_447' title='bbox 295 3119 592 3189; x_wconf 72' lang='lat' dir='ltr'>exigendis</span> <span class='ocrx_word' id='word_1_448' title='bbox 625 3135 736 3172; x_wconf 90' lang='lat' dir='ltr'>non</span> <span class='ocrx_word' id='word_1_449' title='bbox 772 3117 1030 3188; x_wconf 89' lang='lat' dir='ltr'>principe</span> <span class='ocrx_word' id='word_1_450' title='bbox 1065 3117 1189 3170; x_wconf 92' lang='lat' dir='ltr'>loco</span> <span class='ocrx_word' id='word_1_451' title='bbox 1236 3116 1381 3169; x_wconf 89' lang='lat' dir='ltr'>vires</span> <span class='ocrx_word' id='word_1_452' title='bbox 1424 3115 1759 3183; x_wconf 88' lang='lat' dir='ltr'>interrogat.</span> <span class='ocrx_word' id='word_1_453' title='bbox 1795 3115 1878 3168; x_wconf 91' lang='lat' dir='ltr'>Tu</span> 
     </span>
    </p>
   </div>
   <div class='ocr_carea' id='block_1_63' title="bbox 198 3204 1880 3261">
    <p class='ocr_par' dir='ltr' id='par_1_63' title="bbox 198 3204 1880 3261">
     <span class='ocr_line' id='line_1_63' title="bbox 198 3204 1880 3261; baseline 0 -4"><span class='ocrx_word' id='word_1_454' title='bbox 198 3223 302 3260; x_wconf 88' lang='lat' dir='ltr'>cum</span> <span class='ocrx_word' id='word_1_455' title='bbox 336 3209 525 3261; x_wconf 83' lang='lat' dir='ltr'>videas</span> <span class='ocrx_word' id='word_1_456' title='bbox 586 3210 771 3260; x_wconf 70' lang='lat' dir='ltr'>mtatis</span> <span class='ocrx_word' id='word_1_457' title='bbox 820 3207 878 3259; x_wconf 93' lang='lat' dir='ltr'>in</span> <span class='ocrx_word' id='word_1_458' title='bbox 937 3223 1026 3260; x_wconf 90' lang='lat' dir='ltr'>me</span> <span class='ocrx_word' id='word_1_459' title='bbox 1079 3205 1468 3259; x_wconf 86' lang='lat' dir='ltr'>valetudinem</span> <span class='ocrx_word' id='word_1_460' title='bbox 1517 3204 1880 3257; x_wconf 83' lang='lat' dir='ltr'>miseriarum</span> 
     </span>
    </p>
   </div>
   <div class='ocr_carea' id='block_1_64' title="bbox 199 3292 1881 3364">
    <p class='ocr_par' dir='ltr' id='par_1_64' title="bbox 199 3292 1881 3364">
     <span class='ocr_line' id='line_1_64' title="bbox 199 3292 1881 3364; baseline -0.001 -17"><span class='ocrx_word' id='word_1_461' title='bbox 199 3295 318 3349; x_wconf 82' lang='lat' dir='ltr'>fasce</span> <span class='ocrx_word' id='word_1_462' title='bbox 348 3298 659 3363; x_wconf 86' lang='lat' dir='ltr'>mollitam,</span> <span class='ocrx_word' id='word_1_463' title='bbox 690 3313 818 3349; x_wconf 87' lang='lat' dir='ltr'>cum</span> <span class='ocrx_word' id='word_1_464' title='bbox 850 3296 953 3349; x_wconf 61' lang='lat' dir='ltr'>{cvi</span> <span class='ocrx_word' id='word_1_465' title='bbox 998 3297 1172 3350; x_wconf 89' lang='lat' dir='ltr'>robur</span> <span class='ocrx_word' id='word_1_466' title='bbox 1210 3294 1615 3364; x_wconf 89' lang='lat' dir='ltr'>multiplicium</span> <span class='ocrx_word' id='word_1_467' title='bbox 1644 3292 1881 3346; x_wconf 89' lang='lat' dir='ltr'>calami-</span> 
     </span>
    </p>
   </div>
   <div class='ocr_carea' id='block_1_65' title="bbox 199 3384 1879 3450">
    <p class='ocr_par' dir='ltr' id='par_1_65' title="bbox 199 3384 1879 3450">
     <span class='ocr_line' id='line_1_65' title="bbox 199 3384 1879 3450; baseline -0.001 -13"><span class='ocrx_word' id='word_1_468' title='bbox 199 3389 351 3440; x_wconf 85' lang='lat' dir='ltr'>tatum</span> <span class='ocrx_word' id='word_1_469' title='bbox 390 3389 677 3441; x_wconf 86' lang='lat' dir='ltr'>varietate</span> <span class='ocrx_word' id='word_1_470' title='bbox 730 3386 1061 3450; x_wconf 88' lang='lat' dir='ltr'>contritum,</span> <span class='ocrx_word' id='word_1_471' title='bbox 1109 3402 1235 3439; x_wconf 91' lang='lat' dir='ltr'>cum</span> <span class='ocrx_word' id='word_1_472' title='bbox 1295 3389 1349 3438; x_wconf 89' lang='lat' dir='ltr'>et</span> <span class='ocrx_word' id='word_1_473' title='bbox 1402 3384 1736 3437; x_wconf 85' lang='lat' dir='ltr'>necessitate</span> <span class='ocrx_word' id='word_1_474' title='bbox 1789 3400 1879 3436; x_wconf 81' lang='lat' dir='ltr'>se-</span> 
     </span>
    </p>
   </div>
   <div class='ocr_carea' id='block_1_66' title="bbox 201 3473 1885 3545">
    <p class='ocr_par' dir='ltr' id='par_1_66' title="bbox 201 3473 1885 3545">
     <span class='ocr_line' id='line_1_66' title="bbox 201 3473 1885 3545; baseline -0.001 -18"><span class='ocrx_word' id='word_1_475' title='bbox 201 3482 353 3530; x_wconf 71' lang='lat' dir='ltr'>necta:</span> <span class='ocrx_word' id='word_1_476' title='bbox 384 3477 642 3531; x_wconf 84' lang='lat' dir='ltr'>habeam</span> <span class='ocrx_word' id='word_1_477' title='bbox 678 3482 735 3529; x_wconf 89' lang='lat' dir='ltr'>et</span> <span class='ocrx_word' id='word_1_478' title='bbox 783 3475 1051 3529; x_wconf 88' lang='lat' dir='ltr'>invidiam</span> <span class='ocrx_word' id='word_1_479' title='bbox 1080 3474 1419 3545; x_wconf 86' lang='lat' dir='ltr'>juventutis,</span> <span class='ocrx_word' id='word_1_480' title='bbox 1466 3490 1578 3527; x_wconf 93' lang='lat' dir='ltr'>non</span> <span class='ocrx_word' id='word_1_481' title='bbox 1608 3490 1637 3526; x_wconf 90' lang='lat' dir='ltr'>a</span> <span class='ocrx_word' id='word_1_482' title='bbox 1663 3489 1754 3525; x_wconf 90' lang='lat' dir='ltr'>me</span> <span class='ocrx_word' id='word_1_483' title='bbox 1782 3473 1885 3526; x_wconf 90' lang='lat' dir='ltr'>de-</span> 
     </span>
    </p>
   </div>
   <div class='ocr_carea' id='block_1_67' title="bbox 197 3563 1882 3636">
    <p class='ocr_par' dir='ltr' id='par_1_67' title="bbox 197 3563 1882 3636">
     <span class='ocr_line' id='line_1_67' title="bbox 197 3563 1882 3636; baseline 0 -21"><span class='ocrx_word' id='word_1_484' title='bbox 197 3564 323 3618; x_wconf 82' lang='lat' dir='ltr'>sistis</span> <span class='ocrx_word' id='word_1_485' title='bbox 368 3582 613 3636; x_wconf 78' lang='lat' dir='ltr'>poscere</span> <span class='ocrx_word' id='word_1_486' title='bbox 665 3566 819 3636; x_wconf 89' lang='lat' dir='ltr'>quod</span> <span class='ocrx_word' id='word_1_487' title='bbox 874 3570 929 3618; x_wconf 89' lang='lat' dir='ltr'>et</span> <span class='ocrx_word' id='word_1_488' title='bbox 988 3564 1167 3618; x_wconf 88' lang='lat' dir='ltr'>hostis</span> <span class='ocrx_word' id='word_1_489' title='bbox 1223 3563 1535 3617; x_wconf 86' lang='lat' dir='ltr'>remisisset</span> <span class='ocrx_word' id='word_1_490' title='bbox 1587 3563 1882 3615; x_wconf 79' lang='lat' dir='ltr'>exhausto.</span> 
     </span>
    </p>
   </div>
   <div class='ocr_carea' id='block_1_68' title="bbox 194 3652 1886 3726">
    <p class='ocr_par' dir='ltr' id='par_1_68' title="bbox 194 3652 1886 3726">
     <span class='ocr_line' id='line_1_68' title="bbox 194 3652 1886 3726; baseline 0 -22"><span class='ocrx_word' id='word_1_491' title='bbox 194 3654 258 3705; x_wconf 88' lang='lat' dir='ltr'>Tu</span> <span class='ocrx_word' id='word_1_492' title='bbox 310 3656 553 3726; x_wconf 88' lang='lat' dir='ltr'>accipies</span> <span class='ocrx_word' id='word_1_493' title='bbox 614 3654 974 3707; x_wconf 86' lang='lat' dir='ltr'>tributariam</span> <span class='ocrx_word' id='word_1_494' title='bbox 1024 3652 1401 3719; x_wconf 75' lang='lat' dir='ltr'>iunctionem,</span> <span class='ocrx_word' id='word_1_495' title='bbox 1454 3657 1509 3705; x_wconf 91' lang='lat' dir='ltr'>et</span> <span class='ocrx_word' id='word_1_496' title='bbox 1565 3652 1749 3705; x_wconf 86' lang='lat' dir='ltr'>adhuc</span> <span class='ocrx_word' id='word_1_497' title='bbox 1796 3667 1886 3704; x_wconf 90' lang='lat' dir='ltr'>me</span> 
     </span>
    </p>
   </div>
   <div class='ocr_carea' id='block_1_69' title="bbox 198 3738 1885 3812">
    <p class='ocr_par' dir='ltr' id='par_1_69' title="bbox 198 3738 1885 3812">
     <span class='ocr_line' id='line_1_69' title="bbox 198 3738 1885 3812; baseline -0.001 -20"><span class='ocrx_word' id='word_1_498' title='bbox 198 3742 577 3812; x_wconf 84' lang='lat' dir='ltr'>magnitudine</span> <span class='ocrx_word' id='word_1_499' title='bbox 607 3741 877 3807; x_wconf 89' lang='lat' dir='ltr'>nominis,</span> <span class='ocrx_word' id='word_1_500' title='bbox 916 3745 969 3794; x_wconf 92' lang='lat' dir='ltr'>et</span> <span class='ocrx_word' id='word_1_501' title='bbox 996 3740 1165 3810; x_wconf 89' lang='lat' dir='ltr'>genio</span> <span class='ocrx_word' id='word_1_502' title='bbox 1199 3739 1455 3810; x_wconf 89' lang='lat' dir='ltr'>parentis</span> <span class='ocrx_word' id='word_1_503' title='bbox 1477 3738 1731 3802; x_wconf 84' lang='lat' dir='ltr'>incessis,</span> <span class='ocrx_word' id='word_1_504' title='bbox 1758 3755 1885 3792; x_wconf 91' lang='lat' dir='ltr'>cum</span> 
     </span>
    </p>
   </div>
   <div class='ocr_carea' id='block_1_70' title="bbox 194 3827 1890 3900">
    <p class='ocr_par' dir='ltr' id='par_1_70' title="bbox 194 3827 1890 3900">
     <span class='ocr_line' id='line_1_70' title="bbox 194 3827 1890 3900; baseline -0.001 -18"><span class='ocrx_word' id='word_1_505' title='bbox 194 3832 615 3885; x_wconf 82' lang='lat' dir='ltr'>miserationem</span> <span class='ocrx_word' id='word_1_506' title='bbox 652 3847 825 3900; x_wconf 91' lang='lat' dir='ltr'>quam</span> <span class='ocrx_word' id='word_1_507' title='bbox 858 3829 1025 3882; x_wconf 89' lang='lat' dir='ltr'>debes</span> <span class='ocrx_word' id='word_1_508' title='bbox 1056 3828 1376 3899; x_wconf 88' lang='lat' dir='ltr'>cuicunque</span> <span class='ocrx_word' id='word_1_509' title='bbox 1416 3828 1658 3893; x_wconf 88' lang='lat' dir='ltr'>homini,</span> <span class='ocrx_word' id='word_1_510' title='bbox 1696 3827 1890 3897; x_wconf 80' lang='lat' dir='ltr'>despi-</span> 
     </span>
    </p>
   </div>
   <div class='ocr_carea' id='block_1_71' title="bbox 195 3916 1892 3990">
    <p class='ocr_par' dir='ltr' id='par_1_71' title="bbox 195 3916 1892 3990">
     <span class='ocr_line' id='line_1_71' title="bbox 195 3916 1892 3990; baseline 0 -21"><span class='ocrx_word' id='word_1_511' title='bbox 195 3920 290 3971; x_wconf 82' lang='lat' dir='ltr'>cias</span> <span class='ocrx_word' id='word_1_512' title='bbox 336 3922 623 3975; x_wconf 74' lang='lat' dir='ltr'>exhibere</span> <span class='ocrx_word' id='word_1_513' title='bbox 673 3921 755 3973; x_wconf 86' lang='lat' dir='ltr'>vel</span> <span class='ocrx_word' id='word_1_514' title='bbox 805 3918 1054 3990; x_wconf 83' lang='lat' dir='ltr'>pignori.</span> <span class='ocrx_word' id='word_1_515' title='bbox 1090 3919 1352 3989; x_wconf 89' lang='lat' dir='ltr'>Superna</span> <span class='ocrx_word' id='word_1_516' title='bbox 1402 3916 1754 3986; x_wconf 88' lang='lat' dir='ltr'>dispensatio</span> <span class='ocrx_word' id='word_1_517' title='bbox 1788 3916 1892 3969; x_wconf 85' lang='lat' dir='ltr'>hac</span> 
     </span>
    </p>
   </div>
   <div class='ocr_carea' id='block_1_72' title="bbox 192 4006 1892 4078">
    <p class='ocr_par' dir='ltr' id='par_1_72' title="bbox 192 4006 1892 4078">
     <span class='ocr_line' id='line_1_72' title="bbox 192 4006 1892 4078; baseline -0.001 -18"><span class='ocrx_word' id='word_1_518' title='bbox 192 4009 561 4064; x_wconf 88' lang='lat' dir='ltr'>intentionem</span> <span class='ocrx_word' id='word_1_519' title='bbox 592 4016 755 4063; x_wconf 89' lang='lat' dir='ltr'>tuam</span> <span class='ocrx_word' id='word_1_520' title='bbox 781 4009 1037 4062; x_wconf 89' lang='lat' dir='ltr'>mercede</span> <span class='ocrx_word' id='word_1_521' title='bbox 1058 4008 1387 4078; x_wconf 86' lang='lat' dir='ltr'>locupletet,</span> <span class='ocrx_word' id='word_1_522' title='bbox 1416 4012 1479 4060; x_wconf 90' lang='lat' dir='ltr'>ut</span> <span class='ocrx_word' id='word_1_523' title='bbox 1506 4023 1701 4060; x_wconf 90' lang='lat' dir='ltr'>rursus</span> <span class='ocrx_word' id='word_1_524' title='bbox 1719 4006 1892 4076; x_wconf 88' lang='lat' dir='ltr'>prolis</span> 
     </span>
    </p>
   </div>
   <div class='ocr_carea' id='block_1_73' title="bbox 196 4094 1894 4167">
    <p class='ocr_par' dir='ltr' id='par_1_73' title="bbox 196 4094 1894 4167">
     <span class='ocr_line' id='line_1_73' title="bbox 196 4094 1894 4167; baseline -0.001 -19"><span class='ocrx_word' id='word_1_525' title='bbox 196 4103 289 4149; x_wconf 75' lang='lat' dir='ltr'>tuae</span> <span class='ocrx_word' id='word_1_526' title='bbox 335 4100 544 4153; x_wconf 86' lang='lat' dir='ltr'>funera</span> <span class='ocrx_word' id='word_1_527' title='bbox 604 4099 793 4152; x_wconf 78' lang='lat' dir='ltr'>votiva</span> <span class='ocrx_word' id='word_1_528' title='bbox 844 4097 1144 4167; x_wconf 82' lang='lat' dir='ltr'>respicias;</span> <span class='ocrx_word' id='word_1_529' title='bbox 1200 4102 1253 4150; x_wconf 92' lang='lat' dir='ltr'>et</span> <span class='ocrx_word' id='word_1_530' title='bbox 1293 4095 1387 4166; x_wconf 90' lang='lat' dir='ltr'>qui</span> <span class='ocrx_word' id='word_1_531' title='bbox 1425 4095 1677 4165; x_wconf 88' lang='lat' dir='ltr'>gravaris</span> <span class='ocrx_word' id='word_1_532' title='bbox 1712 4096 1780 4149; x_wconf 89' lang='lat' dir='ltr'>de</span> <span class='ocrx_word' id='word_1_533' title='bbox 1810 4094 1894 4147; x_wconf 81' lang='lat' dir='ltr'>vi-</span> 
     </span>
    </p>
   </div>
   <div class='ocr_carea' id='block_1_74' title="bbox 193 4184 1898 4257">
    <p class='ocr_par' dir='ltr' id='par_1_74' title="bbox 193 4184 1898 4257">
     <span class='ocr_line' id='line_1_74' title="bbox 193 4184 1898 4257; baseline 0.001 -22"><span class='ocrx_word' id='word_1_534' title='bbox 193 4187 296 4239; x_wconf 82' lang='lat' dir='ltr'>vaci</span> <span class='ocrx_word' id='word_1_535' title='bbox 327 4188 671 4257; x_wconf 67' lang='lat' dir='ltr'>praesentia,</span> <span class='ocrx_word' id='word_1_536' title='bbox 706 4185 1123 4240; x_wconf 84' lang='lat' dir='ltr'>desideriorum</span> <span class='ocrx_word' id='word_1_537' title='bbox 1164 4201 1447 4239; x_wconf 89' lang='lat' dir='ltr'>summam</span> <span class='ocrx_word' id='word_1_538' title='bbox 1481 4184 1671 4255; x_wconf 87' lang='lat' dir='ltr'>capias</span> <span class='ocrx_word' id='word_1_539' title='bbox 1716 4184 1785 4238; x_wconf 91' lang='lat' dir='ltr'>de</span> <span class='ocrx_word' id='word_1_540' title='bbox 1812 4198 1898 4237; x_wconf 85' lang='lat' dir='ltr'>se-</span> 
     </span>
    </p>
   </div>
   <div class='ocr_carea' id='block_1_75' title="bbox 199 4276 408 4341">
    <p class='ocr_par' dir='ltr' id='par_1_75' title="bbox 199 4276 408 4341">
     <span class='ocr_line' id='line_1_75' title="bbox 199 4276 408 4341; baseline 0.019 -15"><span class='ocrx_word' id='word_1_541' title='bbox 199 4276 408 4341; x_wconf 82' lang='lat' dir='ltr'>pulcris.</span> 
     </span>
    </p>
   </div>
   <div class='ocr_carea' id='block_1_76' title="bbox 830 4364 1270 4420">
    <p class='ocr_par' dir='ltr' id='par_1_76' title="bbox 830 4364 1270 4420">
     <span class='ocr_line' id='line_1_76' title="bbox 830 4364 1270 4420; baseline -0.005 -1"><span class='ocrx_word' id='word_1_542' title='bbox 830 4364 1066 4420; x_wconf 89' lang='lat' dir='ltr'>DlCTIO</span> <span class='ocrx_word' id='word_1_543' title='bbox 1104 4364 1270 4419; x_wconf 80' lang='lat' dir='ltr'><strong>XXII.</strong></span> 
     </span>
    </p>
   </div>
   <div class='ocr_carea' id='block_1_77' title="bbox 680 4467 1413 4511">
    <p class='ocr_par' dir='ltr' id='par_1_77' title="bbox 680 4467 1413 4511">
     <span class='ocr_line' id='line_1_77' title="bbox 680 4467 1413 4511; baseline -0.005 0"><span class='ocrx_word' id='word_1_544' title='bbox 680 4468 1175 4511; x_wconf 77' lang='lat' dir='ltr'>CONTROVERSIA</span> <span class='ocrx_word' id='word_1_545' title='bbox 1222 4467 1413 4509; x_wconf 78' lang='lat' dir='ltr'>NONA.</span> 
     </span>
    </p>
   </div>
   <div class='ocr_carea' id='block_1_78' title="bbox 914 4543 1217 4607">
    <p class='ocr_par' dir='ltr' id='par_1_78' title="bbox 914 4543 1217 4607">
     <span class='ocr_line' id='line_1_78' title="bbox 914 4543 1217 4607; baseline -0.01 -10"><span class='ocrx_word' id='word_1_546' title='bbox 914 4543 1217 4607; x_wconf 61' lang='lat' dir='ltr'>Prw/&quot;alio.</span> 
     </span>
    </p>
   </div>
   <div class='ocr_carea' id='block_1_79' title="bbox 260 4628 1901 4707">
    <p class='ocr_par' dir='ltr' id='par_1_79' title="bbox 260 4628 1901 4707">
     <span class='ocr_line' id='line_1_79' title="bbox 260 4628 1901 4707; baseline -0.005 -18"><span class='ocrx_word' id='word_1_547' title='bbox 260 4637 494 4707; x_wconf 79' lang='lat' dir='ltr'>Copiose</span> <span class='ocrx_word' id='word_1_548' title='bbox 542 4634 788 4707; x_wconf 88' lang='lat' dir='ltr'>quidem</span> <span class='ocrx_word' id='word_1_549' title='bbox 838 4632 1106 4704; x_wconf 88' lang='lat' dir='ltr'>egregius</span> <span class='ocrx_word' id='word_1_550' title='bbox 1157 4631 1483 4686; x_wconf 88' lang='lat' dir='ltr'>adolescens</span> <span class='ocrx_word' id='word_1_551' title='bbox 1540 4628 1901 4682; x_wconf 88' lang='lat' dir='ltr'>inventorum</span> 
     </span>
    </p>
   </div>
   <div class='ocr_carea' id='block_1_80' title="bbox 204 4719 1906 4792">
    <p class='ocr_par' dir='ltr' id='par_1_80' title="bbox 204 4719 1906 4792">
     <span class='ocr_line' id='line_1_80' title="bbox 204 4719 1906 4792; baseline -0.005 -14"><span class='ocrx_word' id='word_1_552' title='bbox 204 4740 419 4781; x_wconf 80' lang='lat' dir='ltr'>suorum</span> <span class='ocrx_word' id='word_1_553' title='bbox 456 4726 700 4779; x_wconf 83' lang='lat' dir='ltr'>divitias</span> <span class='ocrx_word' id='word_1_554' title='bbox 733 4724 791 4777; x_wconf 92' lang='lat' dir='ltr'>in</span> <span class='ocrx_word' id='word_1_555' title='bbox 832 4723 1096 4776; x_wconf 89' lang='lat' dir='ltr'>ordinem</span> <span class='ocrx_word' id='word_1_556' title='bbox 1132 4719 1737 4792; x_wconf 89' lang='lat' dir='ltr'>digerens,verborum</span> <span class='ocrx_word' id='word_1_557' title='bbox 1772 4733 1906 4787; x_wconf 90' lang='lat' dir='ltr'>quo-</span> 
     </span>
    </p>
   </div>
   <div class='ocr_carea' id='block_1_81' title="bbox 203 4805 1907 4883">
    <p class='ocr_par' dir='ltr' id='par_1_81' title="bbox 203 4805 1907 4883">
     <span class='ocr_line' id='line_1_81' title="bbox 203 4805 1907 4883; baseline -0.004 -19"><span class='ocrx_word' id='word_1_558' title='bbox 203 4830 297 4883; x_wconf 85' lang='lat' dir='ltr'>que</span> <span class='ocrx_word' id='word_1_559' title='bbox 332 4818 607 4869; x_wconf 85' lang='lat' dir='ltr'>ubertate</span> <span class='ocrx_word' id='word_1_560' title='bbox 634 4813 855 4879; x_wconf 87' lang='lat' dir='ltr'>ditavit,</span> <span class='ocrx_word' id='word_1_561' title='bbox 880 4818 936 4865; x_wconf 89' lang='lat' dir='ltr'>et</span> <span class='ocrx_word' id='word_1_562' title='bbox 966 4828 1092 4882; x_wconf 71' lang='lat' dir='ltr'>qum</span> <span class='ocrx_word' id='word_1_563' title='bbox 1125 4827 1232 4881; x_wconf 92' lang='lat' dir='ltr'>pro</span> <span class='ocrx_word' id='word_1_564' title='bbox 1268 4809 1545 4879; x_wconf 89' lang='lat' dir='ltr'>religione</span> <span class='ocrx_word' id='word_1_565' title='bbox 1577 4823 1696 4861; x_wconf 90' lang='lat' dir='ltr'>esse</span> <span class='ocrx_word' id='word_1_566' title='bbox 1729 4805 1907 4860; x_wconf 90' lang='lat' dir='ltr'>credi-</span> 
     </span>
    </p>
   </div>
   <div class='ocr_carea' id='block_1_82' title="bbox 206 4894 1909 4975">
    <p class='ocr_par' dir='ltr' id='par_1_82' title="bbox 206 4894 1909 4975">
     <span class='ocr_line' id='line_1_82' title="bbox 206 4894 1909 4975; baseline -0.004 -20"><span class='ocrx_word' id='word_1_567' title='bbox 206 4902 289 4970; x_wconf 89' lang='lat' dir='ltr'>dit,</span> <span class='ocrx_word' id='word_1_568' title='bbox 320 4905 501 4975; x_wconf 90' lang='lat' dir='ltr'>digno</span> <span class='ocrx_word' id='word_1_569' title='bbox 532 4902 869 4957; x_wconf 87' lang='lat' dir='ltr'>reverentia</span> <span class='ocrx_word' id='word_1_570' title='bbox 899 4917 996 4955; x_wconf 90' lang='lat' dir='ltr'>ore</span> <span class='ocrx_word' id='word_1_571' title='bbox 1020 4899 1393 4969; x_wconf 91' lang='lat' dir='ltr'>deprompsit.</span> <span class='ocrx_word' id='word_1_572' title='bbox 1431 4898 1540 4952; x_wconf 90' lang='lat' dir='ltr'>Sed</span> <span class='ocrx_word' id='word_1_573' title='bbox 1566 4896 1766 4967; x_wconf 91' lang='lat' dir='ltr'>procul</span> <span class='ocrx_word' id='word_1_574' title='bbox 1790 4894 1909 4966; x_wconf 91' lang='lat' dir='ltr'>opi-</span> 
     </span>
    </p>
   </div>
   <div class='ocr_carea' id='block_1_83' title="bbox 204 4990 1909 5058">
    <p class='ocr_par' dir='ltr' id='par_1_83' title="bbox 204 4990 1909 5058">
     <span class='ocr_line' id='line_1_83' title="bbox 204 4990 1909 5058; baseline -0.004 -15"><span class='ocrx_word' id='word_1_575' title='bbox 204 4994 375 5046; x_wconf 88' lang='lat' dir='ltr'>nionis</span> <span class='ocrx_word' id='word_1_576' title='bbox 420 4991 678 5046; x_wconf 88' lang='lat' dir='ltr'>insidias</span> <span class='ocrx_word' id='word_1_577' title='bbox 709 4995 932 5044; x_wconf 87' lang='lat' dir='ltr'>cessent</span> <span class='ocrx_word' id='word_1_578' title='bbox 977 4990 1364 5058; x_wconf 86' lang='lat' dir='ltr'>malignorum</span> <span class='ocrx_word' id='word_1_579' title='bbox 1415 4991 1738 5040; x_wconf 85' lang='lat' dir='ltr'>commenta</span> <span class='ocrx_word' id='word_1_580' title='bbox 1786 4991 1909 5038; x_wconf 87' lang='lat' dir='ltr'>tra-</span> 
     </span>
    </p>
   </div>
   <div class='ocr_carea' id='block_1_84' title="bbox 204 5066 1909 5144">
    <p class='ocr_par' dir='ltr' id='par_1_84' title="bbox 204 5066 1909 5144">
     <span class='ocr_line' id='line_1_84' title="bbox 204 5066 1909 5144; baseline -0.004 -12"><span class='ocrx_word' id='word_1_581' title='bbox 204 5085 467 5134; x_wconf 88' lang='lat' dir='ltr'>ctatuum.</span> <span class='ocrx_word' id='word_1_582' title='bbox 517 5081 641 5134; x_wconf 74' lang='lat' dir='ltr'>Nos</span> <span class='ocrx_word' id='word_1_583' title='bbox 689 5084 886 5132; x_wconf 89' lang='lat' dir='ltr'>contra</span> <span class='ocrx_word' id='word_1_584' title='bbox 931 5081 1227 5133; x_wconf 80' lang='lat' dir='ltr'>Aratorem</span> <span class='ocrx_word' id='word_1_585' title='bbox 1279 5066 1546 5131; x_wconf 79' lang='lat' dir='ltr'>dictionis</span> <span class='ocrx_word' id='word_1_586' title='bbox 1585 5078 1781 5144; x_wconf 89' lang='lat' dir='ltr'>pectus</span> <span class='ocrx_word' id='word_1_587' title='bbox 1812 5090 1909 5144; x_wconf 89' lang='lat' dir='ltr'>op-</span> 
     </span>
    </p>
   </div>
   <div class='ocr_carea' id='block_1_85' title="bbox 202 5163 1911 5239">
    <p class='ocr_par' dir='ltr' id='par_1_85' title="bbox 202 5163 1911 5239">
     <span class='ocr_line' id='line_1_85' title="bbox 202 5163 1911 5239; baseline -0.005 -15"><span class='ocrx_word' id='word_1_588' title='bbox 202 5173 485 5239; x_wconf 86' lang='lat' dir='ltr'>ponimus.</span> <span class='ocrx_word' id='word_1_589' title='bbox 538 5169 661 5225; x_wconf 88' lang='lat' dir='ltr'>Sed</span> <span class='ocrx_word' id='word_1_590' title='bbox 730 5184 835 5221; x_wconf 90' lang='lat' dir='ltr'>nec</span> <span class='ocrx_word' id='word_1_591' title='bbox 895 5172 1294 5238; x_wconf 88' lang='lat' dir='ltr'>erumpentem</span> <span class='ocrx_word' id='word_1_592' title='bbox 1352 5167 1411 5219; x_wconf 90' lang='lat' dir='ltr'>iu</span> <span class='ocrx_word' id='word_1_593' title='bbox 1472 5166 1659 5219; x_wconf 86' lang='lat' dir='ltr'>lucem</span> <span class='ocrx_word' id='word_1_594' title='bbox 1728 5163 1911 5217; x_wconf 87' lang='lat' dir='ltr'>laudis</span> 
     </span>
    </p>
   </div>
   <div class='ocr_carea' id='block_1_86' title="bbox 203 5256 1911 5328">
    <p class='ocr_par' dir='ltr' id='par_1_86' title="bbox 203 5256 1911 5328">
     <span class='ocr_line' id='line_1_86' title="bbox 203 5256 1911 5328; baseline -0.004 -17"><span class='ocrx_word' id='word_1_595' title='bbox 203 5261 497 5328; x_wconf 87' lang='lat' dir='ltr'>palmitem</span> <span class='ocrx_word' id='word_1_596' title='bbox 548 5257 792 5312; x_wconf 88' lang='lat' dir='ltr'>inimica</span> <span class='ocrx_word' id='word_1_597' title='bbox 837 5256 978 5310; x_wconf 83' lang='lat' dir='ltr'>falce</span> <span class='ocrx_word' id='word_1_598' title='bbox 1026 5261 1394 5309; x_wconf 88' lang='lat' dir='ltr'>truncamus:</span> <span class='ocrx_word' id='word_1_599' title='bbox 1440 5256 1537 5309; x_wconf 91' lang='lat' dir='ltr'>sed</span> <span class='ocrx_word' id='word_1_600' title='bbox 1569 5269 1739 5324; x_wconf 91' lang='lat' dir='ltr'>quem</span> <span class='ocrx_word' id='word_1_601' title='bbox 1785 5268 1911 5306; x_wconf 90' lang='lat' dir='ltr'>ver-</span> 
     </span>
    </p>
   </div>
   <div class='ocr_carea' id='block_1_87' title="bbox 205 5343 1914 5416">
    <p class='ocr_par' dir='ltr' id='par_1_87' title="bbox 205 5343 1914 5416">
     <span class='ocr_line' id='line_1_87' title="bbox 205 5343 1914 5416; baseline -0.005 -13"><span class='ocrx_word' id='word_1_602' title='bbox 205 5348 400 5403; x_wconf 81' lang='lat' dir='ltr'>borum</span> <span class='ocrx_word' id='word_1_603' title='bbox 440 5350 664 5403; x_wconf 85' lang='lat' dir='ltr'>callem</span> <span class='ocrx_word' id='word_1_604' title='bbox 719 5345 880 5416; x_wconf 88' lang='lat' dir='ltr'>sequi</span> <span class='ocrx_word' id='word_1_605' title='bbox 931 5344 1135 5399; x_wconf 89' lang='lat' dir='ltr'>debeat</span> <span class='ocrx_word' id='word_1_606' title='bbox 1186 5345 1660 5409; x_wconf 90' lang='lat' dir='ltr'>demonstrantes,</span> <span class='ocrx_word' id='word_1_607' title='bbox 1704 5343 1914 5395; x_wconf 90' lang='lat' dir='ltr'>scimus</span> 
     </span>
    </p>
   </div>
   <div class='ocr_carea' id='block_1_88' title="bbox 210 5430 1912 5503">
    <p class='ocr_par' dir='ltr' id='par_1_88' title="bbox 210 5430 1912 5503">
     <span class='ocr_line' id='line_1_88' title="bbox 210 5430 1912 5503; baseline -0.003 -14"><span class='ocrx_word' id='word_1_608' title='bbox 210 5438 261 5489; x_wconf 89' lang='lat' dir='ltr'>in</span> <span class='ocrx_word' id='word_1_609' title='bbox 303 5439 403 5491; x_wconf 92' lang='lat' dir='ltr'>illo</span> <span class='ocrx_word' id='word_1_610' title='bbox 453 5437 641 5492; x_wconf 86' lang='lat' dir='ltr'>nobis</span> <span class='ocrx_word' id='word_1_611' title='bbox 695 5435 921 5501; x_wconf 87' lang='lat' dir='ltr'>clarius,</span> <span class='ocrx_word' id='word_1_612' title='bbox 983 5434 1030 5486; x_wconf 90' lang='lat' dir='ltr'>si</span> <span class='ocrx_word' id='word_1_613' title='bbox 1093 5449 1223 5487; x_wconf 88' lang='lat' dir='ltr'>cum</span> <span class='ocrx_word' id='word_1_614' title='bbox 1284 5432 1544 5503; x_wconf 71' lang='lat' dir='ltr'>prmferri</span> <span class='ocrx_word' id='word_1_615' title='bbox 1588 5430 1912 5501; x_wconf 87' lang='lat' dir='ltr'>contigerit,</span> 
     </span>
    </p>
   </div>
   <div class='ocr_carea' id='block_1_89' title="bbox 208 5520 1915 5599">
    <p class='ocr_par' dir='ltr' id='par_1_89' title="bbox 208 5520 1915 5599">
     <span class='ocr_line' id='line_1_89' title="bbox 208 5520 1915 5599; baseline -0.004 -19"><span class='ocrx_word' id='word_1_616' title='bbox 208 5526 701 5599; x_wconf 87' lang='lat' dir='ltr'>triumphandum</span> <span class='ocrx_word' id='word_1_617' title='bbox 732 5524 864 5595; x_wconf 91' lang='lat' dir='ltr'>quia</span> <span class='ocrx_word' id='word_1_618' title='bbox 909 5522 981 5578; x_wconf 88' lang='lat' dir='ltr'>de</span> <span class='ocrx_word' id='word_1_619' title='bbox 1013 5522 1222 5577; x_wconf 89' lang='lat' dir='ltr'>nostris</span> <span class='ocrx_word' id='word_1_620' title='bbox 1267 5520 1459 5575; x_wconf 90' lang='lat' dir='ltr'>hausit</span> <span class='ocrx_word' id='word_1_621' title='bbox 1488 5520 1763 5592; x_wconf 89' lang='lat' dir='ltr'>quidquid</span> <span class='ocrx_word' id='word_1_622' title='bbox 1798 5522 1915 5575; x_wconf 90' lang='lat' dir='ltr'>Deo</span> 
     </span>
    </p>
   </div>
   <div class='ocr_carea' id='block_1_90' title="bbox 216 5609 1745 5687">
    <p class='ocr_par' dir='ltr' id='par_1_90' title="bbox 216 5609 1745 5687">
     <span class='ocr_line' id='line_1_90' title="bbox 216 5609 1745 5687; baseline -0.003 -19"><span class='ocrx_word' id='word_1_623' title='bbox 216 5618 611 5687; x_wconf 85' lang='lat' dir='ltr'>ampliﬁcante</span> <span class='ocrx_word' id='word_1_624' title='bbox 646 5614 715 5669; x_wconf 90' lang='lat' dir='ltr'>de</span> <span class='ocrx_word' id='word_1_625' title='bbox 742 5613 983 5669; x_wconf 87' lang='lat' dir='ltr'>scientia</span> <span class='ocrx_word' id='word_1_626' title='bbox 1012 5627 1190 5684; x_wconf 87' lang='lat' dir='ltr'>opum</span> <span class='ocrx_word' id='word_1_627' title='bbox 1218 5612 1433 5683; x_wconf 89' lang='lat' dir='ltr'>largius</span> <span class='ocrx_word' id='word_1_628' title='bbox 1464 5609 1745 5665; x_wconf 80' lang='lat' dir='ltr'>effuderit.</span> 
     </span>
    </p>
   </div>
   <div class='ocr_carea' id='block_1_91' title="bbox 1989 3027 3694 3101">
    <p class='ocr_par' dir='ltr' id='par_1_91' title="bbox 1989 3027 3694 3101">
     <span class='ocr_line' id='line_1_91' title="bbox 1989 3027 3694 3101; baseline 0.002 -22"><span class='ocrx_word' id='word_1_629' title='bbox 1989 3044 2090 3080; x_wconf 92' lang='lat' dir='ltr'>nos</span> <span class='ocrx_word' id='word_1_630' title='bbox 2130 3027 2393 3080; x_wconf 86' lang='lat' dir='ltr'>facultate</span> <span class='ocrx_word' id='word_1_631' title='bbox 2429 3028 2728 3099; x_wconf 85' lang='lat' dir='ltr'>castigant.</span> <span class='ocrx_word' id='word_1_632' title='bbox 2787 3030 3060 3100; x_wconf 85' lang='lat' dir='ltr'>Nunquid</span> <span class='ocrx_word' id='word_1_633' title='bbox 3110 3046 3343 3101; x_wconf 66' lang='lat' dir='ltr'>aequum</span> <span class='ocrx_word' id='word_1_634' title='bbox 3378 3033 3463 3083; x_wconf 87' lang='lat' dir='ltr'>est</span> <span class='ocrx_word' id='word_1_635' title='bbox 3483 3028 3694 3084; x_wconf 89' lang='lat' dir='ltr'>habere</span> 
     </span>
    </p>
   </div>
   <div class='ocr_carea' id='block_1_92' title="bbox 1987 3117 3695 3189">
    <p class='ocr_par' dir='ltr' id='par_1_92' title="bbox 1987 3117 3695 3189">
     <span class='ocr_line' id='line_1_92' title="bbox 1987 3117 3695 3189; baseline 0.004 -20"><span class='ocrx_word' id='word_1_636' title='bbox 1987 3117 2376 3170; x_wconf 87' lang='lat' dir='ltr'>valetudinem</span> <span class='ocrx_word' id='word_1_637' title='bbox 2410 3119 2731 3172; x_wconf 89' lang='lat' dir='ltr'>sanctiones</span> <span class='ocrx_word' id='word_1_638' title='bbox 2763 3119 2831 3173; x_wconf 92' lang='lat' dir='ltr'>de</span> <span class='ocrx_word' id='word_1_639' title='bbox 2872 3124 3107 3173; x_wconf 82' lang='lat' dir='ltr'>externo</span> <span class='ocrx_word' id='word_1_640' title='bbox 3133 3119 3263 3189; x_wconf 89' lang='lat' dir='ltr'>jure</span> <span class='ocrx_word' id='word_1_641' title='bbox 3295 3118 3646 3189; x_wconf 89' lang='lat' dir='ltr'>conscriptas</span> <span class='ocrx_word' id='word_1_642' title='bbox 3667 3119 3695 3175; x_wconf 80' lang='lat'><strong>?</strong></span> 
     </span>
    </p>
   </div>
   <div class='ocr_carea' id='block_1_93' title="bbox 1989 3206 3696 3279">
    <p class='ocr_par' dir='ltr' id='par_1_93' title="bbox 1989 3206 3696 3279">
     <span class='ocr_line' id='line_1_93' title="bbox 1989 3206 3696 3279; baseline 0.002 -20"><span class='ocrx_word' id='word_1_643' title='bbox 1989 3210 2087 3260; x_wconf 89' lang='lat' dir='ltr'>aut</span> <span class='ocrx_word' id='word_1_644' title='bbox 2119 3206 2342 3259; x_wconf 88' lang='lat' dir='ltr'>videtur</span> <span class='ocrx_word' id='word_1_645' title='bbox 2391 3207 2599 3261; x_wconf 89' lang='lat' dir='ltr'>rationi</span> <span class='ocrx_word' id='word_1_646' title='bbox 2633 3208 2885 3262; x_wconf 86' lang='lat' dir='ltr'>vicinum</span> <span class='ocrx_word' id='word_1_647' title='bbox 2933 3225 3089 3279; x_wconf 89' lang='lat' dir='ltr'>spem</span> <span class='ocrx_word' id='word_1_648' title='bbox 3142 3208 3211 3263; x_wconf 89' lang='lat' dir='ltr'>de</span> <span class='ocrx_word' id='word_1_649' title='bbox 3242 3209 3437 3263; x_wconf 89' lang='lat' dir='ltr'>futura</span> <span class='ocrx_word' id='word_1_650' title='bbox 3466 3223 3696 3279; x_wconf 86' lang='lat' dir='ltr'>posses—</span> 
     </span>
    </p>
   </div>
   <div class='ocr_carea' id='block_1_94' title="bbox 1989 3295 3693 3367">
    <p class='ocr_par' dir='ltr' id='par_1_94' title="bbox 1989 3295 3693 3367">
     <span class='ocr_line' id='line_1_94' title="bbox 1989 3295 3693 3367; baseline 0.001 -20"><span class='ocrx_word' id='word_1_651' title='bbox 1989 3295 2149 3347; x_wconf 91' lang='lat' dir='ltr'>sione</span> <span class='ocrx_word' id='word_1_652' title='bbox 2181 3295 2531 3365; x_wconf 73' lang='lat' dir='ltr'>praecidcre?</span> <span class='ocrx_word' id='word_1_653' title='bbox 2555 3295 2697 3360; x_wconf 87' lang='lat' dir='ltr'>Quid</span> <span class='ocrx_word' id='word_1_654' title='bbox 2724 3296 2888 3351; x_wconf 91' lang='lat' dir='ltr'>nobis</span> <span class='ocrx_word' id='word_1_655' title='bbox 2916 3296 3217 3367; x_wconf 89' lang='lat' dir='ltr'>religionis</span> <span class='ocrx_word' id='word_1_656' title='bbox 3250 3296 3311 3351; x_wconf 91' lang='lat' dir='ltr'>in</span> <span class='ocrx_word' id='word_1_657' title='bbox 3330 3297 3693 3352; x_wconf 90' lang='lat' dir='ltr'>sacerdotum</span> 
     </span>
    </p>
   </div>
   <div class='ocr_carea' id='block_1_95' title="bbox 1988 3384 3696 3457">
    <p class='ocr_par' dir='ltr' id='par_1_95' title="bbox 1988 3384 3696 3457">
     <span class='ocr_line' id='line_1_95' title="bbox 1988 3384 3696 3457; baseline 0.001 -20"><span class='ocrx_word' id='word_1_658' title='bbox 1988 3384 2254 3454; x_wconf 87' lang='lat' dir='ltr'>personis</span> <span class='ocrx_word' id='word_1_659' title='bbox 2281 3384 2572 3454; x_wconf 88' lang='lat' dir='ltr'>opponitis</span> <span class='ocrx_word' id='word_1_660' title='bbox 2590 3384 2617 3437; x_wconf 86' lang='lat'>?</span> <span class='ocrx_word' id='word_1_661' title='bbox 2642 3386 2754 3439; x_wconf 92' lang='lat' dir='ltr'>Deo</span> <span class='ocrx_word' id='word_1_662' title='bbox 2777 3385 2937 3451; x_wconf 90' lang='lat' dir='ltr'>duce,</span> <span class='ocrx_word' id='word_1_663' title='bbox 2966 3402 3137 3457; x_wconf 91' lang='lat' dir='ltr'>quem</span> <span class='ocrx_word' id='word_1_664' title='bbox 3158 3386 3217 3440; x_wconf 92' lang='lat' dir='ltr'>in</span> <span class='ocrx_word' id='word_1_665' title='bbox 3245 3384 3359 3440; x_wconf 88' lang='lat' dir='ltr'>illis</span> <span class='ocrx_word' id='word_1_666' title='bbox 3384 3384 3696 3452; x_wconf 89' lang='lat' dir='ltr'>veneraris,</span> 
     </span>
    </p>
   </div>
   <div class='ocr_carea' id='block_1_96' title="bbox 1993 3472 3695 3546">
    <p class='ocr_par' dir='ltr' id='par_1_96' title="bbox 1993 3472 3695 3546">
     <span class='ocr_line' id='line_1_96' title="bbox 1993 3472 3695 3546; baseline 0.001 -20"><span class='ocrx_word' id='word_1_667' title='bbox 1993 3472 2235 3527; x_wconf 88' lang='lat' dir='ltr'>obtinui.</span> <span class='ocrx_word' id='word_1_668' title='bbox 2272 3474 2446 3543; x_wconf 87' lang='lat' dir='ltr'>Cujus</span> <span class='ocrx_word' id='word_1_669' title='bbox 2480 3474 2697 3528; x_wconf 90' lang='lat' dir='ltr'>intuitu</span> <span class='ocrx_word' id='word_1_670' title='bbox 2745 3474 3033 3529; x_wconf 85' lang='lat' dir='ltr'>desideras</span> <span class='ocrx_word' id='word_1_671' title='bbox 3069 3492 3164 3530; x_wconf 94' lang='lat' dir='ltr'>eos</span> <span class='ocrx_word' id='word_1_672' title='bbox 3215 3476 3285 3530; x_wconf 90' lang='lat' dir='ltr'>de</span> <span class='ocrx_word' id='word_1_673' title='bbox 3312 3475 3455 3546; x_wconf 91' lang='lat' dir='ltr'>jugo</span> <span class='ocrx_word' id='word_1_674' title='bbox 3486 3478 3695 3529; x_wconf 61' lang='lat' dir='ltr'>nostra:</span> 
     </span>
    </p>
   </div>
   <div class='ocr_carea' id='block_1_97' title="bbox 1993 3563 3696 3635">
    <p class='ocr_par' dir='ltr' id='par_1_97' title="bbox 1993 3563 3696 3635">
     <span class='ocr_line' id='line_1_97' title="bbox 1993 3563 3696 3635; baseline 0.001 -19"><span class='ocrx_word' id='word_1_675' title='bbox 1993 3563 2283 3616; x_wconf 89' lang='lat' dir='ltr'>servitutis</span> <span class='ocrx_word' id='word_1_676' title='bbox 2329 3563 2586 3627; x_wconf 88' lang='lat' dir='ltr'>evadere,</span> <span class='ocrx_word' id='word_1_677' title='bbox 2650 3564 2802 3633; x_wconf 88' lang='lat' dir='ltr'>ipsos</span> <span class='ocrx_word' id='word_1_678' title='bbox 2851 3564 3078 3618; x_wconf 90' lang='lat' dir='ltr'>noveris</span> <span class='ocrx_word' id='word_1_679' title='bbox 3133 3564 3320 3619; x_wconf 89' lang='lat' dir='ltr'>teneri</span> <span class='ocrx_word' id='word_1_680' title='bbox 3362 3564 3462 3619; x_wconf 92' lang='lat' dir='ltr'>illo</span> <span class='ocrx_word' id='word_1_681' title='bbox 3512 3564 3696 3635; x_wconf 89' lang='lat' dir='ltr'>impe-</span> 
     </span>
    </p>
   </div>
   <div class='ocr_carea' id='block_1_98' title="bbox 1996 3651 3695 3724">
    <p class='ocr_par' dir='ltr' id='par_1_98' title="bbox 1996 3651 3695 3724">
     <span class='ocr_line' id='line_1_98' title="bbox 1996 3651 3695 3724; baseline 0.002 -20"><span class='ocrx_word' id='word_1_682' title='bbox 1996 3658 2155 3705; x_wconf 87' lang='lat' dir='ltr'>rante</span> <span class='ocrx_word' id='word_1_683' title='bbox 2206 3651 2479 3720; x_wconf 88' lang='lat' dir='ltr'>captivos.</span> <span class='ocrx_word' id='word_1_684' title='bbox 2529 3653 2739 3706; x_wconf 86' lang='lat' dir='ltr'>Contra</span> <span class='ocrx_word' id='word_1_685' title='bbox 2771 3669 3006 3723; x_wconf 87' lang='lat' dir='ltr'>superos</span> <span class='ocrx_word' id='word_1_686' title='bbox 3042 3652 3247 3707; x_wconf 89' lang='lat' dir='ltr'>nititur</span> <span class='ocrx_word' id='word_1_687' title='bbox 3275 3653 3375 3724; x_wconf 91' lang='lat' dir='ltr'>qui</span> <span class='ocrx_word' id='word_1_688' title='bbox 3406 3669 3695 3724; x_wconf 90' lang='lat' dir='ltr'>quoscun-</span> 
     </span>
    </p>
   </div>
   <div class='ocr_carea' id='block_1_99' title="bbox 1997 3740 3703 3814">
    <p class='ocr_par' dir='ltr' id='par_1_99' title="bbox 1997 3740 3703 3814">
     <span class='ocr_line' id='line_1_99' title="bbox 1997 3740 3703 3814; baseline 0.002 -21"><span class='ocrx_word' id='word_1_689' title='bbox 1997 3758 2105 3812; x_wconf 90' lang='lat' dir='ltr'>que</span> <span class='ocrx_word' id='word_1_690' title='bbox 2139 3740 2366 3793; x_wconf 90' lang='lat' dir='ltr'>illorum</span> <span class='ocrx_word' id='word_1_691' title='bbox 2402 3741 2691 3794; x_wconf 89' lang='lat' dir='ltr'>sententia</span> <span class='ocrx_word' id='word_1_692' title='bbox 2737 3742 3051 3812; x_wconf 87' lang='lat' dir='ltr'>prosternit</span> <span class='ocrx_word' id='word_1_693' title='bbox 3095 3742 3405 3796; x_wconf 84' lang='lat' dir='ltr'>extulerit:</span> <span class='ocrx_word' id='word_1_694' title='bbox 3437 3759 3579 3814; x_wconf 89' lang='lat' dir='ltr'>quos</span> <span class='ocrx_word' id='word_1_695' title='bbox 3620 3741 3703 3796; x_wconf 85' lang='lat' dir='ltr'>fe-</span> 
     </span>
    </p>
   </div>
   <div class='ocr_carea' id='block_1_100' title="bbox 1999 3829 3703 3901">
    <p class='ocr_par' dir='ltr' id='par_1_100' title="bbox 1999 3829 3703 3901">
     <span class='ocr_line' id='line_1_100' title="bbox 1999 3829 3703 3901; baseline 0.002 -18"><span class='ocrx_word' id='word_1_696' title='bbox 1999 3830 2173 3883; x_wconf 88' lang='lat' dir='ltr'>stinas</span> <span class='ocrx_word' id='word_1_697' title='bbox 2210 3829 2452 3898; x_wconf 85' lang='lat' dir='ltr'>eripere,</span> <span class='ocrx_word' id='word_1_698' title='bbox 2487 3847 2853 3901; x_wconf 89' lang='lat' dir='ltr'>nequaquam</span> <span class='ocrx_word' id='word_1_699' title='bbox 2899 3831 3127 3886; x_wconf 82' lang='lat' dir='ltr'>fuerant</span> <span class='ocrx_word' id='word_1_700' title='bbox 3160 3831 3345 3887; x_wconf 81' lang='lat' dir='ltr'>effecti</span> <span class='ocrx_word' id='word_1_701' title='bbox 3376 3831 3703 3899; x_wconf 89' lang='lat' dir='ltr'>hominum,</span> 
     </span>
    </p>
   </div>
   <div class='ocr_carea' id='block_1_101' title="bbox 1999 3917 3697 3976">
    <p class='ocr_par' dir='ltr' id='par_1_101' title="bbox 1999 3917 3697 3976">
     <span class='ocr_line' id='line_1_101' title="bbox 1999 3917 3697 3976; baseline 0.002 -5"><span class='ocrx_word' id='word_1_702' title='bbox 1999 3918 2045 3971; x_wconf 92' lang='lat' dir='ltr'>si</span> <span class='ocrx_word' id='word_1_703' title='bbox 2097 3917 2438 3971; x_wconf 87' lang='lat' dir='ltr'>meruissent</span> <span class='ocrx_word' id='word_1_704' title='bbox 2492 3919 2738 3973; x_wconf 88' lang='lat' dir='ltr'>ministri</span> <span class='ocrx_word' id='word_1_705' title='bbox 2776 3937 2897 3974; x_wconf 88' lang='lat' dir='ltr'>esse</span> <span class='ocrx_word' id='word_1_706' title='bbox 2952 3921 3291 3976; x_wconf 73' lang='lat' dir='ltr'>cmlestium.</span> <span class='ocrx_word' id='word_1_707' title='bbox 3339 3922 3473 3975; x_wconf 88' lang='lat' dir='ltr'>Ecce</span> <span class='ocrx_word' id='word_1_708' title='bbox 3505 3925 3697 3976; x_wconf 88' lang='lat' dir='ltr'>tecum</span> 
     </span>
    </p>
   </div>
   <div class='ocr_carea' id='block_1_102' title="bbox 2001 4006 3706 4081">
    <p class='ocr_par' dir='ltr' id='par_1_102' title="bbox 2001 4006 3706 4081">
     <span class='ocr_line' id='line_1_102' title="bbox 2001 4006 3706 4081; baseline 0.002 -22"><span class='ocrx_word' id='word_1_709' title='bbox 2001 4006 2069 4059; x_wconf 92' lang='lat' dir='ltr'>de</span> <span class='ocrx_word' id='word_1_710' title='bbox 2103 4022 2304 4075; x_wconf 89' lang='lat' dir='ltr'>sapore</span> <span class='ocrx_word' id='word_1_711' title='bbox 2336 4006 2499 4076; x_wconf 78' lang='lat' dir='ltr'>legis,</span> <span class='ocrx_word' id='word_1_712' title='bbox 2535 4008 2697 4077; x_wconf 90' lang='lat' dir='ltr'>quasi</span> <span class='ocrx_word' id='word_1_713' title='bbox 2731 4025 2845 4062; x_wconf 90' lang='lat' dir='ltr'>non</span> <span class='ocrx_word' id='word_1_714' title='bbox 2874 4009 3114 4063; x_wconf 89' lang='lat' dir='ltr'>habeam</span> <span class='ocrx_word' id='word_1_715' title='bbox 3145 4027 3270 4081; x_wconf 78' lang='lat' dir='ltr'>quae</span> <span class='ocrx_word' id='word_1_716' title='bbox 3295 4010 3557 4080; x_wconf 88' lang='lat' dir='ltr'>responsi</span> <span class='ocrx_word' id='word_1_717' title='bbox 3576 4010 3706 4063; x_wconf 93' lang='lat' dir='ltr'>loco</span> 
     </span>
    </p>
   </div>
   <div class='ocr_carea' id='block_1_103' title="bbox 2002 4095 3708 4170">
    <p class='ocr_par' dir='ltr' id='par_1_103' title="bbox 2002 4095 3708 4170">
     <span class='ocr_line' id='line_1_103' title="bbox 2002 4095 3708 4170; baseline 0.001 -21"><span class='ocrx_word' id='word_1_718' title='bbox 2002 4095 2270 4164; x_wconf 90' lang='lat' dir='ltr'>objiciam</span> <span class='ocrx_word' id='word_1_719' title='bbox 2324 4096 2459 4161; x_wconf 90' lang='lat' dir='ltr'>tela,</span> <span class='ocrx_word' id='word_1_720' title='bbox 2515 4098 2818 4151; x_wconf 89' lang='lat' dir='ltr'>contendo.</span> <span class='ocrx_word' id='word_1_721' title='bbox 2867 4098 3046 4162; x_wconf 87' lang='lat' dir='ltr'>Quam</span> <span class='ocrx_word' id='word_1_722' title='bbox 3095 4100 3375 4168; x_wconf 90' lang='lat' dir='ltr'>justitiam</span> <span class='ocrx_word' id='word_1_723' title='bbox 3434 4105 3603 4170; x_wconf 89' lang='lat' dir='ltr'>putas</span> <span class='ocrx_word' id='word_1_724' title='bbox 3648 4097 3708 4152; x_wconf 90' lang='lat' dir='ltr'>in</span> 
     </span>
    </p>
   </div>
   <div class='ocr_carea' id='block_1_104' title="bbox 2004 4184 3710 4258">
    <p class='ocr_par' dir='ltr' id='par_1_104' title="bbox 2004 4184 3710 4258">
     <span class='ocr_line' id='line_1_104' title="bbox 2004 4184 3710 4258; baseline 0.002 -22"><span class='ocrx_word' id='word_1_725' title='bbox 2004 4184 2101 4237; x_wconf 89' lang='lat' dir='ltr'>illa</span> <span class='ocrx_word' id='word_1_726' title='bbox 2145 4184 2423 4253; x_wconf 89' lang='lat' dir='ltr'>jussione,</span> <span class='ocrx_word' id='word_1_727' title='bbox 2469 4201 2597 4255; x_wconf 65' lang='lat' dir='ltr'>quae</span> <span class='ocrx_word' id='word_1_728' title='bbox 2645 4191 2705 4239; x_wconf 92' lang='lat' dir='ltr'>ut</span> <span class='ocrx_word' id='word_1_729' title='bbox 2754 4187 2976 4243; x_wconf 89' lang='lat' dir='ltr'>hostem</span> <span class='ocrx_word' id='word_1_730' title='bbox 3030 4188 3226 4241; x_wconf 87' lang='lat' dir='ltr'>fulciat</span> <span class='ocrx_word' id='word_1_731' title='bbox 3264 4186 3416 4241; x_wconf 91' lang='lat' dir='ltr'>socio</span> <span class='ocrx_word' id='word_1_732' title='bbox 3465 4186 3710 4258; x_wconf 90' lang='lat' dir='ltr'>imperia</span> 
     </span>
    </p>
   </div>
   <div class='ocr_carea' id='block_1_105' title="bbox 2000 4274 3713 4345">
    <p class='ocr_par' dir='ltr' id='par_1_105' title="bbox 2000 4274 3713 4345">
     <span class='ocr_line' id='line_1_105' title="bbox 2000 4274 3713 4345; baseline 0.002 -20"><span class='ocrx_word' id='word_1_733' title='bbox 2000 4279 2383 4343; x_wconf 86' lang='lat' dir='ltr'>propagantes</span> <span class='ocrx_word' id='word_1_734' title='bbox 2414 4274 2671 4328; x_wconf 85' lang='lat' dir='ltr'>addicit?</span> <span class='ocrx_word' id='word_1_735' title='bbox 2721 4276 2876 4329; x_wconf 89' lang='lat' dir='ltr'>Tolle</span> <span class='ocrx_word' id='word_1_736' title='bbox 2910 4291 3067 4345; x_wconf 90' lang='lat' dir='ltr'>spem</span> <span class='ocrx_word' id='word_1_737' title='bbox 3103 4276 3330 4345; x_wconf 76' lang='lat' dir='ltr'>praedae,</span> <span class='ocrx_word' id='word_1_738' title='bbox 3370 4275 3713 4330; x_wconf 85' lang='lat' dir='ltr'>tulisti‘vota</span> 
     </span>
    </p>
   </div>
   <div class='ocr_carea' id='block_1_106' title="bbox 2002 4362 3713 4435">
    <p class='ocr_par' dir='ltr' id='par_1_106' title="bbox 2002 4362 3713 4435">
     <span class='ocr_line' id='line_1_106' title="bbox 2002 4362 3713 4435; baseline 0.004 -21"><span class='ocrx_word' id='word_1_739' title='bbox 2002 4362 2363 4429; x_wconf 87' lang='lat' dir='ltr'>certaminis;</span> <span class='ocrx_word' id='word_1_740' title='bbox 2396 4366 2451 4416; x_wconf 92' lang='lat' dir='ltr'>et</span> <span class='ocrx_word' id='word_1_741' title='bbox 2497 4363 2544 4415; x_wconf 90' lang='lat' dir='ltr'>si</span> <span class='ocrx_word' id='word_1_742' title='bbox 2591 4363 2932 4418; x_wconf 87' lang='lat' dir='ltr'>defrudatur</span> <span class='ocrx_word' id='word_1_743' title='bbox 2963 4364 3163 4435; x_wconf 90' lang='lat' dir='ltr'>genius</span> <span class='ocrx_word' id='word_1_744' title='bbox 3192 4364 3453 4432; x_wconf 88' lang='lat' dir='ltr'>laureati,</span> <span class='ocrx_word' id='word_1_745' title='bbox 3490 4364 3560 4418; x_wconf 90' lang='lat' dir='ltr'>ad</span> <span class='ocrx_word' id='word_1_746' title='bbox 3592 4380 3713 4435; x_wconf 70' lang='lat' dir='ltr'>pm-</span> 
     </span>
    </p>
   </div>
   <div class='ocr_carea' id='block_1_107' title="bbox 2010 4451 3709 4525">
    <p class='ocr_par' dir='ltr' id='par_1_107' title="bbox 2010 4451 3709 4525">
     <span class='ocr_line' id='line_1_107' title="bbox 2010 4451 3709 4525; baseline 0.004 -21"><span class='ocrx_word' id='word_1_747' title='bbox 2010 4451 2309 4505; x_wconf 89' lang='lat' dir='ltr'>nitentiam</span> <span class='ocrx_word' id='word_1_748' title='bbox 2355 4452 2537 4506; x_wconf 87' lang='lat' dir='ltr'>rediet</span> <span class='ocrx_word' id='word_1_749' title='bbox 2569 4453 2851 4524; x_wconf 90' lang='lat' dir='ltr'>quidquid</span> <span class='ocrx_word' id='word_1_750' title='bbox 2884 4458 3218 4524; x_wconf 88' lang='lat' dir='ltr'>contemptu</span> <span class='ocrx_word' id='word_1_751' title='bbox 3250 4454 3394 4508; x_wconf 89' lang='lat' dir='ltr'>lucis</span> <span class='ocrx_word' id='word_1_752' title='bbox 3446 4453 3709 4525; x_wconf 86' lang='lat' dir='ltr'>expetiit.</span> 
     </span>
    </p>
   </div>
   <div class='ocr_carea' id='block_1_108' title="bbox 2012 4540 3714 4615">
    <p class='ocr_par' dir='ltr' id='par_1_108' title="bbox 2012 4540 3714 4615">
     <span class='ocr_line' id='line_1_108' title="bbox 2012 4540 3714 4615; baseline 0.003 -22"><span class='ocrx_word' id='word_1_753' title='bbox 2012 4540 2271 4594; x_wconf 86' lang='lat' dir='ltr'>Facessat</span> <span class='ocrx_word' id='word_1_754' title='bbox 2319 4558 2351 4594; x_wconf 93' lang='lat' dir='ltr'>a</span> <span class='ocrx_word' id='word_1_755' title='bbox 2393 4542 2776 4612; x_wconf 88' lang='lat' dir='ltr'>prudentibus</span> <span class='ocrx_word' id='word_1_756' title='bbox 2827 4543 3163 4614; x_wconf 79' lang='lat' dir='ltr'>aequitatem</span> <span class='ocrx_word' id='word_1_757' title='bbox 3214 4543 3549 4615; x_wconf 89' lang='lat' dir='ltr'>hujusmodi</span> <span class='ocrx_word' id='word_1_758' title='bbox 3596 4559 3714 4598; x_wconf 91' lang='lat' dir='ltr'>non</span> 
     </span>
    </p>
   </div>
   <div class='ocr_carea' id='block_1_109' title="bbox 2019 4630 3718 4704">
    <p class='ocr_par' dir='ltr' id='par_1_109' title="bbox 2019 4630 3718 4704">
     <span class='ocr_line' id='line_1_109' title="bbox 2019 4630 3718 4704; baseline 0.004 -22"><span class='ocrx_word' id='word_1_759' title='bbox 2019 4630 2146 4683; x_wconf 90' lang='lat' dir='ltr'>dico</span> <span class='ocrx_word' id='word_1_760' title='bbox 2176 4630 2326 4700; x_wconf 86' lang='lat' dir='ltr'>lege,</span> <span class='ocrx_word' id='word_1_761' title='bbox 2360 4631 2452 4684; x_wconf 91' lang='lat' dir='ltr'>sed</span> <span class='ocrx_word' id='word_1_762' title='bbox 2488 4632 2787 4701; x_wconf 85' lang='lat' dir='ltr'>tyrannica</span> <span class='ocrx_word' id='word_1_763' title='bbox 2832 4632 3207 4702; x_wconf 89' lang='lat' dir='ltr'>inscriptione</span> <span class='ocrx_word' id='word_1_764' title='bbox 3239 4632 3558 4703; x_wconf 86' lang='lat' dir='ltr'>requirere,</span> <span class='ocrx_word' id='word_1_765' title='bbox 3589 4649 3718 4704; x_wconf 66' lang='lat' dir='ltr'>quae</span> 
     </span>
    </p>
   </div>
   <div class='ocr_carea' id='block_1_110' title="bbox 2012 4719 3718 4792">
    <p class='ocr_par' dir='ltr' id='par_1_110' title="bbox 2012 4719 3718 4792">
     <span class='ocr_line' id='line_1_110' title="bbox 2012 4719 3718 4792; baseline 0.002 -20"><span class='ocrx_word' id='word_1_766' title='bbox 2012 4719 2238 4790; x_wconf 78' lang='lat' dir='ltr'>ingrata</span> <span class='ocrx_word' id='word_1_767' title='bbox 2272 4719 2627 4783; x_wconf 88' lang='lat' dir='ltr'>numinibus,</span> <span class='ocrx_word' id='word_1_768' title='bbox 2673 4720 2906 4774; x_wconf 89' lang='lat' dir='ltr'>inimica</span> <span class='ocrx_word' id='word_1_769' title='bbox 2937 4721 3156 4785; x_wconf 91' lang='lat' dir='ltr'>virtuti,</span> <span class='ocrx_word' id='word_1_770' title='bbox 3191 4725 3393 4775; x_wconf 88' lang='lat' dir='ltr'>contra</span> <span class='ocrx_word' id='word_1_771' title='bbox 3421 4722 3502 4776; x_wconf 88' lang='lat' dir='ltr'>fas</span> <span class='ocrx_word' id='word_1_772' title='bbox 3544 4725 3599 4776; x_wconf 87' lang='lat' dir='ltr'>et</span> <span class='ocrx_word' id='word_1_773' title='bbox 3623 4722 3718 4792; x_wconf 89' lang='lat' dir='ltr'>ju-</span> 
     </span>
    </p>
   </div>
   <div class='ocr_carea' id='block_1_111' title="bbox 2015 4808 3721 4881">
    <p class='ocr_par' dir='ltr' id='par_1_111' title="bbox 2015 4808 3721 4881">
     <span class='ocr_line' id='line_1_111' title="bbox 2015 4808 3721 4881; baseline 0.001 -18"><span class='ocrx_word' id='word_1_774' title='bbox 2015 4810 2231 4863; x_wconf 90' lang='lat' dir='ltr'>stitiam</span> <span class='ocrx_word' id='word_1_775' title='bbox 2254 4814 2472 4879; x_wconf 89' lang='lat' dir='ltr'>pugnat</span> <span class='ocrx_word' id='word_1_776' title='bbox 2502 4808 2743 4862; x_wconf 88' lang='lat' dir='ltr'>mentito</span> <span class='ocrx_word' id='word_1_777' title='bbox 2777 4810 2966 4863; x_wconf 90' lang='lat' dir='ltr'>colore</span> <span class='ocrx_word' id='word_1_778' title='bbox 2999 4810 3250 4879; x_wconf 90' lang='lat' dir='ltr'>pietatis.</span> <span class='ocrx_word' id='word_1_779' title='bbox 3282 4810 3497 4879; x_wconf 91' lang='lat' dir='ltr'>Nescis,</span> <span class='ocrx_word' id='word_1_780' title='bbox 3527 4811 3721 4881; x_wconf 85' lang='lat' dir='ltr'>loqua-</span> 
     </span>
    </p>
   </div>
   <div class='ocr_carea' id='block_1_112' title="bbox 2017 4896 3724 4966">
    <p class='ocr_par' dir='ltr' id='par_1_112' title="bbox 2017 4896 3724 4966">
     <span class='ocr_line' id='line_1_112' title="bbox 2017 4896 3724 4966; baseline 0.001 -17"><span class='ocrx_word' id='word_1_781' title='bbox 2017 4896 2241 4950; x_wconf 89' lang='lat' dir='ltr'>cissime</span> <span class='ocrx_word' id='word_1_782' title='bbox 2271 4896 2595 4961; x_wconf 87' lang='lat' dir='ltr'>hominum,</span> <span class='ocrx_word' id='word_1_783' title='bbox 2628 4911 2801 4965; x_wconf 89' lang='lat' dir='ltr'>quam</span> <span class='ocrx_word' id='word_1_784' title='bbox 2829 4897 3017 4966; x_wconf 88' lang='lat' dir='ltr'>justus</span> <span class='ocrx_word' id='word_1_785' title='bbox 3048 4898 3211 4951; x_wconf 89' lang='lat' dir='ltr'>dolor</span> <span class='ocrx_word' id='word_1_786' title='bbox 3233 4897 3302 4951; x_wconf 89' lang='lat' dir='ltr'>de</span> <span class='ocrx_word' id='word_1_787' title='bbox 3325 4898 3534 4952; x_wconf 87' lang='lat' dir='ltr'>amissa</span> <span class='ocrx_word' id='word_1_788' title='bbox 3564 4897 3724 4951; x_wconf 85' lang='lat' dir='ltr'>labo-</span> 
     </span>
    </p>
   </div>
   <div class='ocr_carea' id='block_1_113' title="bbox 2017 4984 3721 5057">
    <p class='ocr_par' dir='ltr' id='par_1_113' title="bbox 2017 4984 3721 5057">
     <span class='ocr_line' id='line_1_113' title="bbox 2017 4984 3721 5057; baseline 0.001 -20"><span class='ocrx_word' id='word_1_789' title='bbox 2017 4985 2094 5037; x_wconf 85' lang='lat' dir='ltr'>ris</span> <span class='ocrx_word' id='word_1_790' title='bbox 2130 4984 2291 5053; x_wconf 89' lang='lat' dir='ltr'>fruge</span> <span class='ocrx_word' id='word_1_791' title='bbox 2323 4989 2606 5038; x_wconf 90' lang='lat' dir='ltr'>nascatur.</span> <span class='ocrx_word' id='word_1_792' title='bbox 2645 4987 2759 5039; x_wconf 82' lang='lat' dir='ltr'>Hoc</span> <span class='ocrx_word' id='word_1_793' title='bbox 2791 4990 2874 5039; x_wconf 91' lang='lat' dir='ltr'>est</span> <span class='ocrx_word' id='word_1_794' title='bbox 2920 4985 3126 5053; x_wconf 89' lang='lat' dir='ltr'>dicere,</span> <span class='ocrx_word' id='word_1_795' title='bbox 3162 4986 3443 5057; x_wconf 83' lang='lat' dir='ltr'>quidquid</span> <span class='ocrx_word' id='word_1_796' title='bbox 3475 4986 3583 5040; x_wconf 89' lang='lat' dir='ltr'>diis</span> <span class='ocrx_word' id='word_1_797' title='bbox 3613 4986 3721 5040; x_wconf 91' lang='lat' dir='ltr'>du-</span> 
     </span>
    </p>
   </div>
   <div class='ocr_carea' id='block_1_114' title="bbox 2018 5072 3723 5143">
    <p class='ocr_par' dir='ltr' id='par_1_114' title="bbox 2018 5072 3723 5143">
     <span class='ocr_line' id='line_1_114' title="bbox 2018 5072 3723 5143; baseline 0.001 -17"><span class='ocrx_word' id='word_1_798' title='bbox 2018 5074 2177 5127; x_wconf 90' lang='lat' dir='ltr'>cibus</span> <span class='ocrx_word' id='word_1_799' title='bbox 2228 5072 2567 5143; x_wconf 89' lang='lat' dir='ltr'>acquisistis,</span> <span class='ocrx_word' id='word_1_800' title='bbox 2618 5073 2916 5143; x_wconf 91' lang='lat' dir='ltr'>eripimus.</span> <span class='ocrx_word' id='word_1_801' title='bbox 2991 5075 3115 5130; x_wconf 87' lang='lat' dir='ltr'>Vidi</span> <span class='ocrx_word' id='word_1_802' title='bbox 3166 5076 3369 5130; x_wconf 91' lang='lat' dir='ltr'>urbem</span> <span class='ocrx_word' id='word_1_803' title='bbox 3428 5075 3723 5129; x_wconf 88' lang='lat' dir='ltr'>inimicam</span> 
     </span>
    </p>
   </div>
   <div class='ocr_carea' id='block_1_115' title="bbox 2021 5161 3719 5234">
    <p class='ocr_par' dir='ltr' id='par_1_115' title="bbox 2021 5161 3719 5234">
     <span class='ocr_line' id='line_1_115' title="bbox 2021 5161 3719 5234; baseline 0.002 -18"><span class='ocrx_word' id='word_1_804' title='bbox 2021 5162 2183 5234; x_wconf 87' lang='lat' dir='ltr'>quasi</span> <span class='ocrx_word' id='word_1_805' title='bbox 2216 5178 2329 5215; x_wconf 89' lang='lat' dir='ltr'>uno</span> <span class='ocrx_word' id='word_1_806' title='bbox 2368 5161 2635 5216; x_wconf 88' lang='lat' dir='ltr'>inccndio</span> <span class='ocrx_word' id='word_1_807' title='bbox 2686 5169 3100 5232; x_wconf 89' lang='lat' dir='ltr'>senescentem,</span> <span class='ocrx_word' id='word_1_808' title='bbox 3136 5169 3191 5219; x_wconf 90' lang='lat' dir='ltr'>et</span> <span class='ocrx_word' id='word_1_809' title='bbox 3242 5166 3368 5219; x_wconf 88' lang='lat' dir='ltr'>illas</span> <span class='ocrx_word' id='word_1_810' title='bbox 3399 5164 3719 5219; x_wconf 82' lang='lat' dir='ltr'>caelicolum</span> 
     </span>
    </p>
   </div>
   <div class='ocr_carea' id='block_1_116' title="bbox 2022 5251 3720 5323">
    <p class='ocr_par' dir='ltr' id='par_1_116' title="bbox 2022 5251 3720 5323">
     <span class='ocr_line' id='line_1_116' title="bbox 2022 5251 3720 5323; baseline 0.001 -17"><span class='ocrx_word' id='word_1_811' title='bbox 2022 5252 2184 5306; x_wconf 91' lang='lat' dir='ltr'>sedes</span> <span class='ocrx_word' id='word_1_812' title='bbox 2212 5251 2462 5305; x_wconf 83' lang='lat' dir='ltr'>desertas</span> <span class='ocrx_word' id='word_1_813' title='bbox 2504 5256 2557 5305; x_wconf 89' lang='lat' dir='ltr'>et</span> <span class='ocrx_word' id='word_1_814' title='bbox 2600 5253 2871 5322; x_wconf 88' lang='lat' dir='ltr'>spoliatas</span> <span class='ocrx_word' id='word_1_815' title='bbox 2942 5254 3238 5307; x_wconf 88' lang='lat' dir='ltr'>divinitate</span> <span class='ocrx_word' id='word_1_816' title='bbox 3286 5252 3615 5323; x_wconf 81' lang='lat' dir='ltr'>prosterni:</span> <span class='ocrx_word' id='word_1_817' title='bbox 3663 5257 3720 5307; x_wconf 89' lang='lat' dir='ltr'>et</span> 
     </span>
    </p>
   </div>
   <div class='ocr_carea' id='block_1_117' title="bbox 2023 5340 3721 5413">
    <p class='ocr_par' dir='ltr' id='par_1_117' title="bbox 2023 5340 3721 5413">
     <span class='ocr_line' id='line_1_117' title="bbox 2023 5340 3721 5413; baseline 0.003 -20"><span class='ocrx_word' id='word_1_818' title='bbox 2023 5345 2187 5413; x_wconf 87' lang='lat' dir='ltr'>putas</span> <span class='ocrx_word' id='word_1_819' title='bbox 2228 5341 2568 5394; x_wconf 89' lang='lat' dir='ltr'>remansisse</span> <span class='ocrx_word' id='word_1_820' title='bbox 2619 5342 2935 5412; x_wconf 90' lang='lat' dir='ltr'>quidquam</span> <span class='ocrx_word' id='word_1_821' title='bbox 2988 5343 3137 5413; x_wconf 91' lang='lat' dir='ltr'>quod</span> <span class='ocrx_word' id='word_1_822' title='bbox 3187 5359 3299 5395; x_wconf 88' lang='lat' dir='ltr'>non</span> <span class='ocrx_word' id='word_1_823' title='bbox 3349 5340 3550 5396; x_wconf 89' lang='lat' dir='ltr'>debeat</span> <span class='ocrx_word' id='word_1_824' title='bbox 3597 5357 3721 5399; x_wconf 87' lang='lat' dir='ltr'>esse</span> 
     </span>
    </p>
   </div>
   <div class='ocr_carea' id='block_1_118' title="bbox 2024 5429 3726 5502">
    <p class='ocr_par' dir='ltr' id='par_1_118' title="bbox 2024 5429 3726 5502">
     <span class='ocr_line' id='line_1_118' title="bbox 2024 5429 3726 5502; baseline 0.004 -20"><span class='ocrx_word' id='word_1_825' title='bbox 2024 5429 2288 5483; x_wconf 86' lang='lat' dir='ltr'>victoris?</span> <span class='ocrx_word' id='word_1_826' title='bbox 2320 5429 2463 5493; x_wconf 89' lang='lat' dir='ltr'>Quid</span> <span class='ocrx_word' id='word_1_827' title='bbox 2512 5431 2663 5502; x_wconf 89' lang='lat' dir='ltr'>quod</span> <span class='ocrx_word' id='word_1_828' title='bbox 2691 5430 2816 5502; x_wconf 90' lang='lat' dir='ltr'>ipsa</span> <span class='ocrx_word' id='word_1_829' title='bbox 2847 5432 3046 5485; x_wconf 87' lang='lat' dir='ltr'>frivola</span> <span class='ocrx_word' id='word_1_830' title='bbox 3080 5436 3131 5485; x_wconf 90' lang='lat' dir='ltr'>et</span> <span class='ocrx_word' id='word_1_831' title='bbox 3174 5431 3359 5486; x_wconf 89' lang='lat' dir='ltr'>inanis</span> <span class='ocrx_word' id='word_1_832' title='bbox 3398 5433 3726 5489; x_wconf 88' lang='lat' dir='ltr'>constitutio</span> 
     </span>
    </p>
   </div>
   <div class='ocr_carea' id='block_1_119' title="bbox 2027 5519 3730 5588">
    <p class='ocr_par' dir='ltr' id='par_1_119' title="bbox 2027 5519 3730 5588">
     <span class='ocr_line' id='line_1_119' title="bbox 2027 5519 3730 5588; baseline 0.004 -16"><span class='ocrx_word' id='word_1_833' title='bbox 2027 5519 2369 5573; x_wconf 88' lang='lat' dir='ltr'>obscuritate</span> <span class='ocrx_word' id='word_1_834' title='bbox 2424 5520 2835 5574; x_wconf 80' lang='lat' dir='ltr'>confunditur?</span> <span class='ocrx_word' id='word_1_835' title='bbox 2878 5520 3024 5574; x_wconf 88' lang='lat' dir='ltr'>Dicit</span> <span class='ocrx_word' id='word_1_836' title='bbox 3070 5520 3246 5588; x_wconf 91' lang='lat' dir='ltr'>enim,</span> <span class='ocrx_word' id='word_1_837' title='bbox 3289 5522 3608 5577; x_wconf 88' lang='lat' dir='ltr'>sacerdotes</span> <span class='ocrx_word' id='word_1_838' title='bbox 3640 5523 3730 5578; x_wconf 87' lang='lat' dir='ltr'>vel</span> 
     </span>
    </p>
   </div>
   <div class='ocr_carea' id='block_1_120' title="bbox 2033 5609 3729 5683">
    <p class='ocr_par' dir='ltr' id='par_1_120' title="bbox 2033 5609 3729 5683">
     <span class='ocr_line' id='line_1_120' title="bbox 2033 5609 3729 5683; baseline 0.002 -20"><span class='ocrx_word' id='word_1_839' title='bbox 2033 5609 2282 5664; x_wconf 87' lang='lat' dir='ltr'>Vestales</span> <span class='ocrx_word' id='word_1_840' title='bbox 2320 5609 2572 5681; x_wconf 86' lang='lat' dir='ltr'>virgines</span> <span class='ocrx_word' id='word_1_841' title='bbox 2634 5609 2846 5665; x_wconf 88' lang='lat' dir='ltr'>debere</span> <span class='ocrx_word' id='word_1_842' title='bbox 2900 5609 3163 5666; x_wconf 87' lang='lat' dir='ltr'>libertate</span> <span class='ocrx_word' id='word_1_843' title='bbox 3217 5612 3485 5683; x_wconf 86' lang='lat' dir='ltr'>gaudere.</span> <span class='ocrx_word' id='word_1_844' title='bbox 3547 5613 3729 5668; x_wconf 88' lang='lat' dir='ltr'>Credo</span> 
     </span>
    </p>
   </div>
  </div>
