4060 6174
386 242 489 297 303

1610 243 1893 299 ENNODII
1934 243 2243 299 EPISCOPI
2280 246 2662 300 'I‘ICINENSIS
3778 254 3876 304 304

372 374 502 428 illos
527 374 786 428 nominat
817 374 877 427 in
925 375 1132 444 quibus
1178 374 1533 426 domicilium
1567 390 1732 426 suum
1783 391 1902 427 esse
1933 375 2056 430 caeli
2100 380 2143 430 Α
2169 375 2426 445 perditus
2457 363 2630 441 illius,
2665 381 2969 448 postquam
3006 377 3226 431 necavit
3267 382 3510 448 patrem,
3539 379 3869 449 opinionem

371 460 659 517 habitator
705 463 1037 528 ostenderit,
1084 479 1227 533 quos
1280 461 1523 530 majores
1567 479 1689 516 esse
1735 464 2066 519 hominibus

371 551 640 606 aetherius
669 552 826 607 favor
857 570 959 607 sua
1003 553 1126 606 luce
1158 551 1487 622 signaverit.
1521 553 1724 608 Indicit
1747 570 1943 608 eorum
1973 571 2065 610 re-

368 641 693 696 verentiam
755 658 897 714 quos
960 640 1192 711 agnosci
1248 641 1447 694 volunt
1501 641 1696 695 divina
1741 642 2061 712 pontifices.

369 731 628 786 Vidimus
659 731 900 786 miseros
931 747 1072 801 quos
1101 735 1295 784 tuetur
1323 730 1428 784 iste
1462 731 1614 785 inter
1643 732 1860 785 favillas
1892 733 2062 803 lapsae

369 820 528 876 urbis
558 821 628 875 de
663 821 783 875 sola
813 823 1205 890 exspectantes
1248 820 1660 874 lamentatione
1709 821 2060 890 praesidium,

368 916 443 978 et,
475 910 621 964 nihil
665 910 942 964 habentes
975 909 1196 964 ﬁduciae
1229 909 1297 964 de
1340 910 1657 980 proposito,
1688 909 1838 965 inter
1868 911 2063 964 turbas

367 1001 690 1070 captivitate
745 1016 968 1070 pressas
1032 1016 1243 1054 errare.
1304 1000 1427 1054 Non
1485 1000 1597 1053 illis
1659 1005 1782 1055 erat
1837 1001 2062 1055 divinus

365 1090 639 1161 splendor
665 1090 727 1143 in
764 1090 1030 1157 vultibus,
1058 1106 1176 1143 non
1208 1105 1336 1160 quae
1368 1089 1623 1143 ofﬁcium
1653 1090 1943 1144 nuntiaret
1973 1091 2060 1145 hi-

363 1179 576 1234 laritas.
630 1180 902 1234 Nesciunt
955 1179 1108 1233 inter
1155 1179 1390 1232 adversa
1445 1179 1683 1245 turbari,
1736 1180 1942 1250 quibus
2002 1180 2060 1233 in

364 1270 555 1324 saeculi
582 1269 1017 1340 tempestatibus
1058 1269 1128 1323 de
1159 1268 1451 1322 innocenti
1483 1269 1826 1323 conscientia
1853 1270 2062 1338 "portus

363 1359 632 1414 occurrit.
677 1358 936 1413 Vidimus
979 1358 1304 1412 afﬂictiores
1351 1359 1569 1412 caeteris
1612 1359 2057 1428 trepidantibus,

363 1449 572 1520 quibus
604 1447 760 1502 nuda
792 1448 1028 1502 nomina
1055 1448 1141 1501 lex
1198 1448 1437 1502 ridenda
1468 1449 1742 1502 concedit.
1789 1449 1924 1512 Quis
1963 1465 2059 1501 re-

362 1538 575 1591 mansit
606 1538 764 1591 locus
793 1538 854 1590 in
905 1537 1144 1605 meritis,
1198 1537 1245 1590 si
1291 1543 1712 1592 sacramentum
1759 1538 1911 1592 istud
1937 1537 2056 1590 solo

362 1630 536 1680 restat
583 1626 641 1679 in
703 1624 918 1680 titulo?
991 1626 1112 1680 Dici
1167 1627 1334 1680 credo
1404 1627 1563 1680 aliud
1635 1643 1755 1680 esse
1820 1626 2054 1698 pontiﬁ-

361 1730 505 1768 cem.
539 1714 668 1768 Vidi
697 1730 848 1784 seepe
879 1719 1009 1767 ante
1047 1714 1332 1769 confectas
1367 1715 1606 1785 jejuniis
1642 1716 1813 1769 facies
1846 1717 2060 1770 directa

363 1803 718 1873 injugulum
750 1804 861 1857 tela
905 1803 1193 1869 cecidisse,
1249 1809 1305 1858 et
1352 1810 1576 1858 retusos
1624 1805 1692 1859 ab
1741 1805 2061 1859 inermibus

361 1893 583 1962 gladios
629 1894 911 1963 rigentem
953 1895 1266 1964 perdidisse
1297 1900 1578 1949 naturam.
1614 1896 1671 1950 Si
1698 1887 1926 1949 creditis
1969 1911 2060 1949 re-

361 1980 565 2052 ligiosa
622 1982 863 2049 dicturo,
919 1999 1037 2036 non
1068 1983 1176 2037 fuit
1225 1984 1576 2054 templorum
1636 1984 1915 2050 minister,
1962 1985 2062 2055 qui

361 2071 514 2125 inter
543 2071 816 2142 qualibet
853 2072 1186 2126 discrimina
1216 2072 1471 2127 humano
1505 2079 1636 2143 eget
1668 2073 1898 2128 auxilio.
1947 2074 2062 2128 Scit

361 2176 664 2231 supremus
707 2161 920 2215 arbiter
959 2162 1383 2232 possessionem
1415 2161 1762 2217 suam'nova
1793 2164 1918 2218 luce
1959 2179 2061 2216 ve-

362 2249 516 2304 stire.
551 2252 672 2304 Non
719 2251 857 2304 latet
905 2251 1146 2304 caelestis
1191 2251 1288 2305 illa
1319 2252 1620 2322 permistio
1652 2271 1664 2319 ;
1700 2257 1754 2306 et
1799 2252 2061 2323 quamvis

361 2338 634 2392 humanm
661 2339 988 2409 fragilitatis
1017 2339 1209 2394 tunica
1229 2341 1522 2408 vestiatur,
1556 2342 1878 2412 effulgorat.
1913 2341 2061 2405 Quid

362 2427 516 2498 quod
540 2428 649 2498 ipsi
677 2429 863 2498 parati
890 2429 958 2482 ad
977 2429 1376 2484 famulandum
1401 2430 1660 2496 veniunt,
1692 2433 1792 2502 qui
1814 2432 1966 2485 trahi
1991 2431 2061 2484 ad

362 2517 595 2571 servitia
627 2534 741 2572 non
767 2521 1099 2573 merentur?
1137 2522 1246 2574 Hac
1287 2521 1641 2574 extremitate
1665 2521 1763 2592 qui
1788 2521 2060 2590 indignus

361 2611 467 2672 est,
513 2623 632 2662 non
679 2608 936 2662 rebellat.
987 2611 1307 2664 Occurrunt
1355 2611 1425 2664 ad
1471 2611 1764 2681 obsequia,
1813 2627 2058 2681 quorum

364 2712 528 2751 mens
559 2701 640 2751 est
669 2698 843 2768 digna
885 2699 1234 2754 culminibus
1260 2720 1274 2768 ;
1307 2705 1363 2753 et
1392 2700 1768 2772 pervicaciam
1799 2700 2056 2754 mortali—

360 2786 493 2840 tatis
539 2786 862 2856 eliminant,
920 2805 1062 2858 quos
1114 2788 1271 2842 nefas
1328 2795 1412 2844 est
1456 2789 1525 2843 ad
1573 2789 1878 2844 inhonesta
1932 2805 2062 2842 cen-

361 2875 586 2946 stringi.
643 2877 737 2931 Isti
760 2877 842 2931 tui
889 2877 1162 2947 pericula,
1198 2878 1243 2932 si
1284 2895 1650 2950 nequaquam
1693 2879 1908 2933 absolvi
1939 2894 2058 2932 me-

359 2971 618 3033 reantur,
649 2965 978 3020 intendunt.
1018 2967 1142 3020 Non
1166 2973 1403 3037 possunt
1425 2968 1682 3022 subtrahi
1712 2967 2060 3021 hominibus.

362 3069 506 3124 quos
538 3070 656 3108 non
699 3055 1080 3125 intelligimus
1110 3057 1428 3127 quidquam
1475 3058 1718 3128 amplius
1752 3058 1961 3111 habere
1993 3058 2061 3111 de

360 3142 716 3197 hominibus.
764 3146 964 3199 Juvate
1013 3161 1124 3212 me,
1177 3146 1333 3210 socii,
1384 3147 1579 3216 juvate
1624 3152 1952 3200 consortes:
2006 3151 2062 3200 et

362 3232 761 3302 garrulitatem
816 3234 1237 3304 impugnatoris
1294 3236 1405 3288 mei
1455 3237 1768 3290 auxiliante
1819 3237 2060 3290 veritate

361 3320 741 3390 comprimite.
776 3322 979 3391 Agitur
1026 3337 1116 3375 res
1148 3322 1215 3375 de
1244 3339 1355 3392 qua
1387 3322 1521 3392 quid
1556 3323 1795 3376 senserit
1825 3339 2059 3393 supero-

364 3424 490 3461 rum
543 3409 826 3464 sententia
872 3411 995 3480 jam
1039 3414 1323 3464 tenemus.
1361 3412 1718 3466 Addicantur
1761 3412 2058 3478 immeriti,

365 3502 430 3551 ut
489 3497 670 3552 bonos
732 3499 1017 3569 possimus
1073 3498 1282 3553 habere
1332 3501 1630 3555 antistites.
1687 3502 2062 3555 lnstituantur

369 3603 475 3658 per
528 3587 669 3641 istos
713 3605 855 3660 quos
909 3605 1041 3643 suos
1091 3606 1210 3643 esse
1266 3607 1378 3644 non
1434 3591 1784 3645 conciliatrix
1845 3591 2056 3659 fabula,

366 3693 484 3731 non
540 3677 757 3733 incerta
803 3678 1080 3746 defensio,
1138 3679 1234 3733 sed
1291 3680 1412 3751 ipse
1463 3680 1674 3734 summi
1720 3680 1820 3735 Dei
1870 3681 2062 3751 fulgor

365 3766 644 3822 enuntiet.

965 3858 1198 3913 DICTIO
1237 3858 1419 3912 XXIII.

438 3949 450 3982 ί
494 3947 568 4000 In
594 3944 946 4014 abdicatum,
966 3945 1084 4018 qui,
1113 3952 1282 4018 patre
1311 3950 1539 4016 necato,
1572 3951 1752 4004 matri
1773 3964 1992 4020 quoque

1014 4036 1418 4092 insidiabatur.

818 4140 1308 4182 CONTROVERSIA
1345 4143 1607 4182 DECIMA.

435 4217 766 4287 Postquam,
800 4216 1042 4286 judices,
1075 4217 1366 4269 abdicatus
1388 4217 1555 4280 illius,
1588 4209 1803 4286 injusti
1831 4232 2056 4270 exsecu-

362 4304 581 4358 tionem
613 4304 848 4370 doloris,
885 4304 1058 4372 patris
1080 4303 1312 4370 factum,
1333 4305 1533 4357 matris
1555 4320 1913 4369 consensum,
1943 4305 2062 4374 gla-

365 4394 458 4448 dio
493 4390 1094 4461 vindicavithturbare
1147 4409 1203 4445 se
1254 4393 1501 4445 aestimat
1531 4391 1918 4446 innocentiam
1960 4410 2060 4447 co-

363 4482 680 4552 gnitorum,
705 4484 760 4533 et
774 4479 991 4550 aliquid
1013 4481 1082 4535 de
1108 4481 1390 4535 manifesti
1411 4482 1682 4534 facinoris
1701 4483 2060 4536 absolutione

363 4571 682 4639 subripere.
753 4570 1046 4623 Nescimus
1102 4587 1229 4640 quae
1286 4570 1346 4623 in
1389 4570 1717 4624 defensione
1763 4571 1851 4623 sui
1889 4572 2061 4625 verba

363 4658 758 4714 commentitia
807 4659 1118 4713 sceleratus
1161 4658 1436 4724 inveniat,
1489 4660 1560 4713 ad
1604 4659 1763 4730 cujus
1796 4678 1896 4715 nos
1923 4679 2059 4715 con-

362 4747 706 4803 futationem
750 4747 958 4801 vulnus
1002 4749 1379 4803 ostendimus.
1434 4749 1578 4804 Malo
1623 4753 2059 4821 perseverantia:

435 4903 451 4936 ¹
480 4902 551 4957 In
571 4899 923 4975 abdicatum]
943 4903 1128 4957 Titulo
1149 4908 1303 4957 caret
1333 4903 1390 4956 in
1426 4904 1646 4958 duobus
1679 4905 1931 4975 antiquis
1959 4920 1970 4957 :
2000 4905 2056 4958 in

361 4975 552 5053 tertio,
587 4973 687 5053 qui
714 4973 1118 5053 recentiorest,
1142 4975 1509 5053 inscribitur:
1542 4973 1834 5053 Iuvegtivii
1850 4975 1912 5028 in
1930 4978 2061 5028 Ore-

359 5048 504 5098 stem
526 5044 625 5115 qui
650 5044 865 5099 occidit
885 5046 1357 5116 Clytemnestram
1377 5052 1642 5100 matrem.
1665 5048 1767 5100 Sed
1790 5048 2059 5116 deceptus

362 5121 449 5188 est
470 5117 730 5188 quisquis
751 5117 925 5186 hujus
949 5119 1338 5188 inscriptionis
1361 5125 1563 5171 auctor
1582 5119 1707 5176 fuit,
1734 5120 2058 5184 argumenti

361 5187 756 5242 similitudine.
798 5190 939 5242 Nam
973 5187 1195 5242 Orestes
1243 5195 1486 5242 matrem
1521 5190 1746 5255 occidit,
1797 5205 1908 5241 non
1959 5205 2056 5258 pa-

360 5265 505 5314 trem
532 5276 545 5313 :
583 5261 674 5313 hic
695 5266 886 5313 autem
916 5266 1135 5328 patrem
1162 5261 1398 5323 necavit,
1433 5267 1671 5313 matrem
1707 5276 1819 5312 non
1849 5262 2054 5329 potuit.

362 5329 549 5394 Quare
577 5331 877 5385 indefinite
910 5333 1118 5400 scripta
1149 5338 1233 5383 est
1262 5332 1322 5383 in
1355 5332 1534 5383 tilium
1569 5331 1929 5384 abdicatum:
1964 5348 2057 5384 cu-

354 5399 605 5470 jusmodi
629 5402 754 5454 alia:
772 5399 1098 5470 complures
1120 5406 1251 5454 sunt
1273 5402 1420 5469 apud
1435 5402 1726 5466 Senecam,
1757 5403 2056 5456 Libauium

358 5473 584 5546 etalios
633 5474 694 5525 in
725 5473 1051 5526 abdicantes
1099 5474 1183 5524 vel
1233 5472 1555 5540 abdicatos,
1601 5471 2055 5546 ἀποκηρύττοντας

360 5542 388 5600 ἡ
419 5540 587 5600 ἀποκη
593 5561 778 5616 ρουττο
783 5548 962 5614 μένους
973 5583 984 5594 .

429 5616 451 5648 ²
490 5613 813 5684 Allbcutid]
832 5615 1014 5678 Quam
1035 5613 1384 5684 ethopceiam
1414 5631 1447 5669 a
1474 5615 1682 5670 Graecis
1711 5615 2056 5671 dicimonui-

2173 465 2373 519 matris
2399 466 2690 519 contendit
2720 466 3121 536 exstinguere:
3154 468 3354 522 dolens
3395 469 3549 539 quod
3592 469 3871 522 evasimus

2174 555 2507 624 pugionem,
2537 556 2649 609 telo
2691 556 2904 609 famam
2935 556 3278 628 insequitur,
3313 557 3402 610 cui
3434 574 3538 628 pro
3575 574 3741 613 sexus
3784 575 3871 612 ve-

2174 645 2444 697 recundia
2475 646 2604 713 plus
2628 644 2922 711 timemus,
2949 646 3075 698 Non
3096 651 3334 716 ruptum
3364 647 3535 716 patri,
3561 663 3678 701 non
3702 649 3871 702 scele~

2173 733 2280 786 rati
2310 733 2420 786 iter
2452 733 2826 788 ostendimus.
2877 735 2973 788 Ille
3005 739 3202 788 contra
3232 735 3401 789 verba
3446 752 3564 790 non
3604 737 3866 808 prenitet.

2176 824 2254 877 Ne
2306 824 2459 893 quod
2491 823 2655 876 nobis
2687 823 2867 877 fidum
2920 823 3182 878 videatur
3229 825 3507 880 exstitisse
3554 826 3871 880 subsidium

2173 912 2243 965 ad
2277 912 2620 966 sententiam
2650 929 2813 966 suam
2839 915 3011 967 traxit
3033 915 3340 984 parvulum
3385 921 3666 981 nostrum,
3700 932 3874 986 quem

2170 1001 2285 1055 fuci
2356 1002 2609 1056 nescium
2679 1003 2952 1057 fabricata
3022 1003 3328 1057 verborum
3392 1009 3511 1058 arte
3569 1005 3872 1066 subvertit,

2170 1091 2385 1144 faciens
2418 1091 2656 1145 etillum
2688 1091 2898 1161 perire,
2935 1092 3033 1162 qui
3062 1093 3373 1162 putabatur
3409 1110 3528 1147 esse
3582 1094 3862 1148 residuus.

2171 1180 2314 1243 Quid
2365 1179 2669 1250 praestigiis
2711 1181 2924 1234 nudam
2973 1181 3259 1235 desideras
3300 1183 3487 1236 velare
3536 1182 3871 1253 justitiam?

2169 1285 2272 1322 nec
2299 1269 2528 1323 odiosus
2549 1285 2777 1338 parcere
2797 1270 3002 1340 potuit,
3031 1287 3133 1324 nec
3155 1288 3327 1342 quem
3349 1271 3611 1326 mentiris
3629 1288 3874 1332 amasse.

2170 1362 2485 1429 percutere.
2523 1357 2792 1428 Nunquid
2829 1360 3184 1428 argumentis
3223 1376 3368 1430 opus
3400 1365 3501 1428 est,
3534 1361 3632 1414 ubi
3661 1361 3876 1414 factum

2168 1463 2335 1501 suum
2374 1447 2610 1517 propria
2643 1464 2780 1501 voce
2810 1447 3017 1501 veritas
3049 1449 3339 1502 testatur?
3377 1449 3672 1519 perdidisti
3715 1466 3877 1520 spem

2166 1537 2531 1602 defensionis,
2567 1553 2695 1590 cum
2730 1537 3024 1607 genitricis
3049 1539 3199 1591 ferro
3229 1540 3483 1592 membra
3505 1539 3875 1593 describeres.

2170 1625 2278 1680 Sed
2310 1627 2442 1680 licet
2471 1633 2810 1696 procurator
2855 1627 3136 1681 formosus
3163 1633 3217 1682 et
3245 1629 3480 1693 nitidus,
3515 1646 3619 1684 nos
3651 1630 3721 1684 ad
3755 1628 3880 1684 haec

2172 1714 2527 1785 inspicienda
2557 1717 2746 1770 oculos
2780 1732 2894 1769 non
2933 1716 3230 1770 habemus.

2796 1805 3030 1860 DICTIO
3071 1806 3242 1860 XXIV.

2384 1894 2477 1949 Ea:
2507 1898 2778 1965 tempore,
2804 1911 2982 1966 quam
3012 1895 3136 1967 ipse
3175 1895 3480 1951 Deuterius
3495 1896 3770 1967 injunxil.

2754 1999 2993 2040 ETHICA
3049 2001 3278 2041 PRIMA.

2898 2091 3142 2129 THEMA.

2315 2161 2647 2216 Perfunctus
2679 2164 2886 2234 pelago
2923 2164 3237 2229 Diomedes,
3269 2170 3424 2219 tutus
3455 2169 3509 2220 et
3543 2166 3693 2219 arvis

2386 2252 2758 2323 Naufragium
2791 2254 2982 2319 deflet,
3013 2257 3166 2324 quod
3201 2255 3324 2308 sine
3353 2255 3584 2325 lympha
3609 2255 3738 2310 fuit.

2311 2341 2492 2405 Quam
2514 2349 2750 2412 propter
2779 2344 2961 2395 varios
2994 2345 3346 2397 contendens
3370 2345 3582 2399 vicerat
3607 2349 3805 2411 estus,

2382 2431 2534 2483 Uxor
2563 2431 2631 2483 ad
2656 2431 2888 2484 alterius
2921 2433 3225 2486 transierat
3249 2434 3532 2503 COpulam.

2313 2519 2493 2572 Causa
2522 2520 2889 2589 querelarum
2923 2520 3189 2575 simulato
3221 2521 3456 2576 nomine
3487 2538 3617 2575 vera
3646 2527 3752 2576 est.

2387 2607 2561 2677 Hujus
2594 2608 2783 2676 verba,
2818 2625 3039 2678 precor,
3073 2611 3280 2664 comite
3312 2629 3409 2665 vos
3443 2612 3668 2682 placidi.

2803 2696 2826 2729 ²
2858 2714 3232 2754 ALLocurio.

2243 2786 2285 2839 Ο
2321 2785 2581 2850 numina,
2617 2786 2661 2839 si
2693 2787 2851 2840 vobis
2885 2805 2999 2841 non
3031 2789 3300 2842 eveniunt
3331 2795 3533 2842 cuncta
3565 2789 3880 2860 disponen-

2174 2875 2341 2941 tibus,
2376 2875 2554 2928 divisa
2597 2881 2846 2944 potestas
2901 2883 3004 2945 est,
3039 2883 3134 2931 aut
3167 2885 3220 2931 et
3253 2880 3533 2932 malorum
3584 2881 3719 2932 estis
3767 2897 3880 2934 au—

2170 2971 2373 3018 ctores.
2418 2965 2580 3028 Quod
2624 2965 2672 3018 si
2719 2965 3106 3021 humanarum
3155 2984 3350 3022 rerum
3402 2985 3759 3039 quemquam
3813 2987 3881 3023 ex

2171 3071 2412 3108 numero
2465 3060 2648 3108 vestro
2693 3073 2829 3109 cura
2881 3057 3169 3123 sollicitat,
3220 3058 3550 3111 felicitatem
3600 3058 3744 3111 mihi
3787 3075 3880 3112 re-

2171 3144 2398 3196 deuntis
2429 3143 2686 3210 tribuite,
2719 3150 2815 3198 aut
2839 3162 3090 3198 errorem
3119 3163 3290 3216 quem
3318 3147 3521 3199 tinistis
3552 3146 3793 3216 ingrati.
3826 3147 3884 3202 Si

2171 3234 2374 3286 coelum
2396 3234 2646 3287 vocanda
2674 3233 2900 3303 piorum
2925 3235 3226 3304 possessio,
3251 3237 3297 3288 si
3317 3241 3553 3306 propter
3575 3242 3882 3290 momenta

2170 3323 2385 3376 laetitiae
2416 3323 2752 3376 mortalibus
2788 3330 2942 3377 orata
2975 3326 3331 3390 tribuuntur,
3367 3326 3546 3378 nolite
3580 3325 3884 3380 beneficiis

2169 3413 2369 3464 vestris
2404 3413 2616 3465 sociare
2649 3413 2978 3467 vindictam.
3001 3415 3112 3467 Cur
3134 3414 3322 3467 taliter
3353 3415 3420 3467 ad
3449 3413 3715 3468 effectum
3744 3421 3885 3468 vota

2170 3503 2538 3569 tetendimus,
2580 3508 2640 3554 ut
2687 3507 2988 3572 pararetur
3039 3504 3291 3557 coalitum
3321 3504 3590 3574 suffragio
3622 3504 3691 3557 de
3715 3521 3885 3559 occa-

2170 3591 2327 3644 sione
2373 3591 2763 3661 prosperitatis
2794 3592 3102 3646 adversitas
3123 3594 3151 3646 ?
3183 3593 3442 3657 Reddite,
3484 3609 3700 3664 quaeso,
3735 3610 3883 3663 pro-

2169 3681 2296 3751 pitii
2328 3681 2692 3734 incommoda
2723 3699 2849 3752 qua:
2883 3682 3096 3735 tulistis
3122 3699 3134 3748 ;
3161 3683 3778 3753 restituaturpelagus,
3809 3700 3884 3737 ne

2169 3774 2397 3822 terreno
2426 3775 2620 3840 pereat
2641 3771 2793 3823 fama
2819 3771 3140 3840 naufragio.
3178 3771 3454 3825 Secundis
3490 3771 3658 3824 rebus
3684 3773 3885 3842 proxi-

2168 3874 2327 3912 mum
2374 3864 2459 3912 est
2491 3875 2848 3929 quaecunque
2880 3860 3222 3913 accesserint
3253 3861 3401 3913 mala
3438 3860 3661 3913 nesciri.
3697 3861 3884 3929 Igno-

2167 3948 2348 4000 minia
2380 3965 2505 4017 quae
2539 3965 2628 4001 me
2654 3949 2709 4001 in
2737 3949 2879 4002 facie
2912 3950 3171 4019 perculit,
3208 3965 3328 4002 non
3359 3950 3640 4020 tetigisset
3674 3950 3886 4005 absen-

2168 4042 2305 4091 tem.
2361 4039 2624 4104 Uxorem,
2681 4053 2782 4107 pro
2833 4040 3026 4092 nefas!
3090 4039 3200 4091 nisi
3247 4038 3315 4091 ad
3369 4054 3494 4092 eam
3541 4038 3877 4106 rediissem,

2168 4126 2424 4179 amisisse
2470 4142 2588 4178 non
2614 4127 2911 4180 crederer‘.
2961 4127 3178 4180 inﬂexit
3207 4132 3418 4180 statum
3453 4143 3645 4180 meum
3700 4129 3883 4198 abju-

2167 4221 2290 4269 rata
2320 4215 2626 4269 calamitas.
2658 4215 2898 4269 Stationi
2929 4217 3195 4286 proprior
3240 4216 3350 4271 fuit
3394 4217 3662 4286 liquentis
3708 4233 3886 4272 error

2125 4305 2481 4379 Delenienti:
2539 4309 2768 4373 portum
2831 4305 2888 4358 in
2939 4305 3173 4375 genitali
3229 4307 3349 4358 solo
3395 4305 3636 4375 perdidi,
3693 4322 3881 4376 quem

2172 4411 2320 4464 saipe
2344 4393 2402 4446 in
2446 4395 2582 4447 vasti
2619 4393 2862 4464 gurgitis
2910 4394 3130 4448 sinibus
3164 4395 3455 4465 acquisivi.
3491 4393 3754 4449 Hinc-eine
3791 4401 3889 4451 est

2173 4483 2374 4537 domus
2395 4487 2609 4552 optata,
2643 4485 2803 4551 cujus
2828 4483 3112 4538 desiderio
3147 4484 3536 4553 periculorum
3560 4485 3886 4554 promitte-

2170 4572 2337 4627 batur
2385 4571 2614 4639 oblivio,
2667 4588 2796 4625 cum
2844 4588 2940 4642 spe
3009 4573 3302 4643 sequentis
3358 4574 3554 4643 gaudii
3613 4589 3889 4644 praesens

2172 4663 2456 4716 malorum
2489 4666 2712 4731 poterat
2740 4662 2926 4714 forma
2957 4662 3164 4716 nesciri
3185 4663 3210 4716 ‘I
3250 4662 3353 4718 Cui
3381 4678 3633 4733 unquam
3667 4663 3739 4716 de
3773 4665 3893 4717 mi-

2171 4751 2446 4806 serarium
2480 4750 2743 4804 terminis
2774 4755 2907 4804 sunt
2928 4756 3060 4805 nata
3086 4750 3389 4822 principia,
3415 4757 3510 4806 aut
3541 4752 3608 4806 de
3641 4751 3889 4822 perfun-

2171 4917 2321 4966 mus,
2356 4917 2482 4956 eam
2515 4901 2697 4956 Latini
2729 4903 2936 4955 saeculo
2981 4902 3222 4957 Ennodii
3266 4902 3672 4956 allocutionem
3707 4920 3893 4958 voca-

2171 4979 2325 5025 runt.
2377 4973 2467 5027 Sic
2498 4974 2651 5026 eniin
2699 4979 2754 5027 et
2803 4973 3123 5028 Priscianus
3169 4976 3228 5027 in
3283 4975 3893 5030 Prasexercitamentis

2170 5044 2469 5098 rhetorica?
2498 5061 2508 5097 :
2537 5044 2822 5100 Allocutio
2844 5051 2921 5099 est.
2943 5045 3192 5099 imitatio
3207 5049 3488 5099 sermonis
3514 5045 3589 5099 ad
3609 5062 3804 5099 more:
3828 5052 3898 5102 et

2167 5115 2498 5185 suppositas
2533 5131 2817 5186 personas
2849 5117 3302 5184 accomomdala,
3341 5119 3420 5179 ut,
3455 5117 3666 5182 Quibus
3685 5119 3897 5173 verbis

2168 5190 2253 5239 uti
2273 5192 2546 5277 potuisset
2568 5189 2997 5272 .Andromache‘
3019 5189 3268 5276 Heftore
3293 5191 3561 5277 mortuoz‘
3596 5189 3752 5277 quod
3779 5196 3896 5272 ἐει

2172 5258 2319 5326 apud
2387 5259 2704 5327 Lib-auium,
2767 5265 2911 5320 τίνας
2975 5258 3035 5310 ἂν
3093 5263 3226 5311 eia—ot
3293 5259 3475 5331 λόγους
3533 5258 3888 5333 Ανδρομσὲχη

2170 5333 2380 5403 {autem
2415 5330 2484 5403 ἐφ’
2516 5337 2740 5403 Ἕκτορι.
2779 5333 2892 5386 Iloc
2923 5333 3077 5386 enim
3118 5333 3288 5386 modo
3304 5330 3890 5388 Grzeciethnicarurn

2169 5398 2484 5458 dictionum
2521 5398 2772 5458 themata
2801 5403 3218 5472 proponebant.
3255 5405 3435 5458 Latini
3469 5405 3524 5456 in
3564 5405 3719 5458 hunc
3750 5404 3893 5459 fere

2169 5472 2425 5545 modum,
2459 5475 2640 5533 Verba
2682 5474 2987 5540 Diomedis,
3032 5491 3162 5529 cum
3194 5475 3436 5545 Egiales
3469 5477 3660 5528 uxoris
3712 5475 3894 5530 adul-

2168 5543 2314 5598 teria
2343 5543 2636 5624 cognovit.
