4060 6174
199 301 282 354 305
1712 295 1844 352 DIC'i

2030 297 2101 353 IS.

3551 298 3658 355 306

194 433 276 487 etis
301 428 502 483 casibus
527 427 718 482 evenit
747 427 1047 483 exordium
1069 426 1443 499 ?Aliquando
1484 430 1680 500 Optata
1712 445 1844 484 con-
1880 435 1927 488 Α
1950 426 2231 483 vincimus
2261 428 2580 496 interitum,
2609 427 2700 483 vel
2727 427 2938 484 subire.
2971 430 3092 486 Stat
3121 432 3255 486 ante
3269 431 3465 487 oculos
3483 446 3652 488 meos

195 520 296 592 tigit
343 534 450 572 non
491 516 715 571 amari?
759 521 858 570 aut
901 517 1137 571 accessit
1164 521 1225 571 ut
1259 517 1557 572 hominem
1609 519 1847 575 laederet

190 612 298 680 fuga
322 605 691 661 discriminis?
741 607 823 660 l’de
863 606 1024 659 novis
1068 622 1297 676 semper
1344 605 1592 677 pessima
1641 605 1846 660 ictibus

189 700 381 753 fortuna
404 695 637 765 perculit
665 711 677 748 :
703 695 862 763 cuius
902 695 948 753 si
978 695 1040 748 in
1075 695 1330 748 deterius
1352 695 1537 766 vergit
1568 695 1840 761 mutatio,

188 786 466 856 simplicem
498 784 747 838 nocendi
777 785 956 838 fervet
975 783 1247 854 speciem,
1279 801 1350 838 ne
1382 785 1840 839 successionibus

189 877 463 929 insolescat.
505 875 766 940 Uxorem,
793 875 1080 928 malorum
1114 875 1374 941 comites,
1409 875 1585 929 habui
1632 875 1703 929 ad
1734 892 1841 946 pu-

190 965 402 1019 dicitiam
454 968 674 1017 natura:
735 964 857 1016 luce
932 963 1348 1029 transmissam,
1421 963 1513 1017 cui
1577 965 1845 1035 splendor

189 1053 378 1108 oriundi
406 1057 656 1106 creverat
684 1051 980 1118 institutis,
1042 1056 1105 1106 ut
1127 1053 1358 1121 gemino
1419 1053 1653 1108 defensa
1704 1070 1840 1124 pro-

185 1143 468 1215 pugnaculo
520 1143 847 1196 nullatenus
875 1142 1194 1196 facinorum
1247 1144 1580 1197 crederetur
1637 1143 1846 1197 ictibus

187 1233 456 1303 subjacere,
488 1249 592 1286 nec
621 1232 764 1286 dura
794 1233 1147 1286 castimoniae
1194 1233 1566 1287 obscenitatis
1628 1233 1841 1288 evisce-

183 1324 363 1376 ratioue
393 1322 632 1375 mollire.
679 1321 780 1374 llla
813 1338 1114 1392 nunquam
1145 1323 1359 1376 fulvum
1386 1323 1602 1376 metalli
1633 1321 1842 1393 quassi-

184 1413 244 1466 vit
261 1417 531 1479 ornatum,
562 1427 664 1464 nec
695 1410 1081 1482 pretiosorum
1097 1413 1340 1464 candore
1367 1412 1626 1481 lapidum
1650 1411 1841 1466 nivem

183 1499 396 1569 corporis
423 1498 649 1552 imitata
691 1504 798 1565 est,
833 1515 947 1553 non
1010 1500 1124 1552 ulla
1178 1500 1383 1553 habuit
1428 1499 1649 1553 decoris
1684 1500 1846 1570 adju-

183 1591 358 1652 menta,
391 1587 529 1640 dum
561 1587 795 1657 placuit,
831 1586 992 1641 scivit
1013 1587 1477 1659 conjugalisjura
1504 1587 1846 1643 sacramenti

183 1677 346 1732 fucatis
373 1676 573 1730 studiis
645 1693 757 1730 non
809 1677 1016 1747 juvari,
1073 1693 1174 1730 nec
1216 1679 1532 1748 obligatum
1595 1679 1845 1732 tenuisse

181 1769 463 1837 conjugem,
500 1767 739 1837 quando
775 1768 953 1821 alium
985 1772 1195 1836 praeter
1217 1783 1346 1821 eum
1367 1768 1466 1838 qui
1493 1768 1784 1823 descendit
1811 1786 1844 1824 a

182 1856 394 1910 moribus
416 1855 683 1926 quaesivit
715 1861 894 1926 nupta
953 1856 1256 1925 fulgorem.
1314 1857 1514 1910 Mansit
1559 1857 1660 1910 illa
1708 1857 1844 1911 edu-

179 1946 443 1999 candorum
478 1945 797 2016 pignorum
829 1945 1066 1999 servitus
1113 1945 1310 2012 libera,
1355 1945 1492 1999 dum
1554 1947 1726 2000 talem
1784 1963 1843 2003 se

180 2035 398 2106 praebuit,
433 2051 568 2106 qum
593 2039 650 2087 et
675 2033 986 2088 desiderari
1018 2034 1314 2102 meruerit,
1368 2039 1423 2087 et
1473 2033 1661 2088 virum
1691 2051 1842 2089 nun-

177 2139 312 2192 quam
347 2127 581 2194 putaret
611 2124 929 2176 absentem.
960 2123 1059 2175 llla
1094 2139 1297 2176 sexum
1333 2122 1538 2176 mentis
1570 2124 1842 2179 ﬁrmitate

177 2211 616 2279 duraverat,dum
647 2213 746 2267 illa
779 2211 1075 2266 muliebris
1137 2212 1425 2267 imbecilla
1483 2213 1710 2267 consilii
1766 2213 1834 2267 de

177 2300 294 2355 virili
313 2309 582 2374 ceperant
603 2303 946 2357 auctoritate
979 2302 1380 2356 substantiam.
1412 2303 1536 2356 Jam
1585 2303 1842 2373 lapsibus

181 2392 356 2446 ordinis
384 2393 466 2446 sui
491 2393 760 2446 doctrina
792 2392 1113 2447 medicante
1146 2393 1525 2460 repugnabat,
1558 2397 1612 2444 et
1661 2397 1842 2446 trans-

176 2481 265 2535 lata
293 2482 511 2534 in‘usus
560 2482 768 2534 alteros
809 2480 1156 2534 feminarum
1197 2480 1422 2533 ridebat
1472 2496 1748 2535 excessus.
1777 2483 1840 2536 In

175 2587 378 2636 summa,
411 2571 541 2624 talis
574 2570 765 2640 periit,
803 2571 998 2641 quales
1031 2571 1216 2623 solent
1247 2587 1279 2624 a
1312 2569 1528 2622 meritis
1561 2571 1840 2640 lacrymas

172 2659 455 2731 impetrare.
487 2660 730 2726 Circaeo,
760 2665 819 2711 ut
848 2660 1028 2725 aiunt,
1066 2660 1272 2728 poculo
1296 2675 1325 2711 a
1348 2674 1404 2711 se
1429 2660 1699 2712 translata
1730 2664 1835 2726 est,

173 2749 284 2802 etin
310 2755 492 2802 votum
531 2749 804 2819 migravit
828 2748 1090 2801 adulteri.
1127 2747 1236 2802 Sed
1261 2747 1398 2818 quid
1421 2763 1658 2818 agamus
1690 2748 1840 2801 inter

171 2839 302 2890 anxia
331 2836 1299 2906 etincertadeprehensi‘?Recipiat
1346 2853 1451 2890 nos
1494 2853 1600 2906 pro
1651 2853 1839 2890 reme-

171 2928 252 2980 diis
268 2944 418 2981 exosa
441 2927 760 2996 navigatio,
793 2927 1011 2979 lassatae
1039 2942 1240 2979 manus
1264 2926 1607 2979 rudentibus
1637 2931 1840 2994 stupea

171 3032 334 3069 rursus
358 3017 591 3070 vincula
623 3016 1014 3080 meditentur;
1079 3016 1294 3069 intereat
1361 3015 1529 3068 clavis
1586 3013 1836 3082 deitera,

171 3110 216 3158 ut
237 3107 448 3160 frenatae
484 3106 703 3175 puppis
723 3121 826 3174 per
854 3104 1453 3176 gubernaculumjura
1474 3105 1834 3170 moderetur;

173 3195 391 3265 depictus
420 3195 714 3249 sideribus
742 3193 858 3246 axis
892 3194 1164 3248 reddatur
1186 3195 1437 3265 aspectui
1464 3212 1476 3260 ;
1514 3193 1840 3264 dispositio-

171 3285 240 3337 nis
263 3290 452 3338 nostrae
489 3285 708 3338 itinera
727 3284 977 3337 noctium
997 3284 1318 3354 dirigantur
1340 3284 1583 3338 indiciis.
1601 3284 1682 3338 Sit
1699 3285 1843 3337 sola-

173 3375 290 3427 tium
311 3374 633 3428 luminibus
667 3374 829 3440 meis,
867 3372 908 3425 si
940 3373 1226 3443 profanati
1249 3390 1363 3426 non
1405 3373 1667 3426 videatur
1695 3377 1847 3426 terra

173 3463 387 3533 cunjugii
413 3481 424 3516 :
453 3462 756 3533 fugiamus
788 3463 1054 3532 patriam,
1090 3462 1146 3515 in
1179 3479 1292 3532 qua
1321 3463 1433 3515 tale
1467 3461 1731 3515 effectum
1762 3465 1848 3515 est

178 3552 581 3605 matrimonium
614 3556 898 3617 nostrum,
924 3551 1074 3621 quod
1117 3555 1172 3604 et
1193 3550 1448 3604 amisisse
1473 3550 1706 3621 pudeat,
1741 3565 1846 3604 nec

175 3639 386 3695 audeant
415 3645 552 3694 vota
584 3640 860 3711 recipere.

788 3727 1021 3782 DICTIO
1061 3728 1210 3781 XXV.

183 3817 336 3873 Verba
363 3817 649 3882 Thetidis,
693 3835 823 3872 cum
871 3816 1168 3871 Achillem
1208 3815 1424 3870 videret
1473 3814 1832 3871 exstinctum.

701 3922 936 3962 ETHICA
981 3921 1291 3962 SECUNDA.

228 3997 533 4069 Intercepta
570 4001 658 4050 est
690 3997 786 4066 pio
818 3996 1058 4067 quaesita
1086 3995 1240 4049 fraus
1266 3999 1521 4048 materna
1582 3993 1844 4049 consilio.

172 4084 795 4141 InveneruntAchillem
832 4090 1090 4139 nostrum
1119 4085 1234 4138 fata
1276 4089 1332 4137 et
1362 4084 1431 4137 ab
1475 4083 1587 4138 alia
1643 4093 1849 4138 natura

171 4174 492 4246 subreptum,
523 4191 636 4230 nec
661 4174 874 4246 profuit
922 4174 1077 4245 quod
1130 4191 1330 4228 sexum
1381 4191 1553 4244 quem
1582 4174 1633 4227 ei
1686 4174 1846 4244 origo

171 4261 370 4316 dederat
415 4263 638 4318 astutia
694 4261 1104 4328 commutavit;
1152 4262 1428 4315 feminam
1470 4261 1848 4315 diuturnitate

173 4367 263 4404 non
291 4353 504 4417 didicit,
543 4357 608 4408 et
629 4352 732 4406 viri
770 4352 934 4407 fortis
964 4352 1224 4406 animum
1250 4352 1441 4406 mollis
1492 4351 1844 4405 consuetudo

171 4445 394 4497 servavit.
423 4445 567 4508 Quis
603 4443 798 4496 credat
825 4442 1178 4496 inefficacem
1217 4443 1389 4497 fuisse
1432 4441 1844 4512 provisionem,

174 4545 314 4599 quam
343 4540 396 4586 et
441 4535 552 4588 dea
609 4537 663 4586 et
713 4535 894 4585 mater
930 4530 1186 4585 invenit?
1238 4532 1360 4583 Non
1405 4535 1489 4584 est
1544 4530 1849 4601 praemium

175 4618 569 4687 immortalitas,
608 4637 782 4692 quam
805 4637 908 4674 nec
941 4620 1191 4688 genitrix
1222 4620 1560 4674 transmittit
1585 4621 1650 4674 ad
1687 4620 1850 4674 sobo-

175 4707 281 4776 lem,
314 4728 412 4764 nec
442 4728 550 4782 per
586 4727 715 4764 eam
747 4711 899 4781 quod
933 4711 1119 4763 tilium
1142 4709 1368 4762 casibus
1402 4711 1624 4762 furetur
1656 4725 1849 4762 occur-

175 4796 244 4850 rit.
276 4800 339 4854 [Et
392 4815 704 4871 nunquam
773 4800 1066 4853 doloribus
1127 4799 1536 4864 subducamur,
1607 4799 1848 4852 numina

178 4901 355 4942 sumus.
380 4891 522 4953 Quae
554 4894 643 4943 est
679 4891 785 4942 ista
805 4889 1082 4952 conditio,
1115 4887 1344 4958 quando
1369 4887 1435 4940 de
1464 4887 1850 4955 penetralibus

176 4975 421 5033 viscerum
442 4983 784 5033 nostrorum
835 4978 989 5049 quod
1024 4977 1175 5030 letho
1205 4975 1410 5029 serviat
1468 4975 1803 5029 exhibemus
1824 4974 1851 5027 ‘?

171 5063 473 5121 Caelicolum
508 5069 832 5138 potentiam
864 5072 962 5120 aut
993 5067 1188 5120 liceret
1218 5065 1538 5134 posteritati
1595 5065 1851 5118 conferre

170 5155 296 5222 quod
317 5158 594 5226 possidet,
646 5162 745 5210 aut
793 5157 938 5210 caris
969 5155 1444 5210 descendentibus
1494 5171 1598 5223 pro
1627 5155 1851 5208 lamen-

168 5244 372 5298 tationis
396 5246 653 5299 termino
685 5247 918 5299 daretur
948 5245 1306 5298 occumbere.
1332 5243 1632 5296 lnferiores
1663 5243 1847 5297 homi-

168 5332 311 5387 nibus
334 5351 535 5389 sumus
579 5335 789 5405 quibus
829 5334 1045 5388 similes
1093 5349 1362 5404 paremus
1399 5348 1410 5386 :
1465 5334 1525 5386 in
1557 5333 1663 5386 hoc
1696 5333 1850 5386 dete-

168 5421 267 5474 rius
293 5425 605 5476 Parcarum
651 5423 899 5477 ludibrio
950 5423 1324 5493 subjacentes,
1375 5422 1510 5491 quia
1567 5421 1852 5474 nescimus

171 5510 318 5565 exitia
351 5513 702 5584 pignoribus
738 5512 1026 5583 obligatae.
1063 5514 1414 5582 Superornm
1448 5511 1714 5577 maxime,
1756 5515 1855 5564 aut

171 5603 472 5672 prosapiem
509 5607 768 5656 nostram
790 5603 1010 5656 subduc
1034 5601 1305 5669 fortuitis,
1340 5606 1441 5656 aut
1469 5617 1573 5654 nos
1599 5617 1703 5671 pro
1749 5600 1850 5654 be-

171 5687 342 5744 neficii
371 5691 686 5746 collatione
716 5692 1007 5747 submitte.
1043 5691 1227 5745 Liceat
1283 5708 1386 5762 pro
1418 5708 1568 5757 caro,
1631 5691 1677 5743 si
1735 5707 1852 5744 non

1955 519 2186 580 orbitas,
2223 519 2436 574 idcirco
2491 519 2762 587 deterior,
2815 519 2952 591 quia
2980 520 3142 575 illam
3179 536 3285 592 pro
3315 522 3656 579 aeternitatis

1955 624 2096 663 meae
2127 608 2477 663 sublimitate
2507 609 2791 679 praescivi.
2821 610 2862 664 Ο
2886 610 3200 678 lugendam
3230 611 3538 667 numinum
3571 612 3653 667 fe-

1954 698 2248 764 licitatem,
2276 699 2569 753 cumillud
2609 698 2763 770 quod
2813 699 2882 752 de
2930 699 3178 754 adversis
3229 699 3489 770 ignorari
3536 717 3658 756 non

1951 788 2100 855 licet,
2135 803 2252 842 non
2286 788 2532 842 donatur
2552 789 2834 844 avertere!
2874 788 3170 843 Recordor
3221 789 3498 861 praeteriti
3548 792 3657 846 sol-

1952 877 2308 933 licitudinem
2339 878 2639 949 temporis,
2671 883 2726 931 et
2753 894 2919 933 curas
2952 893 3109 932 meas
3143 879 3352 950 quibus
3404 880 3653 952 nequid-

1953 983 2125 1038 quam
2182 966 2474 1036 invigilavi
2541 966 2895 1022 reminiscor.
2952 967 3098 1032 Quid
3166 968 3382 1038 profuit
3444 970 3653 1041 Stygia:

1951 1055 2179 1127 paludis
2210 1056 2420 1110 auxilio
2451 1056 2571 1109 nati
2603 1071 2810 1127 corpus
2836 1061 3144 1125 armatum,
3171 1057 3466 1113 dumillud
3497 1059 3654 1129 quod

1953 1163 1986 1200 a
2016 1145 2184 1200 nobis
2231 1161 2455 1198 sumere
2512 1144 2709 1198 debuit
2761 1161 3158 1200 quaereremus
3210 1162 3241 1200 a
3278 1146 3558 1217 gurgite?
3590 1149 3656 1202 In

1953 1234 2228 1287 membris
2249 1234 2423 1303 prolis
2464 1239 2691 1299 nostrae,
2747 1247 2920 1304 quem
2961 1235 3069 1288 dea
3099 1235 3324 1302 tenuit,
3382 1238 3538 1291 locus
3571 1240 3658 1291 est

1954 1322 2222 1376 vulneris.
2251 1324 2362 1377 Cur
2391 1339 2508 1376 non
2535 1322 2847 1376 laxioribus
2897 1323 3093 1393 digitis
3144 1324 3380 1395 lympha
3436 1341 3495 1380 se
3550 1325 3656 1380 mi-

1955 1412 2119 1476 scuit,
2153 1416 2216 1465 ut
2242 1429 2309 1466 ex
2333 1416 2448 1465 toto
2511 1413 2844 1467 exclusisset
2891 1412 3036 1467 ictus
3079 1415 3301 1484 superis
3347 1415 3504 1469 unda
3559 1431 3653 1468 su-

1953 1500 2227 1555 blimior?
2257 1502 2397 1572 quid
2421 1502 2594 1556 etiam
2620 1502 2768 1572 juvit
2791 1503 3055 1558 Chironis
3104 1503 3340 1573 elegisse
3379 1504 3656 1575 magiste-

1954 1589 2130 1657 rium,
2157 1591 2255 1662 qui
2286 1592 2469 1645 aetatis
2500 1591 2783 1645 lubricum
2815 1592 3075 1646 doctrina
3106 1593 3422 1648 solidaret?
3475 1593 3655 1648 Credo

1955 1677 2190 1731 diversis
2222 1679 2648 1734 institutionum
2679 1681 2936 1748 callibus,
2969 1686 3031 1736 ut
3069 1681 3290 1736 bellum
3312 1682 3432 1736 filio
3466 1682 3654 1752 place-

1953 1771 2058 1835 ret,
2094 1767 2456 1822 invenimus:
2496 1769 2648 1839 apud
2681 1770 3026 1824 monitorem
3050 1770 3432 1825 fortissimum
3462 1775 3654 1825 actum

1953 1861 2037 1910 est
2065 1863 2127 1910 ut
2162 1859 2305 1910 vires
2340 1875 2468 1929 quae
2501 1859 2888 1930 sequebantur
2915 1861 3152 1914 consilia
3178 1876 3295 1914 non
3352 1860 3654 1915 haberent.

1953 1947 2088 2010 Quis
2114 1947 2471 2002 miscendum
2515 1949 2864 2002 feminarum
2905 1949 3137 2004 latebris
3166 1950 3352 2004 virum
3388 1965 3655 2020 saporem

1951 2037 2123 2091 vellet
2145 2038 2380 2091 haurire
2412 2039 2760 2101 certaminis,
2791 2042 2847 2092 et
2869 2039 3000 2092 inde
3046 2039 3344 2109 provideat
3398 2039 3653 2109 pignori,

1953 2127 2102 2181 unde
2133 2127 2267 2181 facit
2296 2127 2482 2198 perire
2515 2128 2666 2198 quod
2687 2127 2990 2197 providet?
3008 2128 3131 2182 Jam
3151 2128 3385 2182 duratas
3420 2127 3655 2197 spiculis

1951 2232 2155 2269 manus
2204 2217 2276 2270 ad
2341 2217 2596 2270 calathos
2638 2217 3067 2286 frangebamus,
3093 2221 3148 2270 et
3202 2216 3331 2269 illos
3376 2216 3650 2270 humeros

1953 2321 2095 2376 quos
2117 2305 2347 2375 spoliati
2368 2305 2552 2358 leonis
2578 2308 2740 2374 terga
2770 2304 3163 2372 calefecerant,
3200 2320 3340 2358 auro
3374 2304 3653 2371 jdistincta

1950 2395 2036 2447 vel
2070 2393 2285 2447 murice
2317 2393 2470 2463 palla
2501 2393 2817 2447 claudebat.
2852 2394 2974 2447 Non
3004 2392 3184 2446 facilis
3214 2393 3491 2447 transitus
3520 2393 3652 2460 fuit,

1943 2483 2216 2552 juvenem
2234 2487 2494 2536 nostrum
2518 2483 2766 2550 puellam
2789 2486 2917 2551 post
2935 2481 3369 2550 gustumlaudis
3392 2481 3606 2536 imitari
3634 2499 3647 2538 :

1949 2587 2051 2625 nec
2072 2577 2250 2625 astute
2276 2572 2660 2642 componitur,
2693 2571 2847 2642 quod
2899 2587 3016 2624 non
3066 2572 3124 2624 in
3179 2570 3392 2625 teneris
3465 2570 3647 2626 astatis
3694 2590 3702 2597 ·

1947 2661 2278 2731 primordiis
2310 2660 2611 2731 imperavi.
2647 2661 2753 2714 Sed
2783 2659 2921 2730 quid
2955 2665 3240 2713 transacta
3270 2660 3483 2726 recolo,
3517 2676 3647 2714 cum

1950 2750 2205 2803 animum
2228 2751 2435 2804 futuras
2467 2749 2808 2802 calamitatis
2841 2750 3026 2818 pulset
3061 2748 3432 2802 immanitas?
3470 2749 3647 2805 Video

1948 2840 2125 2909 Trr-jze
2155 2839 2426 2892 fumantis
2449 2838 2689 2901 excidia,
2742 2845 2795 2890 et
2842 2842 2992 2889 statu
3021 2853 3146 2890 eam
3198 2841 3466 2890 manente
3509 2839 3650 2892 sub-

1948 2944 2198 2991 versam;
2251 2927 2416 2980 video
2479 2926 2727 2979 Hectoris
2788 2925 2988 2993 praelia
3046 2925 3241 2977 acerba
3292 2925 3652 2996 Grajugenis,

1881 3048 1920 3102 Ο
1950 3017 2046 3088 qui
2072 3016 2282 3069 idcirco
2313 3015 2487 3068 crevit
2519 3013 2910 3084 opinionibus,
2947 3018 3008 3067 ut
3067 3013 3253 3066 soboli
3309 3030 3474 3082 meus,
3514 3015 3652 3070 dum

1955 3106 2334 3171 occumberet,
2368 3103 2644 3173 triumphi
2675 3105 2908 3170 crescatj
2934 3102 3004 3155 ad
3035 3101 3318 3172 pretium;
3361 3107 3655 3173 raptatum

1954 3195 2248 3264 quadrigis
2281 3193 2465 3246 adhuc
2499 3191 2764 3246 bellaturi
2796 3207 3003 3261 corpus
3033 3207 3296 3260 agnosco,
3331 3196 3386 3243 et
3420 3191 3654 3246 Achillis

1955 3283 2068 3337 mei
2100 3283 2283 3336 minui
2314 3281 2654 3348 commodis,
2689 3281 2839 3351 quod
2873 3281 2940 3333 de
2972 3281 3226 3350 pondere
3247 3280 3520 3335 decrescit
3565 3297 3655 3336 ex-

1955 3372 2145 3425 stincti
2175 3388 2188 3436 ;
2215 3370 2397 3437 video,
2425 3370 2574 3441 quod
2608 3370 2704 3422 irae
2739 3367 2984 3439 proﬁcit,
3039 3368 3229 3438 perire
3289 3369 3651 3439 compendio.

1954 3461 2060 3514 Sed
2097 3459 2233 3530 quid
2267 3459 2354 3512 his
2384 3459 2653 3512 laudibus
2682 3474 2886 3528 pascor
2918 3457 3459 3528 orbanda?reliqua
3479 3457 3652 3512 silen-

1954 3549 2035 3603 tio
2059 3553 2269 3617 tegam,
2305 3563 2375 3601 ne
2407 3554 2536 3601 ante
2567 3547 2778 3601 doloris
2808 3553 3034 3617 tempus
3089 3547 3416 3601 narratione
3476 3547 3653 3602 conti-

1953 3638 2088 3692 ciar.
2115 3637 2331 3692 Habeat
2351 3636 2803 3691 consolationem
2831 3635 3317 3704 deﬁcitur-nitate
3367 3635 3656 3691 aeternitas

1955 3735 2168 3795 nostra,
2199 3743 2373 3798 quam
2400 3709 2520 3781 non
2544 3725 2718 3780 habet
2752 3725 2821 3780 de
2845 3731 3070 3780 natura.

2576 3843 2809 3898 DICTIO
2849 3843 3026 3899 XXVI.

2081 3949 2271 4008 Verba
2297 3948 2546 4006 Menelai
2571 3965 2702 4003 cum
2767 3950 3000 4018 Trojam
3021 3949 3241 4005 videret
3266 3951 3546 4004 exustam.

2549 4071 2783 4111 ETHICA
2827 4071 3087 4110 TERTIA.

2030 4173 2422 4244 Etsigravibus
2482 4172 2744 4227 dolorem
2778 4187 2972 4226 meum
3032 4174 3229 4242 raptor
3272 4170 3656 4226 inﬂammavit

1958 4265 2255 4332 incendiis,
2298 4263 2402 4318 etsi
2441 4263 2786 4333 pertulimus
2837 4261 2986 4316 faces
3037 4261 3286 4332 injuriae,
3333 4260 3527 4314 debito
3576 4264 3655 4314 ta-

1957 4371 2089 4408 men
2128 4370 2269 4424 rogo
2303 4353 2570 4406 immensi
2596 4355 2796 4406 auctor
2828 4350 3057 4404 sceleris
3077 4366 3209 4404 cum
3223 4349 3532 4420 conjuncta
3548 4349 3654 4404 sibi

1955 4444 2325 4498 universitate
2365 4442 2683 4496 consenuit.
2703 4443 2851 4496 Pene
2879 4441 3008 4495 felix
3041 4441 3387 4496 contumelia
3415 4445 3499 4494 est
3527 4457 3656 4512 quas

1957 4534 2128 4586 talem
2162 4536 2435 4596 meretur,
2479 4530 2584 4584 etsi
2613 4546 2742 4584 cum
2787 4530 3038 4583 maximo
3063 4529 3650 4599 Stldore,lvindictam.

1957 4622 2092 4686 Quis
2137 4625 2368 4691 respuat
2423 4620 2711 4690 suscipere
2763 4620 3164 4673 necessitatem
3211 4619 3493 4689 triumphi
3545 4623 3656 4674 ter-

1958 4713 2115 4765 mino
2165 4710 2653 4764 concludendam?
2711 4725 2884 4779 sapor
2934 4708 3302 4779 sequentium
3380 4709 3656 4762 amaritu-

1961 4801 2149 4854 dinem
2175 4798 2256 4851 rei
2289 4796 2662 4863 prmcedentis
2692 4797 2942 4849 excludit
2974 4816 2986 4850 :
3024 4797 3187 4850 dulce
3209 4797 3275 4850 tit
3291 4797 3444 4868 quod
3475 4795 3657 4850 dolui-

1958 4907 2104 4951 mus,
2138 4889 2272 4959 quia
2303 4872 2519 4941 d‘oloris
2540 4888 2720 4940 nostri
2749 4886 2994 4956 poenitet
3023 4891 3423 4957 provocantes.
3461 4886 3654 4941 Abdu-

1959 4984 2058 5034 ctze
2121 4978 2374 5033 mulieris
2422 4977 2670 5047 turpiter
2721 4977 2940 5030 occasio
2984 4977 3167 5030 nostri
3212 4976 3426 5030 exstitit
3475 4981 3658 5030 mater

1961 5067 2249 5137 augmenti
2271 5083 2285 5137 ;
2311 5065 2535 5137 peperit
2556 5081 2588 5117 a
2610 5064 2770 5118 nobis
2793 5068 3148 5134 sequestrata
3165 5063 3653 5134 uxorimperium,

1961 5163 2017 5211 et
2045 5157 2112 5210 de
2159 5155 2402 5209 adulteri
2422 5154 2813 5225 complexibus
2832 5153 2999 5206 nobis
3022 5153 3198 5206 edidit
3221 5153 3460 5222 patriam
3482 5168 3654 5222 quam

1960 5251 2219 5298 tenemus
2256 5262 2268 5312 ;
2304 5244 2404 5314 qui
2436 5245 2686 5297 riserunt
2711 5244 2992 5308 caelibem,
3025 5243 3257 5296 videant
3285 5241 3533 5312 superba
3563 5242 3659 5295 ho-

1962 5335 2137 5389 stium
2167 5335 2312 5387 colla
2341 5333 2676 5387 calcantem.
2709 5333 3019 5386 Habuimus
3051 5332 3355 5402 conjugem
3403 5329 3659 5384 honestis

1960 5421 2318 5490 perlongum
2350 5419 2606 5473 moribus
2637 5420 2979 5482 institutam,
3005 5419 3179 5472 alieni
3237 5420 3497 5488 ignaram
3525 5435 3655 5472 con-

1960 5509 2233 5574 tubernii,
2253 5525 2378 5580 quae
2411 5527 2526 5562 non
2557 5515 2780 5580 optaret
2811 5509 3133 5564 desiderare
3165 5509 3318 5579 quod
3359 5523 3472 5561 non
3504 5508 3654 5561 licet.

1963 5600 2083 5653 Non
2107 5600 2258 5653 illam
2292 5617 2428 5653 usus
2494 5601 2875 5671 praecipitavit
2919 5600 2974 5652 in
3035 5599 3198 5664 vitia;
3247 5599 3341 5653 sed
3406 5597 3661 5652 scelerati

1963 5690 2251 5762 prmdonis
2282 5692 2535 5764 impulsu
2566 5696 2759 5745 secuta
2789 5695 2874 5744 est
2917 5689 3180 5744 Paridem
3213 5691 3502 5745 voluntate
3563 5705 3660 5742 ca-
