4060 6174
313 279 416 335 307

1506 274 1812 334 ENNODII
1852 278 2171 335 EPISCOPI
2212 276 2604 335 TICINENSIS

3702 278 3805 330 308

311 410 487 483 ptiva.
520 411 827 483 Nunquam
854 411 924 465 ad
956 411 1062 465 hoc
1087 409 1244 464 illam
1279 409 1458 464 erexit
1498 408 1682 464 forma
1709 411 2004 465 conscien-
2043 416 2089 469 Α
2115 409 2358 482 generis,
2401 409 2555 481 quod
2585 407 2855 479 opinione
2889 407 3165 461 mentiris.
3188 408 3422 463 Constat
3442 410 3674 463 Veneris
3688 425 3807 464 non

309 501 425 570 tias,
452 506 516 555 ut
544 518 602 555 se
633 500 1156 555 crederetadamari
1187 516 1199 553 :
1232 499 1384 570 quia,
1421 502 1480 552 nt
1501 500 1862 568 conﬁdimus,
1888 505 2003 554 tur-

310 589 559 661 pissimis
589 594 723 643 sunt
756 590 1010 643 moribus
1037 604 1164 659 quae
1190 588 1456 659 pulchras
1479 604 1538 641 se
1562 604 1682 643 esse
1716 589 2002 643 memine-

312 683 465 733 runt.
501 677 649 733 Talis
671 679 809 732 ultio
842 677 1033 731 decuit
1054 693 1265 747 magna
1320 682 1691 746 peccantem;
1746 678 2003 731 funditus

312 768 637 840 procubuit,
659 768 758 839 qui
775 766 879 821 sibi
907 766 1247 819 venerandae
1270 768 1513 837 sumpsit
1535 768 1761 821 culmen
1789 766 2003 822 uxoris.

314 856 544 912 Talibus
604 862 783 921 utere,
841 856 1089 922 adulter,
1151 856 1489 927 hymenaeis.
1552 859 1648 912 His
1708 865 1762 912 te
1812 860 2006 913 Alecto

314 945 640 1016 pronubum
686 950 933 999 sectatur
990 945 1350 1015 insignibus;
1408 951 1463 999 et
1514 942 1725 1017 placari
1782 964 1886 1001 nos
1931 947 2010 1001 sic

314 1035 597 1098 convenit,
632 1039 688 1088 et
711 1034 973 1089 Paridem
1009 1035 1086 1088 sic
1136 1034 1345 1105 perire.
1407 1035 1753 1090 Dictavimus
1805 1036 2011 1090 matri-

315 1122 642 1178 moniorum
667 1124 801 1194 jura
823 1140 936 1177 non
977 1140 1263 1185 sermone,
1303 1125 1397 1178 sed
1462 1126 1686 1195 gladiis,
1740 1142 2013 1196 praesum-

317 1211 577 1283 ptionum
613 1218 866 1284 segetem
912 1212 1104 1266 ultrici
1157 1212 1297 1267 falce
1346 1219 1648 1269 vastantes.
1705 1216 1897 1271 Multis
1943 1215 2014 1269 ad

317 1301 808 1355 conservationem
843 1301 1117 1372 proderit,
1177 1318 1281 1355 nos
1312 1303 1626 1373 perdidisse
1657 1306 2013 1375 conjugium.

320 1390 518 1459 Dicite,
550 1407 677 1462 quae
714 1391 1042 1461 ubicunque
1103 1392 1394 1461 accepistis
1451 1408 1663 1446 nomen
1722 1393 1936 1457 uxoris,
1968 1390 2016 1444 si

322 1496 459 1547 non,
494 1479 763 1550 quotiens
785 1479 919 1533 vitia
950 1479 1364 1549 subripuerint,
1389 1481 1623 1534 Menelai
1641 1487 1697 1535 et
1723 1497 1935 1535 nomen
1962 1485 2019 1534 et

321 1570 503 1623 virtus
524 1573 801 1623 occurret.
835 1568 1051 1632 Quibus
1083 1586 1199 1622 non
1232 1574 1322 1635 est,
1359 1569 1419 1623 in
1476 1572 1663 1625 studio
1719 1569 2018 1641 pudicitia,

325 1653 451 1719 erit,
485 1653 547 1706 ni
576 1653 851 1720 fallimur,
907 1654 967 1707 in
1008 1654 1376 1723 necessitate;
1427 1659 1483 1709 et
1528 1672 1631 1725 par
1686 1672 1789 1726 per
1821 1671 2020 1709 omnes

2109 518 2230 555 esse
2248 500 2431 553 ﬁlium
2464 499 2542 553 nil
2584 502 2869 552 amantem
2903 514 2915 551 :
2961 498 3102 551 ordo
3148 514 3339 552 rerum
3370 506 3455 553 est
3512 505 3573 553 ut
3604 516 3809 569 prosa-

2109 590 2263 662 piem
2292 606 2481 643 mores
2511 588 2874 653 annuntient,
2896 591 2953 641 et
2983 604 3097 658 quo
3121 587 3249 658 quis
3281 593 3507 642 auctore
3530 589 3585 641 in
3618 590 3809 644 lucem

2111 678 2352 747 venerit,
2383 679 2504 748 ejus
2536 678 2681 732 facta
2734 682 2997 731 sectetur.
3057 677 3193 730 Diva
3238 677 3433 732 Idalia:
3461 679 3811 732 nescientem

2111 768 2455 840 respondere
2488 766 2779 821 beneﬁciis
2821 782 2937 820 non
2970 766 3247 835 agnoscit.
3285 768 3409 821 Non
3460 768 3610 821 fama
3633 769 3806 833 ﬁlios,

2112 858 2209 912 sed
2238 857 2685 912 conversationis
2712 859 2989 909 monstrat
3019 855 3347 927 aequalitas:
3386 856 3433 909 si
3465 857 3686 911 diversa
3741 857 3814 911 sit

2114 948 2475 1014 conscientia,
2511 946 2598 999 vix
2626 945 2909 1000 credenda
2939 949 3022 998 est
3051 961 3171 997 esse
3216 946 3440 999 soboles
3483 962 3610 1017 quas
3641 962 3807 999 voca—

2118 1043 2231 1092 tur.
2265 1038 2339 1090 Te
2371 1036 2560 1106 potius
2591 1034 2857 1090 Caucasei
2885 1034 3090 1105 rigoris
3122 1039 3413 1106 prmrupta
3464 1040 3811 1105 genuerunt,

2120 1131 2219 1181 aut
2240 1130 2578 1191 conceptum
2622 1125 2681 1178 in
2728 1124 3042 1178 recessibus
3097 1125 3379 1177 montium
3424 1141 3589 1178 saxea
3647 1124 3809 1177 alvus

2122 1216 2322 1271 effudit
2355 1232 2366 1269 :
2403 1220 2457 1268 et
2484 1229 2555 1268 ne
2590 1214 2713 1267 dira
2747 1214 3115 1267 nutrimentis
3166 1218 3373 1267 natura
3438 1214 3815 1281 mollesceret,

2121 1333 2144 1359 ε
2172 1303 2514 1377 eripientes’
2548 1305 2789 1357 salutem
2816 1302 3074 1372 Cytheris
3114 1304 3385 1372 Hyrcanae
3456 1303 3689 1373 tigrides
3722 1303 3824 1356 ali-

2124 1400 2318 1449 menta
2338 1394 2716 1464 praebuerunt
2756 1408 2770 1446 :
2806 1391 3041 1445 nutrivit
3074 1396 3126 1445 te
3158 1392 3256 1445 illa
3294 1391 3488 1446 feritas
3519 1409 3648 1463 quae
3691 1397 3823 1446 tru-

2126 1484 2297 1538 cidat.
2330 1485 2473 1537 Nam
2503 1482 2638 1553 quid
2674 1481 2815 1534 mihi
2869 1480 3323 1535 dissimulatione
3380 1481 3701 1551 pollicitor?
3726 1485 3827 1534 aut

2128 1572 2266 1644 quid
2289 1573 2569 1643 sperando
2603 1571 2841 1624 meliora
2858 1570 3188 1623 sustentor?
3219 1570 3340 1623 Non
3374 1569 3626 1623 reddidit
3681 1569 3828 1623 ﬂeti-

2126 1662 2235 1716 bus
2269 1664 2565 1731 lacrymas,
2596 1676 2735 1731 quas
2760 1660 2881 1730 ejus
2911 1675 3106 1713 amore
3147 1662 3299 1712 torta
3328 1658 3642 1711 fundebam
3678 1674 3689 1712 :
3717 1672 3831 1710 non

327 1741 633 1812 disciplina
661 1743 995 1811 servabitur,
1025 1743 1120 1797 ubi
1149 1759 1325 1798 unam
1364 1744 1612 1799 formam
1665 1750 1721 1800 et
1767 1745 2021 1800 volentes
2058 1721 2099 1775 Β
2135 1750 2386 1822 gemitus
2417 1766 2575 1803 meos
2622 1749 2867 1819 propriis
2907 1764 3068 1801 mens
3120 1752 3356 1801 cruenta
3416 1752 3499 1801 est
3541 1747 3834 1801 consolata

328 1831 658 1886 custodiunt
678 1835 733 1885 et
762 1836 989 1886 coactae.

947 1948 1180 2004 DICTIO
1218 1949 1420 2004 XXVII.

339 2035 530 2093 Verba
554 2036 807 2093 Junonis
852 2054 981 2094 cum
1030 2042 1296 2093 Antaeum
1342 2038 1555 2093 videret
1579 2055 1784 2111 parem
1811 2038 2027 2101 viribus

878 2125 1157 2181 Herculis
1188 2126 1494 2182 exstitisse.

905 2231 1141 2271 ETHICA
1183 2232 1463 2279 QUARTA.

404 2302 657 2357 Tandem
690 2304 999 2376 aliquando
1030 2306 1129 2377 qui
1172 2306 1393 2376 judicio
1428 2310 1623 2361 nostro
1663 2306 2037 2377 responderet

338 2392 603 2446 inventus
632 2398 733 2459 est,
766 2394 866 2464 qui
897 2394 963 2448 de
987 2394 1218 2448 inimico
1253 2401 1462 2460 nostro,
1514 2402 1569 2449 et
1608 2397 1746 2449 dum
1768 2396 2033 2459 vincitur,

339 2482 737 2553 triumpharet.
768 2485 1055 2539 Herculeae
1078 2485 1245 2551 vires,
1282 2486 1393 2539 nisi
1429 2485 1703 2552 eliserint,
1732 2502 1848 2539 non
1880 2486 2036 2556 jace-

328 2562 485 2625 bunt
523 2585 733 2642 :quem
764 2573 1139 2643 providimus,
1173 2580 1229 2627 et
1258 2574 1325 2628 de
1347 2574 1568 2628 casibus
1604 2580 1688 2629 est
1737 2575 2034 2645 superbus.

342 2661 462 2715 Stat
485 2661 733 2732 propriis
755 2678 999 2732 magnus
1029 2662 1267 2731 viribus,
1304 2663 1402 2716 sed
1447 2665 1555 2717 erit
1604 2664 1887 2717 maximus
1938 2678 2041 2734 per

344 2750 594 2806 ruinam.
632 2751 833 2805 Nescio
868 2758 1059 2806 utrum
1094 2754 1358 2806 Hercules
1392 2754 1571 2807 valeat
1622 2756 1901 2824 parjesse,
1952 2752 2040 2805 vel

345 2839 393 2893 si
426 2840 694 2894 Antaeum
724 2841 1030 2895 nonliceat
1073 2842 1190 2895 ulla
1239 2842 1458 2897 ratione
1517 2843 1806 2913 prosterni
1844 2859 1856 2896 :
1920 2847 1974 2896 at
1997 2842 2043 2895 si

346 2929 495 2983 hosti
524 2935 719 2984 nostro
753 2931 1045 2985 blanditur
1075 2932 1404 2999 adversitas,
1441 2950 1544 2986 nos
1576 2934 1645 2986 ad
1669 2934 1891 2987 laureas
1922 2949 2045 3004 per-

350 3019 629 3074 venimus.
672 3019 895 3073 Scimus
922 3020 1135 3088 futura,
1169 3022 1264 3075 sed
1294 3022 1561 3076 convenit
1615 3039 1851 3093 superos
1882 3022 2039 3093 loqui

349 3108 513 3178 quasi
545 3108 798 3162 humana
838 3110 1192 3164 mortalibus.
1246 3112 1547 3165 Provideat
1606 3112 1871 3165 Hercules
1907 3112 2045 3182 quid

350 3196 525 3266 eligat
555 3212 676 3250 esse
733 3197 1079 3251 faciendum.
1128 3198 1449 3252 Vincendus
1482 3206 1585 3267 est
1637 3200 2044 3269 congrediente

350 3283 606 3352 inimico,
640 3285 948 3338 vincendus
996 3292 1079 3338 est
1118 3290 1174 3338 et
1209 3286 1454 3355 jacente.
1500 3286 1604 3350 Qui
1646 3303 1865 3340 venena
1914 3287 2047 3340 lusit

351 3372 411 3426 in
441 3373 621 3439 cunis,
656 3374 755 3443 qui
787 3375 1009 3443 pacavit
1038 3375 1353 3429 Erimantlii
1383 3392 1640 3443 nemora,
1690 3376 1800 3446 qui
1823 3392 2046 3431 cervam

353 3461 649 3515 velocitate
678 3462 984 3532 praecessit,
1005 3463 1297 3533 optionem
1317 3464 1523 3517 habeat
1555 3464 1691 3534 quid
1737 3470 2043 3531 sequatur:

353 3555 453 3603 aut
477 3551 697 3604 hostem
726 3550 1014 3621 periturus
1074 3552 1321 3621 dejiciet,
1363 3558 1459 3605 aut
1515 3553 1559 3605 si
1590 3560 1880 3607 certamen
1922 3572 2046 3608 me—

354 3639 548 3705 tuerit,
573 3655 700 3693 cum
734 3640 849 3693 suis
917 3639 1175 3693 cautibus
1225 3641 1345 3711 jam
1404 3641 1681 3712 sepultus.
1747 3645 2045 3698 Lernaeum

352 3728 696 3798 periculum,
745 3729 855 3782 nisi
912 3730 1095 3797 fallor,
1162 3730 1380 3785 orietur
1422 3731 1491 3785 de
1550 3734 2045 3787 consummatione

353 3816 697 3871 certaminis.
728 3818 864 3881 Quis
914 3834 1031 3871 non
1090 3819 1283 3872 credat
1332 3820 1471 3872 nihil
1535 3837 1831 3890 superesse
1890 3823 2045 3892 quod

354 3910 608 3976 peragat,
642 3922 771 3960 cum
805 3907 1145 3960 humifusus
1185 3908 1504 3978 aspicitur?
1534 3912 1606 3962 At
1662 3915 1867 3964 nostra:
1920 3926 2047 3980 par-

353 3993 425 4047 tis
456 3994 697 4049 intentio
725 3996 793 4050 de
827 3995 1198 4066 oppressione
1243 3996 1632 4066 suscitabitur,
1694 4004 1747 4052 et
1770 4015 2046 4068 augmen-

353 4082 511 4137 tandi
540 4083 762 4137 roboris
792 4100 1019 4138 causam
1048 4084 1287 4138 feliciter
1307 4100 1409 4155 pro
1459 4084 1693 4139 inimico
1751 4086 2048 4156 perfuncta

353 4187 444 4227 res
471 4178 760 4244 suggeret.

962 4262 1188 4317 DlCTlO
1223 4264 1446 4318 XXVIII.

467 4368 657 4426 Verba
686 4368 924 4426 Didonis
939 4385 1069 4426 cum
1086 4370 1387 4424 abeuntem
1409 4369 1624 4424 videret
1658 4368 1931 4425 Eneam.

725 4460 739 4492 ¹
771 4459 883 4514 Nec
916 4459 1016 4513 tibi
1039 4459 1167 4536 diva
1190 4475 1396 4529 parens
1423 4459 1673 4529 generis.

936 4590 1174 4631 ETHICA
1218 4590 1477 4638 QUINTA.

422 4682 713 4747 Quantum
742 4680 907 4736 docet
926 4682 1312 4749 inclementia,
1330 4682 1630 4753 perdidisti
1653 4682 2049 4737 testimonium

428 4828 443 4862 ί
482 4827 594 4879 Nec
621 4824 723 4879 tibi
756 4823 889 4879 diva
913 4824 1140 4897 parens]
1184 4828 1293 4881 Hos
1340 4828 1493 4881 locos
1541 4826 1883 4896 Virgilianos
1942 4840 2048 4893 ap-

351 4897 662 4969 pellabant,
723 4912 852 4950 cum
894 4897 1112 4967 Virgilii
1166 4914 1357 4952 versus
1381 4915 1484 4969 pro
1564 4897 2048 4969 declamationum

349 4968 603 5021 themate
642 4969 1035 5022 sumebantur.
1090 4970 1237 5024 Talis
1288 4967 1397 5023 est
1426 4970 1657 5023 metrica
1713 4967 2041 5022 exercitatio

350 5055 522 5108 quam
563 5039 623 5092 in
654 5046 875 5093 vetusto
906 5040 1098 5094 codice
1134 5040 1428 5096 Pithceano
1461 5040 1730 5107 vidimus,
1773 5038 2045 5094 Coronati

351 5111 411 5163 V.
444 5110 502 5165 C.
531 5110 637 5165 hoc
656 5112 826 5165 titulo
856 5117 912 5165 et
942 5111 1222 5182 principio
1259 5128 1272 5166 :

698 5236 945 5297 THEMA,
982 5238 1187 5287 LOCUS
1223 5236 1682 5286 VIRGILIANUS.

470 5324 601 5374 Vivo
642 5326 903 5389 equidem,
954 5326 1225 5388 vitamque
1273 5330 1508 5374 extrema
1536 5339 1630 5388 per
1654 5325 1832 5375 omnia
1861 5323 1998 5374 duco
2027 5340 2039 5385 ;

928 5414 986 5462 V.
1026 5414 1085 5464 C.
1121 5414 1464 5463 CORONATI.

467 5501 662 5565 Aspera
693 5502 899 5553 diverso
929 5502 1139 5553 laxatur
1167 5504 1270 5552 vita
1296 5503 1496 5561 dolore,

466 5564 529 5638 ξς
548 5564 719 5638 morti.
740 5566 945 5615 vicinus
974 5580 1053 5638 eo.
1081 5566 1313 5638 vivitque
1331 5565 1513 5638 Ado‘lori

469 5627 623 5690 [Egra
646 5627 789 5676 salus
827 5643 839 5675 :
877 5633 1083 5675 nostras
1108 5627 1349 5676 cruciant
1394 5628 1520 5676 dum
1550 5627 1763 5676 ﬂamina
1815 5631 2032 5684 mentea,

468 5689 601 5739 Vita
634 5690 788 5739 ﬂatus
814 5690 923 5739 abit.
952 5703 963 5737 :
991 5696 1216 5752 quantos
1242 5695 1361 5754 post
1390 5692 1641 5753 Pergama
1670 5703 1821 5740 casus

2138 1839 2418 1910 suspiriis.
2442 1840 2506 1892 In
2539 1837 2835 1892 doloribus
2867 1837 3029 1903 meis,
3073 1837 3225 1908 quod
3257 1836 3491 1890 unicum
3524 1841 3609 1890 est
3644 1852 3834 1889 reme-

2139 1929 2319 1996 dium,
2355 1944 2471 1981 non
2498 1926 2757 1981 exhibuit
2784 1926 2909 1998 pari
2949 1926 3144 1980 dolore
3175 1927 3471 1995 collegam,
3504 1925 3640 1996 quia
3686 1940 3839 1995 pene

2138 2019 2338 2072 bsolus
2378 2022 2463 2071 est
2492 2017 2551 2071 in
2592 2020 2757 2070 aetate
2806 2016 3089 2069 terminus
3146 2016 3433 2069 invenisse
3472 2014 3837 2086 participem.

2141 2105 2248 2159 Sed
2281 2120 2410 2175 quae
2443 2104 2681 2174 eloquar
2702 2102 2916 2169 nescio,
2978 2118 3106 2173 quae
3167 2102 3511 2172 relinquam.
3556 2104 3685 2156 Haec
3738 2116 3845 2154 nec

2144 2195 2340 2249 dexter
2386 2193 2624 2247 Junonis
2679 2193 2895 2258 oculus,
2948 2208 3051 2245 nec
3083 2192 3294 2245 summi
3330 2192 3602 2246 Tonantis
3656 2191 3843 2262 patie-

2143 2288 2238 2338 tur
2265 2288 2543 2354 aspectus,
2578 2288 2641 2336 ut
2670 2298 2772 2352 pro
2804 2286 2885 2335 tot
2909 2281 3184 2352 impensis
3220 2280 3671 2352 sequestratione
3702 2295 3844 2332 con-

2146 2389 2360 2441 sumar,
2380 2388 2481 2427 nec
2511 2372 2665 2425 aliud
2704 2370 3333 2442 pietatepromoverim,
3372 2370 3563 2423 nisiut
3617 2382 3847 2423 merear

2148 2478 2260 2515 non
2287 2460 2484 2514 amari.
2523 2462 2642 2515 IIcu
2674 2460 2813 2513 ﬁdes
2874 2460 2943 2513 ab
2988 2460 3264 2512 universis
3312 2458 3648 2529 proturbata
3696 2474 3849 2511 mor-

2148 2549 2375 2615 talibus,
2412 2554 2467 2602 et
2496 2549 2647 2620 quod
2676 2549 2949 2602 hactenus
2978 2548 3312 2603 numinibus
3335 2549 3593 2602 homines
3632 2548 3847 2617 junge-

2149 2640 2265 2706 bat,
2300 2639 2600 2709 expulsum
2636 2636 2646 2691 l
2682 2637 2913 2708 Suscepi
2952 2650 2975 2680 θ
3007 2637 3330 2691 miseranda
3362 2637 3750 2707 naufragium,
3789 2644 3847 2690 et

2152 2730 2274 2799 ejus
2307 2727 2509 2782 dilioni
2542 2727 2799 2797 reginam
2834 2726 3064 2781 subdidi
3101 2732 3365 2780 manente
3384 2725 3668 2779 felicitatis
3692 2731 3849 2779 sorte

2152 2818 2433 2889 captivam
2455 2835 2475 2872 .:
2510 2817 2613 2871 feci
2639 2822 2703 2871 ut
2733 2821 2927 2887 ageret
2956 2817 3257 2869 dominum
3288 2816 3566 2886 profugus
3592 2815 3851 2885 impera-

2153 2912 2259 2962 tor.
2298 2910 2457 2962 Nunc
2480 2908 2671 2961 furore
2706 2923 2972 2960 succensa
3021 2905 3351 2972 discrucior,
3403 2921 3577 2976 quare
3622 2921 3852 2975 posses-

2087 3022 2126 3076 ρ
2156 3014 2248 3051 sor
2277 3012 2369 3051 me
2408 2998 2648 3063 deserat,
2710 2995 3041 3067 ingemisco.
3104 2997 3246 3065 Ergo
3275 2993 3554 3065 Apollinis
3614 2998 3855 3047 vocatus

2158 3085 2413 3156 auguriis
2467 3084 2740 3153 abscedis,
2809 3089 2863 3137 et
2919 3082 3086 3136 sortis
3120 3083 3297 3153 Lyciae
3327 3097 3519 3135 casum
3576 3081 3747 3133 certis
3801 3086 3861 3135 et

2156 3176 2309 3246 apud
2340 3180 2394 3229 te
2421 3175 2538 3245 jam
2580 3173 2865 3228 manentis
2916 3173 3200 3244 przepouis
3257 3170 3556 3242 imperiis?
3622 3170 3859 3224 Scilicet

2158 3265 2479 3318 coelestibus
2506 3263 2810 3316 crudelitas
2852 3263 2957 3315 ista
2996 3266 3335 3331 procuratur
3392 3260 3740 3327 auctoribus,
3803 3264 3861 3313 et

2156 3354 2438 3424 interpres
2469 3368 2807 3424 superorum
2840 3352 2907 3404 ad
2938 3351 3042 3404 hos
3074 3352 3367 3404 hominem
3425 3350 3717 3420 compellit
3757 3365 3861 3403 ex-

2157 3457 2366 3509 cessus,
2399 3445 2461 3495 ut
2491 3440 2778 3510 diligentis
2801 3440 2988 3493 littora
3021 3438 3182 3509 quasi
3214 3440 3396 3491 solum
3419 3438 3520 3492 hos
3576 3438 3649 3491 ile
3682 3437 3861 3492 diffu-

2157 3532 2302 3600 giat;
2337 3536 2398 3583 ut
2428 3547 2529 3600 per
2561 3534 2927 3599 tempestates
2948 3529 3194 3582 salutem
3261 3529 3485 3599 prodat,
3528 3528 3627 3598 qui
3668 3530 3862 3580 solum

2157 3618 2303 3689 fugit
2332 3618 2616 3671 affectum.
2676 3617 2842 3683 Vade,
2881 3615 3117 3669 ulterius
3158 3632 3274 3669 non
3325 3616 3607 3669 morabor.
3674 3615 3866 3669 Habet

2155 3707 2461 3761 vindictam
2495 3706 2607 3759 mei
2656 3705 2747 3759 via
2787 3722 2900 3774 qua
2929 3704 3178 3771 deseror,
3248 3704 3478 3758 habebit
3513 3705 3751 3774 pelagus
3800 3703 3864 3758 in

2157 3797 2350 3851 furore
2420 3795 2738 3865 judicium;
2811 3811 3009 3847 raucos
3056 3795 3403 3847 tumentium
3469 3793 3864 3863 procellarum

2158 3892 2328 3939 aestus
2361 3885 2699 3950 exaudiam;
2736 3884 2958 3937 vocabis
2990 3883 3140 3937 inter
3180 3884 3434 3952 pericula
3488 3882 3725 3936 Didonis
3753 3898 3866 3935 no-

2158 3990 2462 4045 men,qua3
2487 3978 2541 4026 et
2572 3974 2677 4027 fuit
2709 3980 2929 4043 portus,
2965 3972 3283 4042 etprzebuit
3315 3988 3327 4025 :
3358 3977 3453 4025 aut
3477 3976 3650 4034 certe,
3704 3970 3867 4041 quod

2158 4063 2357 4129 timeo,
2388 4080 2459 4116 ne
2478 4064 2614 4117 dum
2638 4062 2893 4115 vindicor
2930 4079 3018 4115 me
3033 4062 3255 4115 vivente
3280 4060 3563 4125 moriaris,
3585 4066 3866 4114 eventum

2158 4150 2835 4223 expetittemavigationis
2878 4154 3007 4219 post
3058 4167 3288 4202 usuram
3335 4148 3477 4202 lucis
3527 4164 3869 4217 agnoscam.

2160 4242 2296 4295 Vide
2328 4240 2635 4294 sceleribus
2668 4239 2977 4293 indebitam
3041 4239 3361 4292 mercedem
3394 4254 3407 4292 :
3462 4238 3647 4308 perire
3696 4238 3869 4291 inno-

2156 4346 2288 4384 cens
2317 4335 2447 4383 ante
2462 4329 2627 4399 cupio
2653 4344 2825 4400 quam
2851 4334 3193 4381 merentem.

2297 4421 2483 4474 Durus
2509 4426 2563 4472 et
2593 4419 2903 4472 indomitus
2932 4418 3163 4470 Veneris
3186 4433 3244 4470 se
3268 4414 3487 4469 semine
3517 4423 3740 4469 cretum

2302 4509 2503 4571 Jactat,
2537 4511 2591 4559 et
2619 4506 2885 4575 abjuraus
2919 4504 3200 4558 collaudat
3230 4508 3534 4558 stemmata
3564 4502 3733 4557 divae.

2304 4596 2492 4651 Edidit
2513 4611 2647 4665 ergo
2680 4596 2865 4647 Venus
2892 4594 3204 4662 fugientem
3240 4608 3453 4646 nomen
3489 4591 3721 4659 amoris,

2305 4685 2552 4739 Pectoris
2582 4688 2637 4737 et
2668 4683 2851 4736 rabidi
2881 4683 3024 4736 fudit
3054 4682 3357 4735 clementia
3396 4682 3567 4733 virus.

2282 4829 2423 4877 Vidit
2458 4829 2580 4876 item
2612 4828 2844 4890 praedata
2873 4840 3062 4875 manus
3096 4840 3107 4874 :
3140 4840 3272 4890 quos
3291 4838 3430 4890 sgpe
3456 4823 3664 4890 dolores

2284 4892 2519 4950 Pertulit,
2542 4886 2698 4953 atque
2725 4892 2935 4943 iterum.
2970 4904 3099 4951 quas
3125 4886 3289 4936 sensit
3318 4888 3470 4949 Troja
3487 4886 3669 4934 ruinas
3687 4886 3716 4933 ?

2155 4987 2211 5037 et
2232 4997 2361 5053 quas
2393 4990 2730 5051 sequuntur.
2780 4981 2919 5033 Nam
2967 4978 3148 5032 vitiosi
3180 4977 3389 5031 codicis
3423 4977 3647 5030 mendas
3709 4992 3863 5046 pro—

2155 5054 2315 5124 gredi
2346 5058 2557 5105 vetant.

2223 5128 2245 5161 ²
2276 5126 2531 5180 Salutem
2564 5120 2847 5191 Cytheris]
2883 5122 3158 5187 Fortasse,
3192 5118 3430 5174 ca'teris.

2221 5224 2243 5249 ι
2280 5188 2869 5265 Ενὶρὶεηίθεέαίαίθῖη
2908 5191 3205 5265 ΟγτΗκιιιδγ]
3246 5192 3445 5265 Veram
3505 5204 3625 5265 esse
3651 5188 3865 5265 lectio-

2150 5284 2282 5323 nem
2310 5258 2523 5321 caeteris
2552 5266 2852 5334 sequentia
2885 5265 3088 5317 docent
3118 5279 3129 5315 :
3166 5258 3411 5315 Nutrivit
3440 5266 3493 5313 te
3516 5260 3610 5313 illa
3643 5258 3856 5312 feritas

2152 5355 2283 5411 quas
2312 5336 2579 5411 trucidat.
2617 5338 2814 5411 Bsnrn.
2851 5335 3160 5411 Aduersar.
3198 5349 3327 5411 pag“

2220 5409 2429 5464 bSolus
2478 5411 2562 5461 est
2620 5408 2683 5461 in
2732 5408 2897 5461 atate
2953 5404 3241 5477 terminus]
3293 5402 3628 5458 Rectissime
3681 5403 3742 5455 V.
3778 5404 3846 5457 C.

2149 5481 2433 5543 Schnttus,
2466 5478 2526 5531 in
2547 5478 2853 5532 anxietate.
2890 5477 2992 5541 ID.,
3024 5477 3163 5529 ibid.

2216 5580 2237 5605 c
2258 5549 2492 5621 Suscepi
2519 5548 2851 5603 miseranda
2870 5546 3275 5617 naufragium]
3307 5547 3436 5616 Leg.
3470 5544 3853 5615 naufragum.

2148 5625 2249 5691 ln.,
2284 5622 2518 5675 ibidem.
