4060 6174
204 279 292 333 309
1609 281 1828 337 ΕΑΒΜΙ

2053 283 2143 338 ηῙΒ.
2187 284 2233 338 l.
3573 285 3679 343 310

1349 516 2459 666 CARMINA.

1449 766 1815 862 LIBER
1896 768 2385 864 PRIMUS.

205 404 3689 439 ἣ

2189 1028 2293 1081 Tot
2321 1026 2417 1081 leti
2444 1027 2654 1081 formas
2683 1028 2759 1082 sic
2788 1027 3037 1083 vocitare
3070 1028 3297 1083 volens.

2111 1116 2360 1187 Scrupea
2389 1117 2645 1171 descissis
2671 1117 2960 1188 pendebat
2988 1118 3189 1171 semita
3216 1120 3447 1190 plantis,

2181 1208 2291 1261 Nec
2326 1208 2444 1260 visu
2479 1208 2677 1271 facilis,
2711 1207 2943 1272 credite,
2977 1208 3135 1261 callis
3166 1214 3306 1264 erat.

2108 1296 2253 1359 Quid
2322 1296 2733 1367 labyrinthaeos
2789 1296 3110 1366 priscorum
3180 1297 3333 1352 fama
3400 1314 3660 1355 recessus

2177 1386 2417 1438 lnvolvis
2450 1384 2678 1455 linguis,
2713 1384 2868 1455 quod
2896 1384 3103 1439 timeat
3130 1387 3392 1456 relegens
3412 1387 3441 1442 ?

2104 1473 2221 1527 Illic
2248 1474 2478 1528 artificis
2504 1474 2820 1528 laudandus
2853 1474 3106 1528 constitit
3135 1491 3315 1543 error,

2174 1563 2312 1615 Cum
2346 1562 2515 1615 torsit
2546 1566 2768 1616 rectum
2800 1561 3060 1615 Daedalus
3092 1562 3345 1632 ingenio.

2104 1650 2200 1704 llic
2232 1656 2437 1704 natura
2460 1650 2722 1704 homines
2749 1666 2853 1720 per
2869 1666 3160 1705 summum
3188 1656 3380 1721 portat
3411 1652 3659 1724 Olympi,

2169 1740 2291 1803 Quo
2332 1739 2613 1809 liquidum
2646 1744 2881 1792 trauans
2915 1738 2998 1793 ire
3028 1741 3294 1795 columba
3326 1742 3492 1795 valet.

2100 1830 2336 1896 Parcite,
2372 1828 2640 1894 Pierides,
2674 1829 2910 1897 pelagus
2940 1828 3169 1883 ﬂuviale
3201 1830 3445 1897 silendo,

2167 1921 2243 1973 Ne
2275 1922 2503 1988 reparet
2534 1933 2745 1982 sermo,
2780 1918 2893 1970 fors
2923 1917 3071 1972 bona
3099 1919 3250 1989 quod
3282 1918 3524 1990 pepulit.

2097 2009 2270 2062 Duria
2301 2012 2321 2043 ι
2352 2023 2484 2059 nam
2515 2006 2712 2072 Sessis,
2745 2012 2969 2060 torrens
2992 2008 3077 2060 vel
3110 2008 3297 2075 Stura,
3348 2009 3437 2063 vel
3469 2008 3657 2080 Orgus

2164 2097 2457 2151 Marmoris
2488 2095 2633 2149 Ionii
2664 2095 2942 2149 saevitiam
2977 2101 3268 2166 superant.

2095 2186 2292 2241 Dulcia
2322 2202 2451 2239 cum
2482 2185 2651 2238 variis
2679 2186 2992 2239 succedunt
3025 2187 3153 2239 laeta
3184 2186 3430 2256 periclis,

2166 2275 2404 2329 Eﬂ‘ectus
2435 2290 2628 2328 rerum
2656 2290 2754 2328 cor
2780 2274 3022 2328 solidare
3051 2275 3213 2329 solet.

2093 2364 2178 2418 Nil
2216 2364 2358 2418 mihi
2389 2380 2519 2417 cum
2550 2363 2738 2417 dubiis
2766 2368 3008 2432 prosunt
3028 2363 3236 2418 oblivia
3264 2362 3444 2418 tristi:

2164 2454 2331 2507 Ebria
2360 2453 2567 2506 lethzeo
2600 2456 2832 2522 pectora
2856 2453 3011 2505 fonte
3044 2453 3184 2506 fero.
3300 2439 3304 2443 ’

2091 2540 2310 2595 Limina
2353 2544 2680 2593 sanctorum
2712 2544 2943 2609 praestat
2984 2540 3251 2593 lustrasse
3282 2542 3648 2609 trementem,

2166 2629 2505 2701 Martyribus
2527 2630 2805 2699 lacrymas
2832 2628 3159 2682 exhibuisse
3182 2644 3359 2683 meas.

2090 2720 2227 2773 Ecce
2260 2718 2583 2785 Saturnius,
2620 2717 2936 2786 Crispinus,
2980 2716 3167 2784 Daria,
3201 2717 3449 2783 Maurus,

2160 2807 2455 2873 Eusebius,
2491 2806 2733 2870 Quintus
2765 2806 2975 2875 gaudia
3008 2822 3216 2875 magna
3249 2809 3473 2875 parant.

2088 2896 2280 2951 Octavi
2312 2895 2529 2948 meritis
2568 2895 2659 2960 da,
2694 2894 3012 2960 Adventor;
3044 2892 3067 2927 ⁵
3093 2894 3290 2959 redde,
3324 2894 3570 2961 Solutor,

994 1026 1034 1078 Ι.
1904 1027 1951 1081 Α

309 1115 800 1169 ¹ΙτῐΝΕΗΑΒῐυΜ
838 1127 1310 1170 BRIGANTIONIS
1348 1129 1676 1171 CASTELLI.

307 1212 519 1266 Celsior
548 1212 897 1281 astrigerum
927 1212 1089 1266 Titan
1126 1214 1537 1268 conscenderat
1563 1230 1747 1283 axem,

372 1301 657 1371 Lampade
692 1317 823 1354 cum
854 1302 1023 1370 plena
1052 1305 1204 1354 totus
1236 1302 1294 1355 in
1326 1302 1463 1356 orbe
1497 1307 1675 1373 patet.

306 1391 649 1459 Flammiger
680 1389 901 1443 ardenti
935 1389 1204 1444 sorbebat
1230 1391 1470 1444 ﬂumina
1503 1392 1742 1455 Cancro,

365 1478 505 1531 Cum
544 1482 795 1548 segetem
826 1494 1043 1531 messor
1078 1477 1219 1533 falce
1245 1479 1438 1533 domat
1462 1480 1778 1549 propriam.

298 1566 548 1620 Siccatur
574 1566 709 1619 dum
730 1566 884 1619 fonte
908 1565 1129 1634 bibens,
1154 1566 1290 1620 dum
1319 1568 1567 1620 mundus
1588 1568 1844 1622 anhelat:

356 1655 559 1707 Jussus
593 1654 651 1707 in
682 1670 979 1708 occursum
1014 1655 1227 1709 Gallica
1252 1657 1429 1710 lustra
1464 1655 1644 1727 sequi,

291 1743 525 1797 Torrida
559 1759 676 1797 non
717 1743 886 1798 timui
920 1760 1045 1814 quae
1073 1744 1309 1798 vincunt
1330 1761 1467 1799 arva
1496 1745 1756 1816 Syenem.

350 1832 565 1899 Pulvis,
596 1833 850 1899 ﬂamma,
886 1833 1027 1899 sitis,
1072 1832 1174 1886 dos
1205 1834 1314 1888 fuit
1342 1835 1635 1905 obsequio.

287 1920 420 1985 Quid
450 1921 655 1991 jubar,
686 1925 742 1974 et
772 1920 988 1975 validos
1016 1937 1253 1975 renovas
1286 1922 1448 1989 mihi,
1476 1925 1650 1990 Musa,
1677 1940 1847 1995 vapo-

1616 2012 1728 2085 [res
1747 2015 1775 2067 ?

350 2097 477 2150 Plus
509 2096 625 2150 erit
648 2097 906 2167 algentes
936 2112 1028 2150 me
1060 2114 1358 2168 superasse
1388 2099 1527 2153 vias.

284 2186 568 2257 Quidquid
594 2188 767 2258 plana
800 2188 1020 2253 calent;
1054 2187 1337 2258 quidquid
1367 2188 1634 2243 sublimia
1652 2189 1843 2261 rigent

348 2274 703 2345 Frigoribus,
739 2290 969 2345 paSsum
1002 2274 1093 2328 dic
1124 2276 1244 2328 sine
1274 2277 1397 2346 lege
1430 2277 1567 2347 poli,

284 2365 489 2419 Bellum
528 2369 775 2425 naturai,
809 2363 961 2434 quod
996 2363 1208 2416 discors
1240 2364 1450 2417 fecerat
1490 2381 1692 2433 annus,

345 2456 619 2508 {Estatem
650 2459 823 2523 atque
854 2452 1104 2507 hiemem
1137 2453 1341 2506 detulit
1372 2470 1487 2506 una
1518 2454 1657 2522 dies,

283 2542 553 2595 lndutum
580 2541 808 2593 nebulis
836 2557 1004 2594 canas
1022 2557 1292 2611 superare
1321 2542 1557 2612 pruinas

347 2630 591 2683 Edocuit
620 2628 644 2660 ⁴²
678 2630 843 2682 Vates
874 2630 1125 2683 fervidus
1146 2628 1409 2699 imperio.

280 2718 566 2771 Presserat
597 2718 797 2771 aestivo
827 2733 1033 2788 corpus
1060 2718 1164 2771 sub
1196 2718 1342 2772 fasce
1376 2719 1625 2782 lacerna,

345 2808 603 2860 Vestitus
630 2807 789 2861 tenui
821 2807 1075 2877 tegmine
1107 2808 1296 2861 nudus
1328 2823 1505 2861 eram.

278 2896 408 2949 Cum
442 2896 600 2966 fugit
657 2913 721 2950 ex
751 2897 929 2949 oculis
960 2897 1246 2950 constanti
1293 2901 1551 2967 tempore
1587 2900 1833 2968 tempus.

344 2986 637 3054 Lampada
667 3001 799 3038 nam
824 2985 1021 3039 Phcebi
1054 2986 1163 3039 dux
1188 2986 1294 3039 fuit
1316 2986 1385 3039 ad
1418 2986 1679 3055 glaciem.
2158 2985 2410 3039 Candida
2441 3000 2512 3037 ne
2542 2982 2716 3053 pullis
2752 2984 2862 3036 vita
2895 2984 3060 3037 cadat
3088 2982 3346 3037 maculis.

276 3074 498 3145 Optanti
537 3074 806 3128 brumam
840 3075 1043 3129 devoto
1072 3075 1313 3145 contigit
1335 3076 1559 3141 horror,
2090 3074 2329 3128 Hostiles
2363 3072 2597 3143 laqueos
2631 3070 2851 3126 scindat
2881 3088 3043 3126 mens
3066 3070 3289 3125 conscia
3319 3069 3497 3125 recti:

339 3162 749 3232 Quaesitusque
780 3162 934 3215 calor
963 3162 1041 3215 nil
1077 3162 1233 3215 dedit
1266 3162 1478 3216 indicii.
2159 3163 2271 3216 Hoc
2310 3176 2535 3232 semper
2554 3162 2777 3231 placeat
2805 3161 2959 3231 quod
2990 3161 3174 3229 decet,
3207 3160 3316 3214 hoc
3346 3159 3531 3216 liceat.

270 3250 553 3303 Matronae
587 3254 607 3285 ³
642 3254 819 3314 taceo,
855 3250 1119 3319 scopulos
1151 3254 1323 3321 atque
1354 3250 1508 3303 invia
1540 3250 1738 3317 dictas,
2763 3251 2836 3303 ΙΙ.

340 3337 397 3389 In
429 3337 659 3390 foribus
687 3336 943 3401 blandaS,
978 3342 1187 3390 caetera
1216 3336 1495 3391 difficiles.
1948 3340 2382 3399 υιοτῐοθυΑτΑ
2412 3354 2733 3395 osursmo
2762 3355 2820 3394 v.
2844 3354 3355 3409 S.GRAMMATICO,
3385 3354 3636 3396 NOMINE

272 3424 443 3478 lllexit
477 3425 724 3477 miseros
756 3425 926 3480 facies
955 3426 1181 3495 depicta
1211 3425 1448 3491 viantes,
2196 3443 2408 3485 IPSIUS
2463 3443 2780 3484 EUGENETI
2829 3443 2885 3481 v.
2933 3442 2974 3481 ι.
3034 3443 3386 3483 MITTENDA.

336 3516 587 3568 Calcatee
618 3515 772 3568 diras
804 3532 934 3569 mox
968 3532 1243 3586 peperere
1275 3531 1457 3569 neces.
2084 3519 2302 3575 Gaudia
2331 3517 2743 3573 transcendunt
2772 3516 2943 3585 vires,
2974 3532 3080 3570 vox
3110 3517 3243 3571 laeta
3268 3516 3547 3587 superbit,

270 3602 614 3657 Nominibus
643 3603 893 3673 propriis
924 3604 1002 3657 nil
1033 3604 1180 3658 fallit
1213 3618 1374 3658 sacra
1400 3607 1672 3673 vetustas,
1872 3631 1912 3685 ρ
2156 3607 2375 3678 Ingenii
2410 3605 2648 3660 maciem
2678 3621 2955 3677 prospera
2994 3621 3111 3659 non
3145 3610 3428 3660 metuunt.

1883 2329 1920 2382 Β

1938 3768 2271 3824 vocabulum
2311 3784 2483 3822 casus
2511 3767 2758 3836 femina
2785 3765 2995 3822 nobilis
3024 3765 3216 3823 dedit:
3250 3765 3400 3819 unde
3426 3764 3637 3821 declive

1938 3841 2165 3911 quidem
2186 3839 2317 3907 iter,
2335 3840 2435 3892 sed
2451 3837 2767 3908 expeditius
2782 3838 2857 3891 ad
2875 3854 3050 3911 usque
3068 3837 3371 3911 castellum
3396 3836 3639 3911 Virgan—

1940 3909 2082 3966 liam
2124 3914 2301 3982 patet.
2353 3912 2668 3982 Matronam
2719 3910 3111 3982 Marcellinum
3151 3909 3637 3982 cisABrigantium

1939 4000 2067 4036 cum
2098 3980 2348 4035 Ennodio
2382 3981 2544 4034 locat.
2585 3980 2866 4033 ltinerarii
2912 3988 3128 4049 auctor,
3161 3980 3297 4051 quia
3333 3981 3441 4034 iter
3477 3980 3637 4033 ordi—

1937 4058 2031 4107 tur
2065 4069 2095 4107 e
2141 4052 2351 4119 Galliis,
2385 4057 2510 4122 post
2552 4051 2908 4121 Brigantiam
2941 4053 3212 4107 Genevree
3261 4052 3474 4106 montis
3502 4066 3636 4121 pars

1938 4130 2043 4190 est,
2077 4127 2139 4177 ut
2165 4124 2296 4176 dixi.

2008 4196 2030 4229 ’⁸
2061 4195 2249 4248 Duria
2293 4210 2431 4247 nam
2479 4193 2685 4262 Sessis]
2733 4195 2893 4247 Hunc
2934 4209 3160 4247 versum
3200 4208 3265 4245 ex
3304 4192 3636 4262 conjectura

1938 4267 2310 4335 restituimus,
2351 4280 2483 4317 nam
2516 4264 2575 4317 in
2610 4264 2859 4335 antiquis
2880 4265 3047 4318 etiam
3091 4263 3381 4335 codicibus
3419 4264 3634 4335 depra-

1938 4338 2259 4391 vatissimus
2296 4340 2434 4392 erat.
2483 4334 3003 4406 Sturam,70rgum,
3057 4334 3253 4387 Durias
3298 4334 3461 4399 duas,
3503 4334 3632 4406 Ses-_

1936 4409 2101 4463 sltem
2138 4409 2354 4463 Plinius
2387 4408 2483 4461 lib.
2519 4423 2598 4469 ιιι,
2632 4423 2751 4476 cap.
2790 4404 2871 4469 16,
2903 4407 2960 4459 in
2989 4406 3177 4461 ﬂuviis
3206 4412 3497 4472 numerat,
3530 4404 3632 4475 qui

1937 4497 2001 4533 ex
2029 4481 2268 4548 Alpibus
2313 4480 2372 4533 in
2408 4479 2622 4533 Padum
2659 4481 2796 4532 laevo
2829 4478 3005 4531 latere
3033 4478 3366 4548 decurrunt.
3406 4478 3467 4548 Et
3496 4492 3632 4548 vero

1937 4547 2136 4621 priscis
2172 4552 2358 4604 adhuc
2398 4551 2686 4605 vocabulis
2722 4554 3149 4621 nuncupantur,
3186 4547 3294 4601 nisi
3320 4547 3473 4617 quod
3503 4547 3633 4601 Ses-

1937 4619 2103 4675 sitcm
2148 4623 2391 4676 Sessiam
2449 4626 2672 4687 vocant,
2731 4627 2786 4674 et
2845 4622 3061 4689 Orgum
3093 4619 3341 4673 Orcum:
3394 4635 3460 4673 ex
3514 4634 3630 4689 quo

1936 4700 2091 4763 patet
2117 4710 2229 4745 non
2260 4698 2411 4746 recte
2450 4693 2603 4763 apud
2636 4691 2883 4745 Plinium
2908 4693 3159 4763 Morgum
3196 4690 3325 4761 legi.

2008 4763 2029 4797 ⁵
2068 4764 2262 4817 Redde
2323 4760 2572 4834 Solutor]
2619 4763 2904 4827 Octavius,
2956 4762 3185 4816 Solutor
3232 4769 3288 4815 et
3342 4760 3634 4815 Adventor

1934 4841 2216 4905 martyres
2272 4839 2386 4888 tres
2442 4851 2471 4887 e
2532 4836 2755 4903 legione
2813 4834 3086 4887 Thebma:
3156 4848 3403 4903 quorum
3460 4848 3634 4887 sacras

1936 4907 2195 4977 reliquias
2228 4906 2287 4958 in
2337 4906 2549 4958 honore
2594 4912 2726 4958 sunt
2764 4906 3043 4977 Augustae
3080 4905 3459 4977 Taurinorum
3491 4919 3502 4977 ξ
3539 4920 3631 4958 ex-

199 4974 217 5004 ³
249 4973 561 5047 Matrona:
607 4973 792 5047 taceo]
842 4973 1103 5026 Priecclsi
1146 4972 1366 5047 verticis
1417 4989 1626 5026 nomen
1671 4974 1823 5047 haud
1862 4990 1905 5042 1)
1940 4972 2163 5047 statuite
2196 4976 2251 5029 in
2285 4995 2381 5030 eos
2411 4992 2597 5029 sermo
2633 4972 3145 5047 Maximi’episcopi
3171 4975 3556 5047 Taurinensis.

211 3762 625 3818 l[titan-arium
656 3761 1087 3833 Brigantionis]
1131 3764 1423 3833 Brigantio
1458 3765 1831 3835 Delphinatus

155 3836 298 3904 nostri
320 3835 613 3904 Oppidum
649 3841 732 3887 est
781 3836 839 3887 in
888 3836 1149 3888 faucibus
1205 3839 1439 3903 Alpium
1487 3838 1824 3891 Cottiarum.

156 3903 491 3980 Briansonern
547 3905 725 3980 hodie
748 3912 993 3980 _vocant,
1044 3907 1195 3977 quod
1250 3907 1541 3980 Βριγάτιον,
1592 3908 1829 3978 Brigan-

153 3976 266 4029 tium
311 3976 591 4029 Straboni
647 3980 700 4029 et
747 3976 1090 4030 Ptolemaeo:
1136 3995 1250 4048 quo
1286 3976 1453 4032 inOdo
1481 3980 1655 4032 etiam
1691 3976 1827 4033 Scri-

153 4052 306 4112 pserat
350 4048 705 4101 Ammianus
750 4049 1130 4112 Marcellinus,
1162 4049 1259 4102 ubi
1303 4051 1653 4119 Virgantiam
1690 4052 1827 4119 legi-

154 4132 251 4192 inus
280 4119 369 4171 lib.
413 4136 485 4192 sv
519 4120 743 4192 Herum
774 4125 1086 4188 gestarum.
1132 4122 1208 4174 Eo
1240 4121 1418 4190 igitur
1462 4123 1714 4191 episcopi
1742 4123 1829 4175 sui

145 4202 274 4261 iussu
307 4191 591 4244 tendebat
612 4191 905 4244 Ennodius
932 4192 1250 4245 Mediolano
1279 4193 1587 4261 digressus.
1623 4194 1828 4247 Medio-

152 4260 253 4312 lano
282 4262 722 4333 Brigantionem
755 4264 1081 4333 petentibus
1100 4260 1578 4318 occurruntﬂuvii
1612 4270 1665 4318 et
1699 4266 1825 4331 alia,

151 4344 252 4399 qua:
281 4331 578 4386 describit.

202 4428 221 4457 ‘
252 4430 497 4485 Edocuit
542 4431 742 4499 Vates]
772 4431 1099 4501 Episcopus.
1126 4432 1429 4486 Familiare
1454 4438 1536 4485 est
1562 4433 1825 4487 Ennodio

150 4506 303 4573 ratem
347 4518 571 4572 ponere
628 4518 729 4570 pro
761 4503 1051 4571 episcopo,
1083 4508 1149 4555 ut
1193 4505 1333 4555 vatis
1366 4504 1654 4573 Cypriani,
1700 4508 1827 4559 Am-

150 4570 309 4637 brosii,
350 4570 700 4636 Laurentii,
768 4570 1056 4644 Eustorgii
1115 4575 1275 4637 vatis,
1330 4570 1563 4643 passim.
1620 4577 1708 4630 Sic
1766 4578 1823 4629 in

152 4645 407 4721 epitaphio
457 4644 649 4715 ipsius
683 4645 924 4697 Ennodii
955 4661 967 4699 :
1021 4645 1159 4698 item
1192 4648 1344 4699 Petri
1393 4647 1648 4716 episcopi
1680 4646 1823 4699 Tici-

154 4727 310 4767 llenSlS
334 4732 346 4767 ;

363 4814 459 4861 Hic
487 4816 643 4861 vates
673 4811 903 4869 Domini,
934 4812 1134 4861 mundo
1164 4813 1287 4875 quia
1311 4826 1528 4875 corpore
1564 4813 1713 4862 vixit.

359 4876 653 4923 Admixtus
678 4875 872 4937 gaudet
901 4876 1123 4924 coetibus
1152 4875 1421 4938 angelicis.

148 5045 310 5117 procul
352 5044 773 5113 Brigantione:
823 5061 934 5114 qua
983 5050 1141 5113 parte
1192 5045 1429 5097 Galliam
1464 5049 1681 5114 spectat
1725 5046 1819 5116 qui

146 5112 285 5185 hodie
317 5112 491 5169 mons
524 5118 787 5170 Genevra
823 5112 1202 5185 nuncupatur.
1236 5112 1591 5169 ltinerarium
1626 5112 1823 5170 Hiero-

144 5184 241 5235 :01:
265 5187 492 5240 Mansio
532 5188 865 5240 Ebreduno.
900 5184 1044 5239 Inde
1082 5185 1374 5255 incipiunt
1396 5188 1579 5250 Alpes
1602 5188 1824 5253 Calliae;

144 5260 356 5328 mutatio
388 5262 600 5321 ιίαηιε,
624 5260 703 5311 Μ,
742 5273 867 5323 xvu,
901 5256 1124 5311 mancio
1160 5258 1547 5328 Brigantiam.
1574 5260 1654 5312 Μ.
1682 5275 1822 5312 xvu.

141 5324 263 5377 Inde
289 5330 563 5381 ascendis
586 5329 942 5383 Matronum.
967 5324 1303 5382 Ammianus
1335 5330 1692 5382 Marcellinus
1720 5347 1730 5383 :
1756 5332 1826 5383 In

142 5395 357 5471 Alpibus
388 5399 621 5471 Cottiis,
644 5416 885 5469 quarum
909 5400 1135 5453 initium
1168 5418 1204 5452 a
1225 5400 1531 5471 Segusione
1548 5406 1653 5465 est,
1682 5418 1826 5471 pra:-

142 5470 327 5541 ceme
349 5470 608 5539 erigitur
619 5474 837 5541 jugum.
862 5473 907 5524 A
929 5470 1261 5525 summitate
1281 5473 1449 5539 hujus
1468 5471 1665 5525 Italici
1684 5470 1827 5525 'clivi

144 5535 387 5613 planities
405 5535 483 5594 a'd
506 5535 1004 5613 usque'stationem
1020 5542 1245 5597 nomine
1263 5535 1474 5597 Martis
1491 5560 1595 5613 per
1608 5547 1827 5613 septem

142 5610 449 5665 extenditur
470 5612 666 5665 millia
692 5631 704 5667 :
729 5617 780 5668 et
798 5614 930 5667 hinc
950 5614 1071 5668 alia
1092 5614 1373 5669 celsitudo
1394 5610 1632 5668 erectior
1652 5610 1824 5682 aegre-

142 5691 234 5749 que
246 5683 605 5755 superabilis
618 5684 689 5739 ad
708 5686 992 5741 Matronw
1010 5686 1325 5758 porrigitur
1342 5690 1608 5741 verticem
1630 5703 1641 5739 :
1663 5687 1826 5755 cujus

2008 5052 2027 5084 σ
2066 5045 2421 5125 Dictiqdala
2445 5046 3015 5125 Deuteriamittenda
3038 5045 3338 5125 Eugeneti]
3384 5048 3631 5125 Uterque

1936 5137 2005 5173 ex
2050 5119 2305 5189 epistolis
2348 5125 2514 5171 notus
2546 5124 2646 5171 est.
2684 5120 2821 5172 Nam
2854 5118 2923 5171 de
2956 5119 3224 5171 Deuterio
3258 5118 3630 5187 grammatico

1936 5192 2150 5244 dictum
2180 5195 2263 5243 est
2295 5191 2361 5243 ad
2395 5191 2557 5257 epist.
2598 5194 2659 5243 lt)
2704 5191 2802 5243 lib.
2839 5207 2854 5243 ι
2881 5206 2893 5253 ς
2923 5190 2994 5242 de
3030 5191 3313 5259 Eugenete
3344 5194 3629 5258 quaestore

1937 5263 2033 5315 lib.
2066 5276 2143 5323 ιν,
2188 5262 2353 5329 epist.
2387 5264 2475 5314 26.
2506 5262 2588 5314 Ab
2624 5262 2908 5329 Eugenete
2942 5260 3117 5329 igitur
3163 5260 3375 5313 hortuli
3407 5263 3627 5325 partem

1935 5333 2076 5403 petit
2110 5333 2429 5401 Deuterius,
2477 5334 2639 5403 cujus
2684 5333 2919 5386 nomine
2950 5347 3179 5385 carmen
3210 5331 3315 5384 hoc
3354 5329 3637 5399 scripturn

1934 5405 2003 5457 ab
2028 5404 2305 5456 Ennodio.

2007 5476 2023 5496 ¹
2069 5474 2211 5539 Quid
2256 5474 2452 5541 iubar,
2503 5478 2557 5529 et
2587 5473 2829 5545 calidos]
2883 5474 2971 5527 Sic
3001 5472 3137 5545 legit
3191 5470 3631 5545 Barthius‘Ani-

1934 5546 2123 5599 madv.
2175 5546 2243 5599 ad
2278 5546 2499 5616 Papinii
2547 5547 2709 5601 Statii
2740 5563 2777 5607 ι,
2800 5542 3073 5598 Thebaid.
3126 5559 3254 5616 pag.
3284 5544 3403 5607 114,
3428 5542 3630 5616 aitque

1936 5619 2024 5670 his
2059 5616 2240 5670 verbis
2290 5614 2651 5671 ablinuodio
2686 5616 2927 5687 eXpriuu
2971 5614 3361 5679 serenitatem,
3419 5614 3629 5680 lucem,

1941 5688 2111 5756 diem,
2144 5688 2320 5743 solem
2332 5729 2343 5742 .
