4060 6174
321 260 419 317 311
1531 262 1822 320 ΕΝΝΟΠΙΙ
1862 261 2018 319 EPISl

2253 263 2594 320 ICINENSIS

463 389 662 446 Dulcia
701 390 1056 462 temporibus
1083 385 1437 445 famulantur
1468 390 1565 445 ﬁla
1596 392 1896 447 secundis:

530 479 690 542 Quod
719 477 856 533 felix
888 480 1115 547 meruit,
1149 480 1339 534 nobile
1374 497 1604 534 carmen
1636 483 1763 536 erit.

463 569 578 622 Vox
602 568 744 638 justi
767 572 1036 638 quaestor,
1071 569 1262 637 legum
1291 569 1629 636 substantia,
1672 570 1832 625 nobis

534 657 651 711 Ceu
694 657 933 711 Phcebus
983 657 1168 711 mittet
1204 662 1498 728 tympana,
1533 660 1766 729 plectra,
1806 661 2007 732 lyram.

461 747 636 801 Docta
665 748 1064 800 Camoenarum
1096 751 1256 799 coeat
1276 747 1370 816 pia
1400 749 1569 801 turba
1597 765 1885 820 sororum,

534 835 742 891 Offerat
769 839 972 904 arguto
1005 835 1208 905 pollice
1231 837 1384 906 quod
1416 837 1694 908 loquitur.

458 924 708 994 Turgida
732 923 950 977 fatidici
973 924 1062 976 vix
1084 924 1300 994 possint
1321 929 1552 993 pectora
1580 927 1721 980 vatis

532 1020 819 1072 Virtutum
851 1019 1066 1089 species
1096 1035 1448 1074 enumerare
1467 1025 1611 1074 tuas.

462 1108 545 1161 Tu
575 1107 745 1162 decus
769 1108 970 1175 Italiae,
1003 1124 1129 1177 spes
1159 1113 1220 1161 tu
1252 1107 1528 1163 ﬁdissima
1557 1111 1715 1176 recti,

534 1195 663 1264 Fax,
687 1195 825 1250 tuba
855 1211 1180 1263 causarum,
1213 1213 1471 1268 purpura
1502 1204 1713 1268 nostra,
1745 1201 1888 1256 vale.

464 1284 800 1340 Luminibus
820 1284 1077 1355 locuples
1110 1287 1290 1340 solem
1323 1291 1377 1340 te
1414 1288 1594 1342 Roma
1624 1291 1844 1346 vocavit

533 1374 714 1442 Celsa,
741 1374 1023 1438 Quirinali
1052 1375 1364 1445 suscipiens
1402 1377 1642 1447 gremio.
1698 1426 1702 1429 .

460 1464 699 1534 Eloquio
731 1465 981 1534 lyncem,
1024 1469 1087 1519 tu
1117 1465 1325 1519 subdes
1355 1482 1488 1520 voce
1519 1468 1769 1535 leonem,

532 1553 693 1607 Melle
725 1558 826 1608 tuo
856 1570 1093 1625 serpens
1123 1555 1371 1624 gutturis
1399 1571 1557 1610 arma
1585 1563 1828 1627 premet.

467 1641 694 1696 Fetibus
720 1642 934 1697 orbatae
966 1643 1182 1697 ferrent
1213 1643 1315 1696 tibi
1335 1660 1579 1698 munera
1613 1647 1807 1716 tigres,

539 1733 676 1796 Quae
703 1732 864 1786 dolor
896 1732 1164 1787 etferitas
1187 1749 1324 1788 aure
1357 1739 1598 1803 pavente
1627 1736 1806 1790 daret.

464 1821 540 1875 Te
568 1837 716 1892 pene
747 1822 1076 1877 demessum
1108 1839 1214 1876 ceu
1243 1823 1447 1876 florem
1477 1823 1712 1879 dextera
1741 1826 1844 1881 fati

535 1911 682 1965 Dum
705 1913 936 1981 lacerat,
971 1913 1228 1967 Christus
1250 1913 1493 1982 perculit
1525 1913 1782 1970 exitium.

463 2000 704 2055 Reddita
744 2017 802 2055 se
833 2003 1041 2056 melius
1073 2018 1227 2056 nunc
1254 2001 1428 2055 vincit
1464 2003 1577 2056 vita
1611 2004 1784 2072 beati,

517 2091 764 2145 .Actibus
793 2093 1066 2146 asseritur
1096 2091 1252 2163 quod
1275 2089 1432 2145 venit
1463 2107 1492 2145 a
1524 2094 1770 2164 superis.

465 2179 561 2234 Hic
591 2179 792 2248 fretus,
827 2197 941 2235 non
967 2182 1204 2255 legatos,
1240 2197 1345 2235 nec
1383 2186 1556 2241 verba
1588 2188 1946 2255 precantum,

536 2270 750 2325 Callida
772 2271 973 2326 fucatis
1000 2273 1216 2328 artibus
1240 2274 1433 2330 elicui.

465 2361 588 2429 lpse
623 2376 751 2431 ego,
784 2362 1061 2416 mendicas
1091 2364 1483 2419 transmittens
1513 2363 1686 2419 verba
1710 2363 1946 2432 Thaliae,

537 2450 764 2503 Donum
786 2466 946 2505 more
987 2452 1088 2505 Dei
1117 2457 1171 2506 te
1203 2469 1406 2523 precor
1426 2458 1489 2508 ut
1516 2453 1753 2507 tribuas.

466 2538 738 2593 Hortulus
769 2539 975 2610 exigua
1014 2539 1256 2595 sociatus
1291 2546 1452 2612 parte
1484 2543 1739 2596 retardat

539 2628 710 2698 Spem
744 2629 1007 2695 solidam,
1044 2629 1164 2684 fieri
1194 2647 1266 2684 ne
1298 2647 1523 2685 merear
1551 2631 1840 2685 dominus.

470 2718 625 2770 Hanc
662 2716 805 2771 mihi
825 2718 1024 2788 largiri
1055 2735 1173 2772 non
1201 2737 1453 2789 spernas,
1479 2720 1674 2773 lumen
1706 2713 2018 2786 honorum,

538 2805 629 2860 Sic
658 2807 776 2861 voti
808 2823 1043 2878 compos
1074 2811 1278 2862 saecula
1308 2815 1502 2863 nostra
1530 2809 1700 2875 colas,

467 2894 593 2949 Sic‘
630 2900 684 2949 te
714 2898 1006 2966 regnantis
1039 2898 1310 2952 sublimet
1340 2901 1487 2953 celsa
1510 2905 1763 2970 potestas
1793 2914 1806 2952 :

540 2984 630 3038 Sic
662 2992 894 3040 currant
925 2988 1141 3042 meritis
1175 3005 1349 3042 aurea
1377 2989 1491 3042 fata
1530 2989 1662 3043 tuis.

464 3074 750 3144 Amphion
786 3076 1016 3130 Dirceus
1049 3078 1235 3148 tetigit
1266 3079 1416 3149 quod
1451 3080 1698 3149 pectine,
1731 3079 1908 3148 vixit;

543 3164 708 3217 Nulla
731 3167 876 3219 mori
907 3183 1101 3221 rerum
1127 3174 1262 3222 tunc
1291 3170 1546 3222 animata
1585 3174 1792 3240 potest.

468 3251 781 3306 Commoda
813 3253 882 3307 de
907 3255 1078 3308 Musis
1113 3272 1413 3325 nunquam
1447 3258 1661 3310 ﬂuxere
1701 3263 1787 3312 tot
1817 3257 2018 3326 annis;

535 3339 754 3394 Ail‘ectu
779 3343 950 3410 pretii
985 3359 1126 3414 quas
1153 3343 1294 3397 mihi
1331 3346 1596 3400 concilia.

1128 3435 1222 3486 Ill.

331 3531 668 3573 ΡΒΒΡΔΤῙΟ
693 3517 714 3552 ³
741 3534 1099 3576 NEPOTIBUS
1127 3537 1400 3578 PROCULI
1444 3538 1630 3578 DICTA
1652 3538 1768 3580 SUB
1801 3540 1905 3581 DIE
1938 3540 2019 3580 XV

1002 3624 1138 3665 CAL.
1189 3626 1346 3666 MAII.

470 3695 750 3765 Exprimit
775 3696 833 3751 in
864 3698 1079 3769 spicam
1111 3701 1278 3754 tellus
1302 3702 1422 3771 jam
1452 3703 1565 3756 feta
1595 3703 1858 3774 papillas,

539 3785 704 3840 Lacte
735 3787 1018 3841 maritatis
1055 3790 1286 3860 turgida
1312 3792 1639 3862 cespitibus.

471 3873 782 3945 Stringitur
801 3877 860 3929 in
881 3878 1102 3947 prolem
1133 3895 1361 3949 sparsus
1385 3897 1488 3951 per
1517 3883 1780 3951 gramina
1800 3899 2016 3939 succus.

542 3963 620 4017 De
653 3967 830 4034 guttis
860 3966 1073 4020 faciens
1099 3969 1439 4038 progeniem
1471 3971 1733 4025 solidam.

470 4051 715 4106 Vestitus
746 4056 989 4124 gemmis
1021 4058 1312 4125 protendit
1347 4059 1579 4114 brachia
1616 4063 1853 4130 palmes,

541 4142 620 4196 De
650 4143 867 4212 gremio
900 4144 1039 4216 ligni
1069 4148 1376 4217 pampinus
1405 4165 1530 4202 ecce
1563 4149 1723 4204 viret.

467 4231 629 4285 Iussa
659 4249 762 4302 per
790 4240 1164 4304 augmentum
1201 4253 1349 4291 nunc
1376 4237 1575 4292 silvam
1602 4240 1840 4310 perdere
1880 4241 2019 4296 vites

542 4322 821 4391 Frugibus
851 4331 913 4378 ut
943 4331 1177 4390 crescat,
1213 4327 1448 4380 vulnera
1479 4329 1800 4384 conciliant.

470 4411 697 4476 Evocat,
726 4413 968 4484 inquirit
997 4415 1250 4483 gaudens
1293 4416 1537 4470 infantia
1571 4417 1774 4472 mundi

542 4501 856 4568 Nutricem,
885 4503 1064 4574 tepidi
1107 4521 1279 4575 quam
1313 4505 1470 4559 dedit
1500 4521 1636 4559 aura
1668 4507 1807 4577 poli.

402 4642 554 4766 ‘tSic
577 4646 630 4697 te
649 4645 973 4716 regnantis]
1006 4645 1344 4702 Theoderici
1367 4648 1540 4719 regis,
1573 4651 1737 4720 cujus
1775 4656 2024 4722 quaestor

402 4730 423 4766 λ
455 4754 466 4766 .

326 4729 1056 4863 efgtitfepotibusProc-ulij
1111 4789 1329 4860 Liguris
1377 4796 1595 4861 poetae:
1635 4809 1806 4863 quem
1856 4794 2022 4849 Sido-

326 4856 475 4936 nius.
505 4856 653 4908 inter
700 4857 958 4924 eximios,
1025 4856 1081 4913 et
1137 4856 1393 4936 utraque
1432 4856 2020 4936 lingua-praestantes

325 4931 508 4980 aetatis
538 4942 654 4981 sua;
681 4934 875 4998 poetas
908 4937 1170 4985 numerat
1199 4934 1296 4988 lib.
1334 4951 1388 4988 ix
1420 4931 1583 5004 epist.
1634 4931 1733 4989 15':

575 5026 839 5093 Botuisset
873 5028 972 5078 ista
996 5043 1203 5093 semper
1225 5032 1490 5080 efﬁcacius

575 5089 746 5153 llumo
774 5094 929 5152 atque
961 5089 1315 5153 gente—cretus
1347 5095 1400 5141 in
1430 5093 1710 5153 Ligustide

575 5152 835 5218 Paocuws
865 5152 1085 5204 melodis
1111 5157 1356 5204 insonare
1385 5152 1641 5218 pulsibus,

571 5213 786 5280 Limans
815 5215 982 5280 faceta
1008 5232 1230 5280 qumque
1257 5219 1330 5266 sic
1357 5213 1616 5280 poemata,

572 5277 827 5326 Venetam
858 5277 1080 5328 lacessat
1111 5277 1166 5328 ut
1194 5277 1373 5328 favore
1402 5281 1687 5330 Mantuam.

572 5339 965 5405 ilomeriqeque
997 5357 1091 5405 par
1120 5347 1171 5391 et
1196 5344 1304 5404 ipse
1339 5342 1519 5405 glorias

570 5401 728 5450 Rotas
755 5401 984 5452 Maronis
997 5401 1115 5455 arte
1141 5401 1627 5468 sectans'compari.

394 5494 414 5524 ³
455 5491 698 5564 Marsya
724 5492 777 5546 si
799 5494 1008 5564 veniat]
1047 5495 1160 5550 Hoc
1193 5499 1296 5560 est,
1329 5495 1373 5547 si
1409 5495 1621 5549 Phoebo
1645 5495 1854 5551 iterum
1885 5513 2013 5552 cum

322 5562 540 5632 Marsya
591 5563 951 5640 subeundum
992 5562 1073 5618 sit
1103 5571 1412 5640 certamen,
1448 5568 1750 5621 Proculum
1789 5570 2012 5640 adjuto-

319 5649 442 5688 rem
466 5649 529 5687 ac
561 5635 775 5689 socium
808 5637 1015 5692 habere.
1049 5637 1200 5690 velit.

3716 265 3820 317 3i“:

2266 394 2429 450 Ludit
2463 410 2564 466 per
2588 393 2791 448 faciem
2823 407 3157 463 camporum
3191 392 3404 446 rustica
3432 394 3640 464 pubes,

2334 483 2664 555 Respiciens
2695 483 2824 536 duri
2857 482 3022 536 dulce
3053 482 3264 536 laboris
3295 498 3459 536 onus.

2261 556 2460 626 Annus
2502 577 2690 642 reptat
2719 587 2894 625 ovans
2923 575 3138 624 tractus
3181 587 3284 642 per
3314 587 3614 627 murmura
3641 573 3811 639 veris,

2335 662 2530 716 Fracta
2561 660 2836 716 locuturis
2868 660 3042 714 mella
3068 660 3254 714 ferens
3276 659 3464 715 labiis.

2263 750 2406 806 Cum
2433 751 2603 804 rebus
2635 754 2826 805 noster
2853 749 3099 804 balbutit
3128 750 3382 803 carmina
3417 765 3639 818 sensus,

2331 843 2519 894 Aurea
2541 839 2835 910 principiis
2865 839 3096 893 dextera
3124 843 3314 910 portet
3342 855 3532 910 opem.

2264 929 2532 983 Blandior
2561 929 2630 982 ad
2661 929 2865 984 falcem
2896 944 3113 982 messor
3138 929 3399 999 perducit
3429 929 3649 996 aristas,

2335 1019 2393 1073 Si
2425 1018 2622 1072 rastris
2653 1022 2902 1089 segetem
2929 1023 3152 1090 pectere
3183 1018 3498 1073 continuet.

2268 1109 2428 1162 Nunc
2442 1109 2677 1178 stirpem
2694 1109 2918 1163 Proculi
2934 1108 3076 1162 dans
3092 1123 3328 1162 vernum
3344 1108 3826 1178 suscipe,doctor;

2339 1198 2417 1251 Ne
2447 1198 2636 1251 fervor
2663 1203 2892 1252 teneros
2923 1197 3204 1268 decoquat
3244 1196 3607 1252 immodicus.

2268 1286 2574 1340 Servantur
2603 1287 2796 1356 leges;
2828 1303 2932 1341 ceu
2957 1302 3160 1341 census
3182 1286 3372 1339 littora
3391 1291 3603 1340 currat.

2341 1377 2556 1430 [lorum
2579 1375 2894 1430 Piudareus
2921 1376 3166 1430 flumina
3192 1375 3325 1430 vicit
3359 1391 3516 1430 avus.

2271 1465 2448 1519 Docta
2480 1465 2790 1520 Camaenali
2811 1465 3014 1520 cecinit
3045 1465 3143 1536 qui
3172 1466 3428 1520 carmina
3459 1467 3678 1536 plectro
3706 1483 3720 1520 :

2345 1555 2519 1625 Cujus
2551 1556 2840 1626 Apollinei
2866 1555 2948 1609 nil
2978 1559 3206 1610 tacuere
3235 1556 3414 1610 chori.

2274 1645 2520 1699 Phcnbus
2545 1645 2604 1698 in
2637 1646 2848 1699 auxilio
2877 1650 3099 1716 repetat
3126 1661 3259 1699 mox
3287 1645 3488 1700 fortior
3521 1646 3710 1712 illum,

2344 1733 2492 1787 Artis
2524 1734 2798 1788 nobilitas
2824 1736 2845 1768 ³
2869 1736 3087 1805 Marsya
3116 1735 3162 1788 si
3187 1735 3400 1790 veniat.

2941 1824 3028 1876 IV.

2321 1917 2342 1949 ⁶
2384 1926 2878 1968 EPITHALAMiUM
2932 1928 3170 1968 DICTUM
3220 1928 3474 1972 MAXIMO
3502 1930 3562 1968 v.
3596 1930 3649 1971 s.

2826 2003 3128 2071 Prwfatio.

2271 2091 2469 2144 Annus
2496 2091 2611 2144 sole
2642 2107 2790 2147 novo
2817 2097 3045 2146 teneras
3076 2093 3212 2146 dum
3245 2092 3453 2147 format
3480 2093 3704 2161 aristas,

2339 2207 2363 2233 α
2391 2181 2605 2235 Natura
2633 2181 2692 2235 in
2727 2182 3013 2247 thalamis,
3063 2183 3198 2236 orbe
3227 2187 3475 2252 tepente,
3509 2184 3685 2238 sedet.

2273 2267 2532 2338 Pingitur
2553 2275 2608 2324 et
2629 2271 2784 2325 vario
2813 2272 3060 2325 mundus
3093 2271 3425 2325 discrimine
3455 2273 3668 2328 ﬂorum
3696 2290 3709 2340 ;

2343 2360 2466 2414 Una
2493 2359 2597 2413 soli
2630 2360 2822 2425 facies,
2861 2361 3062 2430 gratia,
3096 2362 3302 2427 cultus,
3333 2377 3516 2429 amor,

2270 2447 2489 2501 Arbuta
2517 2449 2676 2502 vitali
2703 2449 3025 2503 coalescunt
3053 2450 3166 2503 uda
3192 2466 3405 2520 vapore
3430 2467 3443 2516 ;

2345 2539 2518 2605 Ignea
2566 2543 2862 2592 concretus
2895 2539 3115 2592 semina
3146 2555 3343 2592 succus
3377 2539 3495 2592 alit.

2271 2626 2525 2696 Erigitur
2555 2626 2722 2696 genio
2757 2625 2926 2681 tellus
2956 2628 3268 2681 tumefacta
3297 2628 3503 2682 marito
3528 2644 3542 2694 ;

2339 2715 2576 2769 Torrida
2610 2716 2828 2770 lascivis
2850 2717 2988 2770 silva
3018 2718 3163 2772 viret
3191 2717 3406 2787 spoliis.

2272 2804 2510 2858 Lactans
2541 2804 2852 2874 cespitibus
2886 2806 2942 2859 in
2966 2807 3183 2860 nodum
3204 2806 3458 2861 truditur
3489 2805 3692 2869 herba,

2340 2894 2498 2947 Vitea
2527 2901 2845 2964 gemmatos
2874 2896 3105 2949 brachia
3135 2896 3275 2949 dant
3304 2896 3532 2965 digitos.

2273 2984 2335 3037 1n
2365 3000 2561 3037 rerum
2590 2985 2750 3038 cultu
2776 2985 2864 3038 lex
2891 2986 3086 3054 jungit
3111 2986 3373 3056 pronuba
3397 2985 3610 3051 taedas;

2343 3074 2496 3125 Aura
2518 3071 2634 3142 poli
2665 3078 2728 3126 ut
2759 3089 3031 3142 sponsum
3064 3074 3324 3143 germina
3353 3078 3554 3127 cuncta
3582 3071 3736 3127 facit.

2273 3159 2420 3230 Ergo
2451 3161 2578 3231 pari
2609 3165 2736 3215 voto
2763 3162 2878 3228 lux,
2915 3163 3143 3228 coelum,
3177 3162 3436 3229 ﬂumina,
3484 3162 3723 3227 Nereus,

2346 3249 2587 3316 Montes,
2617 3255 2804 3320 prata,
2831 3251 2967 3304 ferte
2998 3251 3209 3321 gaudia
3241 3251 3591 3320 concipiunt.

2273 3339 2352 3392 De
2384 3342 2437 3391 te
2465 3340 2619 3408 quod
2647 3344 2847 3394 vernat
2876 3340 3131 3407 sortitur,
3162 3340 3420 3402 Maxime,
3454 3338 3714 3394 mundus
3746 3382 3758 3405 ,

2343 3429 2407 3481 Et
2438 3429 2757 3483 naturalem
2796 3429 2896 3483 dos
2929 3433 3026 3483 tua
3048 3430 3218 3484 comit
3251 3445 3441 3500 opem.

2274 3517 2375 3572 Cui
2396 3517 2876 3587 sanguis,census,
2899 3519 3124 3588 genius,
3146 3523 3464 3586 mens,vota
3476 3521 3762 3590 superstat
3802 3547 3833 3569 ›.

2342 3608 2628 3661 Musarum
2663 3609 2848 3678 primo
2878 3609 3022 3662 fulta
3046 3609 3374 3679 supercilio.

2273 3697 2491 3751 Saecula
2519 3701 2571 3749 te
2605 3696 2737 3751 ﬁdei
2769 3698 3189 3751 monimentum
3223 3702 3416 3751 nostra
3447 3696 3759 3765 dederunt,

2231 3843 2234 3848 ,
2343 3785 2612 3856 Corporis
2645 3791 2700 3840 et
2730 3786 2916 3841 cordis
2948 3787 3277 3857 virginitate
3307 3801 3524 3858 parem.

2270 3875 2602 3929 Vincentem
2627 3876 2844 3930 meritis
2876 3893 3147 3946 sponsam
3173 3877 3270 3930 dat
3299 3876 3545 3930 candida
3575 3875 3694 3930 vita
3719 3891 3734 3930 :

2343 3965 2479 4028 Quae
2518 3982 2649 4019 cum
2683 3971 2736 4019 te
2758 3970 3008 4035 superat,
3038 3967 3117 4019 sic
3151 3965 3252 4020 tibi
3283 3966 3472 4035 palma
3503 3965 3678 4018 venit.

2272 4054 2410 4108 Huic
2443 4054 2621 4107 niveis
2649 4069 2884 4108 concors
2909 4055 3123 4109 arridet
3158 4056 3392 4109 ﬂamma
3431 4054 3677 4117 labellis,

2342 4143 2483 4197 Alba
2511 4143 2856 4198 verecundas
2887 4145 3103 4215 spargit
3136 4144 3196 4198 in
3227 4161 3326 4198 ora
3348 4148 3532 4197 notas.

2269 4232 2430 4286 Adsit
2459 4249 2560 4286 oro
2595 4233 2722 4286 fons
2755 4233 3017 4304 loquelae,
3051 4237 3204 4300 voce,
3241 4239 3448 4298 mente,
3479 4231 3710 4303 pectine
3737 4249 3750 4299 ;

2283 4324 2409 4386 Ars,
2443 4327 2668 4389 natura,
2703 4323 2876 4390 Musa,
2912 4322 3291 4392 Phoebusque
3322 4327 3506 4375 tumet
3531 4322 3827 4376 facundi...

2275 4410 2394 4463 Vile
2425 4411 2504 4463 nil
2540 4410 2699 4464 decet
2725 4427 2924 4465 sonare
2948 4412 3006 4464 in
3041 4412 3413 4466 Maximorum
3446 4410 3750 4466 laudibus:

2276 4500 2588 4553 Conterunt
2618 4499 2884 4554 Plicebeia
2915 4501 3128 4554 celsum
3161 4517 3308 4571 saepe
3352 4499 3500 4555 dicta
3526 4500 3828 4555 verticem.

2202 4643 3046 4719 lf_Epithalamitmi__Ma:rz’mo]
3103 4647 3185 4700 Ad
3241 4647 3547 4719 Maximum
3601 4646 3834 4718 aliquot

2131 4716 2380 4769 vidimus
2414 4717 2680 4786 epistolas
2710 4717 2807 4769 lib.
2835 4733 2905 4771 vn
2936 4724 2988 4772 et
3020 4716 3136 4782 viii,
3177 4723 3350 4788 atque
3390 4718 3448 4770 in
3482 4719 3549 4769 iis
3582 4716 3827 4786 nuptia-

2130 4803 2258 4840 rum
2315 4792 2660 4841 mentionem
2698 4789 2757 4841 in
2802 4789 3010 4858 quibus
3043 4791 3257 4842 dictum
3289 4795 3372 4843 est
3403 4789 3507 4842 hoc
3537 4789 3832 4859 epithala-

2133 4860 2308 4911 mium
2337 4875 2348 4930 ς
2375 4860 2528 4928 quod
2562 4860 2720 4913 foedis
2755 4859 3048 4920 hactenus.
3086 4866 3148 4913 ut
3177 4866 3381 4914 caetera
3411 4861 3528 4913 fere
3557 4871 3788 4930 poemai
3815 4884 3826 4909 ι

2131 4929 2396 4995 Eunodii,
2432 4947 2696 4984 versuum
2727 4931 3153 4998 trajectionibus
3178 4929 3606 5000 interpolatum,
3632 4935 3827 4986 ordini

2131 5000 2418 5071 nitorique
2473 5018 2571 5053 suo
2619 5002 2988 5055 reddidimus.
3049 5003 3211 5055 Vario
3256 5008 3572 5056 metrorum
3607 5019 3828 5068 genere

2129 5078 2348 5124 constat
2379 5073 2636 5142 exemplo
2667 5074 2984 5133 Claudiani,
3019 5074 3113 5143 qui
3148 5074 3382 5126 diversis
3409 5077 3663 5127 numeris
3689 5075 3822 5127 In!”

2131 5143 2185 5215 in
2221 5143 2447 5215 nuptias
2480 5145 2713 5196 Honorii
2736 5150 2788 5198 et
2813 5145 3019 5198 Marize.
3052 5146 3188 5198 Nam
3225 5146 3488 5199 Sidonius
3510 5146 3568 5198 in
3599 5146 3827 5215 ρρὶωτςι-

2128 5213 2301 5266 lamio
2330 5215 2567 5267 Polemii
2600 5221 2655 5268 et
2687 5217 2979 5269 Araneola}.
3019 5216 3245 5268 heroico
3286 5222 3509 5269 tantum
3545 5213 3677 5268 usus
3711 5226 3820 5274 8st.

2127 5286 2396 5338 Paulinus
2442 5287 2694 5352 elegiaco
2747 5286 2799 5338 in
2861 5288 3231 5355 epithalamio
3286 5288 3497 5341 Juliani
3550 5289 3824 5342 Memoris

2127 5357 2375 5425 episcopi
2405 5357 2458 5409 li‘.
2497 5363 2549 5409 et
2591 5359 2660 5411 lae
2691 5357 3016 5410 clarissimae
3051 5359 3278 5411 femina:

2197 5437 2218 5462 ³
2255 5428 2490 5481 Nai-ara
2537 5427 2598 5482 in
2637 5429 2778 5504 (Ital.
2805 5429 2826 5504 1
2881 5429 2956 5504 _ld
2997 5435 3101 5495 est,
3160 5445 3482 5504 praegnans
3523 5436 3628 5504 est,
3687 5447 3820 5484 mox

2125 5506 2554 5568 superventurae
2585 5499 2830 5569 partioni
2877 5499 3116 5554 intenta.
3151 5499 3818 5568 Admodumeleganter,

2124 5570 2644 5645 BAa_ru.Animadv.
2688 5570 2765 5626 ad
2795 5569 3024 5641 Papinii
3061 5572 3236 5626 Slalii
3266 5590 3281 5626 ι
3318 5571 3649 5639 Λοήέιιρηίάη
3683 5592 3818 5645 pag.
