4008 6170
120 273 204 325 313

300 398 445 455 Orbe
477 398 703 469 captivo
734 399 922 453 Venus
952 397 1101 452 alma
1126 398 1268 453 fusis

299 487 535 544 Dotibus
566 487 779 541 ﬂorum
808 503 913 558 per
933 502 1158 543 amoena
1203 486 1428 555 ludens,

299 576 443 630 Dum
472 574 611 629 facit
633 591 871 629 vernum
904 575 1086 646 pretio
1118 578 1175 629 et
1204 575 1466 631 micantis

700 664 897 719 Sidere
927 664 1125 718 forma
1153 680 1167 730 ;

300 752 525 823 Sprevit
564 752 752 806 aurati
780 752 951 806 decus
978 768 1149 806 omne
1180 752 1358 823 pepli,

298 840 551 894 Advenaa
579 856 857 912 pompam
881 841 1067 894 noluit
1083 841 1299 895 metalli

302 928 489 982 Ditior
521 930 681 983 cultu
706 928 1145 998 stetiteﬂ‘ugato,

698 1017 905 1087 Sparsa
927 1018 1180 1086 capillos.

307 1106 527 1162 Nobilis
555 1106 603 1159 si
634 1105 786 1177 quod
819 1106 965 1159 bibit
996 1110 1115 1160 arte
1146 1106 1299 1161 virus

301 1197 473 1264 Lana,
508 1196 754 1250 mentito
778 1193 967 1265 potior
997 1195 1207 1262 colore,

297 1284 397 1339 Dic
424 1311 450 1338 ι
488 1290 549 1338 et
580 1284 824 1354 algentis
845 1284 1035 1354 pelagi
1065 1284 1312 1354 lapillos,

689 1373 851 1427 Nuda
883 1378 1187 1443 superstat.

303 1459 608 1516 Fulserant
638 1477 770 1516 raro
800 1461 905 1516 sub
931 1462 1126 1515 hiante
1160 1462 1255 1515 ﬁlo

302 1551 553 1605 Pectoris
580 1566 827 1621 gemmae
855 1550 914 1604 in
944 1551 1119 1604 roseis
1145 1549 1393 1620 papillis.

299 1639 565 1694 Invidum
598 1639 873 1693 membris
892 1639 1127 1708 abigens
1148 1638 1421 1693 amictum

724 1728 915 1781 Altera
941 1728 1037 1780 lux
1064 1732 1167 1779 est.

305 1812 605 1869 Proditum
630 1814 756 1868 risit
796 1814 917 1867 sine
949 1814 1099 1868 nube
1123 1829 1347 1884 corpus,

299 1905 323 1945 δ
358 1902 598 1957 Carcere
632 1903 856 1971 irrupto
891 1902 1062 1955 nituit
1084 1917 1350 1955 serenum
1378 1917 1391 1956 :

300 1990 578 2060 Quodque
607 1990 870 2044 servabat
891 1990 1037 2043 male
1064 1994 1186 2043 tuta
1210 1991 1394 2058 vestis,

728 2078 996 2131 Proditur
1025 2081 1162 2131 arte.

304 2164 497 2234 Aliger
527 2165 654 2218 laxo
679 2165 974 2219 remeabat
1003 2180 1158 2232 arcu,

300 2252 605 2307 Marcidam
636 2253 917 2307 damnans
946 2252 1047 2307 otii
1078 2253 1430 2322 pharetram,

299 2366 319 2392 ς
345 2339 640 2410 Sanguine
672 2341 734 2394 in
765 2341 923 2395 nullo
947 2342 1264 2396 madefacta
1303 2342 1465 2397 laetus

689 2430 919 2500 Spicula
948 2436 1198 2501 gestans.

174 2520 317 2572 Tunc
342 2519 417 2572 sic
447 2518 763 2590 alloquitur
784 2525 1026 2573 matrem
1064 2519 1425 2575 ﬂuitantibus
1460 2523 1633 2577 armis
1668 2539 1680 2579 :

171 2608 539 2674 Perdidimus,
574 2608 844 2678 genitrix,
870 2608 1099 2661 virtutis
1131 2610 1372 2679 prtemia
1397 2616 1628 2667 nostra.

170 2696 281 2749 lam
314 2712 599 2767 nusquam
618 2696 899 2766 Cytherea
920 2702 1106 2765 sonat,
1130 2698 1351 2752 ridetur
1380 2703 1654 2755 Amorum

175 2785 393 2851 Fabula,
420 2801 523 2838 nec
552 2787 744 2855 proles
774 2785 1030 2839 nascenti
1052 2786 1260 2840 sufﬁcit
1288 2804 1427 2842 aevo.
1453 2804 1460 2851 ί

173 2873 388 2943 Frigida
418 2888 768 2926 consumens
803 2874 1117 2928 multorum
1140 2876 1392 2944 possidet
1420 2882 1575 2933 artus

174 2960 467 3032 \‘irginitas
502 2960 725 3014 fervore
760 2974 944 3017 novo:
989 2962 1254 3017 sublimia
1288 2980 1519 3019 carnem

176 3052 298 3104 Vota
327 3050 571 3104 domant
606 3066 618 3103 :
654 3050 903 3103 mundus
950 3050 1109 3103 tenui
1140 3051 1229 3104 vix
1262 3052 1493 3107 nomine
1543 3060 1786 3125 constat,

174 3140 422 3194 Primaevi
453 3139 735 3193 tremulos
765 3138 956 3192 fractis
985 3138 1287 3194 imitantur
1317 3143 1572 3212 ephebis.

178 3229 307 3283 Rara
329 3243 437 3298 per
468 3227 785 3280 immensos
817 3227 1141 3293 saeclorum,
1176 3231 1414 3300 respice,
1450 3248 1682 3303 campos

175 3318 425 3390 Conjugii
456 3319 657 3372 messis
692 3334 704 3372 :
738 3334 843 3389 per
872 3318 1042 3372 ﬂores
1074 3318 1194 3372 sola
1222 3324 1469 3375 vetustas

175 3407 373 3461 Exserit
404 3409 664 3463 albentes
686 3409 887 3479 jejuna
916 3414 973 3462 et
1002 3408 1219 3479 pallida
1248 3424 1442 3478 canos,

179 3496 279 3549 L'na
302 3496 448 3551 ﬁdes
485 3513 681 3551 rerum
706 3498 864 3551 nulla
895 3497 1196 3551 dulcedine
1227 3498 1395 3567 ﬂecti,

179 3585 293 3640 Etsi
333 3586 479 3657 quid
513 3592 740 3641 teneros
767 3588 955 3657 potuit
978 3587 1343 3641 transducere
1366 3603 1573 3657 mores,

176 3676 468 3747 Praeceptis
500 3677 716 3730 calcare
750 3676 913 3730 malis
949 3693 962 3730 ε
996 3682 1254 3731 servatur
1278 3677 1487 3749 ubique

175 3765 495 3833 Iustitium;
530 3766 699 3836 culpa
719 3770 804 3820 est
826 3766 1120 3835 ,thalamos
1148 3766 1473 3820 nominasse
1534 3767 1741 3839 pudico
1774 3784 1788 3825 :

176 3857 241 3909 Tu
262 3856 699 3927 remissajaces,
732 3860 787 3909 et
819 3856 961 3909 tanti
989 3856 1180 3909 nescia
1204 3857 1351 3926 juris

177 3946 323 4000 Nuda
339 3963 448 4017 per
480 3947 694 4000 etfusos
716 3950 997 4017 respectas
1020 3947 1277 4000 membra
1303 3946 1557 4017 capillos.

178 4034 362 4107 Surge,
396 4052 525 4107 age,
562 4041 620 4090 et
650 4036 970 4089 obstantem
996 4040 1372 4106 properanter
1403 4036 1622 4091 discute
1646 4052 1793 4091 som-

1537 4128 1717 4198 [num.

184 4217 278 4271 Nec
309 4222 385 4285 te,
422 4217 584 4289 quod
612 4223 778 4288 turpe
807 4219 908 4285 est,
931 4216 1219 4286 captivum
1250 4232 1468 4272 numen
1494 4217 1721 4289 {habere

181 4305 296 4359 Iura
320 4306 635 4377 pudicitiae,
668 4307 753 4359 vel
780 4307 862 4359 lex
896 4306 1220 4360 malesuada
1238 4310 1489 4376 putetur.

238 4397 466 4451 Talibus
499 4397 771 4450 arsissent
799 4396 961 4450 dictis
984 4402 1041 4450 et
1070 4396 1281 4450 viscera
1306 4402 1501 4467 ponto.

182 4483 390 4558 Colligit
410 4487 473 4540 in
504 4486 723 4541 nodum
747 4503 938 4557 passos
970 4487 1066 4540 lux
1088 4504 1259 4540 aurea
1278 4487 1482 4554 crines,

181 4573 234 4626 Et
254 4577 578 4630 naturalem
618 4576 961 4629 concludens
989 4580 1139 4630 veste
1171 4577 1455 4642 decorem,

184 4664 399 4721 Mutavit
430 4667 697 4720 formam.
732 4667 889 4719 Tunc
919 4664 1196 4737 quidquid
1230 4666 1411 4735 fulget
1446 4665 1631 4735 iaspis.

182 4809 489 4863 ‘Pasmrz
543 4812 675 4877 ﬁcta
708 4810 1064 4880 smaragdus]
1123 4811 1356 4863 Pastura
1403 4816 1486 4862 est
1537 4814 1687 4881 νομὴ.
1728 4810 1794 4863 Ut

129 4890 236 4939 ergo
263 4885 386 4951 νομὴ
420 4882 937 4934 diciturinterdum
973 4885 1039 4933 de
1053 4882 1273 4950 pascuis
1294 4880 1449 4949 ipsis,
1479 4887 1539 4933 ut
1560 4880 1792 4951 quando

128 4954 249 5015 νομαὶ
297 4956 383 5002 καὶ
427 4951 669 5022 λειμῶνες
725 4954 1084 5021 copulantur,
1144 4952 1221 5004 sic
1252 4958 1482 5021 pastura
1513 4954 1619 5005 hoc
1672 4954 1791 5006 loco

1526 268 1893 325 CABMINUM
1934 269 2067 325 LIB.
2111 269 2149 321 I.
3494 272 3593 323 3H

1823 410 1870 463 Α
1970 400 2105 464 Quae
2125 398 2269 453 viret
2290 398 2349 452 in
2370 397 2557 468 pretio
2591 399 2604 432 ¹
2635 402 2879 470 pasturze
2909 400 3041 455 ﬁcta
3063 402 3421 473 smaragdus,

1964 490 2027 544 Et
2053 489 2193 543 latet
2222 487 2284 541 in
2309 488 2541 541 conchis
2573 488 2779 541 melior
2810 489 3047 544 custode
3072 506 3290 545 veneno

1960 577 2103 632 Alba
2130 576 2304 644 venit,
2340 576 2572 630 niveum
2592 584 2893 647 sumptura
2925 595 2991 632 ex
3012 581 3482 650 corporelumen.

1961 666 2118 722 Palla
2148 681 2251 735 per
2279 666 2560 719 accinctos
2587 666 3173 736 decrescitsplendida
3198 669 3447 738 lumbos,

1964 756 2030 810 Et
2055 771 2202 810 zona
2229 759 2455 810 teneras
2478 756 2815 826 compressit
2846 756 2988 809 dura
3010 757 3277 827 papillas.

1962 845 2182 900 Aﬂ'atur
2202 850 2424 911 natum,
2458 845 2660 911 Quem,
2696 861 2823 914 spes
2847 859 2992 911 mea,
3023 844 3198 915 ﬁgere
3229 848 3460 901 tantas?

1964 936 2143 999 Quem
2162 934 2494 1006 sequimur?
2524 934 2807 1003 quoveire
2834 934 3050 1004 jubes?
3099 939 3227 1004 post
3260 935 3375 989 otia
3411 938 3594 1007 major

1966 1025 2221 1079 Flamma
2251 1024 2411 1077 decet
2436 1039 2447 1076 :
2478 1022 2698 1076 discant
2724 1023 2921 1093 populi
2947 1028 3079 1076 tunc
3095 1040 3347 1078 crescere
3375 1024 3586 1089 divam,

1964 1113 2107 1167 Cum
2141 1112 2404 1183 neglecta
2429 1111 2595 1182 jacet.
2631 1111 2881 1181 Superos
2914 1113 2993 1165 nil
3022 1113 3261 1184 perdere
3286 1129 3488 1168 somno

1966 1200 2280 1257 Ostendant
2319 1200 2564 1270 geminis
2594 1206 2859 1270 reparata
2890 1201 3152 1255 incendia
3169 1202 3341 1255 curis.

1966 1290 2240 1347 Maximus
2273 1306 2421 1357 ecce,
2446 1290 2620 1357 vides,
2652 1290 2881 1360 generis
2912 1307 3037 1358 spes
3069 1291 3236 1343 unica
3286 1290 3515 1356 summi,

1966 1380 2232 1435 Dulcibus
2258 1379 2453 1434 illudit
2482 1396 2585 1449 per
2616 1380 2787 1449 longa
2816 1380 3025 1433 oblivia
3045 1380 3226 1433 tendis.

1964 1467 2223 1523 Sectatur
2260 1473 2524 1536 matrem,
2549 1486 2677 1540 quae
2710 1469 2852 1523 caelo
2881 1469 3083 1538 purior
3112 1468 3235 1539 ipso
3268 1471 3353 1522 est

1966 1557 2221 1627 Femina,
2254 1574 2429 1630 quam
2463 1558 2673 1612 scimus
2702 1559 3008 1612 mulierem
3040 1559 3258 1611 vincere
3287 1560 3495 1614 mente.

1966 1647 2063 1701 Hic
2094 1648 2318 1701 domuit
2350 1662 2615 1718 puerum,
2648 1664 2834 1700 mores
2867 1648 3102 1700 sortitur
3128 1662 3386 1712 avorum,

1972 1735 2134 1799 Quod
2160 1736 2337 1807 pudet
2366 1737 2499 1803 heu,
2531 1737 2702 1807 longo
2735 1737 2900 1790 nobis
2949 1736 3196 1789 nescitus
3244 1737 3305 1789 in
3338 1752 3458 1790 ωιό
3490 1742 3594 1789 est.

1971 1825 2153 1896 Hujus
2183 1826 2249 1880 ad
2283 1825 2571 1879 abstrusas
2600 1825 2790 1879 veniat
2823 1841 2949 1879 mea
2974 1825 3243 1895 lampada
3271 1825 3443 1880 ﬁbras
3474 1842 3486 1879 :

1966 1914 2247 1985 Suspiret,
2280 1913 2491 1984 cupiat,
2524 1914 2824 1981 discurrat,
2849 1914 3084 1981 ferveat,
3114 1921 3255 1968 oret.

2042 2004 2168 2057 Haec
2198 2003 2278 2057 ait
2312 2018 2323 2057 :
2357 2008 2412 2058 et
2444 2002 2701 2056 sobolem
2727 2002 2853 2057 fotu
2876 2004 3173 2073 complexa
3204 2002 3477 2074 benigno,

1967 2091 2154 2145 Mollia
2184 2091 2417 2146 mellitis
2440 2091 2674 2146 arctavit
2703 2092 2773 2146 ad
2801 2091 2995 2145 oscula
3016 2091 3208 2147 labris.

1970 2181 2069 2235 Ille
2090 2182 2242 2236 volat
2269 2180 2442 2236 celeri
2464 2186 2699 2236 tranaus
2722 2198 2823 2252 per
2852 2181 3050 2234 nubila
3082 2184 3273 2247 vento,

1970 2271 2175 2325 Omnia
2196 2272 2403 2325 lascivo
2443 2272 2664 2325 socians
2698 2272 2980 2326 elementa
3005 2270 3217 2324 furore.

1972 2360 2039 2413 Ut
2067 2360 2242 2428 stetit,
2276 2365 2333 2415 et
2354 2361 2627 2431 juvenem
2657 2360 2857 2415 forma:
2879 2360 3181 2431 conspexit
3209 2359 3267 2413 in
3297 2360 3478 2427 ostro,

1967 2450 2123 2504 Tune
2148 2450 2441 2505 Dionaeum
2470 2450 2811 2506 tumefactus
2847 2449 3127 2521 despicis?
3158 2449 3365 2521 inquit.

1971 2540 2088 2593 Huc
2119 2542 2395 2595 Venerem
2419 2541 2640 2595 culture
2684 2541 2809 2595 veni
2842 2557 2855 2595 :
2899 2540 2998 2612 qui
3030 2538 3248 2593 tardius
3277 2539 3434 2608 arsit,

1970 2629 2033 2682 In
2066 2630 2318 2684 multum
2349 2631 2495 2684 calet
2525 2630 2621 2684 ille
2652 2646 2845 2701 rogus,
2879 2630 3207 2700 celeresque
3234 2628 3455 2683 favillas

1975 2718 2253 2773 Restituet
2275 2735 2634 2790 quaecunque
2671 2734 2830 2790 pyrae
2860 2718 3199 2772 subducitur
3227 2717 3412 2772 arbor.

1969 2808 2337 2878 Deprompsit
2360 2808 2638 2878 jaculum,
2665 2824 2779 2878 quo
2806 2807 2967 2861 divos
2998 2806 3199 2860 ﬁxerat
3232 2822 3453 2860 omnes.

1966 2899 2109 2951 Tum
2142 2897 2380 2967 pulcher
2401 2902 2638 2950 teretem
2671 2896 2951 2950 ﬂexuram
2983 2896 3228 2966 perculit
3258 2911 3459 2949 arcus:

1969 2986 2205 3057 Singula
2236 2985 2456 3039 diverso
2487 2990 2783 3039 traxerunt
2814 2984 3047 3039 brachia
3077 2984 3238 3038 calle.

1970 3075 2279 3147 Pennigeri
2310 3076 2496 3129 vultus
2528 3079 2841 3145 przesentet
2859 3075 3094 3128 dextera
3124 3073 3326 3127 fatum.

1971 3166 2209 3236 Moxque
2232 3164 2383 3232 ferit,
2406 3164 2538 3218 laeto
2578 3164 2793 3217 factum
2823 3164 3070 3218 clamore
3094 3163 3366 3217 salutans.

1970 3254 2069 3309 Ille
2101 3270 2229 3324 ego,
2264 3253 2363 3324 qui
2394 3253 2617 3324 trepida
2647 3269 2876 3323 semper
2908 3256 3266 3323 contemptus
3313 3252 3530 3307 adhaesi

1972 3343 2289 3397 Visceribus
2312 3342 2549 3410 fugitive
2571 3342 2705 3407 tuis,
2731 3343 2837 3396 hac
2859 3342 3089 3395 victima
3116 3341 3287 3395 matri

1969 3432 2245 3499 Litamus,
2283 3432 2474 3486 multis
2509 3448 2682 3504 quam
2714 3436 2777 3485 tu
2807 3448 2922 3485 non
2958 3431 3197 3501 suspicis
3228 3430 3413 3485 annis.

1971 3524 2109 3576 Ecce
2139 3522 2353 3576 iterum
2395 3538 2602 3593 magno
2633 3522 2873 3576 rimatus
2906 3520 3186 3592 sanguine
3208 3524 3421 3576 cretam

1969 3611 2669 3681 Quamthalamisjungat,
2691 3612 2873 3665 cernit
2894 3611 3138 3665 sublime
3169 3608 3390 3680 ipuellaa

1972 3701 2161 3766 Sidus,
2194 3705 2249 3754 et
2279 3702 2558 3755 attonitus
2591 3700 2661 3754 ad
2692 3706 2935 3754 matrem
2966 3700 3187 3755 lumina
3220 3700 3401 3766 ﬂexit,

1971 3790 2313 3844 Germanam
2342 3790 2578 3843 credens
2618 3789 2907 3843 collaudat
2936 3789 3134 3842 nobile
3164 3788 3402 3842 furtum.

1971 3881 2075 3935 Sed
2106 3887 2364 3934 teneram
2395 3881 2607 3934 leviore
2641 3880 2770 3933 ferit
2799 3896 2944 3949 puer
2975 3880 3072 3933 ille
3102 3878 3330 3949 sagitta,

1972 3970 2150 4040 Inque
2178 3970 2363 4022 virum
2390 3973 2539 4023 totos
2562 3970 2833 4023 contorsit
2866 3968 3072 4022 fortior
3098 3968 3265 4021 ictus.

1973 4061 2103 4115 Post
2132 4059 2254 4113 haec
2293 4059 2621 4129 digrediens
2654 4059 2975 4129 permulcet
2996 4063 3225 4129 pectora
3255 4056 3439 4112 dictis.

1973 4150 2175 4203 Nostra
2201 4153 2345 4214 tuas,
2378 4148 2623 4218 juvenis,
2658 4148 2987 4201 confortent
3010 4149 3247 4201 vulnera
3266 4146 3429 4199 vires.

1972 4239 2111 4292 Nam
2143 4238 2471 4309 quicunque
2504 4253 2631 4290 mea
2665 4241 2746 4289 est
2770 4252 3073 4306 percussus
3090 4234 3346 4305 cuspide,
3372 4232 3591 4288 crescit.

1977 4329 2103 4382 Haec
2126 4326 2343 4381 faciunt
2375 4328 2604 4390 multos,
2629 4325 2674 4378 si
2704 4326 2904 4389 credis,
2931 4325 3078 4379 bella
3110 4326 3368 4393 nepotes.

1976 4417 2063 4471 Sis
2091 4417 2247 4483 felix,
2282 4432 2622 4487 semperque
2650 4416 2797 4469 feras
2828 4431 2956 4468 mea
2988 4415 3225 4467 vulnera
3254 4417 3464 4467 tecum.

2118 4508 2274 4559 Nunc
2314 4522 2403 4559 me
2438 4506 2622 4559 Pierio
2657 4505 2847 4557 favore
2876 4504 3067 4573 jutum

2116 4597 2179 4648 In
2208 4597 2358 4662 tanta,
2392 4612 2678 4665 proceres,
2704 4594 2884 4647 locate
2914 4592 3124 4645 fronte.

2116 4684 2445 4739 Sustentent
2466 4684 2737 4755 gracilem
2762 4699 2862 4752 per
2894 4698 3063 4737 omne
3088 4695 3338 4733 carmen.

1901 4808 2158 4863 Totidem
2194 4809 2397 4862 littera:
2430 4812 2562 4861 sunt
2611 4807 2971 4876 transpositaa
2995 4807 3201 4860 solum.
3227 4805 3336 4861 Sed
3390 4804 3601 4859 rectius

1901 4881 2161 5005 zqigasse,
2194 4880 2291 4933 Sic
2314 4886 2365 4933 et
2389 4877 2658 4948 algentis,
2715 4884 2820 4932 etc.
2875 4880 3073 4933 ΒΑΜ-ιι.
3108 4878 3421 4934 Adversar.
3464 4893 3597 4947 pag.

1949 4974 1961 5004 Ι
2015 4991 2026 5003 .

128 5032 209 5084 pro
238 5024 458 5088 pascuis
482 5024 795 5076 virentibus
827 5040 839 5076 :
869 5030 924 5076 et
950 5026 1363 5091 epigrammate
1386 5027 1446 5077 10
1470 5040 1481 5077 :
1531 5022 1793 5079 Herbida

126 5096 392 5155 pasluram
421 5095 761 5163 superantia
788 5111 930 5148 saxa
962 5099 1254 5149 virentem.
1314 5097 1436 5149 Jain
1502 5096 1791 5164 smaragdi

130 5164 300 5236 lauset
328 5167 577 5234 pretium
607 5172 688 5219 est
718 5167 884 5219 viror.
923 5167 1138 5219 Plinius
1160 5167 1260 5220 lib.
1296 5183 1531 5234 xxxvni,
1566 5183 1686 5236 cap.

127 5228 587 5309 L‘Ierbas'cirenles
598 5237 879 5307 frondesq
892 5253 960 5291 ue
975 5238 1138 5309 avide
1148 5242 1467 5309 spectamus
1492 5254 1503 5289 :
1520 5228 1790 5309 smarag-

126 5299 332 5357 ἀθετεῖ-ο
351 5312 509 5361 (anto
528 5299 818 5373 libentius,
840 5299 1109 5379 quoniam
1131 5299 1223 5361 nili
1234 5308 1277 5362 il
1304 5308 1532 5361 omnino
1549 5299 1791 5363 viridius
1836 5318 1841 5322 ’

130 5382 491 5445 comparatum
511 5380 635 5435 illis
652 5381 817 5435 viret.
850 5382 1229 5433 Tertullianus
1250 5382 1317 5432 (le
1336 5380 1554 5433 Judicio
1581 5396 1592 5432 :
1629 5381 1790 5433 Her—

131 5441 341 5521 liosaique
360 5450 502 5503 viret
541 5451 895 5521 praegrandis
938 5452 1061 5505 luce
1094 5452 1458 5519 smaragdus.
1529 5452 1785 5504 Martian.

134 5514 490 5594 Qapellalibm
531 5514 596 5576 de
647 5514 813 5577 love:
870 5523 1097 5579 Calceus-
1140 5514 1330 5576 ααίθῆι
1374 5522 1791 5594 snmragdinezc

130 5584 279 5664 ﬂuctu
292 5592 609 5647 uiriditatis
626 5594 888 5648 herbosos
900 5594 1153 5664 vesligiis
1169 5596 1293 5662 ejus
1311 5594 1479 5647 (ellus
1498 5584 1674 5648 σὶηῆεπ
1685 5593 1742 5647 ui
1747 5598 1785 5649 ί.

193 5685 209 5711 ι
238 5661 325 5715 Dic
346 5679 406 5716 ar
429 5664 693 5735 algentis,
720 5665 919 5738 pelagi
939 5661 1646 5737 lap'z'llos'ICcdilalgenlis,
1677 5670 1784 5720 etc.

1972 5021 2273 5077 bCarcere
2294 5021 2525 5093 irrupto
2581 5020 2773 5089 niluil]
2822 5022 2885 5074 ln
2924 5020 3212 5074 veteribus
3262 5019 3487 5089 scriptis
3544 5022 3601 5093 et

1902 5094 2068 5147 editis
2122 5109 2352 5146 carcere
2397 5089 2647 5162 ihruplo.
2743 5093 3018 5161 Optime:
3082 5109 3197 5146 non
3241 5093 3393 5145 enim
3440 5089 3598 5160 rupit

1900 5169 2133 5235 tegmen
2164 5166 2316 5234 quod
2350 5166 2673 5229 cohibebat,
2706 5171 2810 5217 etc.
2844 5166 2945 5228 11).,
2982 5164 3116 5217 ibid.

1971 5231 1992 5289 ξε
2024 5231 2313 5304 Sanguine
2332 5235 2391 5288 in
2412 5236 2571 5289 nullo
2598 5236 2931 5289 madefacta
2985 5235 3145 5289 laetus
3191 5231 3433 5304 Spicula
3494 5247 3593 5304 ge:

1898 5309 2081 5377 stans]
2108 5302 2335 5361 Minime
2357 5308 2513 5361 [zelus
2540 5310 2761 5361 videtur
2808 5307 3025 5375 Cupido
3048 5307 3241 5359 adesse
3270 5320 3287 5377 _:
3334 5303 3400 5377 id
3442 5302 3596 5377 quod

1903 5374 2091 5449 arguit
2121 5378 2293 5431 etiam
2326 5379 2595 5433 allocutio
2620 5379 2870 5431 Veneris.
2896 5374 3234 5449 Legendum
3266 5374 3445 5449 igitur
3471 5374 3594 5449 lea-

1902 5445 1994 5503 ίιιὲ
2024 5466 2036 5503 :
2079 5459 2157 5517 ut,
2179 5451 2335 5503 velut
2367 5450 2530 5515 tristi,
2559 5452 2774 5503 lentum
2798 5450 3038 5519 gradum
3077 5447 3337 5500 ascribat.
3372 5447 3436 5500 In
3467 5445 3596 5500 edi-

1902 5522 2155 5575 tionibus
2187 5521 2386 5589 priscis
2418 5538 2519 5575 vox
2542 5522 2637 5574 illa
2672 5523 2836 5590 plane
2872 5536 3082 5573 omissa
3132 5523 3235 5583 est,
3288 5524 3344 5571 et
3375 5534 3596 5590 iversus

1899 5594 2133 5647 ultimus
2166 5593 2318 5645 velut
2347 5593 2405 5645 in
2439 5589 2835 5646 hexametrum
2867 5593 3146 5644 formatus
3184 5604 3196 5644 :
3235 5589 3392 5661 quod
3423 5593 3597 5659 auget

1905 5664 2064 5718 nobis
2094 5666 2161 5718 de
2190 5664 2325 5718 vitio
2358 5665 2760 5735 suspicionem.
2799 5665 2898 5726 ln.,
2935 5662 3071 5718 ibid.
