4060 6174
331 297 434 351 315

544 432 654 499 Qui
675 432 902 487 doctum
933 430 1149 486 faciunt
1167 429 1539 501 benignitate.

541 523 705 589 Quod
726 538 878 577 nunc
904 520 1203 593 ingenium
1230 524 1501 591 premunt
1528 519 1772 592 pruinas.

541 610 834 666 Distendat
856 610 1114 665 refovens
1143 608 1348 663 decore
1374 624 1640 663 vernum.

1161 698 1224 750 V.

846 800 1291 842 rrmananruu
1339 785 1528 857 non]

398 876 620 949 Ingenii
649 876 850 944 cultor,
882 875 1008 929 fons
1039 874 1173 944 oris,
1209 874 1371 945 copia
1389 875 1622 945 linguas,

325 968 543 1022 Humor
572 965 846 1022 Castalius
876 964 1086 1033 veniat,
1121 981 1234 1036 quo
1265 964 1535 1019 Thracius
1567 964 1829 1036 Orpheus

326 1056 609 1127 Naufraga
640 1055 846 1109 diffuso
878 1054 1184 1108 mecendat
1234 1059 1472 1124 pectora
1494 1053 1669 1109 ﬂuxu.

324 1145 504 1211 Adsit,
534 1149 589 1199 et
610 1144 823 1199 arentis
845 1145 1161 1214 conjungat
1184 1141 1372 1215 cordis
1404 1141 1615 1195 hiatus.

326 1234 554 1288 Eridani
587 1235 843 1289 dicturus
868 1249 1064 1303 aquas,
1092 1231 1201 1284 nisi
1226 1231 1465 1285 ﬂumine
1498 1232 1658 1301 largo

324 1321 481 1378 Sicca
513 1324 779 1393 Pegaszeo
809 1320 1153 1391 perfundam
1194 1320 1453 1374 membra
1484 1318 1741 1391 liquore,

323 1411 774 1481 Torridajejuno
804 1410 895 1463 vix
930 1410 1147 1463 stillant
1171 1410 1341 1463 verba
1374 1410 1578 1463 relatu.

327 1501 623 1555 Undarum
650 1500 911 1553 cumulos
937 1503 1002 1552 ut
1023 1514 1272 1566 narrem,
1306 1514 1548 1568 suggere
1576 1498 1829 1568 lympha.

324 1590 505 1654 Quam
535 1589 683 1643 bene
711 1587 908 1659 pandit
942 1604 1138 1658 aquas,
1173 1586 1264 1640 cui
1295 1586 1535 1640 blandus
1565 1589 1889 1640 murmurat

1673 1674 1881 1745 [amnis
1898 1674 1926 1728 ?

396 1764 547 1821 Anni
572 1770 798 1837 tempus
824 1769 964 1833 erat,
999 1781 1113 1837 quo
1142 1767 1337 1818 vernat
1375 1762 1610 1818 mitibus
1643 1764 1761 1817 uvis

327 1855 567 1923 Palmes,
598 1858 655 1909 et
684 1854 951 1908 autumni
981 1852 1253 1924 proponit
1274 1853 1433 1907 dotes
1462 1852 1522 1906 in
1555 1852 1711 1906 orbe.

326 1942 609 1999 Imbribus
642 1943 889 1998 externis
907 1943 1139 1996 madida
1169 1958 1299 1996 cum
1328 1946 1481 1995 veste
1510 1942 1712 2013 Lyaeus

325 2032 608 2089 Distendit
636 2033 859 2087 tunicas
894 2048 1135 2087 uvarum
1168 2048 1393 2086 carcere
1425 2031 1619 2085 musti.

326 2121 605 2177 Uberibus
638 2121 846 2191 pluviis
873 2124 895 2157 ²
928 2126 1221 2192 petrarum
1254 2121 1380 2190 lege
1406 2120 1639 2174 subacta

327 2200 484 2265 Tunc
510 2209 620 2263 sibi
649 2209 792 2264 forte
823 2210 1010 2264 Padus
1037 2208 1287 2280 captivos
1305 2211 1521 2263 texerat
1544 2223 1730 2279 agros,

328 2299 624 2354 Canebaut
653 2298 871 2369 spumis
905 2302 961 2351 et
993 2297 1222 2369 turgida
1252 2297 1422 2351 dorsa
1452 2296 1680 2350 minaci.

326 2388 644 2443 Currebant
668 2392 884 2441 stantes
907 2402 1011 2458 per
1042 2388 1250 2441 ﬂuctus
1276 2386 1528 2439 culmina
1559 2385 1729 2439 villae.

323 2476 575 2532 Servavit
607 2481 836 2548 raptum
867 2478 1105 2548 pelagus
1133 2480 1269 2529 tunc
1300 2476 1489 2529 littore
1524 2480 1759 2542 tectum,

328 2568 392 2621 lit
422 2570 648 2620 mutans
682 2571 859 2620 terras
883 2566 1095 2619 mansit
1116 2565 1343 2619 fortuna
1392 2580 1673 2621 casarum.

327 2655 658 2726 llespiceres
689 2656 855 2709 silvas
880 2655 1186 2708 stationem
1214 2654 1453 2725 perdere
1475 2655 1665 2725 jussas

326 2746 410 2802 Ad
432 2746 693 2799 ﬂammas
715 2761 1026 2816 properare
1060 2744 1212 2798 Pado
1241 2744 1483 2797 ducente
1507 2759 1757 2798 voraces.

326 2835 484 2888 Tunc
514 2850 621 2904 ego
655 2833 895 2888 ferventi
925 2849 1214 2904 germanae
1243 2837 1455 2886 tractus
1478 2848 1692 2899 amore,

334 2923 438 2977 Cui
460 2927 656 2977 natum
680 2924 868 2977 Parca).
904 2922 1225 2976 demessum
1257 2921 1461 2992 pollice
1498 2921 1623 2975 diro

325 3013 705 3080 Sustulerant,
738 3011 1083 3082 viduamque
1106 3011 1344 3065 domum
1378 3013 1673 3064 constante
1698 3009 1904 3064 marito

323 3101 680 3167 Reddebant,
710 3098 732 3134 δ
763 3101 921 3155 urbis
954 3101 1179 3170 peperit
1202 3116 1331 3171 qua:
1362 3115 1590 3169 semper
1612 3100 1841 3153 Averni.

326 3192 479 3244 Hanc
495 3203 557 3244 ut
587 3191 803 3243 solarer
826 3191 912 3243 vel
943 3190 1112 3242 vitam
1147 3191 1390 3259 prodere
1418 3188 1552 3259 legi.

323 3281 611 3349 Regnator
643 3278 915 3348 Ligurum
956 3278 1264 3331 fluviorum
1286 3277 1571 3331 maximus
1602 3276 1700 3330 ille

324 3368 439 3423 Sub
461 3367 997 3438 jugartransmissus
1028 3367 1243 3437 gemuit
1272 3366 1373 3419 sub
1397 3367 1653 3436 pondere
1683 3365 1920 3437 cymbae.

323 3456 620 3524 Intumuit,
651 3472 963 3527 rursusque
980 3456 1164 3508 minas
1182 3455 1463 3525 flatusque
1485 3454 1720 3523 remisit,

326 3545 549 3616 Quique
580 3544 744 3615 polos
778 3543 927 3611 vicit,
970 3545 1077 3598 soli
1110 3544 1252 3597 mihi
1287 3544 1485 3597 cedere
1504 3543 1719 3614 jussus.

326 3635 416 3690 Sic
445 3634 629 3705 pietas
658 3635 942 3687 elementa
977 3633 1194 3700 domat,
1228 3632 1308 3686 sic
1336 3637 1539 3686 cuncta
1570 3636 1794 3688 coercet

325 3723 497 3794 Cujus
517 3727 679 3793 grata
705 3723 818 3777 Deo
850 3722 1033 3776 tenuit
1062 3722 1351 3776 miseratio
1383 3726 1659 3775 mentem.

326 3815 462 3867 Ecce
494 3813 704 3866 iterum
742 3812 981 3865 madidis
1015 3816 1306 3866 contectus
1340 3811 1586 3865 nubibus
1621 3811 1804 3866 aether

326 3903 521 3957 Hausit
541 3919 739 3974 aquas,
775 3902 982 3973 quibus
1006 3918 1175 3956 omne
1192 3917 1362 3955 ruens
1378 3900 1479 3954 sub
1490 3906 1776 3973 mergeret
1794 3917 2017 3959 arvum.

324 3994 451 4047 Non
468 3992 592 4047 coeli
623 3992 827 4046 faciem
856 3991 1146 4062 conspexit
1180 3991 1455 4061 naufraga
1480 3991 1670 4059 tellus,

324 4083 392 4136 Et
421 4082 596 4136 stellis
627 4081 812 4135 viduae
840 4081 1166 4135 micuerunt
1197 4081 1322 4134 dira
1350 4081 1622 4135 tenebrae.

325 4171 544 4225 Erravit
564 4170 734 4241 piscis
766 4171 860 4224 sed
890 4186 1003 4224 non
1031 4169 1363 4242 captivusin
1394 4170 1562 4238 mdes,

326 4260 389 4313 Et
416 4259 664 4330 populus
697 4258 857 4313 ﬂuvii
885 4274 989 4330 per
1020 4275 1245 4313 mensas
1266 4258 1508 4313 lambuit
1538 4273 1744 4313 escam.

326 4348 587 4403 Evomuit
614 4348 852 4419 pelagus
882 4348 1185 4402 hominum
1205 4348 1499 4417 penetrale
1531 4346 1904 4417 profundum,

326 4438 572 4493 Humida
598 4438 931 4508 pulveribus
962 4438 1292 4490 clauserunt
1318 4452 1551 4506 aequora
1585 4452 1837 4506 campos.

324 4527 661 4581 Perfunctus
689 4526 892 4597 primis
923 4527 1170 4581 recidiva
1187 4527 1443 4595 pericula
1472 4526 1605 4579 vidi.

325 4617 423 4669 llle
452 4615 840 4686 triumphator
869 4616 980 4669 tiro
1015 4616 1083 4669 ad
1112 4615 1426 4669 certamina
1454 4614 1621 4669 Nerei

327 4703 553 4775 Frigida
581 4720 683 4774 per
712 4704 962 4775 liquidas
982 4706 1279 4775 gestabam
1312 4709 1545 4775 pectora
1574 4704 1860 4776 lymphas,

401 4850 415 4883 ί
453 4850 828 4903 ltinerarium
874 4847 1044 4919 Padi]
1071 4849 1205 4903 Padi
1252 4864 1463 4903 nomen
1517 4849 1847 4918 argumenti
1901 4847 2020 4903 vice

326 4920 609 4990 adjectum
683 4926 785 4974 est.
858 4919 1287 4989 Navigationem
1335 4921 1488 4974 enim
1558 4920 1848 4986 describit,
1908 4936 2021 4989 qua

326 4995 603 5046 aestuante
634 4990 785 5044 Pado
810 4992 1056 5061 jactatus
1089 4998 1193 5059 est,
1221 5008 1352 5046 cum
1374 5008 1631 5046 sororem
1656 5007 1820 5045 suam
1852 4993 2019 5045 unico

331 5064 450 5117 tilio
482 5078 668 5133 nuper
690 5063 951 5116 orbatam
993 5062 1165 5116 officii
1196 5080 1362 5116 causa
1401 5063 1692 5116 inviseret.

397 5137 417 5169 ²
448 5134 895 5205 Petrarum‘tege
931 5133 1195 5205 subacta]
1222 5135 1422 5204 Ruptis
1438 5134 1764 5204 aggeribus.
1791 5133 2023 5188 Variant

325 5207 545 5261 codices
579 5222 591 5261 :
617 5223 767 5260 unus
781 5222 1093 5277 parcarum
1112 5206 1272 5275 legit,
1292 5207 1435 5257 alter
1446 5222 1761 5275 parumper
1783 5221 1799 5277 :7
1818 5206 2021 5277 tertius

322 5295 551 5348 parum.
587 5278 693 5333 Sed
727 5277 869 5330 nihil
902 5277 1241 5330 mutandum
1268 5292 1493 5343 censeo,
1519 5282 1616 5329 aut
1644 5276 1847 5348 siquid
1895 5293 2021 5329 mu-

324 5346 586 5416 tandum,
625 5348 889 5419 riparum
940 5364 1003 5401 ex
1028 5349 1200 5415 tertii,
1262 5348 1367 5400 hoc
1407 5354 1494 5419 est
1532 5346 1789 5399 Vaticani
1828 5363 2018 5401 exem-

327 5420 505 5488 plaris
534 5417 787 5488 vestigiis
821 5419 1125 5488 legendum
1164 5435 1174 5471 :
1224 5423 1289 5471 ut
1330 5417 1510 5488 epigr.
1563 5419 1677 5471 133.
1725 5419 1836 5472 Hoc
1866 5420 2021 5473 enim

326 5492 446 5543 vult
477 5490 628 5559 quod
663 5490 930 5560 Virgilius
961 5490 1057 5545 lib.
1095 5506 1131 5544 ιι
1156 5490 1421 5543 Αῐηθὶἀοδ
1464 5505 1475 5542 :

453 5576 670 5649 gon‘sic
695 5578 976 5649 aggeribus
998 5578 1173 5649 ruptis
1186 5591 1316 5649 cum
1342 5590 1592 5649 spumeus
1617 5578 1788 5626 amnis

454 5639 614 5699 Exiit,
644 5639 1017 5705 oppositasque
1044 5639 1203 5691 evicit
1230 5639 1436 5705 gurgite
1466 5639 1648 5689 moles.

1536 291 1819 348 ENNODII
1864 291 2178 350 EPISCOPI
2215 290 2601 348 TICINENSIS
3726 290 3826 344 3l6

2061 431 2107 486 Α
2136 431 2249 485 Nec
2267 429 2426 484 siccis
2452 427 2631 484 oculis
2660 424 2883 498 respexi
2915 424 3218 481 marmoris
3247 424 3379 480 iras.

2134 521 2276 576 Cum
2306 519 2495 575 subito
2513 518 2852 588 absorptum
2882 516 3024 571 vidit
3052 520 3216 570 vetus
3238 516 3429 571 accola
3451 519 3719 588 pontum,

2132 609 2279 665 Risit
2297 614 2354 664 et
2381 608 2588 680 objecti
2616 606 2888 661 restantia
2922 605 3086 677 signa
3112 604 3360 675 pavoris.

2133 700 2282 754 Ditia
2315 698 2591 771 permixto
2613 696 2909 768 fulgebant
2938 710 3070 749 arva
3100 694 3332 748 metallo
3367 708 3381 747 :

2132 789 2410 843 Eridanus
2439 786 2606 842 claris
2632 786 2893 841 radiabat
2911 789 3177 855 comptus
3203 781 3415 837 arenis.

2130 879 2330 933 Navita
2364 894 2452 932 me
2486 878 2649 932 laetus
2680 875 2925 945 suscepit
2956 875 3221 945 protinus
3250 872 3406 939 alno,

2130 968 2362 1024 Sarcina
2384 968 2475 1022 cui
2496 967 2633 1022 felix
2666 967 2885 1021 dudum
2916 967 3275 1019 concesserat
3310 977 3502 1015 omen.

2130 1057 2398 1112 Indoctus
2429 1058 2648 1111 clavum
2674 1054 2817 1110 rexit
2838 1055 2907 1109 de
2940 1053 3191 1125 pondere
3223 1054 3397 1107 tutus.

2131 1148 2198 1201 Et
2226 1163 2317 1201 me
2348 1146 2579 1214 festivis,
2611 1143 2837 1199 Christo
2870 1144 3033 1209 duce,
3068 1142 3306 1214 pertulit
3335 1139 3471 1196 oris.

2939 1233 3023 1285 VI.

2130 1324 2381 1382 “DICTIO
2422 1315 2695 1379 ENNODII
2744 1337 3005 1378 DIACONI
3052 1335 3310 1384 QUANDO
3358 1334 3532 1374 ROMA
3580 1330 3829 1371 REDIII‘.

2200 1415 2399 1469 Amica
2419 1418 2503 1468 est
2534 1412 2755 1467 homini
2793 1412 2861 1465 ad
2881 1411 3129 1482 genitale
3145 1411 3331 1463 solum
3352 1406 3661 1462 revertenti
3680 1421 3835 1459 sem-

2129 1517 2232 1572 per
2263 1500 2544 1569 hilaritas,
2579 1501 2716 1555 dum
2748 1504 2936 1555 metus
2965 1515 3339 1572 quoscunque
3363 1497 3413 1552 ei
3436 1494 3835 1567 peregrinanti

2130 1608 2292 1646 mens
2323 1591 2491 1645 anxia
2521 1590 2765 1661 peperit,
2783 1593 2944 1661 quasi
2967 1590 3283 1660 praefinitos
3308 1592 3365 1642 et
3394 1587 3534 1641 coelo
3555 1590 3833 1657 gravante

2134 1680 2441 1752 dispositos
2472 1697 2529 1735 se
2566 1680 2807 1735 evasisse
2840 1680 3095 1733 conﬁdit.
3136 1678 3385 1732 Debetur
3415 1692 3550 1747 ergo
3598 1691 3705 1729 vox
3740 1690 3835 1727 se-

2134 1786 2270 1825 rena
2326 1770 2555 1836 laetitiae,
2618 1786 2689 1823 ne
2748 1773 2907 1824 muta
2958 1768 3168 1839 gaudia
3208 1766 3469 1821 mreroris
3517 1764 3834 1835 imaginem

2133 1860 2467 1915 sortiantur.
2507 1860 2611 1914 Cui
2633 1858 2785 1911 enim
2819 1861 3010 1929 pateat
3043 1857 3376 1911 exsultantis
3436 1854 3617 1909 animi
3646 1869 3835 1909 secre-

2132 1954 2278 2015 tum,
2307 1949 2546 2001 nisioris
2572 1947 2724 2004 clave
2758 1951 3075 2001 reseratum
3100 1946 3126 1999 ‘?
3160 1947 3275 2000 Red
3288 1961 3416 1999 uces
3440 1944 3617 1998 etiam
3630 1958 3839 2013 cycnos

2134 2038 2458 2093 alisludere
2486 2040 2825 2092 Mantuanus
2870 2035 3130 2089 asseruit.
3193 2034 3338 2099 Quid
3399 2030 3840 2104 ego,faciamin

2134 2128 2323 2183 medio
2356 2127 2744 2198 deprehensus
2797 2125 3069 2195 abrupto,
3119 2123 3219 2195 qui
3268 2128 3324 2177 et
3385 2121 3671 2192 regressui
3704 2136 3838 2174 meo

2134 2217 2312 2272 debeo
2343 2216 2565 2271 dicendi
2588 2214 2783 2282 ﬁdem,
2825 2219 2881 2269 et
2911 2213 3199 2285 proposito
3257 2212 3479 2267 tacendi
3535 2210 3842 2265 necessita-

2132 2306 2285 2361 tem?
2311 2306 2541 2368 Secede,
2577 2321 2790 2376 quaeso,
2829 2304 2897 2358 ad
2952 2307 3182 2373 tempus
3210 2302 3380 2357 ofﬁcii
3411 2316 3651 2355 censura
3699 2315 3835 2369 gra-

2130 2393 2326 2463 vioris,
2380 2408 2677 2465 nunquam
2736 2396 2792 2446 te
2861 2396 3187 2462 opportune
3248 2388 3472 2460 gaudiis
3530 2385 3835 2440 miscuisti.

2133 2484 2551 2555 Prophetarum
2582 2480 2961 2552 insignissimi
2987 2481 3091 2535 sub
3126 2480 3311 2551 legem
3335 2493 3601 2531 versuum
3660 2475 3836 2529 verba

2131 2574 2459 2643 redigentes
2492 2572 2743 2626 carmine
2774 2569 3058 2625 desideria
3079 2584 3181 2622 sua
3212 2573 3268 2621 et
3292 2568 3435 2631 vota?
3460 2566 3793 2619 cecinerunt
3819 2580 3831 2618 :

2133 2662 2328 2717 divino
2364 2666 2590 2731 pectora
2622 2656 3181 2725 dedicatacolloquio
3206 2656 3432 2727 plectris
3450 2653 3837 2709 ecclesiastica

2132 2766 2235 2821 per
2264 2750 2507 2821 populos
2526 2749 2658 2819 jura
2688 2747 3024 2801 diviserunt.
3048 2746 3160 2800 Cur
3190 2761 3295 2815 ego
3321 2744 3378 2797 in
3409 2742 3626 2796 ordinis
3645 2746 3835 2795 etme-

2132 2839 2228 2893 riti
2262 2838 2607 2892 constitutus
2656 2836 2901 2890 infantia
2958 2834 3221 2889 aemulari
3269 2847 3626 2886 summorum
3687 2830 3836 2883 facta

2132 2944 2248 2982 non
2294 2927 2576 2991 studeam,
2634 2926 2880 2980 maxime
2939 2939 3069 2977 cum
3122 2922 3395 2976 narrandi
3450 2918 3828 2972 simulacrum

2064 3040 2104 3096 ο
2137 3017 2332 3072 altaris
2356 3016 2601 3070 militem
2632 3015 2698 3068 ad
2732 3013 3068 3084 excipienda
3097 3027 3226 3082 quae
3258 3017 3457 3063 contra
3489 3008 3661 3061 fidem
3697 3022 3838 3061 eve-

2129 3106 2297 3162 niunt
2326 3106 2475 3160 bella
2503 3102 2878 3158 corroboret?
2920 3103 3031 3156 Nec
3090 3100 3367 3155 dubitabo
3426 3097 3612 3152 dicere
3675 3095 3837 3166 quod

2125 3195 2399 3267 praesenti
2429 3193 2942 3263 constatexemplo.
2962 3189 3412 3259 Didicimusjam
3446 3202 3560 3257 quo
3594 3184 3836 3239 turbine

2126 3302 2231 3356 pro
2259 3299 2455 3337 amore
2489 3283 2623 3337 fidei
2658 3283 2819 3336 basta
2846 3280 3111 3351 jacienda
3139 3278 3233 3346 sit,
3265 3293 3453 3348 neque
3492 3291 3596 3329 nos
3648 3274 3835 3328 virtu-

2127 3374 2199 3427 tis
2226 3372 2409 3444 pretio
2442 3373 2528 3426 vel
2562 3370 2745 3425 titulis
2780 3367 3085 3423 mediocris
3117 3366 3416 3421 conﬂictus
3446 3362 3704 3417 elevavit.
3729 3364 3837 3416 Di-

2128 3477 2252 3515 cam
2279 3477 2414 3531 ergo
2440 3460 2621 3513 libens
2654 3458 2868 3512 musico
2921 3456 3066 3527 stylo
3111 3454 3321 3526 gaudia
3369 3468 3531 3506 mea:
3581 3465 3836 3521 quorum

2125 3550 2535 3621 perfectionem
2559 3548 2823 3601 maximis
2869 3545 3145 3617 promitto
3199 3560 3308 3609 me,
3341 3544 3455 3596 Deo
3509 3540 3833 3605 adnitente,

2127 3638 2342 3709 eloquii
2374 3636 2579 3691 litteris
2612 3636 3034 3690 nuntiaturum.
3070 3633 3387 3687 Pulsabunt
3418 3646 3507 3684 me
3530 3629 3836 3682 oblatran-

2126 3728 2270 3782 tium
2306 3743 2523 3781 venena
2571 3726 2925 3796 linguarum,
2959 3724 3053 3777 sed
3082 3719 3449 3793 professionis
3503 3722 3559 3771 et
3606 3714 3835 3785 ingenii

2127 3816 2406 3871 exercitiis
2435 3814 2757 3886 aggregabo
2804 3812 3084 3884 quidquid
3136 3815 3332 3863 contra
3374 3806 3618 3861 accusati
3659 3804 3836 3857 meri-

2127 3910 2250 3961 tum
2283 3905 2617 3959 maledictor
2648 3902 2970 3973 ingesserit.
3009 3902 3150 3954 Usus
3173 3899 3277 3952 iste
3306 3902 3389 3951 est
3422 3897 3566 3950 bene
3591 3895 3834 3948 nitentis

2128 3994 2506 4061 conscientiae,
2542 3991 2831 4062 opinionis
2869 3990 3290 4060 lucrojungere
3312 4000 3536 4040 morsus
3581 3982 3829 4037 aemulo-

2126 4100 2278 4152 rum,
2303 4089 2358 4138 et
2384 4084 2548 4137 famm
2580 4080 2916 4151 compendia
2956 4080 3025 4134 de
3062 4077 3278 4131 invidia
3346 4073 3636 4144 aucupari.
3684 4072 3832 4125 Male

2127 4174 2390 4245 pertinax
2412 4173 2551 4227 dens
2584 4171 2779 4225 livoris
2825 4170 3169 4240 infringere;
3205 4172 3259 4221 et
3304 4165 3403 4237 qui
3445 4161 3833 4218 oblocutionis

2127 4264 2393 4318 fomitem
2430 4263 2497 4317 de
2530 4263 2649 4316 loco
2682 4259 2879 4331 gloriae
2907 4259 3136 4331 quzeris,
3171 4257 3517 4310 obmutesce.
3544 4252 3639 4306 Dic
3671 4251 3834 4305 unde

2060 4348 2100 4400 U
2130 4353 2350 4407 fructus
2402 4352 2625 4406 eveniat
2674 4348 2909 4414 meritis,
2961 4346 3323 4418 sijactantiaz
3384 4344 3619 4413 deputas
3674 4338 3835 4410 quod

2128 4442 2319 4496 sudori
2351 4448 2544 4494 nostro
2574 4441 2880 4510 placemus.
2916 4438 3099 4491 Labor
3125 4441 3208 4490 est
3238 4433 3555 4503 disciplinae
3584 4429 3834 4494 amicus,

2129 4537 2185 4584 et
2206 4531 2475 4601 religioni
2520 4529 2768 4601 quadam
2807 4526 3151 4598 cognatione
3203 4524 3466 4577 sociatus.
3530 4520 3695 4572 Velut
3716 4518 3839 4571 uda

2130 4620 2511 4689 praesegmina
2528 4615 2846 4687 peregrinis
2860 4615 3130 4669 maritata
3150 4612 3445 4667 fomitibus
3467 4608 3833 4662 nobilitatem

2128 4707 2417 4761 fructuum
2477 4706 2649 4759 ramis
2701 4705 2979 4771 tribuant,
3051 4717 3225 4773 quam
3300 4697 3685 4770 parturientia
3731 4696 3836 4749 diu

2200 4850 2222 4883 ³
2262 4848 2437 4904 Urbis
2465 4847 2701 4917 Averni]
2747 4849 2829 4902 Ita
2860 4841 3540 4917 omnes,fortasseurnis,_
3564 4845 3837 4917 uturnas

2127 4922 2335 4974 Averni
2370 4921 2518 4974 dicat
2564 4910 2735 4973 urnas
2787 4910 3152 4989 sepulcrales,
3202 4931 3458 4989 sororem
3500 4910 3839 4989 significans

2129 4993 2269 5045 alios
2303 4992 2535 5058 quidem
2572 4998 2737 5045 antea
2762 4983 2970 5044 liberos
3001 4988 3316 5049 sustulisse,
3353 4986 3451 5038 sed
3478 4985 3603 5036 vita:
3642 4983 3838 5035 brevis

2131 5079 2330 5117 omnes
2365 5069 2534 5133 atque
2568 5065 2877 5116 immatura
2905 5066 2960 5113 et
2992 5060 3195 5133 acerba
3223 5063 3407 5133 morte
3440 5062 3664 5133 raptos.
3740 5123 3774 5133 υ

2200 5139 2221 5171 ⁴
2253 5124 2534 5189 Dionem
2563 5134 2803 5187 reditum
2834 5149 2902 5186 ea:
2940 5130 3103 5202 Urbe]
3137 5131 3275 5182 Huic
3293 5128 3673 5202 poematimet
3704 5124 3838 5177 aliis

2130 5207 2419 5258 nonnullis
2439 5205 2803 5273 praefationes
2842 5204 3031 5256 soluta
3080 5198 3338 5255 oratione
3398 5198 3833 5273 praztigunturg

2130 5292 2256 5345 quae
2283 5277 2409 5328 licet
2442 5266 2759 5329 'interdum
2809 5275 3098 5344 longiores
3158 5274 3289 5337 sint,
3345 5266 3479 5345 quia
3512 5274 3704 5321 tamen
3759 5266 3837 5344 ad

2130 5343 2391 5417 poemata
2423 5347 2750 5400 referuntur
2780 5347 2838 5399 in
2868 5343 3067 5399 eurum
3127 5346 3313 5413 potius
3362 5343 3598 5417 classem
3656 5343 3844 5417 conji-

2129 5409 2657 5471 ciendasduximus.
2712 5417 2977 5471 Reditum
2997 5409 3183 5470 autem
3235 5432 3300 5467 ex
3352 5412 3491 5465 urbe
3541 5409 3839 5474 describit,

2131 5490 2358 5560 quando
2414 5494 2541 5559 post
2597 5490 2883 5560 synodum
2921 5490 3236 5559 palmareni
3295 5490 3350 5538 et
3392 5480 3838 5553 Apologeticum

2130 5576 2423 5632 regressus
2456 5565 2559 5613 est.
