4060 6174
169 323 245 374 3t?
1312 352 1313 355 η
1547 321 1914 381 CARMINUM
1954 324 2084 381 LIB.
2128 328 2170 381 l.
3508 333 3611 387 318

166 452 369 509 nesciere
394 451 713 522 plantaria:
749 451 829 506 ita
882 451 1111 507 dotatus
1144 452 1474 509 liberalibus
1524 454 1803 510 institutis
1839 457 1886 513 A

163 544 282 598 bona
316 545 555 595 mentem
586 556 723 593 cura
754 541 1047 611 gravidam
1082 542 1153 597 ad
1183 558 1340 614 spem
1374 545 1651 615 germinis
1682 561 1806 599 me-

165 632 289 687 lioris
330 629 541 683 attollit.
596 629 894 684 Pelluntur
940 630 1134 685 animo
1183 632 1554 688 consiliorum
1620 636 1809 690 toxica

160 720 382 776 humanis
433 724 755 789 praeparata
810 719 1063 785 necibus,
1122 720 1330 775 humor
1378 722 1529 777 succi
1582 723 1809 779 lethalis

160 812 395 875 aboletur,
430 808 694 880 quotiens
722 809 1545 881 hujusmodioccupationibus
1574 812 1809 884 ingenia

162 918 205 954 se
230 899 561 953 submittunt.
599 899 740 952 Hinc
776 900 845 953 ad
894 899 1133 954 clariora
1177 901 1631 973 digredientibus
1664 903 1807 958 divi-

163 1005 326 1045 norum
354 993 651 1058 patescunt
681 992 898 1042 secreta
938 990 1255 1045 librorum:
1292 1007 1537 1061 quorum
1568 992 1809 1062 januam

165 1094 300 1134 sensu
327 1077 585 1147 pulsante
604 1078 739 1131 dum
761 1083 994 1145 reserat,
1029 1079 1258 1150 populis
1288 1096 1346 1135 se
1373 1081 1515 1134 duce
1546 1081 1806 1151 pervium

160 1169 261 1223 facit
288 1167 384 1220 iter
431 1166 781 1235 ignoratum,
835 1168 973 1221 dum
1004 1168 1326 1222 fastidiosos
1352 1170 1569 1241 eloquii
1610 1172 1808 1241 splen-

160 1258 281 1321 dore,
315 1270 515 1324 parum
546 1254 739 1308 doctos
768 1254 1040 1309 fabricata
1072 1256 1394 1325 Latinitate,
1428 1261 1502 1325 et,
1538 1261 1597 1310 ut
1624 1257 1805 1328 aiunt,

160 1345 324 1399 artiﬁci
354 1343 667 1397 rusticitate
710 1344 989 1414 perducit.
1042 1345 1177 1409 Quis
1226 1346 1399 1400 talem
1449 1346 1647 1399 salutis
1690 1363 1807 1401 non

161 1435 322 1503 diligat
352 1432 620 1496 indicem,
648 1449 765 1486 non
793 1438 1083 1503 sequatur,
1118 1435 1218 1505 qui
1257 1435 1587 1489 necessariis
1618 1436 1806 1490 dulcia

157 1522 372 1579 dulcibus
413 1538 610 1575 severa
658 1522 949 1576 miscendo
1001 1539 1194 1579 amare
1241 1524 1371 1577 vita!
1417 1526 1703 1595 dogmata,
1753 1528 1809 1579 et

158 1613 267 1665 velle
296 1612 442 1681 cogit
473 1611 679 1664 invitos
700 1612 726 1664 ‘?
761 1612 867 1666 Sed
907 1611 1072 1665 istinc
1103 1612 1241 1665 alias
1273 1612 1443 1683 coepti
1474 1612 1804 1683 complean-

155 1706 220 1754 tur
244 1700 462 1753 honesta
496 1704 622 1753 vota
664 1700 963 1770 propositi.
999 1701 1161 1771 Apud
1196 1701 1438 1755 scientes
1479 1717 1672 1755 rerum
1716 1700 1806 1754 lo-
1846 1739 1886 1794 Β

153 1792 374 1860 quimur:
420 1805 515 1843 res
556 1789 781 1843 virtutis
832 1795 934 1855 est,
991 1790 1267 1859 gaudium
1329 1790 1664 1857 continere;
1714 1806 1801 1843 se-

151 1878 309 1932 cundm
340 1878 655 1949 diligentiae
683 1895 787 1949 per
816 1880 1167 1933 elaboratum
1189 1882 1473 1933 tramitem
1499 1879 1803 1934 luculentas

152 1968 371 2021 dictionis
408 1969 755 2021 ostendere:
792 1969 960 2022 hodie
992 1970 1257 2037 maxime,
1301 1985 1430 2023 cum
1463 1968 1577 2023 mei
1616 1969 1803 2040 portio

150 2056 285 2109 limen
312 2056 570 2127 ingressa
596 2058 880 2111 facundia
912 2058 1009 2111 dat
1032 2059 1255 2128 parenti
1289 2058 1668 2112 exsultatione
1690 2058 1805 2112 elo-

150 2145 392 2214 quentiam
440 2162 621 2216 quam
653 2152 827 2215 negat
876 2146 1199 2216 ingenium,
1242 2162 1375 2200 cum
1407 2147 1585 2200 donat
1636 2162 1807 2200 causa

153 2235 265 2303 quod
314 2240 520 2287 natura
561 2251 679 2288 non
726 2236 1013 2305 praestitit.
1060 2236 1233 2290 Macte
1265 2236 1580 2304 insignium
1612 2236 1807 2289 adole-

151 2340 274 2375 scens
301 2324 602 2391 virtutum,
632 2326 731 2395 qui
763 2326 819 2379 in
838 2342 978 2379 cano
1003 2328 1139 2379 llore
1169 2341 1473 2397 pomorum
1497 2341 1805 2379 numerum

152 2418 402 2466 monstras.
438 2414 552 2465 Das
595 2414 806 2484 pellere
837 2415 1159 2467 afﬂictionis
1192 2416 1454 2485 glaciem,
1488 2418 1542 2468 et
1577 2415 1645 2467 ad
1675 2429 1805 2467 ver-

152 2518 256 2555 num
285 2518 366 2556 me
413 2502 686 2556 dictionis
734 2503 958 2556 invitas.
1003 2506 1141 2558 Nam
1175 2504 1312 2558 dum
1342 2504 1490 2574 quod
1537 2508 1600 2557 tu
1633 2503 1805 2558 debes

150 2589 329 2655 studiis,
360 2606 463 2660 ego
501 2591 779 2659 impendo
811 2592 1047 2655 laetitiae,
1080 2597 1217 2662 puto
1249 2593 1419 2645 ambo
1447 2592 1800 2662 proficimus.

147 2676 303 2732 Simile
330 2685 411 2733 est
442 2680 631 2742 enim,
664 2681 866 2734 rudem
894 2680 1212 2743 instituere,
1240 2686 1297 2735 et
1325 2682 1393 2735 ad
1426 2682 1802 2736 declamatio-

144 2768 211 2820 nis
234 2769 479 2824 allectum
509 2786 780 2824 revocare
817 2773 935 2838 jam
974 2770 1246 2825 desidem.

252 2949 369 3001 Post
399 2965 576 3003 canas
621 2948 864 3015 hiemes,
898 2950 1074 3020 gelidi
1106 2954 1232 3020 post
1269 2949 1479 3003 damna
1508 2950 1802 3021 profundi,

309 3040 719 3110 Tranquillum
753 3040 1015 3110 quotiens
1048 3040 1234 3094 navita
1264 3040 1446 3110 carpit
1476 3039 1608 3109 iter,

249 3128 448 3191 atteret,
484 3134 546 3183 et
572 3129 735 3183 infidi
769 3130 1033 3202 desperat
1065 3146 1335 3201 prospera
1363 3128 1551 3199 ponti,

313 3219 615 3289 Quamque
656 3219 813 3273 videt
840 3219 1041 3273 faciem
1074 3234 1189 3273 non
1218 3222 1381 3288 putat
1409 3233 1533 3271 esse
1563 3216 1713 3272 salis.

250 3305 439 3361 Sibilat
471 3324 619 3361 aura
652 3308 809 3374 levis,
841 3308 1056 3362 validas
1084 3308 1252 3361 timet
1277 3306 1372 3359 ille
1406 3307 1683 3375 procellas

315 3396 610 3451 Fluctibus
643 3402 696 3449 et
728 3397 965 3450 blandas
994 3396 1237 3449 mstimat
1271 3411 1391 3447 esse
1424 3394 1628 3448 minas.

249 3483 435 3537 Lintea
468 3486 517 3538 si
554 3485 809 3555 crispant
836 3485 1077 3555 Zephyri
1106 3484 1416 3554 pendentia
1446 3484 1619 3551 malo,

314 3574 373 3626 Et
409 3576 571 3629 dulci
598 3576 749 3628 ludit
778 3574 1017 3645 spiritus
1046 3573 1322 3644 obsequio
1351 3593 1365 3639 ;

248 3662 549 3718 Confusam
585 3664 767 3718 ventis
797 3669 1061 3717 naturam
1093 3664 1331 3734 perdere
1363 3663 1518 3731 leges

306 3754 488 3819 Iurat,
523 3759 585 3807 et
609 3754 913 3824 antiquum
938 3753 1118 3807 credit
1146 3753 1341 3807 adesse
1373 3751 1562 3804 chaos.

247 3843 451 3897 Gaudia
474 3844 561 3896 sic
593 3844 804 3897 tollunt
833 3843 1075 3913 placidis
1104 3841 1434 3896 discrimina
1467 3841 1635 3895 rebus
1660 3857 1673 3907 ;

310 3930 472 3983 Nulla
506 3930 656 3983 fides
689 3931 830 3983 laetis
862 3931 1110 4000 integra,
1141 3944 1247 3983 nec
1279 3929 1487 3982 dubiis.

238 4016 349 4071 Non
380 4021 556 4073 aliter
586 4021 761 4073 variis
792 4021 980 4073 tenuit
1011 4036 1156 4090 quos
1186 4020 1365 4073 Roma
1395 4017 1645 4087 periclis,

302 4109 537 4163 Litteris
572 4111 756 4179 optati
785 4110 1033 4164 reddidit
1056 4109 1128 4162 ad
1167 4108 1473 4179 gremium.

240 4195 605 4253 Permulcent
634 4199 821 4269 pelagi
846 4214 1061 4252 numen
1088 4196 1413 4251 venerabile
1443 4200 1636 4261 cantu,

301 4289 575 4341 Anchora
603 4288 757 4358 quod
780 4288 1079 4358 proprium
1106 4286 1329 4340 mordet
1346 4285 1570 4337 obunca
1590 4284 1796 4338 solum.

244 4373 495 4430 Flemina
529 4377 630 4430 sed
657 4378 815 4429 lassis
844 4382 1106 4430 tenerum
1139 4374 1356 4428 factura
1387 4387 1652 4442 soporem

304 4466 662 4520 Perturbant
693 4472 940 4519 mentem
976 4464 1171 4517 militis
1207 4462 1475 4533 requerei.

239 4554 399 4607 Arma
432 4555 583 4609 ratis
615 4555 851 4623 subigit,
875 4569 1065 4607 remos
1091 4558 1148 4606 et
1178 4552 1353 4605 lintea
1379 4552 1596 4603 vibrat:

302 4643 391 4697 Sic
422 4659 598 4698 mens
631 4643 1000 4713 naufragium
1034 4639 1382 4711 suspicionis
1412 4640 1602 4705 habet,

244 4731 519 4786 Adveniat
556 4732 719 4785 siccis
751 4733 845 4802 qui
878 4731 1085 4802 pressit
1129 4730 1337 4784 crerula
1371 4728 1620 4798 plantis:

307 4822 451 4875 Nam
488 4826 692 4892 portus
714 4821 845 4874 felix
876 4820 973 4874 ille
1009 4819 1207 4873 salutis
1239 4819 1367 4872 erit.

241 4908 337 4971 Qui
368 4911 573 4964 latices
603 4910 1057 4979 vinxit'jundens
1089 4908 1147 4963 iu
1180 4908 1387 4978 pocula
1430 4922 1656 4976 saxum,

302 4999 408 5063 Qui
441 5000 668 5069 lapides
695 4998 882 5068 solvit,
918 4999 1018 5070 qui
1047 4997 1311 5052 solidavit
1337 5013 1533 5067 aquas.

235 5086 405 5150 Quem
432 5090 694 5159 genitrix
721 5089 871 5143 fudit
898 5089 1075 5143 saeclis
1107 5088 1229 5141 sine
1262 5086 1481 5141 semine
1519 5086 1655 5152 feta,

176 5211 411 5269 ‘Tristia
454 5215 547 5267 nil
589 5213 827 5285 capiunt
871 5221 1104 5284 pectora
1146 5211 1476 5282 versiloqui]
1516 5212 1782 5266 Sidonius

121 5277 412 5364 Lampridio
455 5288 637 5341 Nosti
662 5277 850 5366 'probe
872 5277 1146 5366 itast-ilium.
1161 5277 1504 5366 poetarum,
1536 5302 1579 5366 .q
1588 5300 1797 5366 uorum

123 5355 183 5427 fit:
197 5358 418 5426 ingenia
441 5355 804 5421 maeroribus,
824 5363 884 5410 ut
903 5356 1170 5427 pisciculi
1192 5357 1406 5411 retibus
1422 5355 1799 5427 amiciuniur.

124 5423 491 5497 Versiluquum
534 5437 725 5499 itaque
759 5423 921 5481 vocat
959 5445 1073 5481 non
1107 5430 1329 5481 vafrum
1365 5432 1462 5481 aut
1496 5426 1801 5481 versutilo—

125 5508 292 5570 1u_uu1,
326 5501 419 5551 sed
454 5508 683 5569 poetam
714 5501 812 5570 qui
842 5517 1035 5553 versus
1067 5502 1285 5569 pangit.

178 5568 319 5642 [ΑΔ
356 5568 667 5642 Faustum]
696 5568 1001 5625 Occasione
1034 5568 1300 5625 carminis
1323 5570 1619 5639 cujusdam
1645 5572 1800 5639 quod

127 5652 151 5713 χι
191 5638 381 5713 Fausto
416 5638 741 5708 acceperat,
795 5643 1075 5713 poeticam
1106 5643 1228 5711 ejus
1278 5638 1607 5696 facultatem
1641 5641 1801 5695 miris

130 5706 363 5767 laudibus
386 5706 635 5769 extollit.
672 5706 1039 5778 Quo'scilicct
1068 5706 1310 5768 Ennodii
1341 5714 1627 5784 praeconio
1674 5728 1801 5781 per-

2120 459 2206 513 Ad
2240 463 2487 514 matrem
2511 458 2765 531 jungens
2791 460 3134 533 virginitatis
3165 476 3329 516 onus.

2058 548 2167 613 Qui
2201 554 2447 603 mortem
2490 549 2739 621 propriae
2784 552 3079 619 superavit
3108 567 3349 606 munere
3380 551 3604 620 mortis,

2129 638 2277 692 Dans
2307 640 2482 693 vitam
2512 640 2753 706 mundo,
2782 640 2984 693 funere
3017 656 3189 710 quem
3218 641 3461 712 peperit.

2056 727 2156 782 Ille
2184 743 2288 797 per
2322 729 2606 782 excelsum
2636 729 2825 783 videat
2854 744 2945 783 me
2978 730 3171 784 dexter
3200 730 3531 801 Olympum.

2125 817 2281 870 Tunc
2303 818 2548 887 patriam
2588 822 2838 884 teneam,
2866 823 3004 872 tunc
3028 819 3288 873 stationis
3321 836 3511 889 opem.

2058 906 2263 961 Nubila
2288 908 2459 961 laxati
2494 914 2723 961 verrant
2752 908 2884 962 licet
2912 925 3147 979 aequora
3175 909 3355 975 venti,

2130 995 2417 1049 Rimosam
2452 996 2692 1067 puppim
2725 997 2805 1049 nil
2838 998 3096 1051 nocitura
3124 1002 3349 1068 petunt.

2059 1084 2257 1139 Dulcia
2277 1085 2602 1155 compositis
2624 1086 2878 1156 quatiam
2900 1088 3031 1139 tunc
3052 1091 3325 1157 tympana
3347 1085 3605 1140 chordis:

2130 1174 2388 1227 Floribus
2420 1180 2477 1227 et
2498 1174 2734 1243 pingam
2765 1175 3021 1228 carmina
3052 1182 3243 1231 nostra
3276 1174 3465 1230 novis.

2059 1264 2128 1317 Ut
2155 1263 2355 1330 fatear,
2389 1263 2552 1317 dictis
2582 1269 2804 1317 constat
2825 1263 2968 1316 bene
2991 1263 3175 1316 dicere
3207 1265 3398 1317 laetum
3423 1280 3437 1330 ;

2131 1353 2150 1389 ί
2186 1352 2392 1406 Tristia
2414 1354 2491 1405 nil
2523 1353 2756 1422 capiunt
2785 1358 3013 1422 pectora
3043 1352 3372 1421 versiloqui.

2058 1439 2165 1494 Sed
2200 1441 2393 1493 redeat
2422 1457 2681 1508 vernum,
2733 1446 2911 1495 cesset
2936 1441 3056 1511 jam
3107 1440 3314 1494 bruma
3348 1437 3608 1493 timoris:

2128 1529 2400 1599 Stringite
2430 1546 2557 1600 quae
2588 1535 2821 1584 neetant
2852 1530 3092 1583 frondea
3123 1534 3271 1582 serta
3303 1544 3513 1582 comas.

2057 1618 2292 1672 Cantem
2339 1635 2465 1689 qum
2498 1619 2714 1685 solitus,
2748 1620 2885 1673 dum
2918 1619 3144 1689 plebem
3188 1622 3449 1687 pasceret
3485 1632 3604 1683 ore,

2131 1708 2464 1761 Ambrosius
2498 1714 2652 1762 vates
2682 1709 2935 1762 carmina
2965 1708 3205 1778 pulchra
3235 1706 3415 1777 loqui.

2714 1798 2828 1851 Vll.

2165 1901 2241 1940 AD
2279 1885 2303 1921 ³
2337 1901 2631 1942 FAUSTUM
2680 1902 2753 1941 DE
2790 1899 3196 1941 CARMINIBUS
3242 1900 3411 1940 EJUS.

2621 1974 2921 2044 Praefatio.

1984 2062 2099 2118 Nisi
2133 2063 2459 2119 didicissem
2500 2065 2655 2134 quod
2686 2065 2963 2118 serenitas
3006 2062 3369 2117 conscientiae
3400 2065 3606 2117 vestras

1913 2152 2084 2223 hujus
2114 2154 2249 2207 mali
2283 2154 2532 2207 scabiem
2588 2154 2895 2223 abjuraret,
2938 2153 3185 2207 invisum
3219 2151 3361 2207 mihi
3387 2147 3611 2222 eloquii

1914 2241 2057 2295 uber
2088 2248 2424 2297 astruerem.
2468 2245 2722 2297 Facessat
2769 2259 2802 2295 a
2848 2242 3013 2295 bonis
3044 2242 3264 2296 actibus
3305 2256 3397 2295 res
3428 2239 3614 2295 amica

1913 2331 2189 2400 perfidiae.
2225 2333 2305 2385 Me
2338 2338 2530 2386 tamen
2561 2332 2817 2386 nocitum
2849 2332 3069 2385 cautela
3100 2337 3288 2384 vestra
3303 2329 3606 2385 denuntio.

1915 2419 2302 2490 Suspendistis
2328 2422 2603 2475 hactenus
2642 2420 2710 2473 ab
2749 2420 3025 2489 ingenioli
3055 2420 3168 2473 mei
3208 2418 3471 2472 ariditate
3501 2416 3613 2471 im-

1912 2511 2073 2565 brem
2108 2512 2397 2566 fructuum
2431 2512 2799 2565 nutritorem.
2848 2512 2995 2564 Deus
3022 2510 3167 2563 bone
3197 2515 3205 2564 !
3236 2524 3411 2579 quam
3442 2522 3614 2578 pere-

1913 2602 2106 2671 grinas
2140 2602 2200 2655 in
2233 2618 2323 2655 me
2368 2607 2424 2656 et
2467 2618 2533 2655 ex
2588 2601 2761 2654 vestri
2787 2601 2903 2653 oris
2952 2599 3163 2653 divitiis
3194 2598 3501 2669 acquisitas
3531 2596 3615 2651 di-

1913 2690 2075 2743 cendi
2128 2707 2265 2760 opes
2312 2688 2610 2761 intelligo!
2677 2690 2915 2760 Adjacet
2991 2688 3156 2742 dictis
3205 2686 3609 2757 locupletibus,

1914 2784 2192 2849 quantum
2216 2780 2419 2846 sentio,
2453 2779 2821 2848 rubiginosos
2854 2778 3053 2847 lingua
3082 2782 3138 2829 et
3171 2792 3341 2829 sensu
3375 2775 3611 2829 hebetes

1913 2868 2133 2939 peritia:
2165 2869 2298 2921 lima
2326 2884 2689 2937 componere.
2712 2869 2806 2921 Est
2838 2866 2995 2920 vobis
3025 2865 3312 2936 quoddam
3344 2880 3473 2917 cum
3502 2864 3606 2917 ho-

1914 2958 2137 3012 minum
2167 2958 2379 3012 factore
2425 2957 2752 3026 collegium.
2808 2956 2905 3009 llle
2960 2955 3127 3008 ﬁnxit
3171 2970 3237 3007 ex
3280 2952 3489 3019 nihilo,
3515 2968 3611 3005 vos

1914 3047 2191 3116 reparatis
2234 3047 2294 3099 in
2322 3046 2547 3099 melius.
2602 3044 2822 3099 Gratias
2851 3059 2958 3113 ego
3002 3043 3187 3096 refero
3230 3042 3299 3095 de
3344 3043 3609 3110 suscepto

1912 3136 2186 3200 carmine,
2228 3151 2357 3189 cum
2417 3135 2485 3189 de
2539 3135 2715 3188 dilato
2747 3148 3019 3187 mceream
3052 3129 3351 3185 beneﬁcio.
3385 3129 3470 3183 Ad
3509 3128 3612 3183 Ca-

1910 3225 2218 3279 mmualem
2240 3223 2636 3293 ignominiam,
2660 3222 2868 3293 quibus
2891 3236 3188 3291 nunquam
3211 3223 3232 3254 ³
3260 3218 3612 3273 Gluvidenus

1911 3313 2088 3380 deest,
2138 3329 2334 3366 versus
2383 3312 2605 3381 adjeci;
2666 3318 2722 3366 et
2772 3312 3067 3382 perituras,
3116 3313 3178 3362 ut
3230 3307 3447 3361 dictum
3502 3311 3609 3374 est,

1912 3404 2123 3457 charter
2175 3402 2449 3472 prodigus
2480 3417 2595 3454 non
2643 3400 2892 3471 peperci.
2948 3398 3137 3468 Legite
3187 3395 3611 3467 jocunditatem

1912 3496 2137 3546 motura
2161 3496 2446 3561 poemata,
2484 3496 2539 3545 et
2564 3489 2837 3545 familiari
2859 3487 3162 3558 stupenda,
3196 3492 3260 3541 ut
3292 3484 3472 3551 aiunt,
3505 3485 3612 3539 de-

1912 3597 2044 3636 cora
2075 3579 2461 3651 comprimite.

2053 3755 2334 3810 Fluminis
2386 3755 2445 3810 in
2500 3753 2695 3808 medio
2772 3750 3066 3805 succendis
3119 3749 3357 3813 viscera,
3384 3747 3607 3812 Fauste,

2126 3844 2301 3914 Cujus
2336 3843 2437 3896 alit
2464 3856 2734 3912 magnam
2765 3838 3036 3894 carminis
3066 3837 3222 3890 unda
3253 3836 3429 3890 sitim.

2052 3933 2188 3997 Quis
2215 3933 2359 3986 ferat
2388 3933 2651 3985 ardorem
2690 3930 2945 3995 laticum,
2974 3928 3351 3997 ﬂammasque
3380 3922 3611 3980 ﬂuentis

2123 4022 2403 4091 Cognatas
2438 4022 2585 4073 sicco
2617 4020 2847 4073 sorbeat
2877 4034 2973 4071 ore
3002 4015 3252 4088 potans?

2055 4112 2229 4165 Fonte
2276 4110 2665 4180 vaporiferum
2696 4108 2932 4179 pariunt
2978 4112 3076 4160 tua
3109 4104 3279 4159 verba
3311 4104 3560 4157 calorem
3588 4116 3604 4157 :

2120 4202 2340 4254 zEstuat
2378 4198 2531 4253 unde
2558 4198 2743 4267 jecur,
2779 4197 2985 4268 pocula
3015 4194 3394 4266 prospiciunt.

2054 4288 2274 4357 Ingenii
2304 4287 2561 4359 quisquis
2601 4286 2840 4341 festinus
2873 4285 3057 4339 tendit
3087 4284 3159 4337 ad
3191 4296 3442 4347 amnem,

2124 4379 2244 4432 Non
2274 4383 2430 4449 putet
2457 4378 2817 4447 ambiguum,
2859 4375 2937 4427 sic
2967 4372 3132 4440 bibit,
3163 4376 3226 4425 ut
3257 4371 3430 4435 sitiat,

2052 4466 2267 4520 Nobilis
2298 4468 2581 4521 occultum
2614 4464 2865 4519 condivit
2897 4462 3128 4533 lympha
3159 4475 3443 4530 saporem.

2120 4557 2426 4627 Computat
2455 4558 2511 4609 et
2542 4556 2839 4620 damnum,
2872 4554 2917 4605 si
2949 4551 3142 4606 minus
3172 4549 3306 4603 inde
3333 4548 3535 4602 feram.

2050 4645 2287 4700 Lubrica
2317 4646 2590 4717 Cecropio
2624 4643 2914 4698 conlidens
2940 4642 3140 4711 lingua
3163 4637 3444 4693 cothurno

2119 4736 2186 4789 Ni
2209 4736 2385 4805 jactet
2412 4735 2629 4804 priscos
2656 4732 2955 4786 nobilitate
2989 4744 3170 4783 senes.

2058 4825 2121 4878 In
2150 4828 2410 4878 veterum
2442 4839 2661 4877 morem
2681 4820 2885 4893 pangit
2902 4835 3047 4873 nova
3068 4815 3324 4871 carmina
3346 4815 3609 4883 Faustus,

2123 4913 2231 4977 Qui
2263 4929 2364 4983 per
2402 4912 2673 4971 membra,
2694 4925 2861 4964 suum
2893 4910 3116 4964 desecat
3147 4910 3268 4959 arte
3299 4904 3500 4957 melos.

2051 5002 2251 5057 Coetus
2297 5002 2366 5055 ad
2405 5001 2671 5055 incudem
2702 5000 2874 5054 verba
2920 4998 3257 5053 infabricata
3286 4996 3534 5061 referre;

2121 5091 2386 5162 Quosque
2408 5090 2542 5144 facit
2564 5106 2783 5156 versus,
2816 5095 3014 5161 terque
3037 5094 3353 5161 quaterque
3383 5084 3605 5157 probat.

1913 5214 2050 5269 moti
2081 5216 2281 5268 Petrus
2313 5213 2582 5280 Crinitus,
2603 5219 2659 5267 et
2682 5212 2858 5267 Lilius
2882 5213 3144 5268 Giratdus
3164 5213 3433 5265 Faustum
3455 5208 3611 5262 hunc

1909 5287 2059 5339 inter
2102 5286 2350 5338 illustres
2400 5286 2567 5354 hujus
2612 5285 2805 5338 saeculi
2838 5292 3040 5356 poetas
3079 5284 3446 5356 collocarunt.
3493 5280 3609 5332 Ne—

1913 5372 2028 5431 que,
2055 5357 2209 5409 enim
2260 5356 2395 5422 ulla,
2449 5358 2675 5431 opinor,
2702 5353 3125 5431 ejus'carmina
3159 5353 3446 5431 viderant,
3479 5365 3609 5431 qua:

1914 5422 2070 5481 nulla
2110 5432 2331 5481 exstant
2374 5422 2580 5497 praeter
2624 5422 2929 5481 distichum
2972 5425 3121 5495 quod
3159 5422 3447 5478 Ennodius
3482 5422 3611 5492 epi-

1909 5500 2244 5571 grammatis
2276 5499 2390 5552 suis
2425 5499 2667 5553 inseruit
2693 5500 2759 5550 de
2796 5499 2927 5550 vino
2963 5498 3283 5565 Ligustico:

2066 5577 2123 5624 In
2156 5576 2412 5637 Ligurum
2446 5578 2600 5625 terris
2630 5578 2865 5638 potorem
2902 5575 3193 5638 quiuvocat,
3220 5576 3379 5638 errat.

2220 5635 2468 5701 Nunquid
2498 5635 2781 5688 vina—bibit
2805 5635 2930 5686 vina
2955 5636 3145 5685 bibens
3178 5635 3428 5700 Ligurum
3458 5636 3485 5685 ?

1982 5712 2004 5745 ³
2045 5710 2407 5777 Gluvidenus]
2443 5712 2558 5766 Lib.
2597 5728 2647 5778 v,
2681 5710 2845 5780 epist.
2876 5713 2932 5763 8.‘
