  <div class='ocr_page' id='page_1' title='image "/cluster/home/n/w/nwhite01/storage/ocr_20150623/63/hvd.32044073498800/165.png"; bbox 0 0 4060 6174; ppageno 0'>
   <div class='ocr_carea' id='block_1_1' title="bbox 357 283 460 336">
    <p class='ocr_par' dir='ltr' id='par_1_1' title="bbox 357 283 460 336">
     <span class='ocr_line' id='line_1_1' title="bbox 357 283 460 336; baseline -0.029 0"><span class='ocrx_word' id='word_1_1' title='bbox 357 283 460 336; x_wconf 75' lang='lat'><strong>319</strong></span> 
     </span>
    </p>
   </div>
   <div class='ocr_carea' id='block_1_2' title="bbox 499 413 1871 488">
    <p class='ocr_par' dir='ltr' id='par_1_2' title="bbox 499 413 1871 488">
     <span class='ocr_line' id='line_1_2' title="bbox 499 413 1871 488; baseline -0.003 -15"><span class='ocrx_word' id='word_1_2' title='bbox 499 419 648 474; x_wconf 69' lang='lat' dir='ltr'><strong>Etas</strong></span> <span class='ocrx_word' id='word_1_3' title='bbox 676 431 819 472; x_wconf 88' lang='lat' dir='ltr'><strong>cana</strong></span> <span class='ocrx_word' id='word_1_4' title='bbox 847 415 1019 471; x_wconf 81' lang='lat' dir='ltr'><strong>refert</strong></span> <span class='ocrx_word' id='word_1_5' title='bbox 1045 414 1236 488; x_wconf 76' lang='lat' dir='ltr'><strong>digitis</strong></span> <span class='ocrx_word' id='word_1_6' title='bbox 1270 413 1550 469; x_wconf 85' lang='lat' dir='ltr'><strong>animasse</strong></span> <span class='ocrx_word' id='word_1_7' title='bbox 1580 413 1871 470; x_wconf 82' lang='lat' dir='ltr'><strong>Maronem</strong></span> 
     </span>
    </p>
   </div>
   <div class='ocr_carea' id='block_1_3' title="bbox 570 502 1765 576">
    <p class='ocr_par' dir='ltr' id='par_1_3' title="bbox 570 502 1765 576">
     <span class='ocr_line' id='line_1_3' title="bbox 570 502 1765 576; baseline -0.004 -14"><span class='ocrx_word' id='word_1_8' title='bbox 570 505 734 573; x_wconf 86' lang='lat' dir='ltr'><strong>Quod</strong></span> <span class='ocrx_word' id='word_1_9' title='bbox 761 505 1019 576; x_wconf 85' lang='lat' dir='ltr'><strong>ﬁngebat</strong></span> <span class='ocrx_word' id='word_1_10' title='bbox 1047 520 1191 576; x_wconf 85' lang='lat' dir='ltr'><strong>Opus</strong></span> <span class='ocrx_word' id='word_1_11' title='bbox 1219 502 1538 558; x_wconf 84' lang='lat' dir='ltr'><strong>vivificante</strong></span> <span class='ocrx_word' id='word_1_12' title='bbox 1571 518 1765 573; x_wconf 86' lang='lat' dir='ltr'><strong>manu,</strong></span> 
     </span>
    </p>
   </div>
   <div class='ocr_carea' id='block_1_4' title="bbox 497 591 2048 661">
    <p class='ocr_par' dir='ltr' id='par_1_4' title="bbox 497 591 2048 661">
     <span class='ocr_line' id='line_1_4' title="bbox 497 591 2048 661; baseline -0.003 -9"><span class='ocrx_word' id='word_1_13' title='bbox 497 597 580 653; x_wconf 88' lang='lat' dir='ltr'><strong>Tu</strong></span> <span class='ocrx_word' id='word_1_14' title='bbox 608 594 791 651; x_wconf 82' lang='lat' dir='ltr'><strong>verbis</strong></span> <span class='ocrx_word' id='word_1_15' title='bbox 821 594 1024 650; x_wconf 83' lang='lat' dir='ltr'><strong>faciem</strong></span> <span class='ocrx_word' id='word_1_16' title='bbox 1055 593 1281 661; x_wconf 75' lang='lat' dir='ltr'><strong>tribuis,</strong></span> <span class='ocrx_word' id='word_1_17' title='bbox 1326 592 1718 647; x_wconf 84' lang='lat' dir='ltr'><strong>modulamine</strong></span> <span class='ocrx_word' id='word_1_18' title='bbox 1766 591 2048 648; x_wconf 87' lang='lat' dir='ltr'><strong>membra.</strong></span> 
     </span>
    </p>
   </div>
   <div class='ocr_carea' id='block_1_5' title="bbox 571 681 1811 751">
    <p class='ocr_par' dir='ltr' id='par_1_5' title="bbox 571 681 1811 751">
     <span class='ocr_line' id='line_1_5' title="bbox 571 681 1811 751; baseline -0.003 -11"><span class='ocrx_word' id='word_1_19' title='bbox 571 683 729 751; x_wconf 86' lang='lat' dir='ltr'><strong>Quod</strong></span> <span class='ocrx_word' id='word_1_20' title='bbox 772 689 977 738; x_wconf 92' lang='lat' dir='ltr'><strong>natura</strong></span> <span class='ocrx_word' id='word_1_21' title='bbox 1009 683 1142 750; x_wconf 90' lang='lat' dir='ltr'><strong>Deo,</strong></span> <span class='ocrx_word' id='word_1_22' title='bbox 1165 683 1275 737; x_wconf 86' lang='lat' dir='ltr'><strong>hoc</strong></span> <span class='ocrx_word' id='word_1_23' title='bbox 1304 682 1407 736; x_wconf 91' lang='lat' dir='ltr'><strong>tibi</strong></span> <span class='ocrx_word' id='word_1_24' title='bbox 1433 681 1573 736; x_wconf 86' lang='lat' dir='ltr'><strong>dant</strong></span> <span class='ocrx_word' id='word_1_25' title='bbox 1603 681 1811 737; x_wconf 90' lang='lat' dir='ltr'><strong>studia.</strong></span> 
     </span>
    </p>
   </div>
   <div class='ocr_carea' id='block_1_6' title="bbox 501 771 1907 844">
    <p class='ocr_par' dir='ltr' id='par_1_6' title="bbox 501 771 1907 844">
     <span class='ocr_line' id='line_1_6' title="bbox 501 771 1907 844; baseline -0.002 -16"><span class='ocrx_word' id='word_1_26' title='bbox 501 776 563 830; x_wconf 89' lang='lat' dir='ltr'><strong>In</strong></span> <span class='ocrx_word' id='word_1_27' title='bbox 593 775 847 830; x_wconf 87' lang='lat' dir='ltr'><strong>vetulum</strong></span> <span class='ocrx_word' id='word_1_28' title='bbox 877 774 1078 828; x_wconf 78' lang='lat' dir='ltr'><strong>dexter</strong></span> <span class='ocrx_word' id='word_1_29' title='bbox 1113 771 1158 826; x_wconf 89' lang='lat' dir='ltr'><strong>si</strong></span> <span class='ocrx_word' id='word_1_30' title='bbox 1191 776 1375 827; x_wconf 80' lang='lat' dir='ltr'><strong>vertas</strong></span> <span class='ocrx_word' id='word_1_31' title='bbox 1407 773 1624 844; x_wconf 88' lang='lat' dir='ltr'><strong>plectra</strong></span> <span class='ocrx_word' id='word_1_32' title='bbox 1649 771 1907 839; x_wconf 86' lang='lat' dir='ltr'><strong>cadaver,</strong></span> 
     </span>
    </p>
   </div>
   <div class='ocr_carea' id='block_1_7' title="bbox 572 861 1639 930">
    <p class='ocr_par' dir='ltr' id='par_1_7' title="bbox 572 861 1639 930">
     <span class='ocr_line' id='line_1_7' title="bbox 572 861 1639 930; baseline -0.003 -12"><span class='ocrx_word' id='word_1_33' title='bbox 572 863 916 918; x_wconf 74' lang='lat' dir='ltr'><strong>Primaevum</strong></span> <span class='ocrx_word' id='word_1_34' title='bbox 942 861 1116 916; x_wconf 87' lang='lat' dir='ltr'><strong>facias</strong></span> <span class='ocrx_word' id='word_1_35' title='bbox 1149 861 1467 916; x_wconf 59' lang='lat' dir='ltr'><strong>aediﬁcante</strong></span> <span class='ocrx_word' id='word_1_36' title='bbox 1497 861 1639 930; x_wconf 86' lang='lat' dir='ltr'><strong>lyra.</strong></span> 
     </span>
    </p>
   </div>
   <div class='ocr_carea' id='block_1_8' title="bbox 499 948 1864 1022">
    <p class='ocr_par' dir='ltr' id='par_1_8' title="bbox 499 948 1864 1022">
     <span class='ocr_line' id='line_1_8' title="bbox 499 948 1864 1022; baseline -0.004 -15"><span class='ocrx_word' id='word_1_37' title='bbox 499 953 556 1008; x_wconf 89' lang='lat' dir='ltr'><strong>Si</strong></span> <span class='ocrx_word' id='word_1_38' title='bbox 583 954 748 1007; x_wconf 89' lang='lat' dir='ltr'><strong>ﬂores</strong></span> <span class='ocrx_word' id='word_1_39' title='bbox 778 951 1010 1006; x_wconf 87' lang='lat' dir='ltr'><strong>simules</strong></span> <span class='ocrx_word' id='word_1_40' title='bbox 1034 950 1209 1022; x_wconf 80' lang='lat' dir='ltr'><strong>gelidi</strong></span> <span class='ocrx_word' id='word_1_41' title='bbox 1238 966 1340 1022; x_wconf 91' lang='lat' dir='ltr'><strong>per</strong></span> <span class='ocrx_word' id='word_1_42' title='bbox 1370 951 1623 1020; x_wconf 89' lang='lat' dir='ltr'><strong>plaustra</strong></span> <span class='ocrx_word' id='word_1_43' title='bbox 1655 948 1864 1018; x_wconf 88' lang='lat' dir='ltr'><strong>Bootis,</strong></span> 
     </span>
    </p>
   </div>
   <div class='ocr_carea' id='block_1_9' title="bbox 570 1037 1836 1098">
    <p class='ocr_par' dir='ltr' id='par_1_9' title="bbox 570 1037 1836 1098">
     <span class='ocr_line' id='line_1_9' title="bbox 570 1037 1836 1098; baseline -0.004 -2"><span class='ocrx_word' id='word_1_44' title='bbox 570 1043 691 1097; x_wconf 85' lang='lat' dir='ltr'><strong>Mox</strong></span> <span class='ocrx_word' id='word_1_45' title='bbox 727 1041 981 1098; x_wconf 89' lang='lat' dir='ltr'><strong>Helicem</strong></span> <span class='ocrx_word' id='word_1_46' title='bbox 1009 1039 1197 1096; x_wconf 84' lang='lat' dir='ltr'><strong>vernis</strong></span> <span class='ocrx_word' id='word_1_47' title='bbox 1227 1039 1418 1094; x_wconf 87' lang='lat' dir='ltr'><strong>sibilat</strong></span> <span class='ocrx_word' id='word_1_48' title='bbox 1447 1055 1586 1092; x_wconf 89' lang='lat' dir='ltr'><strong>aura</strong></span> <span class='ocrx_word' id='word_1_49' title='bbox 1625 1037 1836 1092; x_wconf 92' lang='lat' dir='ltr'><strong>modis.</strong></span> 
     </span>
    </p>
   </div>
   <div class='ocr_carea' id='block_1_10' title="bbox 501 1127 2050 1202">
    <p class='ocr_par' dir='ltr' id='par_1_10' title="bbox 501 1127 2050 1202">
     <span class='ocr_line' id='line_1_10' title="bbox 501 1127 2050 1202; baseline -0.003 -16"><span class='ocrx_word' id='word_1_50' title='bbox 501 1129 790 1202; x_wconf 89' lang='lat' dir='ltr'><strong>Ninguida</strong></span> <span class='ocrx_word' id='word_1_51' title='bbox 806 1131 981 1184; x_wconf 90' lang='lat' dir='ltr'><strong>lustra</strong></span> <span class='ocrx_word' id='word_1_52' title='bbox 997 1129 1420 1196; x_wconf 85' lang='lat' dir='ltr'><strong>rosas,fundant</strong></span> <span class='ocrx_word' id='word_1_53' title='bbox 1433 1128 1533 1182; x_wconf 90' lang='lat' dir='ltr'><strong>tibi</strong></span> <span class='ocrx_word' id='word_1_54' title='bbox 1547 1127 1762 1197; x_wconf 82' lang='lat' dir='ltr'><strong>frigora</strong></span> <span class='ocrx_word' id='word_1_55' title='bbox 1774 1131 2024 1181; x_wconf 91' lang='lat' dir='ltr'><strong>mustum</strong></span> <span class='ocrx_word' id='word_1_56' title='bbox 2037 1167 2050 1193; x_wconf 90' lang='lat'><strong>,</strong></span> 
     </span>
    </p>
   </div>
   <div class='ocr_carea' id='block_1_11' title="bbox 573 1216 1621 1273">
    <p class='ocr_par' dir='ltr' id='par_1_11' title="bbox 573 1216 1621 1273">
     <span class='ocr_line' id='line_1_11' title="bbox 573 1216 1621 1273; baseline -0.003 0"><span class='ocrx_word' id='word_1_57' title='bbox 573 1219 836 1273; x_wconf 88' lang='lat' dir='ltr'><strong>Ferventi</strong></span> <span class='ocrx_word' id='word_1_58' title='bbox 859 1219 1040 1273; x_wconf 89' lang='lat' dir='ltr'><strong>Pallas</strong></span> <span class='ocrx_word' id='word_1_59' title='bbox 1070 1217 1255 1272; x_wconf 86' lang='lat' dir='ltr'><strong>sidere</strong></span> <span class='ocrx_word' id='word_1_60' title='bbox 1286 1216 1437 1271; x_wconf 89' lang='lat' dir='ltr'><strong>dona</strong></span> <span class='ocrx_word' id='word_1_61' title='bbox 1457 1216 1621 1271; x_wconf 87' lang='lat' dir='ltr'><strong>ferat.</strong></span> 
     </span>
    </p>
   </div>
   <div class='ocr_carea' id='block_1_12' title="bbox 500 1304 1952 1377">
    <p class='ocr_par' dir='ltr' id='par_1_12' title="bbox 500 1304 1952 1377">
     <span class='ocr_line' id='line_1_12' title="bbox 500 1304 1952 1377; baseline -0.003 -15"><span class='ocrx_word' id='word_1_62' title='bbox 500 1308 672 1364; x_wconf 89' lang='lat' dir='ltr'><strong>Piscis</strong></span> <span class='ocrx_word' id='word_1_63' title='bbox 702 1308 762 1361; x_wconf 92' lang='lat' dir='ltr'><strong>in</strong></span> <span class='ocrx_word' id='word_1_64' title='bbox 793 1307 1044 1361; x_wconf 67' lang='lat' dir='ltr'><strong>aethereo</strong></span> <span class='ocrx_word' id='word_1_65' title='bbox 1071 1322 1244 1377; x_wconf 87' lang='lat' dir='ltr'><strong>quem</strong></span> <span class='ocrx_word' id='word_1_66' title='bbox 1277 1311 1467 1376; x_wconf 90' lang='lat' dir='ltr'><strong>portas</strong></span> <span class='ocrx_word' id='word_1_67' title='bbox 1498 1304 1704 1360; x_wconf 88' lang='lat' dir='ltr'><strong>vertice</strong></span> <span class='ocrx_word' id='word_1_68' title='bbox 1730 1307 1952 1359; x_wconf 87' lang='lat' dir='ltr'><strong>tranet:</strong></span> 
     </span>
    </p>
   </div>
   <div class='ocr_carea' id='block_1_13' title="bbox 571 1397 1822 1468">
    <p class='ocr_par' dir='ltr' id='par_1_13' title="bbox 571 1397 1822 1468">
     <span class='ocr_line' id='line_1_13' title="bbox 571 1397 1822 1468; baseline -0.002 -16"><span class='ocrx_word' id='word_1_69' title='bbox 571 1398 629 1452; x_wconf 89' lang='lat' dir='ltr'><strong>Si</strong></span> <span class='ocrx_word' id='word_1_70' title='bbox 652 1397 854 1468; x_wconf 89' lang='lat' dir='ltr'><strong>jubeas</strong></span> <span class='ocrx_word' id='word_1_71' title='bbox 885 1413 1068 1463; x_wconf 86' lang='lat' dir='ltr'><strong>versu,</strong></span> <span class='ocrx_word' id='word_1_72' title='bbox 1105 1411 1392 1450; x_wconf 86' lang='lat' dir='ltr'><strong>marmora</strong></span> <span class='ocrx_word' id='word_1_73' title='bbox 1421 1411 1619 1449; x_wconf 90' lang='lat' dir='ltr'><strong>cervus</strong></span> <span class='ocrx_word' id='word_1_74' title='bbox 1647 1399 1822 1450; x_wconf 87' lang='lat' dir='ltr'><strong>amat.</strong></span> 
     </span>
    </p>
   </div>
   <div class='ocr_carea' id='block_1_14' title="bbox 503 1484 1880 1555">
    <p class='ocr_par' dir='ltr' id='par_1_14' title="bbox 503 1484 1880 1555">
     <span class='ocr_line' id='line_1_14' title="bbox 503 1484 1880 1555; baseline -0.003 -13"><span class='ocrx_word' id='word_1_75' title='bbox 503 1485 781 1542; x_wconf 85' lang='lat' dir='ltr'><strong>Faucibus</strong></span> <span class='ocrx_word' id='word_1_76' title='bbox 812 1502 841 1540; x_wconf 91' lang='lat' dir='ltr'><strong>e</strong></span> <span class='ocrx_word' id='word_1_77' title='bbox 874 1484 1076 1540; x_wconf 91' lang='lat' dir='ltr'><strong>mediis</strong></span> <span class='ocrx_word' id='word_1_78' title='bbox 1104 1484 1350 1555; x_wconf 90' lang='lat' dir='ltr'><strong>impasto</strong></span> <span class='ocrx_word' id='word_1_79' title='bbox 1384 1484 1594 1539; x_wconf 86' lang='lat' dir='ltr'><strong>viscere</strong></span> <span class='ocrx_word' id='word_1_80' title='bbox 1628 1484 1880 1555; x_wconf 68' lang='lat' dir='ltr'><strong>praedam</strong></span> 
     </span>
    </p>
   </div>
   <div class='ocr_carea' id='block_1_15' title="bbox 571 1574 1767 1647">
    <p class='ocr_par' dir='ltr' id='par_1_15' title="bbox 571 1574 1767 1647">
     <span class='ocr_line' id='line_1_15' title="bbox 571 1574 1767 1647; baseline -0.003 -17"><span class='ocrx_word' id='word_1_81' title='bbox 571 1575 678 1630; x_wconf 91' lang='lat' dir='ltr'><strong>Ore</strong></span> <span class='ocrx_word' id='word_1_82' title='bbox 710 1580 912 1646; x_wconf 90' lang='lat' dir='ltr'><strong>potens</strong></span> <span class='ocrx_word' id='word_1_83' title='bbox 935 1575 1118 1644; x_wconf 89' lang='lat' dir='ltr'><strong>tollas,</strong></span> <span class='ocrx_word' id='word_1_84' title='bbox 1153 1590 1327 1647; x_wconf 90' lang='lat' dir='ltr'><strong>quam</strong></span> <span class='ocrx_word' id='word_1_85' title='bbox 1350 1578 1507 1628; x_wconf 92' lang='lat' dir='ltr'><strong>tenet</strong></span> <span class='ocrx_word' id='word_1_86' title='bbox 1535 1591 1630 1628; x_wconf 88' lang='lat' dir='ltr'><strong>ore</strong></span> <span class='ocrx_word' id='word_1_87' title='bbox 1657 1574 1767 1628; x_wconf 90' lang='lat' dir='ltr'><strong>leo.</strong></span> 
     </span>
    </p>
   </div>
   <div class='ocr_carea' id='block_1_16' title="bbox 495 1661 1868 1735">
    <p class='ocr_par' dir='ltr' id='par_1_16' title="bbox 495 1661 1868 1735">
     <span class='ocr_line' id='line_1_16' title="bbox 495 1661 1868 1735; baseline -0.002 -15"><span class='ocrx_word' id='word_1_88' title='bbox 495 1665 622 1720; x_wconf 78' lang='lat' dir='ltr'><strong>Jam</strong></span> <span class='ocrx_word' id='word_1_89' title='bbox 655 1663 768 1718; x_wconf 90' lang='lat' dir='ltr'><strong>scio</strong></span> <span class='ocrx_word' id='word_1_90' title='bbox 801 1663 1029 1719; x_wconf 85' lang='lat' dir='ltr'><strong>Castalii</strong></span> <span class='ocrx_word' id='word_1_91' title='bbox 1059 1679 1173 1735; x_wconf 91' lang='lat' dir='ltr'><strong>quo</strong></span> <span class='ocrx_word' id='word_1_92' title='bbox 1201 1680 1290 1717; x_wconf 90' lang='lat' dir='ltr'><strong>me</strong></span> <span class='ocrx_word' id='word_1_93' title='bbox 1318 1661 1570 1717; x_wconf 86' lang='lat' dir='ltr'><strong>traxistis</strong></span> <span class='ocrx_word' id='word_1_94' title='bbox 1605 1677 1868 1730; x_wconf 84' lang='lat' dir='ltr'><strong>amores;</strong></span> 
     </span>
    </p>
   </div>
   <div class='ocr_carea' id='block_1_17' title="bbox 568 1751 1743 1824">
    <p class='ocr_par' dir='ltr' id='par_1_17' title="bbox 568 1751 1743 1824">
     <span class='ocr_line' id='line_1_17' title="bbox 568 1751 1743 1824; baseline -0.003 -15"><span class='ocrx_word' id='word_1_95' title='bbox 568 1753 862 1809; x_wconf 84' lang='lat' dir='ltr'><strong>Accedunt</strong></span> <span class='ocrx_word' id='word_1_96' title='bbox 890 1753 1073 1824; x_wconf 88' lang='lat' dir='ltr'><strong>culpis</strong></span> <span class='ocrx_word' id='word_1_97' title='bbox 1102 1768 1344 1808; x_wconf 89' lang='lat' dir='ltr'><strong>munera</strong></span> <span class='ocrx_word' id='word_1_98' title='bbox 1372 1757 1560 1806; x_wconf 89' lang='lat' dir='ltr'><strong>vestra</strong></span> <span class='ocrx_word' id='word_1_99' title='bbox 1581 1751 1743 1806; x_wconf 91' lang='lat' dir='ltr'><strong>meis.</strong></span> 
     </span>
    </p>
   </div>
   <div class='ocr_carea' id='block_1_18' title="bbox 498 1839 2048 1913">
    <p class='ocr_par' dir='ltr' id='par_1_18' title="bbox 498 1839 2048 1913">
     <span class='ocr_line' id='line_1_18' title="bbox 498 1839 2048 1913; baseline -0.004 -14"><span class='ocrx_word' id='word_1_100' title='bbox 498 1843 694 1899; x_wconf 81' lang='lat' dir='ltr'><strong>Sutilis</strong></span> <span class='ocrx_word' id='word_1_101' title='bbox 716 1843 785 1898; x_wconf 86' lang='lat' dir='ltr'><strong>ad</strong></span> <span class='ocrx_word' id='word_1_102' title='bbox 816 1843 1061 1898; x_wconf 89' lang='lat' dir='ltr'><strong>tumidas</strong></span> <span class='ocrx_word' id='word_1_103' title='bbox 1103 1842 1325 1913; x_wconf 87' lang='lat' dir='ltr'><strong>rapitur</strong></span> <span class='ocrx_word' id='word_1_104' title='bbox 1365 1858 1494 1896; x_wconf 89' lang='lat' dir='ltr'><strong>mea</strong></span> <span class='ocrx_word' id='word_1_105' title='bbox 1524 1841 1728 1913; x_wconf 80' lang='lat' dir='ltr'><strong>cymba</strong></span> <span class='ocrx_word' id='word_1_106' title='bbox 1753 1839 2048 1911; x_wconf 88' lang='lat' dir='ltr'><strong>procellas,</strong></span> 
     </span>
    </p>
   </div>
   <div class='ocr_carea' id='block_1_19' title="bbox 497 1931 2052 2004">
    <p class='ocr_par' dir='ltr' id='par_1_19' title="bbox 497 1931 2052 2004">
     <span class='ocr_line' id='line_1_19' title="bbox 497 1931 2052 2004; baseline -0.005 -15"><span class='ocrx_word' id='word_1_107' title='bbox 497 1933 774 1989; x_wconf 85' lang='lat' dir='ltr'><strong>Hibernos</strong></span> <span class='ocrx_word' id='word_1_108' title='bbox 822 1949 1059 2004; x_wconf 88' lang='lat' dir='ltr'><strong>passura</strong></span> <span class='ocrx_word' id='word_1_109' title='bbox 1107 1933 1319 1988; x_wconf 86' lang='lat' dir='ltr'><strong>Notos:</strong></span> <span class='ocrx_word' id='word_1_110' title='bbox 1379 1947 1554 2003; x_wconf 89' lang='lat' dir='ltr'><strong>quam</strong></span> <span class='ocrx_word' id='word_1_111' title='bbox 1602 1931 1792 1985; x_wconf 90' lang='lat' dir='ltr'><strong>navita</strong></span> <span class='ocrx_word' id='word_1_112' title='bbox 1830 1945 2052 2002; x_wconf 89' lang='lat' dir='ltr'><strong>pauper</strong></span> 
     </span>
    </p>
   </div>
   <div class='ocr_carea' id='block_1_20' title="bbox 500 2019 1848 2092">
    <p class='ocr_par' dir='ltr' id='par_1_20' title="bbox 500 2019 1848 2092">
     <span class='ocr_line' id='line_1_20' title="bbox 500 2019 1848 2092; baseline -0.004 -15"><span class='ocrx_word' id='word_1_113' title='bbox 500 2021 794 2078; x_wconf 85' lang='lat' dir='ltr'><strong>Rimosam</strong></span> <span class='ocrx_word' id='word_1_114' title='bbox 826 2022 986 2076; x_wconf 87' lang='lat' dir='ltr'><strong>tenui</strong></span> <span class='ocrx_word' id='word_1_115' title='bbox 1015 2022 1240 2092; x_wconf 83' lang='lat' dir='ltr'><strong>ﬁngens</strong></span> <span class='ocrx_word' id='word_1_116' title='bbox 1267 2021 1338 2076; x_wconf 94' lang='lat' dir='ltr'><strong>de</strong></span> <span class='ocrx_word' id='word_1_117' title='bbox 1366 2020 1576 2074; x_wconf 77' lang='lat' dir='ltr'><strong>cortice</strong></span> <span class='ocrx_word' id='word_1_118' title='bbox 1603 2019 1848 2090; x_wconf 89' lang='lat' dir='ltr'><strong>puppim</strong></span> 
     </span>
    </p>
   </div>
   <div class='ocr_carea' id='block_1_21' title="bbox 495 2107 2048 2183">
    <p class='ocr_par' dir='ltr' id='par_1_21' title="bbox 495 2107 2048 2183">
     <span class='ocr_line' id='line_1_21' title="bbox 495 2107 2048 2183; baseline -0.004 -15"><span class='ocrx_word' id='word_1_119' title='bbox 495 2109 846 2183; x_wconf 85' lang='lat' dir='ltr'><strong>Composuit,</strong></span> <span class='ocrx_word' id='word_1_120' title='bbox 879 2126 1205 2182; x_wconf 86' lang='lat' dir='ltr'><strong>nomenque</strong></span> <span class='ocrx_word' id='word_1_121' title='bbox 1255 2109 1410 2164; x_wconf 90' lang='lat' dir='ltr'><strong>dedit</strong></span> <span class='ocrx_word' id='word_1_122' title='bbox 1441 2109 1566 2163; x_wconf 89' lang='lat' dir='ltr'><strong>sine</strong></span> <span class='ocrx_word' id='word_1_123' title='bbox 1596 2109 1763 2163; x_wconf 89' lang='lat' dir='ltr'><strong>laude</strong></span> <span class='ocrx_word' id='word_1_124' title='bbox 1804 2107 2048 2179; x_wconf 89' lang='lat' dir='ltr'><strong>phaseli.</strong></span> 
     </span>
    </p>
   </div>
   <div class='ocr_carea' id='block_1_22' title="bbox 495 2196 1905 2270">
    <p class='ocr_par' dir='ltr' id='par_1_22' title="bbox 495 2196 1905 2270">
     <span class='ocr_line' id='line_1_22' title="bbox 495 2196 1905 2270; baseline -0.004 -15"><span class='ocrx_word' id='word_1_125' title='bbox 495 2200 596 2255; x_wconf 90' lang='lat' dir='ltr'><strong>Illa</strong></span> <span class='ocrx_word' id='word_1_126' title='bbox 626 2215 729 2254; x_wconf 91' lang='lat' dir='ltr'><strong>nec</strong></span> <span class='ocrx_word' id='word_1_127' title='bbox 758 2199 1000 2270; x_wconf 68' lang='lat' dir='ltr'><strong>Egeum</strong></span> <span class='ocrx_word' id='word_1_128' title='bbox 1030 2199 1287 2270; x_wconf 89' lang='lat' dir='ltr'><strong>pelagus,</strong></span> <span class='ocrx_word' id='word_1_129' title='bbox 1314 2214 1419 2252; x_wconf 92' lang='lat' dir='ltr'><strong>nec</strong></span> <span class='ocrx_word' id='word_1_130' title='bbox 1446 2197 1643 2252; x_wconf 89' lang='lat' dir='ltr'><strong>littora</strong></span> <span class='ocrx_word' id='word_1_131' title='bbox 1673 2196 1905 2268; x_wconf 87' lang='lat' dir='ltr'><strong>Phryxi,</strong></span> 
     </span>
    </p>
   </div>
   <div class='ocr_carea' id='block_1_23' title="bbox 496 2285 2046 2361">
    <p class='ocr_par' dir='ltr' id='par_1_23' title="bbox 496 2285 2046 2361">
     <span class='ocr_line' id='line_1_23' title="bbox 496 2285 2046 2361; baseline -0.004 -16"><span class='ocrx_word' id='word_1_132' title='bbox 496 2291 608 2345; x_wconf 92' lang='lat' dir='ltr'><strong>Nec</strong></span> <span class='ocrx_word' id='word_1_133' title='bbox 638 2304 996 2361; x_wconf 63' lang='lat' dir='ltr'><strong>quaecunque</strong></span> <span class='ocrx_word' id='word_1_134' title='bbox 1027 2288 1318 2342; x_wconf 89' lang='lat' dir='ltr'><strong>valettrux</strong></span> <span class='ocrx_word' id='word_1_135' title='bbox 1340 2303 1574 2359; x_wconf 85' lang='lat' dir='ltr'><strong>aequora</strong></span> <span class='ocrx_word' id='word_1_136' title='bbox 1593 2303 1821 2341; x_wconf 90' lang='lat' dir='ltr'><strong>verrere</strong></span> <span class='ocrx_word' id='word_1_137' title='bbox 1846 2285 2046 2340; x_wconf 88' lang='lat' dir='ltr'><strong>fundo.</strong></span> 
     </span>
    </p>
   </div>
   <div class='ocr_carea' id='block_1_24' title="bbox 492 2374 1838 2449">
    <p class='ocr_par' dir='ltr' id='par_1_24' title="bbox 492 2374 1838 2449">
     <span class='ocr_line' id='line_1_24' title="bbox 492 2374 1838 2449; baseline -0.002 -16"><span class='ocrx_word' id='word_1_138' title='bbox 492 2378 710 2448; x_wconf 68' lang='lat' dir='ltr'><strong>onlus,</strong></span> <span class='ocrx_word' id='word_1_139' title='bbox 743 2377 1015 2449; x_wconf 86' lang='lat' dir='ltr'><strong>agnovit:</strong></span> <span class='ocrx_word' id='word_1_140' title='bbox 1050 2376 1304 2448; x_wconf 89' lang='lat' dir='ltr'><strong>placidos</strong></span> <span class='ocrx_word' id='word_1_141' title='bbox 1333 2376 1432 2430; x_wconf 89' lang='lat' dir='ltr'><strong>sed</strong></span> <span class='ocrx_word' id='word_1_142' title='bbox 1461 2375 1706 2446; x_wconf 85' lang='lat' dir='ltr'><strong>gurgitis</strong></span> <span class='ocrx_word' id='word_1_143' title='bbox 1734 2374 1838 2430; x_wconf 88' lang='lat' dir='ltr'><strong>alti</strong></span> 
     </span>
    </p>
   </div>
   <div class='ocr_carea' id='block_1_25' title="bbox 496 2465 1979 2540">
    <p class='ocr_par' dir='ltr' id='par_1_25' title="bbox 496 2465 1979 2540">
     <span class='ocr_line' id='line_1_25' title="bbox 496 2465 1979 2540; baseline -0.005 -15"><span class='ocrx_word' id='word_1_144' title='bbox 496 2468 763 2540; x_wconf 78' lang='lat' dir='ltr'><strong>Praelegit</strong></span> <span class='ocrx_word' id='word_1_145' title='bbox 791 2469 935 2522; x_wconf 90' lang='lat' dir='ltr'><strong>bene</strong></span> <span class='ocrx_word' id='word_1_146' title='bbox 965 2472 1129 2521; x_wconf 88' lang='lat' dir='ltr'><strong>cauta</strong></span> <span class='ocrx_word' id='word_1_147' title='bbox 1162 2467 1342 2531; x_wconf 65' lang='lat' dir='ltr'><strong>sirius,</strong></span> <span class='ocrx_word' id='word_1_148' title='bbox 1387 2465 1483 2520; x_wconf 90' lang='lat' dir='ltr'><strong>ubi</strong></span> <span class='ocrx_word' id='word_1_149' title='bbox 1515 2465 1724 2520; x_wconf 83' lang='lat' dir='ltr'><strong>serviat</strong></span> <span class='ocrx_word' id='word_1_150' title='bbox 1753 2466 1979 2531; x_wconf 81' lang='lat' dir='ltr'><strong>Auster,</strong></span> 
     </span>
    </p>
   </div>
   <div class='ocr_carea' id='block_1_26' title="bbox 497 2554 2052 2628">
    <p class='ocr_par' dir='ltr' id='par_1_26' title="bbox 497 2554 2052 2628">
     <span class='ocr_line' id='line_1_26' title="bbox 497 2554 2052 2628; baseline -0.004 -14"><span class='ocrx_word' id='word_1_151' title='bbox 497 2560 621 2614; x_wconf 89' lang='lat' dir='ltr'><strong>Non</strong></span> <span class='ocrx_word' id='word_1_152' title='bbox 653 2559 748 2614; x_wconf 92' lang='lat' dir='ltr'><strong>ubi</strong></span> <span class='ocrx_word' id='word_1_153' title='bbox 784 2573 960 2628; x_wconf 90' lang='lat' dir='ltr'><strong>regna</strong></span> <span class='ocrx_word' id='word_1_154' title='bbox 996 2561 1187 2628; x_wconf 90' lang='lat' dir='ltr'><strong>petat:</strong></span> <span class='ocrx_word' id='word_1_155' title='bbox 1224 2555 1487 2626; x_wconf 88' lang='lat' dir='ltr'><strong>quotiens</strong></span> <span class='ocrx_word' id='word_1_156' title='bbox 1517 2554 1599 2608; x_wconf 91' lang='lat' dir='ltr'><strong>ibi</strong></span> <span class='ocrx_word' id='word_1_157' title='bbox 1647 2554 1865 2624; x_wconf 84' lang='lat' dir='ltr'><strong>remige</strong></span> <span class='ocrx_word' id='word_1_158' title='bbox 1901 2554 2052 2608; x_wconf 90' lang='lat' dir='ltr'><strong>lento</strong></span> 
     </span>
    </p>
   </div>
   <div class='ocr_carea' id='block_1_27' title="bbox 497 2642 1822 2704">
    <p class='ocr_par' dir='ltr' id='par_1_27' title="bbox 497 2642 1822 2704">
     <span class='ocr_line' id='line_1_27' title="bbox 497 2642 1822 2704; baseline -0.004 -1"><span class='ocrx_word' id='word_1_159' title='bbox 497 2648 699 2704; x_wconf 90' lang='lat' dir='ltr'><strong>Sibilat</strong></span> <span class='ocrx_word' id='word_1_160' title='bbox 727 2647 786 2702; x_wconf 93' lang='lat' dir='ltr'><strong>in</strong></span> <span class='ocrx_word' id='word_1_161' title='bbox 818 2647 1060 2702; x_wconf 79' lang='lat' dir='ltr'><strong>tremula</strong></span> <span class='ocrx_word' id='word_1_162' title='bbox 1088 2645 1410 2699; x_wconf 85' lang='lat' dir='ltr'><strong>discurrens</strong></span> <span class='ocrx_word' id='word_1_163' title='bbox 1441 2660 1580 2698; x_wconf 90' lang='lat' dir='ltr'><strong>aura</strong></span> <span class='ocrx_word' id='word_1_164' title='bbox 1609 2642 1822 2698; x_wconf 89' lang='lat' dir='ltr'><strong>carina.</strong></span> 
     </span>
    </p>
   </div>
   <div class='ocr_carea' id='block_1_28' title="bbox 498 2730 2052 2805">
    <p class='ocr_par' dir='ltr' id='par_1_28' title="bbox 498 2730 2052 2805">
     <span class='ocr_line' id='line_1_28' title="bbox 498 2730 2052 2805; baseline -0.006 -12"><span class='ocrx_word' id='word_1_165' title='bbox 498 2737 696 2793; x_wconf 89' lang='lat' dir='ltr'><strong>Lintea</strong></span> <span class='ocrx_word' id='word_1_166' title='bbox 713 2753 848 2792; x_wconf 89' lang='lat' dir='ltr'><strong>nam</strong></span> <span class='ocrx_word' id='word_1_167' title='bbox 867 2735 1106 2790; x_wconf 90' lang='lat' dir='ltr'><strong>summis</strong></span> <span class='ocrx_word' id='word_1_168' title='bbox 1125 2736 1260 2790; x_wconf 85' lang='lat' dir='ltr'><strong>dum</strong></span> <span class='ocrx_word' id='word_1_169' title='bbox 1283 2733 1536 2805; x_wconf 87' lang='lat' dir='ltr'><strong>crispant</strong></span> <span class='ocrx_word' id='word_1_170' title='bbox 1564 2734 1578 2766; x_wconf 79' lang='grc' dir='ltr'>ί</span> <span class='ocrx_word' id='word_1_171' title='bbox 1605 2748 1750 2787; x_wconf 84' lang='lat' dir='ltr'><strong>nexa</strong></span> <span class='ocrx_word' id='word_1_172' title='bbox 1770 2730 2052 2795; x_wconf 88' lang='lat' dir='ltr'><strong>ceruchis,</strong></span> 
     </span>
    </p>
   </div>
   <div class='ocr_carea' id='block_1_29' title="bbox 475 2823 2049 2898">
    <p class='ocr_par' dir='ltr' id='par_1_29' title="bbox 475 2823 2049 2898">
     <span class='ocr_line' id='line_1_29' title="bbox 475 2823 2049 2898; baseline -0.005 -16"><span class='ocrx_word' id='word_1_173' title='bbox 475 2827 610 2892; x_wconf 73' lang='lat' dir='ltr'><strong>Quae</strong></span> <span class='ocrx_word' id='word_1_174' title='bbox 626 2832 857 2898; x_wconf 86' lang='lat' dir='ltr'><strong>portant</strong></span> <span class='ocrx_word' id='word_1_175' title='bbox 870 2830 1383 2896; x_wconf 74' lang='lat' dir='ltr'><strong>mortes,pr:estant</strong></span> <span class='ocrx_word' id='word_1_176' title='bbox 1398 2823 1538 2876; x_wconf 90' lang='lat' dir='ltr'><strong>mihi</strong></span> <span class='ocrx_word' id='word_1_177' title='bbox 1551 2823 1787 2877; x_wconf 85' lang='lat' dir='ltr'><strong>ﬂamina</strong></span> <span class='ocrx_word' id='word_1_178' title='bbox 1799 2837 2049 2875; x_wconf 90' lang='lat' dir='ltr'><strong>somnos.</strong></span> 
     </span>
    </p>
   </div>
   <div class='ocr_carea' id='block_1_30' title="bbox 499 2909 1982 2986">
    <p class='ocr_par' dir='ltr' id='par_1_30' title="bbox 499 2909 1982 2986">
     <span class='ocr_line' id='line_1_30' title="bbox 499 2909 1982 2986; baseline -0.005 -16"><span class='ocrx_word' id='word_1_179' title='bbox 499 2918 618 2970; x_wconf 89' lang='lat' dir='ltr'><strong>Huc</strong></span> <span class='ocrx_word' id='word_1_180' title='bbox 649 2921 862 2970; x_wconf 89' lang='lat' dir='ltr'><strong>vertam</strong></span> <span class='ocrx_word' id='word_1_181' title='bbox 898 2915 1159 2986; x_wconf 90' lang='lat' dir='ltr'><strong>puppim,</strong></span> <span class='ocrx_word' id='word_1_182' title='bbox 1183 2913 1351 2968; x_wconf 89' lang='lat' dir='ltr'><strong>certis</strong></span> <span class='ocrx_word' id='word_1_183' title='bbox 1384 2929 1510 2966; x_wconf 89' lang='lat' dir='ltr'><strong>mea</strong></span> <span class='ocrx_word' id='word_1_184' title='bbox 1536 2912 1770 2966; x_wconf 90' lang='lat' dir='ltr'><strong>carbasa</strong></span> <span class='ocrx_word' id='word_1_185' title='bbox 1802 2909 1982 2966; x_wconf 88' lang='lat' dir='ltr'><strong>ventis</strong></span> 
     </span>
    </p>
   </div>
   <div class='ocr_carea' id='block_1_31' title="bbox 569 3001 1888 3072">
    <p class='ocr_par' dir='ltr' id='par_1_31' title="bbox 569 3001 1888 3072">
     <span class='ocr_line' id='line_1_31' title="bbox 569 3001 1888 3072; baseline -0.006 -13"><span class='ocrx_word' id='word_1_186' title='bbox 569 3005 1006 3071; x_wconf 90' lang='lat' dir='ltr'><strong>Commendans,</strong></span> <span class='ocrx_word' id='word_1_187' title='bbox 1042 3019 1240 3056; x_wconf 84' lang='lat' dir='ltr'><strong>cursus</strong></span> <span class='ocrx_word' id='word_1_188' title='bbox 1271 3001 1408 3055; x_wconf 90' lang='lat' dir='ltr'><strong>artis</strong></span> <span class='ocrx_word' id='word_1_189' title='bbox 1449 3001 1692 3072; x_wconf 89' lang='lat' dir='ltr'><strong>opisque</strong></span> <span class='ocrx_word' id='word_1_190' title='bbox 1725 3015 1888 3053; x_wconf 72' lang='lat' dir='ltr'><strong>meae.</strong></span> 
     </span>
    </p>
   </div>
   <div class='ocr_carea' id='block_1_32' title="bbox 502 3087 2054 3162">
    <p class='ocr_par' dir='ltr' id='par_1_32' title="bbox 502 3087 2054 3162">
     <span class='ocr_line' id='line_1_32' title="bbox 502 3087 2054 3162; baseline -0.006 -13"><span class='ocrx_word' id='word_1_191' title='bbox 502 3095 685 3149; x_wconf 84' lang='lat' dir='ltr'><strong>Flecte</strong></span> <span class='ocrx_word' id='word_1_192' title='bbox 729 3092 879 3146; x_wconf 90' lang='lat' dir='ltr'><strong>viam</strong></span> <span class='ocrx_word' id='word_1_193' title='bbox 919 3091 1075 3159; x_wconf 86' lang='lat' dir='ltr'><strong>velis,</strong></span> <span class='ocrx_word' id='word_1_194' title='bbox 1109 3091 1446 3162; x_wconf 89' lang='lat' dir='ltr'><strong>clavumque</strong></span> <span class='ocrx_word' id='word_1_195' title='bbox 1476 3090 1548 3144; x_wconf 90' lang='lat' dir='ltr'><strong>ad</strong></span> <span class='ocrx_word' id='word_1_196' title='bbox 1578 3090 1791 3156; x_wconf 88' lang='lat' dir='ltr'><strong>littora,</strong></span> <span class='ocrx_word' id='word_1_197' title='bbox 1824 3087 2054 3142; x_wconf 71' lang='lat' dir='ltr'><strong>Phoebe.</strong></span> 
     </span>
    </p>
   </div>
   <div class='ocr_carea' id='block_1_33' title="bbox 573 3179 1910 3251">
    <p class='ocr_par' dir='ltr' id='par_1_33' title="bbox 573 3179 1910 3251">
     <span class='ocr_line' id='line_1_33' title="bbox 573 3179 1910 3251; baseline -0.004 -16"><span class='ocrx_word' id='word_1_198' title='bbox 573 3182 838 3236; x_wconf 79' lang='lat' dir='ltr'><strong>Anchora</strong></span> <span class='ocrx_word' id='word_1_199' title='bbox 864 3181 1208 3251; x_wconf 86' lang='lat' dir='ltr'><strong>proscissum</strong></span> <span class='ocrx_word' id='word_1_200' title='bbox 1243 3180 1503 3233; x_wconf 89' lang='lat' dir='ltr'><strong>mordeat</strong></span> <span class='ocrx_word' id='word_1_201' title='bbox 1535 3194 1680 3232; x_wconf 91' lang='lat' dir='ltr'><strong>unca</strong></span> <span class='ocrx_word' id='word_1_202' title='bbox 1702 3179 1910 3232; x_wconf 89' lang='lat' dir='ltr'><strong>solum.</strong></span> 
     </span>
    </p>
   </div>
   <div class='ocr_carea' id='block_1_34' title="bbox 571 3268 1640 3339">
    <p class='ocr_par' dir='ltr' id='par_1_34' title="bbox 571 3268 1640 3339">
     <span class='ocr_line' id='line_1_34' title="bbox 571 3268 1640 3339; baseline -0.002 -15"><span class='ocrx_word' id='word_1_203' title='bbox 571 3271 725 3325; x_wconf 81' lang='lat' dir='ltr'><strong>Musa</strong></span> <span class='ocrx_word' id='word_1_204' title='bbox 758 3269 1041 3324; x_wconf 87' lang='lat' dir='ltr'><strong>dictorum</strong></span> <span class='ocrx_word' id='word_1_205' title='bbox 1068 3274 1240 3339; x_wconf 88' lang='lat' dir='ltr'><strong>caput</strong></span> <span class='ocrx_word' id='word_1_206' title='bbox 1265 3268 1640 3338; x_wconf 89' lang='lat' dir='ltr'><strong>optimorum.</strong></span> 
     </span>
    </p>
   </div>
   <div class='ocr_carea' id='block_1_35' title="bbox 572 3357 1738 3428">
    <p class='ocr_par' dir='ltr' id='par_1_35' title="bbox 572 3357 1738 3428">
     <span class='ocr_line' id='line_1_35' title="bbox 572 3357 1738 3428; baseline -0.003 -15"><span class='ocrx_word' id='word_1_207' title='bbox 572 3359 884 3413; x_wconf 89' lang='lat' dir='ltr'><strong>Herbidam</strong></span> <span class='ocrx_word' id='word_1_208' title='bbox 932 3358 1156 3428; x_wconf 85' lang='lat' dir='ltr'><strong>ﬁngens</strong></span> <span class='ocrx_word' id='word_1_209' title='bbox 1183 3357 1410 3410; x_wconf 84' lang='lat' dir='ltr'><strong>hederis</strong></span> <span class='ocrx_word' id='word_1_210' title='bbox 1440 3371 1738 3421; x_wconf 89' lang='lat' dir='ltr'><strong>coronam,</strong></span> 
     </span>
    </p>
   </div>
   <div class='ocr_carea' id='block_1_36' title="bbox 572 3449 1737 3519">
    <p class='ocr_par' dir='ltr' id='par_1_36' title="bbox 572 3449 1737 3519">
     <span class='ocr_line' id='line_1_36' title="bbox 572 3449 1737 3519; baseline -0.003 -18"><span class='ocrx_word' id='word_1_211' title='bbox 572 3449 754 3512; x_wconf 89' lang='lat' dir='ltr'><strong>Quam</strong></span> <span class='ocrx_word' id='word_1_212' title='bbox 801 3463 904 3519; x_wconf 89' lang='lat' dir='ltr'><strong>per</strong></span> <span class='ocrx_word' id='word_1_213' title='bbox 935 3451 1187 3501; x_wconf 86' lang='lat' dir='ltr'><strong>exsectos</strong></span> <span class='ocrx_word' id='word_1_214' title='bbox 1222 3461 1490 3500; x_wconf 86' lang='lat' dir='ltr'><strong>numeres</strong></span> <span class='ocrx_word' id='word_1_215' title='bbox 1520 3449 1737 3516; x_wconf 88' lang='lat' dir='ltr'><strong>poetas,</strong></span> 
     </span>
    </p>
   </div>
   <div class='ocr_carea' id='block_1_37' title="bbox 1034 3534 1487 3604">
    <p class='ocr_par' dir='ltr' id='par_1_37' title="bbox 1034 3534 1487 3604">
     <span class='ocr_line' id='line_1_37' title="bbox 1034 3534 1487 3604; baseline -0.009 -14"><span class='ocrx_word' id='word_1_216' title='bbox 1034 3536 1201 3590; x_wconf 88' lang='lat' dir='ltr'><strong>Necte</strong></span> <span class='ocrx_word' id='word_1_217' title='bbox 1233 3534 1487 3604; x_wconf 88' lang='lat' dir='ltr'><strong>capillos.</strong></span> 
     </span>
    </p>
   </div>
   <div class='ocr_carea' id='block_1_38' title="bbox 573 3622 1630 3696">
    <p class='ocr_par' dir='ltr' id='par_1_38' title="bbox 573 3622 1630 3696">
     <span class='ocr_line' id='line_1_38' title="bbox 573 3622 1630 3696; baseline -0.005 -15"><span class='ocrx_word' id='word_1_218' title='bbox 573 3627 765 3682; x_wconf 88' lang='lat' dir='ltr'><strong>Sulcat</strong></span> <span class='ocrx_word' id='word_1_219' title='bbox 786 3625 1137 3680; x_wconf 86' lang='lat' dir='ltr'><strong>immensum</strong></span> <span class='ocrx_word' id='word_1_220' title='bbox 1161 3624 1400 3696; x_wconf 90' lang='lat' dir='ltr'><strong>pelagus</strong></span> <span class='ocrx_word' id='word_1_221' title='bbox 1417 3622 1630 3690; x_wconf 90' lang='lat' dir='ltr'><strong>carina,</strong></span> 
     </span>
    </p>
   </div>
   <div class='ocr_carea' id='block_1_39' title="bbox 574 3711 1672 3783">
    <p class='ocr_par' dir='ltr' id='par_1_39' title="bbox 574 3711 1672 3783">
     <span class='ocr_line' id='line_1_39' title="bbox 574 3711 1672 3783; baseline -0.005 -13"><span class='ocrx_word' id='word_1_222' title='bbox 574 3715 758 3771; x_wconf 87' lang='lat' dir='ltr'><strong>Nescit</strong></span> <span class='ocrx_word' id='word_1_223' title='bbox 787 3715 858 3769; x_wconf 91' lang='lat' dir='ltr'><strong>ad</strong></span> <span class='ocrx_word' id='word_1_224' title='bbox 877 3715 1101 3768; x_wconf 90' lang='lat' dir='ltr'><strong>clavum</strong></span> <span class='ocrx_word' id='word_1_225' title='bbox 1127 3728 1331 3768; x_wconf 90' lang='lat' dir='ltr'><strong>manus</strong></span> <span class='ocrx_word' id='word_1_226' title='bbox 1362 3717 1494 3783; x_wconf 91' lang='lat' dir='ltr'><strong>apta</strong></span> <span class='ocrx_word' id='word_1_227' title='bbox 1518 3711 1672 3767; x_wconf 90' lang='lat' dir='ltr'><strong>ferri.</strong></span> 
     </span>
    </p>
   </div>
   <div class='ocr_carea' id='block_1_40' title="bbox 573 3801 1811 3874">
    <p class='ocr_par' dir='ltr' id='par_1_40' title="bbox 573 3801 1811 3874">
     <span class='ocr_line' id='line_1_40' title="bbox 573 3801 1811 3874; baseline -0.003 -16"><span class='ocrx_word' id='word_1_228' title='bbox 573 3806 696 3869; x_wconf 91' lang='lat' dir='ltr'><strong>Quo</strong></span> <span class='ocrx_word' id='word_1_229' title='bbox 729 3809 890 3859; x_wconf 89' lang='lat' dir='ltr'><strong>vocat</strong></span> <span class='ocrx_word' id='word_1_230' title='bbox 908 3805 1170 3859; x_wconf 80' lang='lat' dir='ltr'><strong>dextrum</strong></span> <span class='ocrx_word' id='word_1_231' title='bbox 1203 3802 1466 3873; x_wconf 87' lang='lat' dir='ltr'><strong>regimen</strong></span> <span class='ocrx_word' id='word_1_232' title='bbox 1495 3817 1596 3874; x_wconf 90' lang='lat' dir='ltr'><strong>per</strong></span> <span class='ocrx_word' id='word_1_233' title='bbox 1626 3801 1811 3857; x_wconf 89' lang='lat' dir='ltr'><strong>undas</strong></span> 
     </span>
    </p>
   </div>
   <div class='ocr_carea' id='block_1_41' title="bbox 1036 3891 1458 3948">
    <p class='ocr_par' dir='ltr' id='par_1_41' title="bbox 1036 3891 1458 3948">
     <span class='ocr_line' id='line_1_41' title="bbox 1036 3891 1458 3948; baseline -0.005 0"><span class='ocrx_word' id='word_1_234' title='bbox 1036 3893 1187 3948; x_wconf 76' lang='lat' dir='ltr'><strong>Artis</strong></span> <span class='ocrx_word' id='word_1_235' title='bbox 1219 3891 1458 3946; x_wconf 90' lang='lat' dir='ltr'><strong>amicus.</strong></span> 
     </span>
    </p>
   </div>
   <div class='ocr_carea' id='block_1_42' title="bbox 570 3979 1763 4056">
    <p class='ocr_par' dir='ltr' id='par_1_42' title="bbox 570 3979 1763 4056">
     <span class='ocr_line' id='line_1_42' title="bbox 570 3979 1763 4056; baseline -0.004 -16"><span class='ocrx_word' id='word_1_236' title='bbox 570 3983 767 4056; x_wconf 90' lang='lat' dir='ltr'><strong>Pergis</strong></span> <span class='ocrx_word' id='word_1_237' title='bbox 791 3983 863 4038; x_wconf 88' lang='lat' dir='ltr'><strong>ad</strong></span> <span class='ocrx_word' id='word_1_238' title='bbox 887 3984 1157 4038; x_wconf 85' lang='lat' dir='ltr'><strong>Faustum</strong></span> <span class='ocrx_word' id='word_1_239' title='bbox 1192 3982 1472 4036; x_wconf 86' lang='lat' dir='ltr'><strong>trutinam</strong></span> <span class='ocrx_word' id='word_1_240' title='bbox 1497 3979 1763 4052; x_wconf 73' lang='lat' dir='ltr'><strong>loquelae,</strong></span> 
     </span>
    </p>
   </div>
   <div class='ocr_carea' id='block_1_43' title="bbox 573 4071 1741 4146">
    <p class='ocr_par' dir='ltr' id='par_1_43' title="bbox 573 4071 1741 4146">
     <span class='ocr_line' id='line_1_43' title="bbox 573 4071 1741 4146; baseline -0.005 -15"><span class='ocrx_word' id='word_1_241' title='bbox 573 4076 682 4131; x_wconf 88' lang='lat' dir='ltr'><strong>Ore</strong></span> <span class='ocrx_word' id='word_1_242' title='bbox 712 4073 812 4146; x_wconf 89' lang='lat' dir='ltr'><strong>qui</strong></span> <span class='ocrx_word' id='word_1_243' title='bbox 843 4078 1064 4128; x_wconf 90' lang='lat' dir='ltr'><strong>vastum</strong></span> <span class='ocrx_word' id='word_1_244' title='bbox 1097 4073 1244 4127; x_wconf 89' lang='lat' dir='ltr'><strong>valet</strong></span> <span class='ocrx_word' id='word_1_245' title='bbox 1277 4076 1339 4126; x_wconf 89' lang='lat' dir='ltr'><strong>ut</strong></span> <span class='ocrx_word' id='word_1_246' title='bbox 1369 4071 1741 4143; x_wconf 87' lang='lat' dir='ltr'><strong>profundum.</strong></span> 
     </span>
    </p>
   </div>
   <div class='ocr_carea' id='block_1_44' title="bbox 435 4229 2065 4304">
    <p class='ocr_par' dir='ltr' id='par_1_44' title="bbox 435 4229 2065 4304">
     <span class='ocr_line' id='line_1_44' title="bbox 435 4229 2065 4304; baseline -0.006 -15"><span class='ocrx_word' id='word_1_247' title='bbox 435 4235 449 4269; x_wconf 83' lang='grc'>¹</span> <span class='ocrx_word' id='word_1_248' title='bbox 489 4235 661 4290; x_wconf 71' lang='lat' dir='ltr'><strong>Nam</strong></span> <span class='ocrx_word' id='word_1_249' title='bbox 679 4229 1280 4304; x_wconf 61' lang='lat' dir='ltr'><strong>ceruchislAnteunis.</strong></span> <span class='ocrx_word' id='word_1_250' title='bbox 1317 4234 1568 4304; x_wconf 58' lang='lat' dir='ltr'><strong>Kepoaao;</strong></span> <span class='ocrx_word' id='word_1_251' title='bbox 1603 4229 1809 4284; x_wconf 55' lang='lat' dir='ltr'><strong>Graecis</strong></span> <span class='ocrx_word' id='word_1_252' title='bbox 1839 4233 1928 4304; x_wconf 80' lang='lat' dir='ltr'><strong>est</strong></span> <span class='ocrx_word' id='word_1_253' title='bbox 1947 4243 2065 4282; x_wconf 85' lang='lat' dir='ltr'><strong>car-</strong></span> 
     </span>
    </p>
   </div>
   <div class='ocr_carea' id='block_1_45' title="bbox 361 4300 2060 4372">
    <p class='ocr_par' dir='ltr' id='par_1_45' title="bbox 361 4300 2060 4372">
     <span class='ocr_line' id='line_1_45' title="bbox 361 4300 2060 4372; baseline -0.006 -10"><span class='ocrx_word' id='word_1_254' title='bbox 361 4306 543 4372; x_wconf 79' lang='lat' dir='ltr'><strong>niger.</strong></span> <span class='ocrx_word' id='word_1_255' title='bbox 580 4307 714 4359; x_wconf 91' lang='lat' dir='ltr'><strong>lnde</strong></span> <span class='ocrx_word' id='word_1_256' title='bbox 743 4306 799 4358; x_wconf 89' lang='lat' dir='ltr'><strong>in</strong></span> <span class='ocrx_word' id='word_1_257' title='bbox 831 4300 1068 4357; x_wconf 76' lang='lat' dir='ltr'><strong>navibus</strong></span> <span class='ocrx_word' id='word_1_258' title='bbox 1095 4300 1548 4370; x_wconf 77' lang='lat' dir='ltr'><strong>antennas,quia</strong></span> <span class='ocrx_word' id='word_1_259' title='bbox 1573 4316 1850 4353; x_wconf 89' lang='lat' dir='ltr'><strong>cornuum</strong></span> <span class='ocrx_word' id='word_1_260' title='bbox 1882 4300 2060 4353; x_wconf 79' lang='lat' dir='ltr'><strong>instar</strong></span> 
     </span>
    </p>
   </div>
   <div class='ocr_carea' id='block_1_46' title="bbox 359 4373 2052 4448">
    <p class='ocr_par' dir='ltr' id='par_1_46' title="bbox 359 4373 2052 4448">
     <span class='ocr_line' id='line_1_46' title="bbox 359 4373 2052 4448; baseline -0.008 -14"><span class='ocrx_word' id='word_1_261' title='bbox 359 4373 590 4444; x_wconf 82' lang='lat' dir='ltr'><strong>habent,</strong></span> <span class='ocrx_word' id='word_1_262' title='bbox 648 4378 799 4430; x_wconf 90' lang='lat' dir='ltr'><strong>unde</strong></span> <span class='ocrx_word' id='word_1_263' title='bbox 834 4382 888 4429; x_wconf 90' lang='lat' dir='ltr'><strong>et</strong></span> <span class='ocrx_word' id='word_1_264' title='bbox 923 4380 1119 4448; x_wconf 79' lang='grc' dir='ltr'><strong>κεροῐαι</strong></span> <span class='ocrx_word' id='word_1_265' title='bbox 1161 4374 1450 4448; x_wconf 80' lang='lat' dir='ltr'><strong>dicuntur,</strong></span> <span class='ocrx_word' id='word_1_266' title='bbox 1483 4373 1749 4448; x_wconf 71' lang='lat' dir='ltr'><strong>cerachos</strong></span> <span class='ocrx_word' id='word_1_267' title='bbox 1788 4373 2052 4448; x_wconf 32' lang='lat' dir='ltr'><strong>appella:</strong></span> 
     </span>
    </p>
   </div>
   <div class='ocr_carea' id='block_1_47' title="bbox 359 4441 2061 4512">
    <p class='ocr_par' dir='ltr' id='par_1_47' title="bbox 359 4441 2061 4512">
     <span class='ocr_line' id='line_1_47' title="bbox 359 4441 2061 4512; baseline -0.005 -9"><span class='ocrx_word' id='word_1_268' title='bbox 359 4454 498 4504; x_wconf 89' lang='lat' dir='ltr'><strong>runt</strong></span> <span class='ocrx_word' id='word_1_269' title='bbox 545 4441 821 4512; x_wconf 83' lang='lat' dir='ltr'><strong>Lucanus,</strong></span> <span class='ocrx_word' id='word_1_270' title='bbox 879 4441 1128 4509; x_wconf 80' lang='lat' dir='ltr'><strong>Flaccus,</strong></span> <span class='ocrx_word' id='word_1_271' title='bbox 1182 4442 1459 4512; x_wconf 84' lang='lat' dir='ltr'><strong>Apuleius</strong></span> <span class='ocrx_word' id='word_1_272' title='bbox 1504 4448 1559 4494; x_wconf 90' lang='lat' dir='ltr'><strong>et</strong></span> <span class='ocrx_word' id='word_1_273' title='bbox 1617 4441 1732 4496; x_wconf 89' lang='lat' dir='ltr'><strong>alii.</strong></span> <span class='ocrx_word' id='word_1_274' title='bbox 1784 4442 1930 4496; x_wconf 89' lang='lat' dir='ltr'><strong>Sunt</strong></span> <span class='ocrx_word' id='word_1_275' title='bbox 1961 4441 2061 4512; x_wconf 86' lang='lat' dir='ltr'><strong>qui</strong></span> 
     </span>
    </p>
   </div>
   <div class='ocr_carea' id='block_1_48' title="bbox 362 4512 2056 4585">
    <p class='ocr_par' dir='ltr' id='par_1_48' title="bbox 362 4512 2056 4585">
     <span class='ocr_line' id='line_1_48' title="bbox 362 4512 2056 4585; baseline -0.006 -10"><span class='ocrx_word' id='word_1_276' title='bbox 362 4525 744 4575; x_wconf 86' lang='lat' dir='ltr'><strong>antennarum</strong></span> <span class='ocrx_word' id='word_1_277' title='bbox 775 4519 940 4571; x_wconf 91' lang='lat' dir='ltr'><strong>funes</strong></span> <span class='ocrx_word' id='word_1_278' title='bbox 969 4517 1442 4585; x_wconf 86' lang='lat' dir='ltr'><strong>interpretentur.</strong></span> <span class='ocrx_word' id='word_1_279' title='bbox 1475 4512 1804 4566; x_wconf 89' lang='lat' dir='ltr'><strong>lsidorusin</strong></span> <span class='ocrx_word' id='word_1_280' title='bbox 1827 4513 2056 4578; x_wconf 86' lang='lat' dir='ltr'><strong>Glossis,</strong></span> 
     </span>
    </p>
   </div>
   <div class='ocr_carea' id='block_1_49' title="bbox 361 4589 1062 4656">
    <p class='ocr_par' dir='ltr' id='par_1_49' title="bbox 361 4589 1062 4656">
     <span class='ocr_line' id='line_1_49' title="bbox 361 4589 1062 4656; baseline -0.016 -7"><span class='ocrx_word' id='word_1_281' title='bbox 361 4591 598 4649; x_wconf 80' lang='lat' dir='ltr'><strong>Ceruclu&#39;</strong></span> <span class='ocrx_word' id='word_1_282' title='bbox 620 4589 853 4644; x_wconf 82' lang='lat' dir='ltr'><strong>navium</strong></span> <span class='ocrx_word' id='word_1_283' title='bbox 866 4589 1062 4656; x_wconf 76' lang='lat' dir='ltr'><strong>funes.</strong></span> 
     </span>
    </p>
   </div>
   <div class='ocr_carea' id='block_1_50' title="bbox 431 4654 2060 4730">
    <p class='ocr_par' dir='ltr' id='par_1_50' title="bbox 431 4654 2060 4730">
     <span class='ocr_line' id='line_1_50' title="bbox 431 4654 2060 4730; baseline -0.004 -15"><span class='ocrx_word' id='word_1_284' title='bbox 431 4661 455 4694; x_wconf 80' lang='grc'>³</span> <span class='ocrx_word' id='word_1_285' title='bbox 493 4663 652 4715; x_wconf 79' lang='lat' dir='ltr'><strong>Meos</strong></span> <span class='ocrx_word' id='word_1_286' title='bbox 673 4654 1026 4730; x_wconf 70' lang='lat' dir='ltr'><strong>thyrainbos]</strong></span> <span class='ocrx_word' id='word_1_287' title='bbox 1047 4659 1197 4713; x_wconf 84' lang='lat' dir='ltr'><strong>Meos</strong></span> <span class='ocrx_word' id='word_1_288' title='bbox 1217 4671 1432 4710; x_wconf 88' lang='lat' dir='ltr'><strong>versus.</strong></span> <span class='ocrx_word' id='word_1_289' title='bbox 1459 4655 1678 4730; x_wconf 81' lang='lat' dir='ltr'><strong>Duplex</strong></span> <span class='ocrx_word' id='word_1_290' title='bbox 1713 4654 1769 4730; x_wconf 85' lang='lat' dir='ltr'><strong>in</strong></span> <span class='ocrx_word' id='word_1_291' title='bbox 1794 4671 2060 4730; x_wconf 81' lang='lat' dir='ltr'><strong>unavoce</strong></span> 
     </span>
    </p>
   </div>
   <div class='ocr_carea' id='block_1_51' title="bbox 360 4727 2059 4799">
    <p class='ocr_par' dir='ltr' id='par_1_51' title="bbox 360 4727 2059 4799">
     <span class='ocr_line' id='line_1_51' title="bbox 360 4727 2059 4799; baseline -0.004 -14"><span class='ocrx_word' id='word_1_292' title='bbox 360 4731 609 4786; x_wconf 87' lang='lat' dir='ltr'><strong>licentia.</strong></span> <span class='ocrx_word' id='word_1_293' title='bbox 667 4727 808 4785; x_wconf 78' lang='lat' dir='ltr'><strong>Nam</strong></span> <span class='ocrx_word' id='word_1_294' title='bbox 842 4727 1083 4799; x_wconf 77' lang='lat' dir='ltr'><strong>simplex</strong></span> <span class='ocrx_word' id='word_1_295' title='bbox 1133 4744 1236 4798; x_wconf 90' lang='lat' dir='ltr'><strong>pro</strong></span> <span class='ocrx_word' id='word_1_296' title='bbox 1267 4727 1623 4799; x_wconf 64' lang='lat' dir='ltr'><strong>composito,</strong></span> <span class='ocrx_word' id='word_1_297' title='bbox 1669 4727 1755 4779; x_wconf 87' lang='lat' dir='ltr'><strong>vel</strong></span> <span class='ocrx_word' id='word_1_298' title='bbox 1809 4727 2059 4799; x_wconf 76' lang='lat' dir='ltr'><strong>ancisam</strong></span> 
     </span>
    </p>
   </div>
   <div class='ocr_carea' id='block_1_52' title="bbox 360 4797 2061 4874">
    <p class='ocr_par' dir='ltr' id='par_1_52' title="bbox 360 4797 2061 4874">
     <span class='ocr_line' id='line_1_52' title="bbox 360 4797 2061 4874; baseline -0.003 -19"><span class='ocrx_word' id='word_1_299' title='bbox 360 4802 550 4874; x_wconf 86' lang='lat' dir='ltr'><strong>potius</strong></span> <span class='ocrx_word' id='word_1_300' title='bbox 601 4802 910 4874; x_wconf 86' lang='lat' dir='ltr'><strong>dictionem</strong></span> <span class='ocrx_word' id='word_1_301' title='bbox 955 4797 1060 4870; x_wconf 76' lang='lat' dir='ltr'><strong>pro</strong></span> <span class='ocrx_word' id='word_1_302' title='bbox 1106 4797 1348 4868; x_wconf 77' lang='lat' dir='ltr'><strong>integra,</strong></span> <span class='ocrx_word' id='word_1_303' title='bbox 1383 4797 1836 4874; x_wconf 64' lang='lat' dir='ltr'><strong>tliyrambospro</strong></span> <span class='ocrx_word' id='word_1_304' title='bbox 1871 4797 2061 4867; x_wconf 83' lang='lat' dir='ltr'><strong>dithy-</strong></span> 
     </span>
    </p>
   </div>
   <div class='ocr_carea' id='block_1_53' title="bbox 361 4869 2060 4942">
    <p class='ocr_par' dir='ltr' id='par_1_53' title="bbox 361 4869 2060 4942">
     <span class='ocr_line' id='line_1_53' title="bbox 361 4869 2060 4942; baseline -0.004 -16"><span class='ocrx_word' id='word_1_305' title='bbox 361 4869 593 4940; x_wconf 72' lang='lat' dir='ltr'><strong>rambis,</strong></span> <span class='ocrx_word' id='word_1_306' title='bbox 641 4877 697 4926; x_wconf 90' lang='lat' dir='ltr'><strong>et</strong></span> <span class='ocrx_word' id='word_1_307' title='bbox 725 4869 975 4942; x_wconf 85' lang='lat' dir='ltr'><strong>speciem</strong></span> <span class='ocrx_word' id='word_1_308' title='bbox 1023 4887 1126 4942; x_wconf 88' lang='lat' dir='ltr'><strong>pro</strong></span> <span class='ocrx_word' id='word_1_309' title='bbox 1178 4885 1425 4942; x_wconf 80' lang='lat' dir='ltr'><strong>genere:</strong></span> <span class='ocrx_word' id='word_1_310' title='bbox 1489 4869 1884 4939; x_wconf 87' lang='lat' dir='ltr'><strong>dithyrambos</strong></span> <span class='ocrx_word' id='word_1_311' title='bbox 1959 4885 2060 4938; x_wconf 87' lang='lat' dir='ltr'><strong>pro</strong></span> 
     </span>
    </p>
   </div>
   <div class='ocr_carea' id='block_1_54' title="bbox 361 4940 2058 5016">
    <p class='ocr_par' dir='ltr' id='par_1_54' title="bbox 361 4940 2058 5016">
     <span class='ocr_line' id='line_1_54' title="bbox 361 4940 2058 5016; baseline -0.003 -19"><span class='ocrx_word' id='word_1_312' title='bbox 361 4944 564 5016; x_wconf 87' lang='lat' dir='ltr'><strong>quovis</strong></span> <span class='ocrx_word' id='word_1_313' title='bbox 621 4940 831 5014; x_wconf 76' lang='lat' dir='ltr'><strong>genere</strong></span> <span class='ocrx_word' id='word_1_314' title='bbox 908 4940 1250 4997; x_wconf 81' lang='lat' dir='ltr'><strong>carminum.</strong></span> <span class='ocrx_word' id='word_1_315' title='bbox 1327 4940 1420 4994; x_wconf 89' lang='lat' dir='ltr'><strong>Sic</strong></span> <span class='ocrx_word' id='word_1_316' title='bbox 1487 4956 1713 4994; x_wconf 89' lang='lat' dir='ltr'><strong>rursum</strong></span> <span class='ocrx_word' id='word_1_317' title='bbox 1771 4943 2058 5011; x_wconf 88' lang='lat' dir='ltr'><strong>epigram-</strong></span> 
     </span>
    </p>
   </div>
   <div class='ocr_carea' id='block_1_55' title="bbox 362 5018 679 5071">
    <p class='ocr_par' dir='ltr' id='par_1_55' title="bbox 362 5018 679 5071">
     <span class='ocr_line' id='line_1_55' title="bbox 362 5018 679 5071; baseline 0 -1"><span class='ocrx_word' id='word_1_318' title='bbox 362 5025 516 5070; x_wconf 88' lang='lat' dir='ltr'><strong>mate</strong></span> <span class='ocrx_word' id='word_1_319' title='bbox 542 5018 640 5071; x_wconf 81' lang='grc'><strong>108</strong></span> <span class='ocrx_word' id='word_1_320' title='bbox 666 5031 679 5070; x_wconf 92' lang='lat'><strong>:</strong></span> 
     </span>
    </p>
   </div>
   <div class='ocr_carea' id='block_1_56' title="bbox 485 5098 1912 5167">
    <p class='ocr_par' dir='ltr' id='par_1_56' title="bbox 485 5098 1912 5167">
     <span class='ocr_line' id='line_1_56' title="bbox 485 5098 1912 5167; baseline -0.006 -13"><span class='ocrx_word' id='word_1_321' title='bbox 485 5105 768 5166; x_wconf 87' lang='lat' dir='ltr'><strong>Nunquam</strong></span> <span class='ocrx_word' id='word_1_322' title='bbox 791 5102 1054 5167; x_wconf 83' lang='lat' dir='ltr'><strong>frugiferis</strong></span> <span class='ocrx_word' id='word_1_323' title='bbox 1093 5115 1186 5167; x_wconf 89' lang='lat' dir='ltr'><strong>per</strong></span> <span class='ocrx_word' id='word_1_324' title='bbox 1211 5099 1404 5167; x_wconf 72' lang='lat' dir='ltr'><strong>smcula</strong></span> <span class='ocrx_word' id='word_1_325' title='bbox 1433 5098 1602 5167; x_wconf 70' lang='lat' dir='ltr'><strong>longa</strong></span> <span class='ocrx_word' id='word_1_326' title='bbox 1620 5099 1912 5167; x_wconf 87' lang='lat' dir='ltr'><strong>thyrambis</strong></span> 
     </span>
    </p>
   </div>
   <div class='ocr_carea' id='block_1_57' title="bbox 612 5163 1855 5217">
    <p class='ocr_par' dir='ltr' id='par_1_57' title="bbox 612 5163 1855 5217">
     <span class='ocr_line' id='line_1_57' title="bbox 612 5163 1855 5217; baseline -0.004 -1"><span class='ocrx_word' id='word_1_327' title='bbox 612 5163 670 5216; x_wconf 76' lang='lat' dir='ltr'><strong>In</strong></span> <span class='ocrx_word' id='word_1_328' title='bbox 702 5180 784 5216; x_wconf 89' lang='lat' dir='ltr'><strong>me</strong></span> <span class='ocrx_word' id='word_1_329' title='bbox 811 5163 1078 5215; x_wconf 68' lang='lat' dir='ltr'><strong>fluxerunt</strong></span> <span class='ocrx_word' id='word_1_330' title='bbox 1093 5163 1372 5216; x_wconf 78' lang='lat' dir='ltr'><strong>commoda</strong></span> <span class='ocrx_word' id='word_1_331' title='bbox 1395 5163 1626 5217; x_wconf 87' lang='lat' dir='ltr'><strong>Castalii.</strong></span> <span class='ocrx_word' id='word_1_332' title='bbox 1850 5164 1855 5170; x_wconf 89' lang='grc'><em>’</em></span> 
     </span>
    </p>
   </div>
   <div class='ocr_carea' id='block_1_58' title="bbox 364 5243 2057 5318">
    <p class='ocr_par' dir='ltr' id='par_1_58' title="bbox 364 5243 2057 5318">
     <span class='ocr_line' id='line_1_58' title="bbox 364 5243 2057 5318; baseline -0.005 -14"><span class='ocrx_word' id='word_1_333' title='bbox 364 5249 422 5304; x_wconf 88' lang='lat' dir='ltr'><strong>1d</strong></span> <span class='ocrx_word' id='word_1_334' title='bbox 467 5253 568 5313; x_wconf 89' lang='lat' dir='ltr'><strong>est,</strong></span> <span class='ocrx_word' id='word_1_335' title='bbox 625 5249 848 5302; x_wconf 92' lang='lat' dir='ltr'><strong>nullum</strong></span> <span class='ocrx_word' id='word_1_336' title='bbox 884 5263 1139 5318; x_wconf 87' lang='lat' dir='ltr'><strong>unquam</strong></span> <span class='ocrx_word' id='word_1_337' title='bbox 1183 5265 1246 5302; x_wconf 84' lang='lat' dir='ltr'><strong>ex</strong></span> <span class='ocrx_word' id='word_1_338' title='bbox 1297 5248 1551 5306; x_wconf 69' lang='lat' dir='ltr'><strong>vorsibus</strong></span> <span class='ocrx_word' id='word_1_339' title='bbox 1602 5243 1742 5299; x_wconf 90' lang='lat' dir='ltr'><strong>meis</strong></span> <span class='ocrx_word' id='word_1_340' title='bbox 1773 5247 2057 5314; x_wconf 78' lang='lat' dir='ltr'><strong>quaestum</strong></span> 
     </span>
    </p>
   </div>
   <div class='ocr_carea' id='block_1_59' title="bbox 362 5320 1090 5391">
    <p class='ocr_par' dir='ltr' id='par_1_59' title="bbox 362 5320 1090 5391">
     <span class='ocr_line' id='line_1_59' title="bbox 362 5320 1090 5391; baseline -0.003 -15"><span class='ocrx_word' id='word_1_341' title='bbox 362 5320 465 5376; x_wconf 87' lang='lat' dir='ltr'><strong>feci</strong></span> <span class='ocrx_word' id='word_1_342' title='bbox 489 5337 502 5375; x_wconf 92' lang='lat'><strong>:</strong></span> <span class='ocrx_word' id='word_1_343' title='bbox 537 5324 600 5375; x_wconf 91' lang='lat' dir='ltr'><strong>ut</strong></span> <span class='ocrx_word' id='word_1_344' title='bbox 629 5335 803 5391; x_wconf 88' lang='lat' dir='ltr'><strong>supra</strong></span> <span class='ocrx_word' id='word_1_345' title='bbox 821 5335 996 5373; x_wconf 90' lang='lat' dir='ltr'><strong>carm.</strong></span> <span class='ocrx_word' id='word_1_346' title='bbox 1025 5323 1090 5374; x_wconf 77' lang='lat'><strong>2:</strong></span> 
     </span>
    </p>
   </div>
   <div class='ocr_carea' id='block_1_60' title="bbox 487 5403 1900 5470">
    <p class='ocr_par' dir='ltr' id='par_1_60' title="bbox 487 5403 1900 5470">
     <span class='ocr_line' id='line_1_60' title="bbox 487 5403 1900 5470; baseline -0.004 -14"><span class='ocrx_word' id='word_1_347' title='bbox 487 5408 774 5456; x_wconf 85' lang='lat' dir='ltr'><strong>Commoda</strong></span> <span class='ocrx_word' id='word_1_348' title='bbox 809 5407 872 5456; x_wconf 89' lang='lat' dir='ltr'><strong>de</strong></span> <span class='ocrx_word' id='word_1_349' title='bbox 904 5407 1064 5456; x_wconf 86' lang='lat' dir='ltr'><strong>Musis</strong></span> <span class='ocrx_word' id='word_1_350' title='bbox 1093 5421 1366 5470; x_wconf 88' lang='lat' dir='ltr'><strong>nunquam</strong></span> <span class='ocrx_word' id='word_1_351' title='bbox 1393 5407 1590 5456; x_wconf 77' lang='lat' dir='ltr'><strong>ﬂuxere</strong></span> <span class='ocrx_word' id='word_1_352' title='bbox 1621 5407 1696 5453; x_wconf 92' lang='lat' dir='ltr'><strong>tot</strong></span> <span class='ocrx_word' id='word_1_353' title='bbox 1729 5403 1900 5452; x_wconf 89' lang='lat' dir='ltr'><strong>annis.</strong></span> 
     </span>
    </p>
   </div>
   <div class='ocr_carea' id='block_1_61' title="bbox 436 5485 2060 5560">
    <p class='ocr_par' dir='ltr' id='par_1_61' title="bbox 436 5485 2060 5560">
     <span class='ocr_line' id='line_1_61' title="bbox 436 5485 2060 5560; baseline -0.002 -19"><span class='ocrx_word' id='word_1_354' title='bbox 436 5488 458 5560; x_wconf 48' lang='lat' dir='ltr'><strong>ii</strong></span> <span class='ocrx_word' id='word_1_355' title='bbox 498 5488 595 5541; x_wconf 84' lang='lat' dir='ltr'><strong>Ad</strong></span> <span class='ocrx_word' id='word_1_356' title='bbox 618 5486 930 5560; x_wconf 77' lang='lat' dir='ltr'><strong>Olybrium]</strong></span> <span class='ocrx_word' id='word_1_357' title='bbox 986 5489 1060 5560; x_wconf 81' lang='lat' dir='ltr'><strong>De</strong></span> <span class='ocrx_word' id='word_1_358' title='bbox 1109 5487 1332 5556; x_wconf 79' lang='lat' dir='ltr'><strong>Olybrii</strong></span> <span class='ocrx_word' id='word_1_359' title='bbox 1361 5485 1691 5560; x_wconf 80' lang='lat' dir='ltr'><strong>eloquentia</strong></span> <span class='ocrx_word' id='word_1_360' title='bbox 1724 5485 2060 5560; x_wconf 79' lang='lat' dir='ltr'><strong>_dictum__ad</strong></span> 
     </span>
    </p>
   </div>
   <div class='ocr_carea' id='block_1_62' title="bbox 367 5557 2061 5629">
    <p class='ocr_par' dir='ltr' id='par_1_62' title="bbox 367 5557 2061 5629">
     <span class='ocr_line' id='line_1_62' title="bbox 367 5557 2061 5629; baseline -0.002 -17"><span class='ocrx_word' id='word_1_361' title='bbox 367 5557 744 5629; x_wconf 22' lang='lat' dir='ltr'><strong>epistolam’9</strong></span> <span class='ocrx_word' id='word_1_362' title='bbox 799 5559 892 5613; x_wconf 87' lang='lat' dir='ltr'><strong>lib.</strong></span> <span class='ocrx_word' id='word_1_363' title='bbox 916 5557 979 5612; x_wconf 79' lang='grc' dir='ltr'>ἰ.</span> <span class='ocrx_word' id='word_1_364' title='bbox 1018 5559 1177 5613; x_wconf 89' lang='lat' dir='ltr'><strong>Nunc</strong></span> <span class='ocrx_word' id='word_1_365' title='bbox 1221 5558 1456 5612; x_wconf 88' lang='lat' dir='ltr'><strong>auctarii</strong></span> <span class='ocrx_word' id='word_1_366' title='bbox 1507 5557 1650 5629; x_wconf 86' lang='lat' dir='ltr'><strong>loco,</strong></span> <span class='ocrx_word' id='word_1_367' title='bbox 1685 5557 1915 5609; x_wconf 88' lang='lat' dir='ltr'><strong>alterius</strong></span> <span class='ocrx_word' id='word_1_368' title='bbox 1950 5557 2061 5629; x_wconf 72' lang='lat' dir='ltr'><strong>Bo-</strong></span> 
     </span>
    </p>
   </div>
   <div class='ocr_carea' id='block_1_63' title="bbox 368 5627 2060 5700">
    <p class='ocr_par' dir='ltr' id='par_1_63' title="bbox 368 5627 2060 5700">
     <span class='ocr_line' id='line_1_63' title="bbox 368 5627 2060 5700; baseline -0.004 -15"><span class='ocrx_word' id='word_1_369' title='bbox 368 5627 525 5685; x_wconf 84' lang='lat' dir='ltr'><strong>mani</strong></span> <span class='ocrx_word' id='word_1_370' title='bbox 574 5631 844 5685; x_wconf 89' lang='lat' dir='ltr'><strong>causidici</strong></span> <span class='ocrx_word' id='word_1_371' title='bbox 893 5629 990 5700; x_wconf 87' lang='lat' dir='ltr'><strong>qui</strong></span> <span class='ocrx_word' id='word_1_372' title='bbox 1041 5631 1241 5693; x_wconf 76' lang='lat' dir='ltr'><strong>eadem</strong></span> <span class='ocrx_word' id='word_1_373' title='bbox 1305 5634 1470 5684; x_wconf 72' lang='lat' dir='ltr'><strong>astate</strong></span> <span class='ocrx_word' id='word_1_374' title='bbox 1518 5627 1672 5695; x_wconf 80' lang='lat' dir='ltr'><strong>vixit,</strong></span> <span class='ocrx_word' id='word_1_375' title='bbox 1725 5627 2060 5680; x_wconf 88' lang='lat' dir='ltr'><strong>mcmoriam</strong></span> 
     </span>
    </p>
   </div>
   <div class='ocr_carea' id='block_1_64' title="bbox 1577 277 2647 336">
    <p class='ocr_par' dir='ltr' id='par_1_64' title="bbox 1577 277 2647 336">
     <span class='ocr_line' id='line_1_64' title="bbox 1577 277 2647 336; baseline 0 -2"><span class='ocrx_word' id='word_1_376' title='bbox 1577 278 1863 334; x_wconf 86' lang='lat' dir='ltr'><strong>ENNODII</strong></span> <span class='ocrx_word' id='word_1_377' title='bbox 1901 277 2216 336; x_wconf 88' lang='lat' dir='ltr'><strong>EPISCOPI</strong></span> <span class='ocrx_word' id='word_1_378' title='bbox 2255 277 2647 336; x_wconf 81' lang='lat' dir='ltr'><strong>TICINENSIS</strong></span> 
     </span>
    </p>
   </div>
   <div class='ocr_carea' id='block_1_65' title="bbox 2083 422 2131 478">
    <p class='ocr_par' dir='ltr' id='par_1_65' title="bbox 2083 422 2131 478">
     <span class='ocr_line' id='line_1_65' title="bbox 2083 422 2131 478; baseline 0 0"><span class='ocrx_word' id='word_1_379' title='bbox 2083 422 2131 478; x_wconf 78' lang='grc' dir='ltr'><strong>Α</strong></span> 
     </span>
    </p>
   </div>
   <div class='ocr_carea' id='block_1_66' title="bbox 3753 281 3857 334">
    <p class='ocr_par' dir='ltr' id='par_1_66' title="bbox 3753 281 3857 334">
     <span class='ocr_line' id='line_1_66' title="bbox 3753 281 3857 334; baseline -0.038 -1"><span class='ocrx_word' id='word_1_380' title='bbox 3753 281 3857 334; x_wconf 79' lang='lat'><strong>3&#39;20</strong></span> 
     </span>
    </p>
   </div>
   <div class='ocr_carea' id='block_1_67' title="bbox 2300 411 3430 486">
    <p class='ocr_par' dir='ltr' id='par_1_67' title="bbox 2300 411 3430 486">
     <span class='ocr_line' id='line_1_67' title="bbox 2300 411 3430 486; baseline -0.002 -16"><span class='ocrx_word' id='word_1_381' title='bbox 2300 414 2447 470; x_wconf 90' lang='lat' dir='ltr'><strong>Luce</strong></span> <span class='ocrx_word' id='word_1_382' title='bbox 2481 429 2651 486; x_wconf 89' lang='lat' dir='ltr'><strong>quem</strong></span> <span class='ocrx_word' id='word_1_383' title='bbox 2688 411 2938 468; x_wconf 88' lang='lat' dir='ltr'><strong>mundus</strong></span> <span class='ocrx_word' id='word_1_384' title='bbox 2969 415 3274 468; x_wconf 88' lang='lat' dir='ltr'><strong>veneratur</strong></span> <span class='ocrx_word' id='word_1_385' title='bbox 3305 412 3430 485; x_wconf 87' lang='lat' dir='ltr'><strong>ipsa</strong></span> 
     </span>
    </p>
   </div>
   <div class='ocr_carea' id='block_1_68' title="bbox 2808 502 3213 559">
    <p class='ocr_par' dir='ltr' id='par_1_68' title="bbox 2808 502 3213 559">
     <span class='ocr_line' id='line_1_68' title="bbox 2808 502 3213 559; baseline -0.007 0"><span class='ocrx_word' id='word_1_386' title='bbox 2808 502 3213 559; x_wconf 85' lang='lat' dir='ltr'><strong>Dexteriorem.</strong></span> 
     </span>
    </p>
   </div>
   <div class='ocr_carea' id='block_1_69' title="bbox 2301 592 3398 649">
    <p class='ocr_par' dir='ltr' id='par_1_69' title="bbox 2301 592 3398 649">
     <span class='ocr_line' id='line_1_69' title="bbox 2301 592 3398 649; baseline -0.001 0"><span class='ocrx_word' id='word_1_387' title='bbox 2301 592 2543 649; x_wconf 79' lang='lat' dir='ltr'><strong>Aurium</strong></span> <span class='ocrx_word' id='word_1_388' title='bbox 2572 593 2777 648; x_wconf 88' lang='lat' dir='ltr'><strong>libram</strong></span> <span class='ocrx_word' id='word_1_389' title='bbox 2809 596 2965 648; x_wconf 89' lang='lat' dir='ltr'><strong>tenet</strong></span> <span class='ocrx_word' id='word_1_390' title='bbox 2992 593 3053 648; x_wconf 90' lang='lat' dir='ltr'><strong>in</strong></span> <span class='ocrx_word' id='word_1_391' title='bbox 3081 592 3398 648; x_wconf 76' lang='lat' dir='ltr'><strong>Cammnis:</strong></span> 
     </span>
    </p>
   </div>
   <div class='ocr_carea' id='block_1_70' title="bbox 2303 682 3342 749">
    <p class='ocr_par' dir='ltr' id='par_1_70' title="bbox 2303 682 3342 749">
     <span class='ocr_line' id='line_1_70' title="bbox 2303 682 3342 749; baseline -0.001 -12"><span class='ocrx_word' id='word_1_392' title='bbox 2303 682 2463 738; x_wconf 88' lang='lat' dir='ltr'><strong>Illius</strong></span> <span class='ocrx_word' id='word_1_393' title='bbox 2495 682 2708 737; x_wconf 89' lang='lat' dir='ltr'><strong>ferrum</strong></span> <span class='ocrx_word' id='word_1_394' title='bbox 2741 685 2893 738; x_wconf 87' lang='lat' dir='ltr'><strong>secat</strong></span> <span class='ocrx_word' id='word_1_395' title='bbox 2925 699 3094 737; x_wconf 90' lang='lat' dir='ltr'><strong>omne</strong></span> <span class='ocrx_word' id='word_1_396' title='bbox 3116 683 3342 749; x_wconf 88' lang='lat' dir='ltr'><strong>vulnus,</strong></span> 
     </span>
    </p>
   </div>
   <div class='ocr_carea' id='block_1_71' title="bbox 2303 771 3461 844">
    <p class='ocr_par' dir='ltr' id='par_1_71' title="bbox 2303 771 3461 844">
     <span class='ocr_line' id='line_1_71' title="bbox 2303 771 3461 844; baseline 0 -18"><span class='ocrx_word' id='word_1_397' title='bbox 2303 771 2623 844; x_wconf 87' lang='lat' dir='ltr'><strong>Quodquod</strong></span> <span class='ocrx_word' id='word_1_398' title='bbox 2652 773 2893 827; x_wconf 90' lang='lat' dir='ltr'><strong>internis</strong></span> <span class='ocrx_word' id='word_1_399' title='bbox 2923 772 3062 827; x_wconf 89' lang='lat' dir='ltr'><strong>latet</strong></span> <span class='ocrx_word' id='word_1_400' title='bbox 3105 771 3165 826; x_wconf 90' lang='lat' dir='ltr'><strong>in</strong></span> <span class='ocrx_word' id='word_1_401' title='bbox 3193 772 3461 827; x_wconf 90' lang='lat' dir='ltr'><strong>medullis</strong></span> 
     </span>
    </p>
   </div>
   <div class='ocr_carea' id='block_1_72' title="bbox 2767 862 3236 932">
    <p class='ocr_par' dir='ltr' id='par_1_72' title="bbox 2767 862 3236 932">
     <span class='ocr_line' id='line_1_72' title="bbox 2767 862 3236 932; baseline -0.002 -15"><span class='ocrx_word' id='word_1_402' title='bbox 2767 862 3046 917; x_wconf 90' lang='lat' dir='ltr'><strong>Carminis</strong></span> <span class='ocrx_word' id='word_1_403' title='bbox 3077 862 3236 932; x_wconf 67' lang='lat' dir='ltr'><strong>aegri.</strong></span> 
     </span>
    </p>
   </div>
   <div class='ocr_carea' id='block_1_73' title="bbox 2301 950 3458 1023">
    <p class='ocr_par' dir='ltr' id='par_1_73' title="bbox 2301 950 3458 1023">
     <span class='ocr_line' id='line_1_73' title="bbox 2301 950 3458 1023; baseline -0.001 -16"><span class='ocrx_word' id='word_1_404' title='bbox 2301 950 2360 1007; x_wconf 91' lang='lat' dir='ltr'><strong>Si</strong></span> <span class='ocrx_word' id='word_1_405' title='bbox 2398 950 2422 984; x_wconf 83' lang='grc'>²</span> <span class='ocrx_word' id='word_1_406' title='bbox 2451 967 2607 1006; x_wconf 91' lang='lat' dir='ltr'><strong>meos</strong></span> <span class='ocrx_word' id='word_1_407' title='bbox 2637 951 2808 1006; x_wconf 88' lang='lat' dir='ltr'><strong>vellet</strong></span> <span class='ocrx_word' id='word_1_408' title='bbox 2845 953 3098 1007; x_wconf 90' lang='lat' dir='ltr'><strong>modicos</strong></span> <span class='ocrx_word' id='word_1_409' title='bbox 3129 953 3458 1023; x_wconf 79' lang='lat' dir='ltr'><strong>thyrambos</strong></span> 
     </span>
    </p>
   </div>
   <div class='ocr_carea' id='block_1_74' title="bbox 2299 1041 3528 1112">
    <p class='ocr_par' dir='ltr' id='par_1_74' title="bbox 2299 1041 3528 1112">
     <span class='ocr_line' id='line_1_74' title="bbox 2299 1041 3528 1112; baseline 0 -16"><span class='ocrx_word' id='word_1_410' title='bbox 2299 1041 2623 1112; x_wconf 42' lang='lat' dir='ltr'><strong>Menteiqua</strong></span> <span class='ocrx_word' id='word_1_411' title='bbox 2649 1047 2916 1096; x_wconf 90' lang='lat' dir='ltr'><strong>cunctum</strong></span> <span class='ocrx_word' id='word_1_412' title='bbox 2946 1043 3277 1096; x_wconf 86' lang='lat' dir='ltr'><strong>moderatur</strong></span> <span class='ocrx_word' id='word_1_413' title='bbox 3310 1043 3528 1109; x_wconf 86' lang='lat' dir='ltr'><strong>orbem,</strong></span> 
     </span>
    </p>
   </div>
   <div class='ocr_carea' id='block_1_75' title="bbox 2302 1131 3318 1185">
    <p class='ocr_par' dir='ltr' id='par_1_75' title="bbox 2302 1131 3318 1185">
     <span class='ocr_line' id='line_1_75' title="bbox 2302 1131 3318 1185; baseline 0.002 -3"><span class='ocrx_word' id='word_1_414' title='bbox 2302 1131 2456 1185; x_wconf 90' lang='lat' dir='ltr'><strong>Inter</strong></span> <span class='ocrx_word' id='word_1_415' title='bbox 2485 1131 2773 1185; x_wconf 89' lang='lat' dir='ltr'><strong>infantum</strong></span> <span class='ocrx_word' id='word_1_416' title='bbox 2803 1131 3024 1184; x_wconf 87' lang='lat' dir='ltr'><strong>triviale</strong></span> <span class='ocrx_word' id='word_1_417' title='bbox 3055 1147 3318 1185; x_wconf 91' lang='lat' dir='ltr'><strong>murmur</strong></span> 
     </span>
    </p>
   </div>
   <div class='ocr_carea' id='block_1_76' title="bbox 2869 1221 3436 1290">
    <p class='ocr_par' dir='ltr' id='par_1_76' title="bbox 2869 1221 3436 1290">
     <span class='ocr_line' id='line_1_76' title="bbox 2869 1221 3436 1290; baseline 0.002 -17"><span class='ocrx_word' id='word_1_418' title='bbox 2869 1221 3144 1290; x_wconf 88' lang='lat' dir='ltr'><strong>Pendere,</strong></span> <span class='ocrx_word' id='word_1_419' title='bbox 3178 1221 3298 1274; x_wconf 90' lang='lat' dir='ltr'><strong>laus</strong></span> <span class='ocrx_word' id='word_1_420' title='bbox 3332 1226 3436 1274; x_wconf 89' lang='lat' dir='ltr'><strong>est.</strong></span> 
     </span>
    </p>
   </div>
   <div class='ocr_carea' id='block_1_77' title="bbox 2553 1309 3100 1374">
    <p class='ocr_par' dir='ltr' id='par_1_77' title="bbox 2553 1309 3100 1374">
     <span class='ocr_line' id='line_1_77' title="bbox 2553 1309 3100 1374; baseline -0.004 -9"><span class='ocrx_word' id='word_1_421' title='bbox 2553 1309 2670 1365; x_wconf 85' lang='lat' dir='ltr'><strong>Lux</strong></span> <span class='ocrx_word' id='word_1_422' title='bbox 2696 1325 2844 1374; x_wconf 90' lang='lat' dir='ltr'><strong>mea,</strong></span> <span class='ocrx_word' id='word_1_423' title='bbox 2877 1310 3100 1374; x_wconf 88' lang='lat' dir='ltr'><strong>Fauste,</strong></span> 
     </span>
    </p>
   </div>
   <div class='ocr_carea' id='block_1_78' title="bbox 2550 1399 3118 1471">
    <p class='ocr_par' dir='ltr' id='par_1_78' title="bbox 2550 1399 3118 1471">
     <span class='ocr_line' id='line_1_78' title="bbox 2550 1399 3118 1471; baseline -0.002 -17"><span class='ocrx_word' id='word_1_424' title='bbox 2550 1399 2804 1469; x_wconf 89' lang='lat' dir='ltr'><strong>Spesque</strong></span> <span class='ocrx_word' id='word_1_425' title='bbox 2831 1399 3118 1471; x_wconf 71' lang='lat' dir='ltr'><strong>salusque,</strong></span> 
     </span>
    </p>
   </div>
   <div class='ocr_carea' id='block_1_79' title="bbox 2552 1487 2960 1543">
    <p class='ocr_par' dir='ltr' id='par_1_79' title="bbox 2552 1487 2960 1543">
     <span class='ocr_line' id='line_1_79' title="bbox 2552 1487 2960 1543; baseline 0.002 -1"><span class='ocrx_word' id='word_1_426' title='bbox 2552 1487 2960 1543; x_wconf 89' lang='lat' dir='ltr'><strong>Litterularum</strong></span> 
     </span>
    </p>
   </div>
   <div class='ocr_carea' id='block_1_80' title="bbox 2550 1579 2987 1649">
    <p class='ocr_par' dir='ltr' id='par_1_80' title="bbox 2550 1579 2987 1649">
     <span class='ocr_line' id='line_1_80' title="bbox 2550 1579 2987 1649; baseline 0.002 -17"><span class='ocrx_word' id='word_1_427' title='bbox 2550 1579 2782 1633; x_wconf 86' lang='lat' dir='ltr'><strong>Munera</strong></span> <span class='ocrx_word' id='word_1_428' title='bbox 2813 1594 2987 1649; x_wconf 90' lang='lat' dir='ltr'><strong>parva</strong></span> 
     </span>
    </p>
   </div>
   <div class='ocr_carea' id='block_1_81' title="bbox 2551 1668 3002 1739">
    <p class='ocr_par' dir='ltr' id='par_1_81' title="bbox 2551 1668 3002 1739">
     <span class='ocr_line' id='line_1_81' title="bbox 2551 1668 3002 1739; baseline -0.004 -17"><span class='ocrx_word' id='word_1_429' title='bbox 2551 1668 2784 1739; x_wconf 91' lang='lat' dir='ltr'><strong>Suscipe</strong></span> <span class='ocrx_word' id='word_1_430' title='bbox 2817 1668 3002 1722; x_wconf 71' lang='lat' dir='ltr'><strong>lzetus.</strong></span> 
     </span>
    </p>
   </div>
   <div class='ocr_carea' id='block_1_82' title="bbox 2551 1755 3054 1810">
    <p class='ocr_par' dir='ltr' id='par_1_82' title="bbox 2551 1755 3054 1810">
     <span class='ocr_line' id='line_1_82' title="bbox 2551 1755 3054 1810; baseline 0 0"><span class='ocrx_word' id='word_1_431' title='bbox 2551 1755 2640 1810; x_wconf 92' lang='lat' dir='ltr'><strong>Sic</strong></span> <span class='ocrx_word' id='word_1_432' title='bbox 2665 1761 2764 1810; x_wconf 89' lang='lat' dir='ltr'><strong>tua</strong></span> <span class='ocrx_word' id='word_1_433' title='bbox 2793 1772 3054 1810; x_wconf 90' lang='lat' dir='ltr'><strong>summus</strong></span> 
     </span>
    </p>
   </div>
   <div class='ocr_carea' id='block_1_83' title="bbox 2551 1845 3112 1901">
    <p class='ocr_par' dir='ltr' id='par_1_83' title="bbox 2551 1845 3112 1901">
     <span class='ocr_line' id='line_1_83' title="bbox 2551 1845 3112 1901; baseline -0.002 -1"><span class='ocrx_word' id='word_1_434' title='bbox 2551 1845 2819 1900; x_wconf 87' lang='lat' dir='ltr'><strong>Germina</strong></span> <span class='ocrx_word' id='word_1_435' title='bbox 2855 1846 3112 1901; x_wconf 89' lang='lat' dir='ltr'><strong>Christus</strong></span> 
     </span>
    </p>
   </div>
   <div class='ocr_carea' id='block_1_84' title="bbox 2549 1934 2996 1989">
    <p class='ocr_par' dir='ltr' id='par_1_84' title="bbox 2549 1934 2996 1989">
     <span class='ocr_line' id='line_1_84' title="bbox 2549 1934 2996 1989; baseline -0.002 0"><span class='ocrx_word' id='word_1_436' title='bbox 2549 1934 2760 1989; x_wconf 89' lang='lat' dir='ltr'><strong>Lucida</strong></span> <span class='ocrx_word' id='word_1_437' title='bbox 2792 1939 2996 1988; x_wconf 89' lang='lat' dir='ltr'><strong>servet.</strong></span> 
     </span>
    </p>
   </div>
   <div class='ocr_carea' id='block_1_85' title="bbox 2548 2024 3076 2092">
    <p class='ocr_par' dir='ltr' id='par_1_85' title="bbox 2548 2024 3076 2092">
     <span class='ocr_line' id='line_1_85' title="bbox 2548 2024 3076 2092; baseline 0 -14"><span class='ocrx_word' id='word_1_438' title='bbox 2548 2024 2784 2092; x_wconf 88' lang='lat' dir='ltr'><strong>Porrige</strong></span> <span class='ocrx_word' id='word_1_439' title='bbox 2818 2024 3076 2078; x_wconf 81' lang='lat' dir='ltr'><strong>dextram</strong></span> 
     </span>
    </p>
   </div>
   <div class='ocr_carea' id='block_1_86' title="bbox 2550 2113 2999 2167">
    <p class='ocr_par' dir='ltr' id='par_1_86' title="bbox 2550 2113 2999 2167">
     <span class='ocr_line' id='line_1_86' title="bbox 2550 2113 2999 2167; baseline -0.002 0"><span class='ocrx_word' id='word_1_440' title='bbox 2550 2113 2811 2167; x_wconf 86' lang='lat' dir='ltr'><strong>Nominis</strong></span> <span class='ocrx_word' id='word_1_441' title='bbox 2843 2113 2999 2167; x_wconf 88' lang='lat' dir='ltr'><strong>almi.</strong></span> 
     </span>
    </p>
   </div>
   <div class='ocr_carea' id='block_1_87' title="bbox 2552 2203 2991 2257">
    <p class='ocr_par' dir='ltr' id='par_1_87' title="bbox 2552 2203 2991 2257">
     <span class='ocr_line' id='line_1_87' title="bbox 2552 2203 2991 2257; baseline -0.002 0"><span class='ocrx_word' id='word_1_442' title='bbox 2552 2204 2722 2257; x_wconf 89' lang='lat' dir='ltr'><strong>Grata</strong></span> <span class='ocrx_word' id='word_1_443' title='bbox 2749 2203 2991 2257; x_wconf 90' lang='lat' dir='ltr'><strong>Tonanti</strong></span> 
     </span>
    </p>
   </div>
   <div class='ocr_carea' id='block_1_88' title="bbox 2537 2293 2978 2364">
    <p class='ocr_par' dir='ltr' id='par_1_88' title="bbox 2537 2293 2978 2364">
     <span class='ocr_line' id='line_1_88' title="bbox 2537 2293 2978 2364; baseline 0.002 -18"><span class='ocrx_word' id='word_1_444' title='bbox 2537 2293 2708 2347; x_wconf 83' lang='lat' dir='ltr'><strong>Farra</strong></span> <span class='ocrx_word' id='word_1_445' title='bbox 2729 2293 2978 2364; x_wconf 90' lang='lat' dir='ltr'><strong>piorum.</strong></span> 
     </span>
    </p>
   </div>
   <div class='ocr_carea' id='block_1_89' title="bbox 2929 2383 3069 2436">
    <p class='ocr_par' dir='ltr' id='par_1_89' title="bbox 2929 2383 3069 2436">
     <span class='ocr_line' id='line_1_89' title="bbox 2929 2383 3069 2436; baseline 0 0"><span class='ocrx_word' id='word_1_446' title='bbox 2929 2383 3069 2436; x_wconf 86' lang='lat' dir='ltr'><strong>VIII.</strong></span> 
     </span>
    </p>
   </div>
   <div class='ocr_carea' id='block_1_90' title="bbox 2377 2477 3694 2537">
    <p class='ocr_par' dir='ltr' id='par_1_90' title="bbox 2377 2477 3694 2537">
     <span class='ocr_line' id='line_1_90' title="bbox 2377 2477 3694 2537; baseline -0.002 -10"><span class='ocrx_word' id='word_1_447' title='bbox 2377 2488 2455 2527; x_wconf 76' lang='lat' dir='ltr'><strong>AD</strong></span> <span class='ocrx_word' id='word_1_448' title='bbox 2496 2477 2517 2508; x_wconf 83' lang='grc'><strong><em>³</em></strong></span> <span class='ocrx_word' id='word_1_449' title='bbox 2558 2487 2920 2537; x_wconf 71' lang='lat' dir='ltr'><strong>ouaawn,</strong></span> <span class='ocrx_word' id='word_1_450' title='bbox 2962 2487 3034 2526; x_wconf 81' lang='lat' dir='ltr'><strong>Da</strong></span> <span class='ocrx_word' id='word_1_451' title='bbox 3081 2487 3229 2527; x_wconf 74' lang='lat' dir='ltr'><strong>ams</strong></span> <span class='ocrx_word' id='word_1_452' title='bbox 3268 2487 3694 2535; x_wconf 71' lang='lat' dir='ltr'><strong>ELOQUENTIA.</strong></span> 
     </span>
    </p>
   </div>
   <div class='ocr_carea' id='block_1_91' title="bbox 2866 2561 3154 2628">
    <p class='ocr_par' dir='ltr' id='par_1_91' title="bbox 2866 2561 3154 2628">
     <span class='ocr_line' id='line_1_91' title="bbox 2866 2561 3154 2628; baseline -0.003 -13"><span class='ocrx_word' id='word_1_453' title='bbox 2866 2561 3154 2628; x_wconf 62' lang='lat' dir='ltr'><strong>Prw/&quot;alio.</strong></span> 
     </span>
    </p>
   </div>
   <div class='ocr_carea' id='block_1_92' title="bbox 2234 2650 3862 2721">
    <p class='ocr_par' dir='ltr' id='par_1_92' title="bbox 2234 2650 3862 2721">
     <span class='ocr_line' id='line_1_92' title="bbox 2234 2650 3862 2721; baseline -0.001 -17"><span class='ocrx_word' id='word_1_454' title='bbox 2234 2651 2357 2705; x_wconf 87' lang='lat' dir='ltr'><strong>Non</strong></span> <span class='ocrx_word' id='word_1_455' title='bbox 2388 2650 2540 2704; x_wconf 92' lang='lat' dir='ltr'><strong>canit</strong></span> <span class='ocrx_word' id='word_1_456' title='bbox 2571 2650 2778 2716; x_wconf 85' lang='lat' dir='ltr'><strong>fistula,</strong></span> <span class='ocrx_word' id='word_1_457' title='bbox 2813 2651 3077 2721; x_wconf 91' lang='lat' dir='ltr'><strong>quotiens</strong></span> <span class='ocrx_word' id='word_1_458' title='bbox 3110 2650 3385 2703; x_wconf 91' lang='lat' dir='ltr'><strong>rusticum</strong></span> <span class='ocrx_word' id='word_1_459' title='bbox 3416 2666 3589 2720; x_wconf 88' lang='lat' dir='ltr'><strong>pecus</strong></span> <span class='ocrx_word' id='word_1_460' title='bbox 3617 2651 3862 2720; x_wconf 79' lang='lat' dir='ltr'><strong>agrestis</strong></span> 
     </span>
    </p>
   </div>
   <div class='ocr_carea' id='block_1_93' title="bbox 2160 2739 3863 2811">
    <p class='ocr_par' dir='ltr' id='par_1_93' title="bbox 2160 2739 3863 2811">
     <span class='ocr_line' id='line_1_93' title="bbox 2160 2739 3863 2811; baseline -0.001 -18"><span class='ocrx_word' id='word_1_461' title='bbox 2160 2746 2358 2811; x_wconf 89' lang='lat' dir='ltr'><strong>pastor</strong></span> <span class='ocrx_word' id='word_1_462' title='bbox 2379 2739 2708 2808; x_wconf 82' lang='lat' dir='ltr'><strong>inspexerit.</strong></span> <span class='ocrx_word' id='word_1_463' title='bbox 2737 2741 2888 2794; x_wconf 86' lang='lat' dir='ltr'><strong>Muta</strong></span> <span class='ocrx_word' id='word_1_464' title='bbox 2921 2755 3160 2794; x_wconf 89' lang='lat' dir='ltr'><strong>nemora</strong></span> <span class='ocrx_word' id='word_1_465' title='bbox 3189 2740 3621 2793; x_wconf 82' lang='lat' dir='ltr'><strong>formidolosam</strong></span> <span class='ocrx_word' id='word_1_466' title='bbox 3654 2740 3863 2792; x_wconf 85' lang='lat' dir='ltr'><strong>solitu-</strong></span> 
     </span>
    </p>
   </div>
   <div class='ocr_carea' id='block_1_94' title="bbox 2161 2829 3866 2900">
    <p class='ocr_par' dir='ltr' id='par_1_94' title="bbox 2161 2829 3866 2900">
     <span class='ocr_line' id='line_1_94' title="bbox 2161 2829 3866 2900; baseline -0.001 -17"><span class='ocrx_word' id='word_1_467' title='bbox 2161 2829 2354 2883; x_wconf 89' lang='lat' dir='ltr'><strong>dinem</strong></span> <span class='ocrx_word' id='word_1_468' title='bbox 2382 2829 2649 2898; x_wconf 87' lang='lat' dir='ltr'><strong>pariunt;</strong></span> <span class='ocrx_word' id='word_1_469' title='bbox 2687 2834 2742 2882; x_wconf 91' lang='lat' dir='ltr'><strong>et</strong></span> <span class='ocrx_word' id='word_1_470' title='bbox 2787 2829 3000 2900; x_wconf 89' lang='lat' dir='ltr'><strong>ubique</strong></span> <span class='ocrx_word' id='word_1_471' title='bbox 3028 2835 3212 2883; x_wconf 89' lang='lat' dir='ltr'><strong>metus</strong></span> <span class='ocrx_word' id='word_1_472' title='bbox 3244 2835 3348 2895; x_wconf 85' lang='lat' dir='ltr'><strong>est,</strong></span> <span class='ocrx_word' id='word_1_473' title='bbox 3395 2829 3623 2900; x_wconf 91' lang='lat' dir='ltr'><strong>quando</strong></span> <span class='ocrx_word' id='word_1_474' title='bbox 3668 2829 3866 2882; x_wconf 83' lang='lat' dir='ltr'><strong>nullus</strong></span> 
     </span>
    </p>
   </div>
   <div class='ocr_carea' id='block_1_95' title="bbox 2163 2918 3867 2973">
    <p class='ocr_par' dir='ltr' id='par_1_95' title="bbox 2163 2918 3867 2973">
     <span class='ocr_line' id='line_1_95' title="bbox 2163 2918 3867 2973; baseline 0 -1"><span class='ocrx_word' id='word_1_475' title='bbox 2163 2918 2221 2972; x_wconf 93' lang='lat' dir='ltr'><strong>in</strong></span> <span class='ocrx_word' id='word_1_476' title='bbox 2244 2919 2507 2973; x_wconf 88' lang='lat' dir='ltr'><strong>solatium</strong></span> <span class='ocrx_word' id='word_1_477' title='bbox 2542 2919 2747 2972; x_wconf 85' lang='lat' dir='ltr'><strong>deserti</strong></span> <span class='ocrx_word' id='word_1_478' title='bbox 2779 2935 2953 2972; x_wconf 89' lang='lat' dir='ltr'><strong>sonus</strong></span> <span class='ocrx_word' id='word_1_479' title='bbox 2984 2919 3235 2972; x_wconf 86' lang='lat' dir='ltr'><strong>auditur.</strong></span> <span class='ocrx_word' id='word_1_480' title='bbox 3267 2918 3373 2972; x_wconf 83' lang='lat' dir='ltr'><strong>Sed</strong></span> <span class='ocrx_word' id='word_1_481' title='bbox 3407 2919 3450 2970; x_wconf 89' lang='lat' dir='ltr'><strong>si</strong></span> <span class='ocrx_word' id='word_1_482' title='bbox 3483 2935 3756 2971; x_wconf 81' lang='lat' dir='ltr'><strong>aurarum</strong></span> <span class='ocrx_word' id='word_1_483' title='bbox 3794 2919 3867 2972; x_wconf 87' lang='lat' dir='ltr'><strong>si-</strong></span> 
     </span>
    </p>
   </div>
   <div class='ocr_carea' id='block_1_96' title="bbox 2095 3009 3868 3091">
    <p class='ocr_par' dir='ltr' id='par_1_96' title="bbox 2095 3009 3868 3091">
     <span class='ocr_line' id='line_1_96' title="bbox 2095 3009 3868 3091; baseline -0.002 -28"><span class='ocrx_word' id='word_1_484' title='bbox 2095 3038 2135 3091; x_wconf 73' lang='lat' dir='ltr'><strong><em>C</em></strong></span> <span class='ocrx_word' id='word_1_485' title='bbox 2165 3009 2295 3063; x_wconf 89' lang='lat' dir='ltr'><strong>bilis</strong></span> <span class='ocrx_word' id='word_1_486' title='bbox 2327 3009 2596 3062; x_wconf 89' lang='lat' dir='ltr'><strong>arborum</strong></span> <span class='ocrx_word' id='word_1_487' title='bbox 2628 3024 2807 3062; x_wconf 69' lang='lat' dir='ltr'><strong>comae</strong></span> <span class='ocrx_word' id='word_1_488' title='bbox 2855 3009 3067 3080; x_wconf 67' lang='lat' dir='ltr'><strong>linguae</strong></span> <span class='ocrx_word' id='word_1_489' title='bbox 3114 3009 3360 3078; x_wconf 90' lang='lat' dir='ltr'><strong>speciem</strong></span> <span class='ocrx_word' id='word_1_490' title='bbox 3395 3009 3773 3074; x_wconf 86' lang='lat' dir='ltr'><strong>mentiantur,</strong></span> <span class='ocrx_word' id='word_1_491' title='bbox 3812 3013 3868 3061; x_wconf 88' lang='lat' dir='ltr'><strong>et</strong></span> 
     </span>
    </p>
   </div>
   <div class='ocr_carea' id='block_1_97' title="bbox 2166 3097 3872 3168">
    <p class='ocr_par' dir='ltr' id='par_1_97' title="bbox 2166 3097 3872 3168">
     <span class='ocr_line' id='line_1_97' title="bbox 2166 3097 3872 3168; baseline -0.001 -18"><span class='ocrx_word' id='word_1_492' title='bbox 2166 3097 2387 3152; x_wconf 87' lang='lat' dir='ltr'><strong>ridente</strong></span> <span class='ocrx_word' id='word_1_493' title='bbox 2438 3098 2727 3151; x_wconf 87' lang='lat' dir='ltr'><strong>frondium</strong></span> <span class='ocrx_word' id='word_1_494' title='bbox 2776 3103 2935 3152; x_wconf 89' lang='lat' dir='ltr'><strong>motu</strong></span> <span class='ocrx_word' id='word_1_495' title='bbox 2981 3099 3234 3168; x_wconf 90' lang='lat' dir='ltr'><strong>appellet</strong></span> <span class='ocrx_word' id='word_1_496' title='bbox 3274 3098 3565 3151; x_wconf 83' lang='lat' dir='ltr'><strong>hominem</strong></span> <span class='ocrx_word' id='word_1_497' title='bbox 3607 3097 3872 3166; x_wconf 90' lang='lat' dir='ltr'><strong>jucunda</strong></span> 
     </span>
    </p>
   </div>
   <div class='ocr_carea' id='block_1_98' title="bbox 2167 3187 3868 3258">
    <p class='ocr_par' dir='ltr' id='par_1_98' title="bbox 2167 3187 3868 3258">
     <span class='ocr_line' id='line_1_98' title="bbox 2167 3187 3868 3258; baseline 0 -18"><span class='ocrx_word' id='word_1_498' title='bbox 2167 3187 2482 3254; x_wconf 90' lang='lat' dir='ltr'><strong>concussio,</strong></span> <span class='ocrx_word' id='word_1_499' title='bbox 2534 3187 2827 3258; x_wconf 88' lang='lat' dir='ltr'><strong>potabitur</strong></span> <span class='ocrx_word' id='word_1_500' title='bbox 2857 3187 3243 3241; x_wconf 85' lang='lat' dir='ltr'><strong>ambientibus</strong></span> <span class='ocrx_word' id='word_1_501' title='bbox 3294 3187 3472 3240; x_wconf 86' lang='lat' dir='ltr'><strong>latera</strong></span> <span class='ocrx_word' id='word_1_502' title='bbox 3503 3187 3741 3240; x_wconf 73' lang='lat' dir='ltr'><strong>coetibus</strong></span> <span class='ocrx_word' id='word_1_503' title='bbox 3782 3187 3868 3240; x_wconf 88' lang='lat' dir='ltr'><strong>in-</strong></span> 
     </span>
    </p>
   </div>
   <div class='ocr_carea' id='block_1_99' title="bbox 2165 3275 3870 3347">
    <p class='ocr_par' dir='ltr' id='par_1_99' title="bbox 2165 3275 3870 3347">
     <span class='ocr_line' id='line_1_99' title="bbox 2165 3275 3870 3347; baseline -0.001 -18"><span class='ocrx_word' id='word_1_504' title='bbox 2165 3280 2375 3330; x_wconf 89' lang='lat' dir='ltr'><strong>teresse</strong></span> <span class='ocrx_word' id='word_1_505' title='bbox 2404 3292 2416 3331; x_wconf 91' lang='lat'><strong>:</strong></span> <span class='ocrx_word' id='word_1_506' title='bbox 2469 3293 2573 3330; x_wconf 91' lang='lat' dir='ltr'><strong>nec</strong></span> <span class='ocrx_word' id='word_1_507' title='bbox 2623 3277 2876 3347; x_wconf 88' lang='lat' dir='ltr'><strong>aliquam</strong></span> <span class='ocrx_word' id='word_1_508' title='bbox 2909 3293 3228 3330; x_wconf 78' lang='lat' dir='ltr'><strong>zerumnam</strong></span> <span class='ocrx_word' id='word_1_509' title='bbox 3261 3277 3458 3346; x_wconf 81' lang='lat' dir='ltr'><strong>gemit,</strong></span> <span class='ocrx_word' id='word_1_510' title='bbox 3508 3291 3682 3346; x_wconf 86' lang='lat' dir='ltr'><strong>quem</strong></span> <span class='ocrx_word' id='word_1_511' title='bbox 3713 3275 3870 3328; x_wconf 88' lang='lat' dir='ltr'><strong>inter</strong></span> 
     </span>
    </p>
   </div>
   <div class='ocr_carea' id='block_1_100' title="bbox 2167 3364 3870 3436">
    <p class='ocr_par' dir='ltr' id='par_1_100' title="bbox 2167 3364 3870 3436">
     <span class='ocr_line' id='line_1_100' title="bbox 2167 3364 3870 3436; baseline -0.001 -18"><span class='ocrx_word' id='word_1_512' title='bbox 2167 3371 2383 3419; x_wconf 91' lang='lat' dir='ltr'><strong>secreta</strong></span> <span class='ocrx_word' id='word_1_513' title='bbox 2413 3382 2514 3418; x_wconf 91' lang='lat' dir='ltr'><strong>sua</strong></span> <span class='ocrx_word' id='word_1_514' title='bbox 2545 3366 2666 3434; x_wconf 89' lang='lat' dir='ltr'><strong>ipsa</strong></span> <span class='ocrx_word' id='word_1_515' title='bbox 2702 3370 2906 3418; x_wconf 91' lang='lat' dir='ltr'><strong>natura</strong></span> <span class='ocrx_word' id='word_1_516' title='bbox 2937 3365 3290 3436; x_wconf 85' lang='lat' dir='ltr'><strong>quibuslibet</strong></span> <span class='ocrx_word' id='word_1_517' title='bbox 3335 3364 3665 3434; x_wconf 88' lang='lat' dir='ltr'><strong>alloquitur.</strong></span> <span class='ocrx_word' id='word_1_518' title='bbox 3700 3365 3870 3417; x_wconf 84' lang='lat' dir='ltr'><strong>Juvat</strong></span> 
     </span>
    </p>
   </div>
   <div class='ocr_carea' id='block_1_101' title="bbox 2165 3453 3868 3518">
    <p class='ocr_par' dir='ltr' id='par_1_101' title="bbox 2165 3453 3868 3518">
     <span class='ocr_line' id='line_1_101' title="bbox 2165 3453 3868 3518; baseline -0.001 -10"><span class='ocrx_word' id='word_1_519' title='bbox 2165 3458 2303 3508; x_wconf 89' lang='lat' dir='ltr'><strong>tunc</strong></span> <span class='ocrx_word' id='word_1_520' title='bbox 2333 3455 2702 3508; x_wconf 82' lang='lat' dir='ltr'><strong>exsulationis</strong></span> <span class='ocrx_word' id='word_1_521' title='bbox 2733 3453 3002 3508; x_wconf 87' lang='lat' dir='ltr'><strong>comitem</strong></span> <span class='ocrx_word' id='word_1_522' title='bbox 3057 3456 3298 3508; x_wconf 78' lang='lat' dir='ltr'><strong>fistulam</strong></span> <span class='ocrx_word' id='word_1_523' title='bbox 3333 3453 3498 3507; x_wconf 86' lang='lat' dir='ltr'><strong>labiis</strong></span> <span class='ocrx_word' id='word_1_524' title='bbox 3531 3454 3868 3518; x_wconf 90' lang='lat' dir='ltr'><strong>admovere,</strong></span> 
     </span>
    </p>
   </div>
   <div class='ocr_carea' id='block_1_102' title="bbox 2167 3543 3868 3615">
    <p class='ocr_par' dir='ltr' id='par_1_102' title="bbox 2167 3543 3868 3615">
     <span class='ocr_line' id='line_1_102' title="bbox 2167 3543 3868 3615; baseline -0.001 -18"><span class='ocrx_word' id='word_1_525' title='bbox 2167 3549 2224 3597; x_wconf 90' lang='lat' dir='ltr'><strong>et</strong></span> <span class='ocrx_word' id='word_1_526' title='bbox 2257 3544 2485 3598; x_wconf 86' lang='lat' dir='ltr'><strong>ﬂatibus</strong></span> <span class='ocrx_word' id='word_1_527' title='bbox 2514 3561 2616 3615; x_wconf 91' lang='lat' dir='ltr'><strong>per</strong></span> <span class='ocrx_word' id='word_1_528' title='bbox 2659 3544 2963 3598; x_wconf 90' lang='lat' dir='ltr'><strong>testudinis</strong></span> <span class='ocrx_word' id='word_1_529' title='bbox 2995 3545 3204 3597; x_wconf 85' lang='lat' dir='ltr'><strong>rimosa</strong></span> <span class='ocrx_word' id='word_1_530' title='bbox 3251 3543 3518 3613; x_wconf 72' lang='lat' dir='ltr'><strong>dispersis</strong></span> <span class='ocrx_word' id='word_1_531' title='bbox 3552 3543 3868 3613; x_wconf 89' lang='lat' dir='ltr'><strong>quamdam</strong></span> 
     </span>
    </p>
   </div>
   <div class='ocr_carea' id='block_1_103' title="bbox 2165 3633 3870 3704">
    <p class='ocr_par' dir='ltr' id='par_1_103' title="bbox 2165 3633 3870 3704">
     <span class='ocr_line' id='line_1_103' title="bbox 2165 3633 3870 3704; baseline -0.002 -16"><span class='ocrx_word' id='word_1_532' title='bbox 2165 3634 2234 3688; x_wconf 90' lang='lat' dir='ltr'><strong>de</strong></span> <span class='ocrx_word' id='word_1_533' title='bbox 2262 3633 2462 3704; x_wconf 89' lang='lat' dir='ltr'><strong>spiritu</strong></span> <span class='ocrx_word' id='word_1_534' title='bbox 2497 3639 2552 3687; x_wconf 91' lang='lat' dir='ltr'><strong>et</strong></span> <span class='ocrx_word' id='word_1_535' title='bbox 2582 3650 2719 3688; x_wconf 90' lang='lat' dir='ltr'><strong>aura</strong></span> <span class='ocrx_word' id='word_1_536' title='bbox 2762 3649 3104 3704; x_wconf 89' lang='lat' dir='ltr'><strong>componere</strong></span> <span class='ocrx_word' id='word_1_537' title='bbox 3145 3633 3444 3686; x_wconf 89' lang='lat' dir='ltr'><strong>rationem.</strong></span> <span class='ocrx_word' id='word_1_538' title='bbox 3478 3634 3634 3686; x_wconf 87' lang='lat' dir='ltr'><strong>Tunc</strong></span> <span class='ocrx_word' id='word_1_539' title='bbox 3682 3633 3870 3685; x_wconf 72' lang='lat' dir='ltr'><strong>Palae-</strong></span> 
     </span>
    </p>
   </div>
   <div class='ocr_carea' id='block_1_104' title="bbox 2166 3721 3868 3791">
    <p class='ocr_par' dir='ltr' id='par_1_104' title="bbox 2166 3721 3868 3791">
     <span class='ocr_line' id='line_1_104' title="bbox 2166 3721 3868 3791; baseline -0.002 -14"><span class='ocrx_word' id='word_1_540' title='bbox 2166 3739 2397 3777; x_wconf 91' lang='lat' dir='ltr'><strong>monem</strong></span> <span class='ocrx_word' id='word_1_541' title='bbox 2430 3739 2598 3777; x_wconf 89' lang='lat' dir='ltr'><strong>suum</strong></span> <span class='ocrx_word' id='word_1_542' title='bbox 2629 3722 2789 3777; x_wconf 90' lang='lat' dir='ltr'><strong>rudis</strong></span> <span class='ocrx_word' id='word_1_543' title='bbox 2819 3728 2876 3776; x_wconf 90' lang='lat' dir='ltr'><strong>et</strong></span> <span class='ocrx_word' id='word_1_544' title='bbox 2929 3722 3264 3776; x_wconf 85' lang='lat' dir='ltr'><strong>infabricata</strong></span> <span class='ocrx_word' id='word_1_545' title='bbox 3308 3721 3506 3791; x_wconf 88' lang='lat' dir='ltr'><strong>lingua</strong></span> <span class='ocrx_word' id='word_1_546' title='bbox 3534 3721 3868 3791; x_wconf 87' lang='lat' dir='ltr'><strong>compellat,</strong></span> 
     </span>
    </p>
   </div>
   <div class='ocr_carea' id='block_1_105' title="bbox 2167 3811 3872 3883">
    <p class='ocr_par' dir='ltr' id='par_1_105' title="bbox 2167 3811 3872 3883">
     <span class='ocr_line' id='line_1_105' title="bbox 2167 3811 3872 3883; baseline -0.002 -17"><span class='ocrx_word' id='word_1_547' title='bbox 2167 3817 2302 3866; x_wconf 91' lang='lat' dir='ltr'><strong>tunc</strong></span> <span class='ocrx_word' id='word_1_548' title='bbox 2331 3817 2593 3867; x_wconf 87' lang='lat' dir='ltr'><strong>numerat</strong></span> <span class='ocrx_word' id='word_1_549' title='bbox 2623 3813 2852 3883; x_wconf 89' lang='lat' dir='ltr'><strong>quantis</strong></span> <span class='ocrx_word' id='word_1_550' title='bbox 2887 3828 3110 3866; x_wconf 88' lang='lat' dir='ltr'><strong>servare</strong></span> <span class='ocrx_word' id='word_1_551' title='bbox 3151 3811 3342 3865; x_wconf 85' lang='lat' dir='ltr'><strong>caulas</strong></span> <span class='ocrx_word' id='word_1_552' title='bbox 3394 3811 3468 3864; x_wconf 92' lang='lat' dir='ltr'><strong>sit</strong></span> <span class='ocrx_word' id='word_1_553' title='bbox 3505 3826 3648 3880; x_wconf 90' lang='lat' dir='ltr'><strong>opus</strong></span> <span class='ocrx_word' id='word_1_554' title='bbox 3690 3825 3872 3863; x_wconf 85' lang='lat' dir='ltr'><strong>excu-</strong></span> 
     </span>
    </p>
   </div>
   <div class='ocr_carea' id='block_1_106' title="bbox 2166 3899 3875 3972">
    <p class='ocr_par' dir='ltr' id='par_1_106' title="bbox 2166 3899 3875 3972">
     <span class='ocr_line' id='line_1_106' title="bbox 2166 3899 3875 3972; baseline -0.002 -16"><span class='ocrx_word' id='word_1_555' title='bbox 2166 3901 2298 3968; x_wconf 91' lang='lat' dir='ltr'><strong>biis,</strong></span> <span class='ocrx_word' id='word_1_556' title='bbox 2358 3907 2493 3956; x_wconf 90' lang='lat' dir='ltr'><strong>tunc</strong></span> <span class='ocrx_word' id='word_1_557' title='bbox 2539 3902 2880 3972; x_wconf 87' lang='lat' dir='ltr'><strong>multiplices</strong></span> <span class='ocrx_word' id='word_1_558' title='bbox 2915 3903 3186 3971; x_wconf 82' lang='lat' dir='ltr'><strong>inpurum</strong></span> <span class='ocrx_word' id='word_1_559' title='bbox 3238 3900 3472 3954; x_wconf 89' lang='lat' dir='ltr'><strong>insidias</strong></span> <span class='ocrx_word' id='word_1_560' title='bbox 3526 3915 3669 3969; x_wconf 89' lang='lat' dir='ltr'><strong>quas</strong></span> <span class='ocrx_word' id='word_1_561' title='bbox 3719 3899 3875 3952; x_wconf 83' lang='lat' dir='ltr'><strong>acuit</strong></span> 
     </span>
    </p>
   </div>
   <div class='ocr_carea' id='block_1_107' title="bbox 2168 3987 3879 4061">
    <p class='ocr_par' dir='ltr' id='par_1_107' title="bbox 2168 3987 3879 4061">
     <span class='ocr_line' id='line_1_107' title="bbox 2168 3987 3879 4061; baseline -0.002 -17"><span class='ocrx_word' id='word_1_562' title='bbox 2168 3990 2346 4044; x_wconf 85' lang='lat' dir='ltr'><strong>fames</strong></span> <span class='ocrx_word' id='word_1_563' title='bbox 2395 3991 2666 4060; x_wconf 84' lang='lat' dir='ltr'><strong>magistra</strong></span> <span class='ocrx_word' id='word_1_564' title='bbox 2717 3990 2986 4061; x_wconf 89' lang='lat' dir='ltr'><strong>suspirat,</strong></span> <span class='ocrx_word' id='word_1_565' title='bbox 3044 3995 3176 4044; x_wconf 89' lang='lat' dir='ltr'><strong>tunc</strong></span> <span class='ocrx_word' id='word_1_566' title='bbox 3233 3988 3293 4042; x_wconf 93' lang='lat' dir='ltr'><strong>in</strong></span> <span class='ocrx_word' id='word_1_567' title='bbox 3353 4003 3678 4043; x_wconf 89' lang='lat' dir='ltr'><strong>sermonem</strong></span> <span class='ocrx_word' id='word_1_568' title='bbox 3720 3987 3879 4041; x_wconf 86' lang='lat' dir='ltr'><strong>cadit</strong></span> 
     </span>
    </p>
   </div>
   <div class='ocr_carea' id='block_1_108' title="bbox 2171 4076 3876 4151">
    <p class='ocr_par' dir='ltr' id='par_1_108' title="bbox 2171 4076 3876 4151">
     <span class='ocr_line' id='line_1_108' title="bbox 2171 4076 3876 4151; baseline -0.001 -19"><span class='ocrx_word' id='word_1_569' title='bbox 2171 4080 2449 4151; x_wconf 90' lang='lat' dir='ltr'><strong>quidquid</strong></span> <span class='ocrx_word' id='word_1_570' title='bbox 2509 4080 2819 4147; x_wconf 77' lang='lat' dir='ltr'><strong>efflaverit;</strong></span> <span class='ocrx_word' id='word_1_571' title='bbox 2878 4079 3049 4150; x_wconf 78' lang='lat' dir='ltr'><strong>hujus</strong></span> <span class='ocrx_word' id='word_1_572' title='bbox 3109 4095 3166 4132; x_wconf 89' lang='lat' dir='ltr'><strong>se</strong></span> <span class='ocrx_word' id='word_1_573' title='bbox 3199 4078 3392 4144; x_wconf 89' lang='lat' dir='ltr'><strong>solari,</strong></span> <span class='ocrx_word' id='word_1_574' title='bbox 3444 4077 3614 4147; x_wconf 84' lang='lat' dir='ltr'><strong>hujus</strong></span> <span class='ocrx_word' id='word_1_575' title='bbox 3663 4076 3876 4130; x_wconf 86' lang='lat' dir='ltr'><strong>nititur</strong></span> 
     </span>
    </p>
   </div>
   <div class='ocr_carea' id='block_1_109' title="bbox 2173 4235 3879 4292">
    <p class='ocr_par' dir='ltr' id='par_1_109' title="bbox 2173 4235 3879 4292">
     <span class='ocr_line' id='line_1_109' title="bbox 2173 4235 3879 4292; baseline -0.002 -3"><span class='ocrx_word' id='word_1_576' title='bbox 2173 4237 2605 4292; x_wconf 87' lang='lat' dir='ltr'><strong>vindicabimus.</strong></span> <span class='ocrx_word' id='word_1_577' title='bbox 2671 4239 2722 4291; x_wconf 88' lang='lat' dir='ltr'><strong>Is</strong></span> <span class='ocrx_word' id='word_1_578' title='bbox 2764 4242 2848 4291; x_wconf 89' lang='lat' dir='ltr'><strong>est</strong></span> <span class='ocrx_word' id='word_1_579' title='bbox 2895 4235 3130 4292; x_wconf 87' lang='lat' dir='ltr'><strong>Petilius</strong></span> <span class='ocrx_word' id='word_1_580' title='bbox 3160 4237 3486 4291; x_wconf 89' lang='lat' dir='ltr'><strong>Processius</strong></span> <span class='ocrx_word' id='word_1_581' title='bbox 3518 4235 3584 4291; x_wconf 89' lang='lat' dir='ltr'><strong>V.</strong></span> <span class='ocrx_word' id='word_1_582' title='bbox 3631 4235 3686 4290; x_wconf 91' lang='lat' dir='ltr'><strong>S.</strong></span> <span class='ocrx_word' id='word_1_583' title='bbox 3720 4235 3879 4288; x_wconf 87' lang='lat' dir='ltr'><strong>sedis</strong></span> 
     </span>
    </p>
   </div>
   <div class='ocr_carea' id='block_1_110' title="bbox 2097 4308 3874 4434">
    <p class='ocr_par' dir='ltr' id='par_1_110' title="bbox 2097 4308 3874 4434">
     <span class='ocr_line' id='line_1_110' title="bbox 2212 4308 3874 4379; baseline -0.001 -19"><span class='ocrx_word' id='word_1_584' title='bbox 2212 4311 2534 4363; x_wconf 48' lang='lat' dir='ltr'><strong>raltorianaa</strong></span> <span class='ocrx_word' id='word_1_585' title='bbox 2595 4314 2840 4376; x_wconf 79' lang='lat' dir='ltr'><strong>togatus,</strong></span> <span class='ocrx_word' id='word_1_586' title='bbox 2877 4325 3049 4379; x_wconf 90' lang='lat' dir='ltr'><strong>quem</strong></span> <span class='ocrx_word' id='word_1_587' title='bbox 3099 4309 3282 4361; x_wconf 83' lang='lat' dir='ltr'><strong>Probo</strong></span> <span class='ocrx_word' id='word_1_588' title='bbox 3334 4309 3564 4378; x_wconf 83' lang='lat' dir='ltr'><strong>juniore</strong></span> <span class='ocrx_word' id='word_1_589' title='bbox 3608 4308 3874 4373; x_wconf 79' lang='lat' dir='ltr'><strong>consule,</strong></span> 
     </span>
     <span class='ocr_line' id='line_1_111' title="bbox 2097 4325 3871 4434; baseline -0.002 0"><span class='ocrx_word' id='word_1_590' title='bbox 2097 4365 2139 4418; x_wconf 83' lang='grc' dir='ltr'>Ῑ)</span> <span class='ocrx_word' id='word_1_591' title='bbox 2171 4325 2279 4434; x_wconf 76' lang='lat' dir='ltr'><strong>iioc</strong></span> <span class='ocrx_word' id='word_1_592' title='bbox 2314 4388 2397 4432; x_wconf 85' lang='lat' dir='ltr'><strong>est</strong></span> <span class='ocrx_word' id='word_1_593' title='bbox 2430 4397 2582 4434; x_wconf 88' lang='lat' dir='ltr'><strong>anno</strong></span> <span class='ocrx_word' id='word_1_594' title='bbox 2628 4383 2752 4434; x_wconf 81' lang='grc'><strong>513.</strong></span> <span class='ocrx_word' id='word_1_595' title='bbox 2786 4381 2939 4434; x_wconf 86' lang='lat' dir='ltr'><strong>diem</strong></span> <span class='ocrx_word' id='word_1_596' title='bbox 2989 4381 3253 4432; x_wconf 82' lang='lat' dir='ltr'><strong>clausisse</strong></span> <span class='ocrx_word' id='word_1_597' title='bbox 3288 4380 3452 4432; x_wconf 88' lang='lat' dir='ltr'><strong>docet</strong></span> <span class='ocrx_word' id='word_1_598' title='bbox 3477 4379 3710 4434; x_wconf 61' lang='lat' dir='ltr'><strong>elegans</strong></span> <span class='ocrx_word' id='word_1_599' title='bbox 3742 4395 3871 4434; x_wconf 74' lang='lat' dir='ltr'><strong>eius</strong></span> 
     </span>
    </p>
   </div>
   <div class='ocr_carea' id='block_1_111' title="bbox 2215 4379 3871 4447">
    <p class='ocr_par' dir='ltr' id='par_1_111' title="bbox 2215 4379 3871 4447">
     <span class='ocr_line' id='line_1_112' title="bbox 2215 4379 3871 4447; baseline -0.001 -15"><span class='ocrx_word' id='word_1_600' title='bbox 2215 4398 2279 4433; x_wconf 93' lang='lat' dir='ltr'><strong>oc</strong></span> <span class='ocrx_word' id='word_1_601' title='bbox 2314 4388 2397 4432; x_wconf 85' lang='lat' dir='ltr'><strong>est</strong></span> <span class='ocrx_word' id='word_1_602' title='bbox 2430 4397 2582 4434; x_wconf 88' lang='lat' dir='ltr'><strong>anno</strong></span> <span class='ocrx_word' id='word_1_603' title='bbox 2628 4383 2752 4443; x_wconf 81' lang='grc'><strong>513,</strong></span> <span class='ocrx_word' id='word_1_604' title='bbox 2786 4381 2939 4434; x_wconf 86' lang='lat' dir='ltr'><strong>diem</strong></span> <span class='ocrx_word' id='word_1_605' title='bbox 2989 4381 3253 4432; x_wconf 82' lang='lat' dir='ltr'><strong>clausisse</strong></span> <span class='ocrx_word' id='word_1_606' title='bbox 3288 4380 3452 4432; x_wconf 88' lang='lat' dir='ltr'><strong>docet</strong></span> <span class='ocrx_word' id='word_1_607' title='bbox 3477 4379 3710 4447; x_wconf 83' lang='lat' dir='ltr'><strong>elegans</strong></span> <span class='ocrx_word' id='word_1_608' title='bbox 3742 4395 3871 4447; x_wconf 55' lang='lat' dir='ltr'><strong>ejus</strong></span> 
     </span>
    </p>
   </div>
   <div class='ocr_carea' id='block_1_112' title="bbox 2173 4450 3875 4522">
    <p class='ocr_par' dir='ltr' id='par_1_112' title="bbox 2173 4450 3875 4522">
     <span class='ocr_line' id='line_1_113' title="bbox 2173 4450 3875 4522; baseline -0.002 -18"><span class='ocrx_word' id='word_1_609' title='bbox 2173 4451 2550 4521; x_wconf 82' lang='lat' dir='ltr'><strong>epitaphium,</strong></span> <span class='ocrx_word' id='word_1_610' title='bbox 2585 4452 2736 4522; x_wconf 88' lang='lat' dir='ltr'><strong>quod</strong></span> <span class='ocrx_word' id='word_1_611' title='bbox 2780 4451 2838 4504; x_wconf 91' lang='lat' dir='ltr'><strong>in</strong></span> <span class='ocrx_word' id='word_1_612' title='bbox 2869 4451 3022 4522; x_wconf 82' lang='lat' dir='ltr'><strong>beati</strong></span> <span class='ocrx_word' id='word_1_613' title='bbox 3073 4450 3230 4504; x_wconf 87' lang='lat' dir='ltr'><strong>Pauli</strong></span> <span class='ocrx_word' id='word_1_614' title='bbox 3279 4451 3507 4503; x_wconf 84' lang='lat' dir='ltr'><strong>basilica</strong></span> <span class='ocrx_word' id='word_1_615' title='bbox 3540 4465 3875 4502; x_wconf 86' lang='lat' dir='ltr'><strong>marmoreo</strong></span> 
     </span>
    </p>
   </div>
   <div class='ocr_carea' id='block_1_113' title="bbox 2172 4521 3313 4592">
    <p class='ocr_par' dir='ltr' id='par_1_113' title="bbox 2172 4521 3313 4592">
     <span class='ocr_line' id='line_1_114' title="bbox 2172 4521 3313 4592; baseline 0 -18"><span class='ocrx_word' id='word_1_616' title='bbox 2172 4525 2394 4576; x_wconf 91' lang='lat' dir='ltr'><strong>tumqu</strong></span> <span class='ocrx_word' id='word_1_617' title='bbox 2425 4521 2666 4576; x_wconf 87' lang='lat' dir='ltr'><strong>incisum</strong></span> <span class='ocrx_word' id='word_1_618' title='bbox 2695 4524 2940 4592; x_wconf 83' lang='lat' dir='ltr'><strong>legimus</strong></span> <span class='ocrx_word' id='word_1_619' title='bbox 2969 4521 3057 4574; x_wconf 89' lang='lat' dir='ltr'><strong>his</strong></span> <span class='ocrx_word' id='word_1_620' title='bbox 3091 4522 3272 4574; x_wconf 86' lang='lat' dir='ltr'><strong>verbis</strong></span> <span class='ocrx_word' id='word_1_621' title='bbox 3302 4537 3313 4574; x_wconf 93' lang='lat'><strong>:</strong></span> 
     </span>
    </p>
   </div>
   <div class='ocr_carea' id='block_1_114' title="bbox 2327 4627 3608 4689">
    <p class='ocr_par' dir='ltr' id='par_1_114' title="bbox 2327 4627 3608 4689">
     <span class='ocr_line' id='line_1_115' title="bbox 2327 4627 3608 4689; baseline -0.002 -13"><span class='ocrx_word' id='word_1_622' title='bbox 2327 4629 2448 4677; x_wconf 76' lang='lat' dir='ltr'><strong>Post</strong></span> <span class='ocrx_word' id='word_1_623' title='bbox 2474 4632 2693 4677; x_wconf 87' lang='lat' dir='ltr'><strong>mortem</strong></span> <span class='ocrx_word' id='word_1_624' title='bbox 2724 4628 2767 4676; x_wconf 92' lang='lat' dir='ltr'><strong>si</strong></span> <span class='ocrx_word' id='word_1_625' title='bbox 2791 4627 2921 4676; x_wconf 90' lang='lat' dir='ltr'><strong>vivit</strong></span> <span class='ocrx_word' id='word_1_626' title='bbox 2944 4641 3108 4688; x_wconf 88' lang='lat' dir='ltr'><strong>amor,</strong></span> <span class='ocrx_word' id='word_1_627' title='bbox 3133 4629 3174 4675; x_wconf 80' lang='lat' dir='ltr'><strong>si</strong></span> <span class='ocrx_word' id='word_1_628' title='bbox 3207 4627 3373 4689; x_wconf 85' lang='lat' dir='ltr'><strong>gratia</strong></span> <span class='ocrx_word' id='word_1_629' title='bbox 3401 4627 3571 4689; x_wconf 82' lang='lat' dir='ltr'><strong>prisca</strong></span> <span class='ocrx_word' id='word_1_630' title='bbox 3596 4670 3608 4682; x_wconf 82' lang='lat'><strong>,</strong></span> 
     </span>
    </p>
   </div>
   <div class='ocr_carea' id='block_1_115' title="bbox 2454 4689 3681 4739">
    <p class='ocr_par' dir='ltr' id='par_1_115' title="bbox 2454 4689 3681 4739">
     <span class='ocr_line' id='line_1_116' title="bbox 2454 4689 3681 4739; baseline -0.002 0"><span class='ocrx_word' id='word_1_631' title='bbox 2454 4693 2614 4739; x_wconf 84' lang='lat' dir='ltr'><strong>Durat</strong></span> <span class='ocrx_word' id='word_1_632' title='bbox 2645 4692 2696 4738; x_wconf 91' lang='lat' dir='ltr'><strong>in</strong></span> <span class='ocrx_word' id='word_1_633' title='bbox 2727 4703 2979 4738; x_wconf 87' lang='lat' dir='ltr'><strong>arcanum</strong></span> <span class='ocrx_word' id='word_1_634' title='bbox 3006 4691 3196 4738; x_wconf 88' lang='lat' dir='ltr'><strong>mentis</strong></span> <span class='ocrx_word' id='word_1_635' title='bbox 3225 4690 3411 4737; x_wconf 82' lang='lat' dir='ltr'><strong>adacta</strong></span> <span class='ocrx_word' id='word_1_636' title='bbox 3440 4689 3642 4737; x_wconf 89' lang='lat' dir='ltr'><strong>bonum</strong></span> <span class='ocrx_word' id='word_1_637' title='bbox 3667 4704 3681 4736; x_wconf 90' lang='lat'><strong>:</strong></span> 
     </span>
    </p>
   </div>
   <div class='ocr_carea' id='block_1_116' title="bbox 2326 4752 3808 4812">
    <p class='ocr_par' dir='ltr' id='par_1_116' title="bbox 2326 4752 3808 4812">
     <span class='ocr_line' id='line_1_117' title="bbox 2326 4752 3808 4812; baseline -0.001 -11"><span class='ocrx_word' id='word_1_638' title='bbox 2326 4753 2577 4810; x_wconf 83' lang='lat' dir='ltr'><strong>Quamvis</strong></span> <span class='ocrx_word' id='word_1_639' title='bbox 2606 4753 2909 4808; x_wconf 82' lang='lat' dir='ltr'><strong>luctiﬁcum,</strong></span> <span class='ocrx_word' id='word_1_640' title='bbox 2951 4752 3125 4800; x_wconf 85' lang='lat' dir='ltr'><strong>fratris</strong></span> <span class='ocrx_word' id='word_1_641' title='bbox 3157 4757 3330 4800; x_wconf 89' lang='lat' dir='ltr'><strong>tamen</strong></span> <span class='ocrx_word' id='word_1_642' title='bbox 3366 4752 3540 4812; x_wconf 81' lang='lat' dir='ltr'><strong>accipe</strong></span> <span class='ocrx_word' id='word_1_643' title='bbox 3571 4765 3808 4806; x_wconf 81' lang='lat' dir='ltr'><strong>carmen,</strong></span> 
     </span>
    </p>
   </div>
   <div class='ocr_carea' id='block_1_117' title="bbox 2443 4815 3576 4876">
    <p class='ocr_par' dir='ltr' id='par_1_117' title="bbox 2443 4815 3576 4876">
     <span class='ocr_line' id='line_1_118' title="bbox 2443 4815 3576 4876; baseline -0.002 -13"><span class='ocrx_word' id='word_1_644' title='bbox 2443 4817 2513 4863; x_wconf 80' lang='lat' dir='ltr'><strong>Ne</strong></span> <span class='ocrx_word' id='word_1_645' title='bbox 2545 4817 2682 4864; x_wconf 85' lang='lat' dir='ltr'><strong>mala</strong></span> <span class='ocrx_word' id='word_1_646' title='bbox 2713 4817 2780 4863; x_wconf 88' lang='lat' dir='ltr'><strong>sit</strong></span> <span class='ocrx_word' id='word_1_647' title='bbox 2801 4815 3019 4862; x_wconf 86' lang='lat' dir='ltr'><strong>tumulis</strong></span> <span class='ocrx_word' id='word_1_648' title='bbox 3042 4821 3215 4863; x_wconf 82' lang='lat' dir='ltr'><strong>extera</strong></span> <span class='ocrx_word' id='word_1_649' title='bbox 3240 4815 3424 4876; x_wconf 85' lang='lat' dir='ltr'><strong>lingua</strong></span> <span class='ocrx_word' id='word_1_650' title='bbox 3455 4815 3576 4862; x_wconf 87' lang='lat' dir='ltr'><strong>tuis.</strong></span> 
     </span>
    </p>
   </div>
   <div class='ocr_carea' id='block_1_118' title="bbox 2321 4877 3465 4940">
    <p class='ocr_par' dir='ltr' id='par_1_118' title="bbox 2321 4877 3465 4940">
     <span class='ocr_line' id='line_1_119' title="bbox 2321 4877 3465 4940; baseline -0.001 -15"><span class='ocrx_word' id='word_1_651' title='bbox 2321 4878 2388 4926; x_wconf 89' lang='lat' dir='ltr'><strong>Te</strong></span> <span class='ocrx_word' id='word_1_652' title='bbox 2411 4883 2600 4926; x_wconf 84' lang='lat' dir='ltr'><strong>natura</strong></span> <span class='ocrx_word' id='word_1_653' title='bbox 2625 4891 2815 4940; x_wconf 81' lang='lat' dir='ltr'><strong>parens</strong></span> <span class='ocrx_word' id='word_1_654' title='bbox 2839 4879 2985 4940; x_wconf 88' lang='lat' dir='ltr'><strong>omni</strong></span> <span class='ocrx_word' id='word_1_655' title='bbox 3011 4877 3311 4939; x_wconf 81' lang='lat' dir='ltr'><strong>depinxerat</strong></span> <span class='ocrx_word' id='word_1_656' title='bbox 3333 4881 3465 4933; x_wconf 87' lang='lat' dir='ltr'><strong>arte,</strong></span> 
     </span>
    </p>
   </div>
   <div class='ocr_carea' id='block_1_119' title="bbox 2444 4939 3598 5004">
    <p class='ocr_par' dir='ltr' id='par_1_119' title="bbox 2444 4939 3598 5004">
     <span class='ocr_line' id='line_1_120' title="bbox 2444 4939 3598 5004; baseline -0.002 -16"><span class='ocrx_word' id='word_1_657' title='bbox 2444 4939 2692 4994; x_wconf 82' lang='lat' dir='ltr'><strong>Moribus.</strong></span> <span class='ocrx_word' id='word_1_658' title='bbox 2725 4939 2957 5004; x_wconf 79' lang='lat' dir='ltr'><strong>ingenio,</strong></span> <span class='ocrx_word' id='word_1_659' title='bbox 2989 4953 3225 5002; x_wconf 82' lang='lat' dir='ltr'><strong>corpore.</strong></span> <span class='ocrx_word' id='word_1_660' title='bbox 3256 4944 3443 5004; x_wconf 79' lang='lat' dir='ltr'><strong>mente,</strong></span> <span class='ocrx_word' id='word_1_661' title='bbox 3475 4939 3598 5004; x_wconf 73' lang='lat' dir='ltr'><strong>fide.</strong></span> 
     </span>
    </p>
   </div>
   <div class='ocr_carea' id='block_1_120' title="bbox 2323 5001 3512 5061">
    <p class='ocr_par' dir='ltr' id='par_1_120' title="bbox 2323 5001 3512 5061">
     <span class='ocr_line' id='line_1_121' title="bbox 2323 5001 3512 5061; baseline -0.003 -10"><span class='ocrx_word' id='word_1_662' title='bbox 2323 5003 2490 5051; x_wconf 83' lang='lat' dir='ltr'><strong>Purus</strong></span> <span class='ocrx_word' id='word_1_663' title='bbox 2522 5003 2765 5052; x_wconf 71' lang='lat' dir='ltr'><strong>amicitim</strong></span> <span class='ocrx_word' id='word_1_664' title='bbox 2794 5001 2983 5059; x_wconf 78' lang='lat' dir='ltr'><strong>eultor,</strong></span> <span class='ocrx_word' id='word_1_665' title='bbox 3017 5001 3254 5050; x_wconf 80' lang='lat' dir='ltr'><strong>servator</strong></span> <span class='ocrx_word' id='word_1_666' title='bbox 3284 5001 3512 5061; x_wconf 79' lang='lat' dir='ltr'><strong>honesti,</strong></span> 
     </span>
    </p>
   </div>
   <div class='ocr_carea' id='block_1_121' title="bbox 2432 5064 3449 5127">
    <p class='ocr_par' dir='ltr' id='par_1_121' title="bbox 2432 5064 3449 5127">
     <span class='ocr_line' id='line_1_122' title="bbox 2432 5064 3449 5127; baseline -0.003 -14"><span class='ocrx_word' id='word_1_667' title='bbox 2432 5065 2651 5127; x_wconf 86' lang='lat' dir='ltr'><strong>Eloquio</strong></span> <span class='ocrx_word' id='word_1_668' title='bbox 2679 5066 2898 5112; x_wconf 83' lang='lat' dir='ltr'><strong>miseros</strong></span> <span class='ocrx_word' id='word_1_669' title='bbox 2922 5065 3005 5112; x_wconf 90' lang='lat' dir='ltr'><strong>vel</strong></span> <span class='ocrx_word' id='word_1_670' title='bbox 3035 5065 3224 5126; x_wconf 85' lang='lat' dir='ltr'><strong>pietate</strong></span> <span class='ocrx_word' id='word_1_671' title='bbox 3242 5064 3449 5111; x_wconf 87' lang='lat' dir='ltr'><strong>fovens.</strong></span> 
     </span>
    </p>
   </div>
   <div class='ocr_carea' id='block_1_122' title="bbox 2327 5127 3585 5236">
    <p class='ocr_par' dir='ltr' id='par_1_122' title="bbox 2327 5127 3585 5236">
     <span class='ocr_line' id='line_1_123' title="bbox 2327 5127 3585 5236; baseline -0.002 -60"><span class='ocrx_word' id='word_1_672' title='bbox 2327 5127 2418 5176; x_wconf 88' lang='lat' dir='ltr'><strong>Hic</strong></span> <span class='ocrx_word' id='word_1_673' title='bbox 2449 5133 2528 5176; x_wconf 84' lang='lat' dir='ltr'><strong>est</strong></span> <span class='ocrx_word' id='word_1_674' title='bbox 2555 5128 2697 5236; x_wconf 71' lang='lat' dir='ltr'><strong>quod</strong></span> <span class='ocrx_word' id='word_1_675' title='bbox 2726 5131 2836 5175; x_wconf 88' lang='lat' dir='ltr'><strong>toto</strong></span> <span class='ocrx_word' id='word_1_676' title='bbox 2872 5140 3077 5189; x_wconf 88' lang='lat' dir='ltr'><strong>semper</strong></span> <span class='ocrx_word' id='word_1_677' title='bbox 3106 5132 3154 5175; x_wconf 88' lang='lat' dir='ltr'><strong>te</strong></span> <span class='ocrx_word' id='word_1_678' title='bbox 3187 5127 3427 5175; x_wconf 82' lang='lat' dir='ltr'><strong>tlebimus</strong></span> <span class='ocrx_word' id='word_1_679' title='bbox 3451 5139 3585 5174; x_wconf 62' lang='lat' dir='ltr'><strong>aevo.</strong></span> 
     </span>
     <span class='ocr_line' id='line_1_124' title="bbox 2437 5188 3585 5236; baseline -0.002 0"><span class='ocrx_word' id='word_1_680' title='bbox 2437 5190 2551 5236; x_wconf 93' lang='lat' dir='ltr'><strong>Ouo</strong></span> <span class='ocrx_word' id='word_1_681' title='bbox 2618 5190 2775 5236; x_wconf 85' lang='lat' dir='ltr'><strong>fuerit</strong></span> <span class='ocrx_word' id='word_1_682' title='bbox 2803 5188 2982 5236; x_wconf 88' lang='lat' dir='ltr'><strong>iuveni</strong></span> <span class='ocrx_word' id='word_1_683' title='bbox 3024 5190 3100 5236; x_wconf 89' lang='lat' dir='ltr'><strong>vis</strong></span> <span class='ocrx_word' id='word_1_684' title='bbox 3132 5189 3224 5236; x_wconf 88' lang='lat' dir='ltr'><strong>tibi</strong></span> <span class='ocrx_word' id='word_1_685' title='bbox 3255 5189 3422 5236; x_wconf 86' lang='lat' dir='ltr'><strong>multa</strong></span> <span class='ocrx_word' id='word_1_686' title='bbox 3455 5188 3585 5236; x_wconf 75' lang='lat' dir='ltr'><strong>seni:</strong></span> 
     </span>
    </p>
   </div>
   <div class='ocr_carea' id='block_1_123' title="bbox 2437 5188 3618 5252">
    <p class='ocr_par' dir='ltr' id='par_1_123' title="bbox 2437 5188 3618 5252">
     <span class='ocr_line' id='line_1_125' title="bbox 2437 5188 3618 5252; baseline -0.003 -15"><span class='ocrx_word' id='word_1_687' title='bbox 2437 5188 2587 5246; x_wconf 87' lang='lat' dir='ltr'><strong>Quod</strong></span> <span class='ocrx_word' id='word_1_688' title='bbox 2618 5190 2775 5238; x_wconf 85' lang='lat' dir='ltr'><strong>fuerit</strong></span> <span class='ocrx_word' id='word_1_689' title='bbox 2798 5188 2996 5252; x_wconf 83' lang='lat' dir='ltr'><strong>juveni</strong></span> <span class='ocrx_word' id='word_1_690' title='bbox 3024 5190 3100 5236; x_wconf 91' lang='lat' dir='ltr'><strong>vis</strong></span> <span class='ocrx_word' id='word_1_691' title='bbox 3132 5189 3224 5237; x_wconf 89' lang='lat' dir='ltr'><strong>tibi</strong></span> <span class='ocrx_word' id='word_1_692' title='bbox 3255 5189 3422 5237; x_wconf 86' lang='lat' dir='ltr'><strong>multa</strong></span> <span class='ocrx_word' id='word_1_693' title='bbox 3455 5188 3618 5252; x_wconf 82' lang='lat' dir='ltr'><strong>senis.</strong></span> 
     </span>
    </p>
   </div>
   <div class='ocr_carea' id='block_1_124' title="bbox 2333 5250 3715 5313">
    <p class='ocr_par' dir='ltr' id='par_1_124' title="bbox 2333 5250 3715 5313">
     <span class='ocr_line' id='line_1_126' title="bbox 2333 5250 3715 5313; baseline -0.001 -15"><span class='ocrx_word' id='word_1_694' title='bbox 2333 5251 2401 5299; x_wconf 87' lang='lat' dir='ltr'><strong>Te</strong></span> <span class='ocrx_word' id='word_1_695' title='bbox 2431 5253 2677 5310; x_wconf 74' lang='lat' dir='ltr'><strong>genitrix,</strong></span> <span class='ocrx_word' id='word_1_696' title='bbox 2703 5250 2992 5312; x_wconf 84' lang='lat' dir='ltr'><strong>fratresque</strong></span> <span class='ocrx_word' id='word_1_697' title='bbox 3021 5252 3196 5308; x_wconf 85' lang='lat' dir='ltr'><strong>simul,</strong></span> <span class='ocrx_word' id='word_1_698' title='bbox 3227 5257 3273 5300; x_wconf 88' lang='lat' dir='ltr'><strong>te</strong></span> <span class='ocrx_word' id='word_1_699' title='bbox 3296 5265 3539 5313; x_wconf 85' lang='lat' dir='ltr'><strong>compare</strong></span> <span class='ocrx_word' id='word_1_700' title='bbox 3571 5250 3715 5298; x_wconf 91' lang='lat' dir='ltr'><strong>luctu</strong></span> 
     </span>
    </p>
   </div>
   <div class='ocr_carea' id='block_1_125' title="bbox 2429 5314 3632 5377">
    <p class='ocr_par' dir='ltr' id='par_1_125' title="bbox 2429 5314 3632 5377">
     <span class='ocr_line' id='line_1_127' title="bbox 2429 5314 3632 5377; baseline -0.002 -15"><span class='ocrx_word' id='word_1_701' title='bbox 2429 5315 2698 5376; x_wconf 84' lang='lat' dir='ltr'><strong>Perpetuis</strong></span> <span class='ocrx_word' id='word_1_702' title='bbox 2726 5314 2975 5376; x_wconf 78' lang='lat' dir='ltr'><strong>Iacrymis</strong></span> <span class='ocrx_word' id='word_1_703' title='bbox 3000 5314 3203 5377; x_wconf 83' lang='lat' dir='ltr'><strong>plangit</strong></span> <span class='ocrx_word' id='word_1_704' title='bbox 3224 5318 3397 5362; x_wconf 86' lang='lat' dir='ltr'><strong>amata</strong></span> <span class='ocrx_word' id='word_1_705' title='bbox 3423 5315 3632 5361; x_wconf 87' lang='lat' dir='ltr'><strong>domus.</strong></span> 
     </span>
    </p>
   </div>
   <div class='ocr_carea' id='block_1_126' title="bbox 2171 5410 3881 5475">
    <p class='ocr_par' dir='ltr' id='par_1_126' title="bbox 2171 5410 3881 5475">
     <span class='ocr_line' id='line_1_128' title="bbox 2171 5410 3881 5475; baseline 0 -11"><span class='ocrx_word' id='word_1_706' title='bbox 2171 5412 2291 5466; x_wconf 84' lang='lat' dir='ltr'><strong>HIC</strong></span> <span class='ocrx_word' id='word_1_707' title='bbox 2395 5413 2802 5475; x_wconf 70' lang='lat' dir='ltr'><strong>IiEQUlESCIT</strong></span> <span class='ocrx_word' id='word_1_708' title='bbox 2901 5413 2970 5465; x_wconf 89' lang='lat' dir='ltr'><strong>IN</strong></span> <span class='ocrx_word' id='word_1_709' title='bbox 3049 5413 3222 5466; x_wconf 75' lang='lat' dir='ltr'><strong>PACE</strong></span> <span class='ocrx_word' id='word_1_710' title='bbox 3291 5414 3345 5465; x_wconf 81' lang='grc' dir='ltr'><strong>Β.</strong></span> <span class='ocrx_word' id='word_1_711' title='bbox 3419 5412 3484 5464; x_wconf 83' lang='grc' dir='ltr'><strong>Μ.</strong></span> <span class='ocrx_word' id='word_1_712' title='bbox 3557 5410 3881 5464; x_wconf 82' lang='lat' dir='ltr'><strong>PETILIL&#39;S</strong></span> 
     </span>
    </p>
   </div>
   <div class='ocr_carea' id='block_1_127' title="bbox 2171 5482 3882 5544">
    <p class='ocr_par' dir='ltr' id='par_1_127' title="bbox 2171 5482 3882 5544">
     <span class='ocr_line' id='line_1_129' title="bbox 2171 5482 3882 5544; baseline -0.001 -8"><span class='ocrx_word' id='word_1_713' title='bbox 2171 5482 2584 5537; x_wconf 78' lang='lat' dir='ltr'><strong>PROCESSIUS</strong></span> <span class='ocrx_word' id='word_1_714' title='bbox 2617 5485 2670 5537; x_wconf 93' lang='lat' dir='ltr'><strong>V.</strong></span> <span class='ocrx_word' id='word_1_715' title='bbox 2711 5484 2765 5536; x_wconf 77' lang='lat' dir='ltr'><strong>S.</strong></span> <span class='ocrx_word' id='word_1_716' title='bbox 2801 5482 3116 5538; x_wconf 72' lang='lat' dir='ltr'><strong>TOGATUS</strong></span> <span class='ocrx_word' id='word_1_717' title='bbox 3158 5483 3287 5535; x_wconf 68' lang='lat' dir='ltr'><strong>INL.</strong></span> <span class='ocrx_word' id='word_1_718' title='bbox 3331 5484 3388 5536; x_wconf 86' lang='lat' dir='ltr'><strong>P.</strong></span> <span class='ocrx_word' id='word_1_719' title='bbox 3437 5485 3490 5536; x_wconf 88' lang='grc' dir='ltr'><strong>Ρ.</strong></span> <span class='ocrx_word' id='word_1_720' title='bbox 3534 5482 3652 5544; x_wconf 79' lang='grc' dir='ltr'><strong>ΟΙἸ</strong></span> <span class='ocrx_word' id='word_1_721' title='bbox 3694 5482 3882 5535; x_wconf 74' lang='lat' dir='ltr'><strong>VleT</strong></span> 
     </span>
    </p>
   </div>
   <div class='ocr_carea' id='block_1_128' title="bbox 2171 5552 3871 5609">
    <p class='ocr_par' dir='ltr' id='par_1_128' title="bbox 2171 5552 3871 5609">
     <span class='ocr_line' id='line_1_130' title="bbox 2171 5552 3871 5609; baseline -0.002 -2"><span class='ocrx_word' id='word_1_722' title='bbox 2171 5554 2273 5608; x_wconf 84' lang='lat' dir='ltr'><strong>PL.</strong></span> <span class='ocrx_word' id='word_1_723' title='bbox 2317 5553 2384 5607; x_wconf 84' lang='lat' dir='ltr'><strong>M.</strong></span> <span class='ocrx_word' id='word_1_724' title='bbox 2425 5554 2590 5607; x_wconf 77' lang='lat' dir='ltr'><strong>ANN.</strong></span> <span class='ocrx_word' id='word_1_725' title='bbox 2635 5555 2897 5607; x_wconf 77' lang='lat' dir='ltr'><strong>XXXVIII.</strong></span> <span class='ocrx_word' id='word_1_726' title='bbox 2936 5555 3084 5609; x_wconf 76' lang='lat' dir='ltr'><strong>DEP.</strong></span> <span class='ocrx_word' id='word_1_727' title='bbox 3125 5557 3179 5608; x_wconf 67' lang='lat' dir='ltr'><strong>li.</strong></span> <span class='ocrx_word' id='word_1_728' title='bbox 3215 5555 3341 5609; x_wconf 79' lang='lat' dir='ltr'><strong>SUB</strong></span> <span class='ocrx_word' id='word_1_729' title='bbox 3378 5554 3487 5607; x_wconf 81' lang='lat' dir='ltr'><strong>DIE</strong></span> <span class='ocrx_word' id='word_1_730' title='bbox 3526 5552 3678 5606; x_wconf 70' lang='lat' dir='ltr'><strong>KAL.</strong></span> <span class='ocrx_word' id='word_1_731' title='bbox 3725 5553 3871 5606; x_wconf 77' lang='lat' dir='ltr'><strong>JUL.</strong></span> 
     </span>
    </p>
   </div>
   <div class='ocr_carea' id='block_1_129' title="bbox 2172 5624 2991 5680">
    <p class='ocr_par' dir='ltr' id='par_1_129' title="bbox 2172 5624 2991 5680">
     <span class='ocr_line' id='line_1_131' title="bbox 2172 5624 2991 5680; baseline -0.001 0"><span class='ocrx_word' id='word_1_732' title='bbox 2172 5625 2406 5680; x_wconf 79' lang='lat' dir='ltr'><strong>PBOBO</strong></span> <span class='ocrx_word' id='word_1_733' title='bbox 2447 5625 2591 5678; x_wconf 81' lang='lat' dir='ltr'><strong>JUN.</strong></span> <span class='ocrx_word' id='word_1_734' title='bbox 2635 5625 2696 5678; x_wconf 91' lang='lat' dir='ltr'><strong>V.</strong></span> <span class='ocrx_word' id='word_1_735' title='bbox 2743 5624 2800 5679; x_wconf 94' lang='lat' dir='ltr'><strong>C.</strong></span> <span class='ocrx_word' id='word_1_736' title='bbox 2844 5625 2991 5680; x_wconf 89' lang='lat' dir='ltr'><strong>COS.</strong></span> 
     </span>
    </p>
   </div>
  </div>
