4060 6174
201 251 275 299 3'21
1580 245 1945 303 CARMINUM
1985 246 2116 300 LIB.
2158 246 2203 299 Ι.

3546 248 3649 300 3‘22

197 379 403 429 mulcere
424 374 673 441 collegio.
700 375 803 427 Cui
836 373 971 427 talia
1002 376 1194 445 agenti
1224 376 1269 428 si
1290 376 1415 446 quis
1448 377 1826 430 sermocinan-
1866 380 1907 432 Α
1932 378 2012 430 Tu
2036 376 2311 430 Phoebum
2342 376 2533 430 reddis
2567 392 2579 430 :
2611 376 2795 430 fumat
2831 378 2932 430 tibi
2964 377 3192 430 victima
3231 379 3496 449 pinguis,

198 474 284 519 tem
319 464 509 517 fidibus
543 465 821 517 citharam
866 464 1064 519 doctus
1097 464 1418 531 admoveat,
1453 469 1509 519 et
1574 466 1835 536 loquacia

195 557 267 609 lila
313 554 498 607 irrisor
540 553 790 606 urbanus
864 558 1151 623 apportet,
1202 554 1261 608 in
1317 554 1554 625 ancipiti
1585 563 1669 609 est
1697 556 1833 625 quid

194 646 335 712 eligat
361 642 504 696 nuda
533 642 888 713 simplicitas,
920 643 1054 697 dum
1080 645 1212 714 lyrae
1241 648 1448 708 tactus,
1490 645 1620 699 licet
1637 661 1833 699 erran-

194 734 315 786 tibus
343 731 545 801 digitis,
577 731 800 785 dulcem
843 738 900 785 et
946 733 1045 803 qui
1094 733 1345 787 animam
1380 734 1603 803 frangat
1658 733 1837 805 crepi-

194 832 287 875 tum
307 821 479 873 reddit
510 837 521 874 :
548 820 704 874 nefas
736 825 927 876 tamen
945 826 1127 893 putat,
1147 823 1195 876 si
1213 822 1384 878 alieni
1402 827 1612 877 tractus
1638 838 1834 877 amore

192 910 447 981 propositi,
505 910 715 964 avitam
773 912 950 965 discat
997 912 1293 966 scientiam
1342 912 1739 983 nonfamare;
1774 914 1837 966 ut

191 1000 539 1053 lluminfrenis
559 1000 807 1055 ambitus
832 1002 1157 1056 rusticantis
1188 1002 1465 1057 doctrinas
1521 1003 1835 1057 terminum

190 1106 275 1143 non
304 1090 543 1157 metitur,
590 1090 949 1161 superiorum
971 1092 1194 1159 affectu,
1228 1098 1282 1147 et
1310 1093 1435 1163 ipsa
1454 1109 1512 1147 se
1544 1092 1836 1163 possibilia

191 1180 428 1247 ;ntelligat
458 1180 813 1249 perditurum
849 1198 860 1235 :
903 1198 1035 1236 cum
1064 1182 1411 1237 nescientem
1445 1182 1583 1253 quid
1644 1183 1831 1237 valeat

187 1268 457 1338 mapalium
483 1269 751 1323 alumnus
783 1271 905 1341 ipsa
934 1278 1188 1341 paternae
1212 1273 1589 1327 institutionis
1617 1272 1835 1327 medio-

185 1360 320 1412 critas
351 1359 509 1428 quasi
552 1364 785 1414 externa
840 1367 1187 1415 contemnat.
1234 1364 1359 1416 Non
1388 1363 1555 1417 aliter
1584 1379 1695 1430 me,
1750 1362 1838 1414 vir

184 1448 514 1518 amplissime,
549 1448 703 1503 inter
732 1451 981 1504 maxima
1014 1450 1185 1505 curim
1216 1451 1401 1506 sidera
1430 1452 1835 1523 computande,

182 1539 318 1605 iubar
343 1539 642 1607 facundia},
682 1540 1051 1609 ingeniorum
1110 1542 1360 1607 ﬂamma,
1421 1542 1691 1612 splendor
1718 1542 1836 1594 elo-

182 1628 413 1698 Viuentiae,
445 1628 765 1683 dictionum
820 1646 1040 1697 census,
1099 1647 1202 1700 per
1230 1648 1534 1685 nemorum
1591 1629 1741 1684 invia
1767 1630 1831 1683 ad

184 1722 324 1770 instar
343 1718 641 1787 pastoralis
680 1719 887 1773 ﬁstulae
920 1736 1047 1790 qua).
1079 1720 1269 1773 viliter
1294 1725 1619 1787 narrantur,
1677 1720 1838 1773 oblc-

182 1811 321 1871 ciant,
355 1812 708 1861 metuentem
750 1809 1222 1877 citharamtuam,
1252 1811 1583 1864 laudantem
1604 1810 1838 1879 plectra,

183 1913 300 1968 quae,
329 1902 387 1951 ut
413 1899 681 1967 superius
722 1900 901 1967 texui,
934 1901 1254 1970 agrestibus
1284 1900 1479 1970 digitis
1503 1899 1645 1955 meis
1676 1900 1842 1953 urba-

189 2003 267 2038 nus
296 1987 569 2058 adjungis.
601 1992 839 2053 Amove,
874 2006 1085 2060 quaeso,
1116 2006 1290 2061 quam
1338 1989 1577 2043 adhibes
1609 1989 1677 2042 ad
1700 1988 1842 2041 invi—

185 2077 381 2130 tandum
432 2094 546 2143 me,
582 2079 901 2133 elucubrati
934 2080 1213 2133 sermonis
1256 2080 1605 2133 illecebram.
1640 2077 1845 2131 Absint

182 2167 351 2235 quibus
381 2168 549 2221 etiam
600 2170 754 2239 apud
789 2170 1000 2239 peritos
1029 2169 1206 2223 uteris
1259 2170 1487 2223 vincula
1544 2167 1838 2238 colloquii.

182 2257 441 2325 llompesce
471 2257 788 2312 verborum
818 2258 1044 2329 digitos,
1095 2259 1303 2329 quibus
1349 2259 1542 2313 soletis
1595 2258 1842 2311 reniten-

182 2346 292 2397 tium
334 2346 549 2399 animas
582 2347 653 2400 ad
686 2348 968 2401 desideria
1024 2354 1208 2402 vestra
1257 2349 1620 2419 compellere.
1658 2346 1843 2400 Liceat

184 2450 251 2486 me
276 2441 361 2488 aut
382 2436 615 2489 silentio
650 2437 938 2491 inscitiam
970 2443 1185 2507 tegere,
1213 2443 1310 2491 aut
1350 2454 1451 2508 per
1511 2436 1841 2490 stridentem

180 2524 412 2592 stipulam
443 2526 571 2578 aliis
597 2525 826 2579 triviale
855 2542 1081 2580 carmen
1122 2526 1363 2593 afferre;
1406 2525 1700 2579 vobiscum
1758 2524 1840 2577 fa-

181 2612 346 2677 bulari,
373 2631 459 2668 res
490 2620 578 2669 est
602 2615 797 2669 meriti
828 2618 1054 2681 veteris,
1087 2622 1141 2670 et
1162 2633 1321 2670 novae
1342 2615 1645 2669 felicitatis.
1680 2613 1840 2677 Quod

181 2701 327 2755 simei
354 2703 671 2758 immemor
693 2721 800 2775 ego
832 2708 1147 2772 tentavero,
1182 2705 1421 2774 adeptus
1438 2709 1636 2757 contra
1682 2702 1842 2755 utili-

182 2794 321 2843 tatem
350 2794 649 2864 propriam
673 2796 805 2848 solis
825 2811 1041 2857 currus,
1059 2796 1227 2865 juste,
1248 2793 1422 2847 subeo
1476 2790 1843 2847 Phaethontis

180 2883 486 2951 exemplum.
528 2885 608 2937 De
644 2901 757 2955 quo
831 2885 971 2955 quia
1002 2900 1189 2938 sermo
1220 2882 1482 2952 contigit,
1557 2886 1614 2935 et
1658 2881 1843 2935 forma

2015 467 2122 520 Pro
2154 481 2268 536 qua
2299 465 2599 519 cessissent
2628 466 2868 519 fulmine
2901 466 3191 520 coelicolm.

1944 556 2022 610 At
2037 554 2179 609 mihi
2213 556 2301 609 vix
2333 555 2473 609 illud
2506 556 2901 609 transmittunt
2922 571 3205 626 pauperes
3235 556 3411 625 horti,

2016 645 2207 700 Rubra
2237 651 2389 715 quod
2424 650 2719 715 acceptum
2747 648 2891 697 testa
2917 644 3125 699 refutat
3152 646 3296 700 olus.

1944 733 2102 800 Sum,
2136 734 2339 801 fateor,
2373 734 2533 803 cujus
2568 732 2845 787 distillent
2865 733 3037 788 verba
3073 735 3277 801 relatu,

2017 824 2153 887 Quae
2181 823 2423 878 maciem
2457 828 2785 878 monstrent
2814 822 3083 893 pauperis
3114 822 3357 894 ingenii.

1944 913 2210 967 Carmina
2239 914 2397 967 nulla
2424 928 2587 977 cano,
2621 927 2727 965 nec
2761 928 2849 965 me
2883 911 3218 965 modulante
3271 911 3570 968 Camoenae

2016 1003 2340 1057 Mansurum
2375 1001 2604 1057 dabitur
2635 1000 2854 1071 pollicis
2884 1017 2980 1054 ore
3014 1000 3246 1071 sophos.

1945 1091 2235 1163 Quidquid
2273 1091 2576 1162 Apollineo
2609 1090 2986 1161 loquebamur
3014 1090 3258 1160 pectine,
3302 1089 3444 1145 cessi

2018 1180 2240 1234 Oblitus
2272 1180 2506 1250 linguae,
2545 1195 2717 1251 quam
2746 1178 2888 1232 mihi
2922 1179 3018 1232 tila
3038 1179 3268 1233 dabant.

1948 1269 2179 1325 Rustica
2205 1286 2307 1341 per
2331 1275 2557 1323 teneras
2582 1272 2734 1323 errat
2766 1268 2909 1322 mihi
2934 1269 3164 1321 dextera
3186 1267 3443 1333 chordas,

2021 1360 2404 1430 Confriugunt
2434 1359 2626 1413 dulces
2651 1358 2890 1412 barbara
2917 1358 3133 1428 plectra
3166 1356 3385 1411 modos.

1948 1449 2033 1503 Ah
2063 1449 2329 1519 quotiens
2361 1448 2555 1503 vitreis
2578 1448 2809 1501 Helicon
2840 1447 2983 1501 mihi
3012 1446 3175 1500 ﬂuxit
3206 1446 3265 1500 in
3293 1443 3508 1512 herbis,

2018 1539 2291 1593 Arridens
2318 1538 2483 1592 labiis
2508 1555 2635 1607 quae
2653 1537 2785 1592 facit
2815 1536 2972 1590 unda
2994 1536 3148 1589 sitim
3177 1534 3188 1588 l

1946 1627 2036 1681 Ah
2070 1628 2337 1698 quotiens
2368 1627 2595 1681 hederis
2624 1625 2922 1680 redimitus
2957 1630 3221 1695 tempora
3248 1622 3404 1689 duxi,

2022 1717 2271 1772 Aonium
2303 1717 2560 1771 mulcens
2590 1715 2844 1769 carmine
2896 1714 3202 1769 concilium
3234 1712 3245 1767 l

1951 1811 2024 1862 At
2055 1823 2205 1860 nunc
2237 1823 2341 1877 per
2363 1807 2553 1873 silvas,
2588 1806 2739 1859 inter
2768 1805 2975 1875 spelaea
2999 1804 3271 1871 ferarum,

2021 1898 2317 1966 Agrestem
2343 1900 2526 1949 certus
2549 1894 2755 1948 ducere
2780 1893 3067 1959 militiam,

1954 1985 2197 2039 Grandia
2230 2000 2335 2055 per
2369 1984 2582 2038 validos
2616 1982 2961 2037 commendo
3001 1981 3221 2035 semina
3255 1980 3459 2048 sulcos,

2026 2076 2095 2128 Ut
2126 2090 2363 2143 germen
2385 2074 2514 2127 vitae
2542 2074 2855 2127 destituant
2885 2072 3037 2125 lolia.

1954 2164 2152 2218 Lactea
2178 2179 2249 2215 ne
2282 2166 2534 2215 mentem
2567 2161 2863 2215 denudent
2891 2160 3065 2213 verba
3094 2158 3357 2225 solutam,

2024 2251 2089 2303 Et
2118 2250 2282 2305 dictis
2304 2250 2492 2303 mollis
2524 2250 2679 2303 dicar
2710 2254 2766 2302 et
2788 2248 3041 2319 ingenio,

1953 2342 2074 2395 Non
2103 2340 2245 2393 mihi
2272 2356 2376 2410 per
2395 2355 2628 2409 campos
2661 2338 2941 2392 discurrat
2974 2337 3173 2407 lingua
3202 2338 3483 2406 patentes,

2022 2429 2264 2482 Mascula
2295 2445 2397 2481 nec
2423 2428 2580 2481 lituis
2610 2426 2760 2480 dicta
2789 2425 2968 2479 feram
3002 2424 3288 2495 gravibus.

1954 2518 2034 2571 Ne
2066 2533 2192 2571 mea
2224 2517 2570 2587 grandisono
2598 2516 2968 2569 ﬂammantur
2997 2513 3170 2567 corda
3220 2512 3535 2578 cothurno;

2024 2607 2093 2660 Et
2123 2605 2380 2659 tumidus
2402 2604 2625 2674 scriptis
2658 2603 2918 2656 moribus
2944 2618 3064 2655 esse
3092 2605 3278 2671 puter.

1952 2693 2061 2757 Qui
2096 2693 2236 2747 mihi
2278 2699 2413 2747 tunc
2445 2699 2642 2763 portus
2664 2693 2873 2746 famam
2906 2692 3046 2762 petit
3075 2689 3340 2760 undique:
3370 2688 3573 2743 lector.

2025 2782 2134 2837 Sed
2166 2783 2381 2836 stabilis
2412 2782 2596 2852 pudor
2623 2786 2724 2848 est,
2754 2782 2800 2834 si
2830 2786 3070 2846 taceam,
3095 2778 3381 2849 proprius.

1951 2872 2028 2926 Tu
2066 2874 2270 2926 coelum
2294 2876 2510 2935 teneas,
2544 2886 2633 2925 me
2666 2869 2831 2923 terris
2862 2869 3060 2939 linque
3092 2868 3403 2938 quietumﬂ

181 2969 417 3024 cautionis
463 2972 729 3039 accessit,
779 2973 919 3044 quid
974 2972 1119 3028 facto
1175 2988 1319 3043 opus
1383 2970 1473 3038 sit,
1524 2969 1839 3040 subjectum
1882 2988 1921 3043 ρ
2024 2961 2131 3026 011i
2162 2961 2348 3015 50mm
2381 2960 2533 3029 Πονί,
2567 2960 2721 3031 (1⁸]οά
2750 2960 2895 3013 bene
2926 2959 3004 3011 nil
3035 2956 3229 3011 ἀίάίοίο

178 3074 370 3115 earmeu
401 3061 684 3137 ostendit.

182 3185 317 3239 Fama
345 3189 532 3255 refert,
569 3194 831 3243 veterum
857 3206 982 3260 qua:
1013 3190 1196 3243 nescit
1233 3190 1471 3259 perdere
1505 3192 1683 3259 gesta,

230 3277 345 3339 Quae
369 3280 633 3349 loquitur
659 3294 885 3349 semper
907 3279 1188 3349 quidquid
1218 3279 1278 3332 in
1302 3279 1435 3331 orbe
1467 3278 1592 3332 fuit.

180 3364 579 3438 Germinagdum
604 3368 751 3421 lucis
781 3368 947 3421 Titan
980 3368 1261 3439 dispergit
1287 3367 1347 3422 in
1372 3384 1557 3434 axem,

231 3454 435 3509 Etditat
460 3456 751 3509 mundum
784 3456 1075 3511 nobilibus
1115 3456 1291 3510 radiis
1324 3472 1336 3509 :

179 3544 270 3596 lida
289 3547 638 3616 vaporiferas
669 3546 941 3599 cohibent
962 3546 1099 3599 dum
1116 3547 1240 3599 lora
1274 3545 1603 3616 quadrigas,

227 3635 283 3685 Et
306 3636 549 3689 nitidum
577 3651 793 3706 gurges
828 3635 1005 3688 mittit
1034 3634 1248 3706 ubique
1280 3636 1451 3688 diem.

178 3723 424 3779 Undantes
463 3727 652 3780 doctis
685 3726 948 3779 manibus
981 3727 1063 3780 sol
1083 3726 1239 3780 ﬂexit
1270 3724 1545 3790 habenas,

228 3817 501 3870 Artiﬁcem
532 3815 839 3870 dominum
862 3816 957 3869 lux
987 3815 1134 3869 bene
1168 3821 1304 3868 nota
1333 3813 1486 3868 tulit.

179 3901 261 3955 Sed
292 3906 707 3959 Phaethontazo
728 3910 1035 3975 postquam
1062 3906 1195 3958 dare
1236 3920 1411 3974 regna
1444 3906 1679 3973 precatu

230 3993 336 4046 Non
362 3995 686 4066 exploratis
716 3995 931 4047 viribus
960 3994 1210 4047 instituit
1242 4010 1255 4047 :

181 4082 496 4151 Degenerem
540 4084 747 4156 primis
775 4088 1052 4138 rectorem
1084 4084 1330 4137 motibus
1352 4086 1567 4136 astrum

233 4170 425 4239 Sensit,
459 4178 517 4227 et
541 4173 798 4227 excussis
820 4189 1048 4227 currere
1073 4173 1243 4244 cmpit
1276 4172 1457 4242 equis.

178 4258 302 4313 ‘l'unc
321 4266 497 4316 totam
532 4263 772 4332 sonipes
794 4264 981 4316 lucem
1013 4263 1081 4316 de
1113 4262 1346 4316 naribus
1368 4260 1566 4315 efﬂans

238 4350 345 4404 Non
380 4353 572 4407 tenuit
602 4353 747 4421 legis
781 4357 1043 4422 tempora
1062 4358 1215 4406 certa
1246 4367 1382 4405 sua).

180 4437 228 4489 lu
253 4438 539 4494 ﬂammam
572 4442 745 4494 cessit
777 4441 1067 4511 splendor,
1096 4441 1246 4511 quod
1282 4438 1528 4494 luminat
1548 4436 1709 4506 ussit,

234 4526 494 4600 Quodque
528 4530 753 4582 animat
781 4534 959 4582 terras
983 4530 1217 4583 exitium
1252 4528 1494 4599 peperit.

180 4616 304 4671 Tunc
321 4625 374 4671 et
406 4620 812 4688 Hyperboreas
843 4619 979 4672 dum
1008 4618 1221 4688 frangit
1241 4616 1503 4687 lampade
1527 4618 1741 4669 crustas

232 4707 405 4776 Epotis
432 4709 648 4763 Tanais
681 4709 1068 4771 siccusabibat
1096 4708 1277 4779 aquis.

178 4794 485 4865 Crystallum
520 4800 715 4865 ﬂuxit,
740 4799 835 4851 sed
870 4814 1068 4851 cursus
1100 4792 1355 4851 ﬂuminis
1386 4794 1561 4849 arsit:

232 4885 370 4948 Quod
398 4889 626 4959 lapides
658 4889 843 4954 solvit,
868 4887 1066 4941 nexuit
1098 4886 1428 4941 Eridanum.

178 4974 243 5027 Sic
263 4992 362 5045 ego
393 4978 757 5031 rhetoricum
785 4982 1009 5031 teutans
1031 4981 1416 5030 transcurrere
1439 4974 1661 5039 callem,

232 5067 544 5135 Aggredior
577 5084 777 5120 currus
805 5067 937 5119 solis
955 5071 1011 5120 et
1041 5066 1370 5135 imperium.

176 5152 345 5207 Nescio
369 5158 510 5227 quid
547 5156 1074 5225 variisimpendam
1116 5155 1315 5208 sideris
1356 5154 1490 5219 oris,

234 5244 418 5299 Nescio
449 5246 598 5315 quid
632 5252 877 5310 teneam,
914 5248 1117 5297 cuncta
1147 5244 1297 5296 calor
1325 5245 1572 5312 superat.

174 5331 322 5386 Curia
350 5340 403 5387 te
428 5335 661 5404 pollens
700 5339 934 5387 teretem
964 5334 1231 5387 formavit
1262 5332 1331 5385 ad
1355 5346 1626 5399 unguem,

236 5423 578 5492 Etpatribus
607 5425 773 5493 jussit
802 5424 1023 5478 lumina
1052 5421 1343 5477 ferretuis.

237 5549 249 5580 ¹
278 5551 347 5602 In
369 5549 565 5603 natali
595 5547 945 5621 Epiphanii]
962 5550 1104 5603 Cum
1134 5546 1487 5621 tricesimum
1505 5558 1717 5621 annum
1736 5542 1852 5621 inif

182 5624 257 5672 ret
282 5621 575 5675 cathedra:
602 5615 1102 5692 séu'epi‘scopatus
1147 5617 1476 5675 Ticinensis.
1522 5615 1854 5670 Inciderunt

2759 3067 2843 3120 IX.

1954 3192 2128 3230 DICTIO
2169 3191 2292 3236 QUAS
2332 3190 2535 3228 HABITA
2574 3189 2665 3226 EST
2710 3174 2729 3209 ί
2784 3187 2843 3226 IN
2887 3187 3077 3226 NATALI
3119 3185 3300 3224 SANCTI
3339 3184 3405 3223 AC
3443 3183 3650 3222 BEATIS-

2064 3280 2170 3317 SIMI
2217 3277 2363 3317 ΡΑΡᾸΞ
2402 3277 2695 3327 EPIPHANII,
2740 3276 2793 3314 IN
2837 3276 3032 3315 ANNUM
3072 3275 3179 3313 XXX
3218 3272 3548 3313 SACERDOTII.

2658 3363 2947 3435 Prwfalio.

2026 3457 2220 3513 Sentio
2254 3457 2391 3527 quid
2422 3456 2681 3526 plerique
2712 3455 2867 3508 taciti
2904 3455 3212 3525 loquantur
3259 3452 3319 3506 in
3366 3452 3649 3521 sensibus,

1955 3551 2010 3601 et
2042 3547 2303 3618 apposita
2324 3546 2509 3599 cordis
2558 3561 2693 3598 aure
2725 3560 2923 3597 vocem
2962 3542 3145 3596 cordis
3188 3541 3469 3611 intelligo.
3523 3541 3649 3595 Cla-

1953 3644 2114 3691 mant
2144 3636 2297 3689 enim
2334 3636 2441 3687 ista
2473 3634 2699 3687 silentia
2725 3633 2863 3703 quid
2904 3632 3009 3685 sibi
3038 3631 3238 3685 alienae
3284 3630 3651 3701 professionis

1952 3727 2126 3781 homo
2152 3730 2371 3795 quaerat
2393 3740 2457 3778 ex
2490 3724 2759 3789 themate,
2793 3722 2929 3793 quid
2958 3721 3265 3792 insignitus
3314 3719 3656 3775 humilitatis

1952 3813 2134 3867 titulis
2187 3828 2290 3883 per
2343 3816 2639 3883 crepantes
2679 3827 2743 3864 ex
2799 3826 2957 3864 more
3001 3810 3160 3880 vulgi
3197 3826 3408 3865 cuneos
3452 3824 3651 3864 vocem

1952 3902 2187 3973 plausus
2232 3905 2540 3971 exspectat,
2617 3916 2763 3971 quos
2820 3899 3272 3954 tumescentibus
3356 3899 3651 3953 fautorum

1952 3991 2124 4045 bullis
2172 4006 2312 4044 aura
2369 3989 2664 4059 p0pularis
2718 3989 3040 4043 exsuscitat.
3086 3988 3235 4043 Olim
3265 3988 3401 4042 talia
3454 3988 3654 4043 dicunt

1953 4081 2215 4135 debuisse
2255 4080 2547 4149 componi,
2617 4095 2750 4132 cum
2799 4078 3166 4132 adulantibus
3254 4076 3651 4131 adolescentiae

1954 4170 2189 4224 ﬂoribus
2220 4174 2276 4222 et
2302 4166 2566 4238 pueritiae
2593 4168 2780 4221 adhuc
2813 4168 2871 4220 in
2912 4168 3033 4235 illo,
3061 4173 3119 4220 et
3140 4165 3421 4219 saecularis
3482 4164 3653 4218 licen-

1957 4260 2053 4313 tia!
2083 4274 2256 4311 verna
2300 4257 2573 4323 riderent,
2626 4272 2755 4309 cum
2815 4255 3185 4310 reboantibus
3226 4253 3415 4309 efferri
3463 4252 3654 4307 decuit

1958 4347 2484 4412 acclamationibus,
2520 4350 2655 4399 tunc
2680 4361 2812 4399 cum
2842 4345 2967 4416 capi
3015 4345 3202 4415 potuit
3232 4344 3403 4397 etiam
3448 4343 3651 4396 fucatae

1956 4436 2264 4506 voluptatis
2287 4435 2511 4506 specie:
2556 4450 2709 4488 nunc
2755 4450 2856 4487 cur
2913 4435 3115 4488 recitet
3172 4431 3421 4504 publice,
3480 4446 3651 4502 quem

1955 4526 2079 4580 laus
2110 4542 2215 4579 nec
2244 4526 2405 4580 decet
2433 4524 2679 4596 publica,
2713 4541 2814 4577 nec
2845 4522 3123 4577 delectat?
3178 4522 3242 4576 Hi
3282 4521 3655 4575 meminerint

1957 4616 2113 4687 quod
2143 4633 2247 4687 ego
2280 4631 2401 4668 rem
2436 4615 2609 4668 nostri
2643 4610 2898 4667 muneris
2928 4628 3056 4683 ago,
3090 4627 3262 4682 quem
3302 4612 3361 4663 in
3394 4610 3655 4665 sacerdo-

1956 4707 2029 4760 tis
2050 4704 2350 4776 prmconiis
2379 4709 2602 4757 constat
2630 4703 2998 4772 sentirequze
3022 4701 3278 4755 debeam.
3316 4701 3418 4755 Cui
3449 4717 3654 4771 quam-

1956 4795 2041 4847 vis
2073 4810 2225 4848 nunc
2255 4790 2667 4862 intempestivis
2699 4790 2961 4844 laudibus
3016 4790 3252 4844 reddam
3297 4790 3540 4856 modica,
3574 4795 3667 4843 ta-.

1957 4900 2090 4938 men
2115 4884 2361 4937 maxima
2392 4888 2517 4953 post
2543 4881 2783 4945 debebo,
2809 4879 2867 4932 in
2889 4880 3053 4948 cujus
3108 4878 3427 4933 ministerio
3487 4878 3653 4950 quid-

1959 4973 2096 5044 quid
2129 4973 2286 5025 valeo
2335 4974 2568 5041 przestat
2644 4969 2924 5039 impendi.
2968 4968 3148 5023 Simul
3193 4969 3365 5022 etiam
3423 4967 3655 5038 percepi

1958 5062 2148 5115 animo
2174 5060 2326 5131 quod
2350 5059 2395 5112 si
2421 5058 2712 5114 reddenda
2751 5062 2834 5111 est
2863 5058 2932 5111 de
2968 5058 3155 5111 otioso
3181 5074 3445 5111 sermone
3487 5057 3654 5121 ratio,

1960 5167 2074 5203 non
2106 5150 2297 5203 minus
2329 5148 2398 5202 de
2455 5149 2636 5200 otioso
2660 5146 2903 5200 silentio.
2966 5147 3139 5199 Erant
3161 5147 3315 5199 enim
3346 5145 3524 5198 otiosa
3580 5145 3654 5197 si-

1959 5240 2155 5304 lentia,
2173 5239 2215 5290 si
2243 5236 2568 5290 laetantibus
2590 5234 2945 5289 circumfusis
2965 5234 3339 5303 omnigenum
3369 5231 3658 5286 mentibus

1960 5329 2130 5394 solus,
2166 5343 2293 5379 cum
2326 5327 2459 5379 dare
2487 5340 2732 5395 possem,
2767 5324 2941 5377 verba
2970 5320 3406 5376 subtraherem.’
3434 5320 3659 5392 Quippe

1960 5433 2089 5471 cum
2119 5415 2389 5469 etiamin
2447 5414 2737 5484 obsequiis
2795 5412 3116 5467 ccelestibus
3156 5412 3400 5481 hymnos
3461 5410 3661 5465 deceat

1962 5545 2151 5595 autem
2186 5538 2491 5609 Epiphanii
2520 5536 2856 5609 tricennalia
2878 5535 2937 5609 in
2969 5534 3332 5609 a_nnun_i496.
3356 5535 3461 5589 Illo
3482 5534 3658 5608 igitur

1964 5629 2115 5667 anno
2146 5606 2333 5666 dictus
2367 5614 2452 5664 est
2472 5608 2856 5680 panegyricus
2887 5606 2957 5661 ab
2988 5607 3260 5660 Ennodio.
