4060 6174
354 234 454 287 323

1577 222 1858 279 ENNODII
1899 220 2215 279 EPISCOPI
2252 218 2640 276 TICINENSIS

3744 215 3859 271 324

363 363 645 431 adhiberi,
694 367 749 417 et
786 362 1085 416 credamus
1128 360 1413 412 exsortem
1446 354 1818 408 humanitatis
1872 352 2062 409 Domi-
2097 363 2143 415 Α
2172 352 2328 407 Vatis
2358 352 2417 406 in
2447 348 2858 422 obstequium?
2881 346 3093 404 Natalis
3108 350 3365 418 tempora
3396 349 3568 401 sentit

362 469 502 508 num
528 452 832 507 hominum
855 449 1027 503 meris
1056 446 1321 501 laudibus
1342 441 1757 511 demulceriﬁet
1824 441 1933 495 hoc
1980 441 2050 494 ab

359 542 450 596 his
488 541 721 613 speciali
753 540 1002 612 quodam
1023 537 1152 606 jure
1198 550 1339 604 quos
1370 532 1601 587 donavit
1652 530 1853 601 lingua
1882 545 2052 601 repo-

360 646 535 683 scere.
557 628 703 693 Quid
734 627 966 681 antistes
996 622 1182 688 faciat,
1217 621 1317 690 qui
1376 619 1625 691 propriis
1694 619 2052 673 orationibus

363 718 483 789 egit
511 724 576 771 ut
606 717 821 788 possim
840 713 900 767 ?‘
928 712 1212 781 Scriptum
1238 714 1321 762 est
1352 709 1507 763 enim
1536 724 1549 763 :
1584 706 1872 776 Dominus,
1898 705 2054 761 dedit

359 804 505 861 mihi
528 805 784 876 linguam
822 800 1178 865 eruditionis,
1215 798 1437 869 quando
1458 800 1716 869 Oporleat
1733 811 2053 851 sermonem

359 895 545 950 dicere
583 892 749 963 (Isai.
777 909 813 946 ι.
842 891 919 960 4).
947 891 1185 961 Oportet
1239 904 1412 955 nunc,
1467 892 1527 941 ut
1572 904 1816 955 censeo;
1887 891 1943 940 et
1981 884 2054 939 ad

363 984 635 1054 loquendi
666 987 892 1051 tempus
922 981 1136 1033 ostium
1157 978 1341 1032 cordis
1393 976 1670 1047 aperitur.
1734 976 1841 1031 Sed
1904 990 2056 1029 nunc

362 1089 479 1127 non
507 1088 611 1141 ego
642 1070 704 1123 in
738 1069 976 1141 poeticis
998 1067 1261 1121 laudibus
1293 1078 1391 1120 ora
1422 1066 1641 1119 laxabo.
1675 1065 1835 1119 Absit
1859 1066 1903 1135 3a
1961 1079 2054 1118 me

363 1160 589 1215 sentina
619 1160 961 1223 carminum,
996 1156 1311 1227 quae’sicut
1357 1172 1490 1209 vera
1548 1171 1665 1208 non
1716 1155 1928 1223 laudat,
1978 1156 2057 1207 sic

362 1266 466 1303 nec
496 1264 626 1302 vere
654 1249 940 1301 laudatur.
997 1246 1157 1298 Nunc
1193 1244 1375 1298 favete
1436 1243 1725 1297 mentibus
1768 1248 1921 1296 certa
1977 1241 2058 1296 di-

362 1344 543 1393 cturo.
587 1338 650 1390 ln
680 1353 794 1407 quo
819 1350 992 1405 opere
1021 1334 1067 1387 si
1094 1333 1315 1387 minora
1348 1348 1451 1403 pro
1486 1332 1705 1402 ingenii
1747 1330 2057 1402 exiguitate

363 1444 484 1481 non
509 1426 724 1493 dixero,
756 1441 863 1495 pro
887 1423 1161 1495 jactantia
1192 1422 1413 1492 majora
1440 1438 1556 1475 non
1586 1422 1823 1492 ﬁngam.

435 1516 671 1569 Vatibls
702 1513 951 1584 antiquis
984 1511 1209 1567 dicendi
1239 1511 1491 1565 maxima
1519 1510 1700 1565 virtus

365 1604 469 1660 Illa
498 1604 627 1670 fuit,
661 1603 840 1657 doctis
862 1602 909 1655 si
935 1601 1142 1655 scirent
1166 1600 1362 1653 fallere
1393 1598 1601 1653 verbis.

367 1694 511 1748 Laus
544 1696 664 1746 erat
692 1692 751 1745 in
780 1691 1007 1745 laudem
1041 1689 1347 1743 mentitum
1380 1704 1631 1758 pangere
1662 1703 1915 1742 carmen.

368 1783 525 1837 Tunc
548 1781 707 1851 operi
736 1780 891 1833 fraus
925 1784 1055 1849 apta
1081 1778 1187 1831 fuit
1213 1793 1226 1831 :
1264 1793 1398 1830 nam
1429 1793 1589 1830 more
1619 1780 1806 1847 poetae

371 1872 673 1926 Servantes
696 1868 848 1939 quod
878 1869 1093 1922 crimen
1126 1866 1320 1933 habet,
1349 1872 1577 1920 vetuere
1600 1866 1819 1936 pudore

370 1961 514 2014 Vera
544 1958 725 2029 loqui,
755 1972 1100 2027 carmenque
1135 1955 1279 2009 ﬁdes
1308 1954 1566 2025 despexit
1592 1954 1825 2025 ubique.

368 2051 474 2103 Ars
503 2048 740 2119 placuit,
768 2063 941 2118 quam
965 2047 1133 2116 culpa
1166 2044 1327 2098 decet
1360 2059 1372 2101 :
1408 2061 1541 2098 nam
1564 2044 1783 2098 doctior
1800 2057 1962 2099 error

369 2138 618 2193 Extorsit
648 2137 816 2191 certis
840 2135 1153 2191 metuenda
1184 2138 1447 2204 poemata
1476 2133 1708 2203 linguis.

372 2226 486 2281 Lex
516 2225 710 2280 docuit
736 2224 857 2277 sine
888 2224 1010 2293 lege
1038 2222 1217 2293 loqui,
1250 2238 1379 2275 cum
1408 2221 1656 2274 vindicat
1685 2223 1804 2275 arte

373 2314 662 2385 Quidquid
695 2314 826 2383 jura
850 2315 1023 2383 negat
1052 2311 1284 2364 fandum
1324 2326 1337 2363 ε
1372 2309 1687 2363 retinacula
1712 2322 1937 2363 morum

373 2405 621 2459 Numina
653 2402 839 2456 fallaci
870 2401 1155 2455 ﬁnxerunt
1189 2398 1416 2453 sordida
1446 2403 1637 2453 cantu.

377 2493 677 2559 Phuabum,
713 2497 770 2545 et
798 2495 885 2545 ter
905 2496 1095 2544 ternas
1118 2489 1383 2543 dixerunt
1409 2504 1532 2542 esse
1565 2502 1807 2555 sorores,

377 2584 689 2638 Castalium
714 2581 959 2645 laticem,
993 2580 1177 2633 varias
1208 2594 1439 2649 quoque
1473 2577 1717 2631 Palladis
1747 2581 1917 2631 artes.

376 2675 519 2729 Tum
554 2673 770 2736 laurus,
804 2669 1085 2740 tripodas,
1115 2669 1417 2733 cortinam,
1450 2672 1745 2738 tympana,
1794 2667 2077 2737 plectrum

378 2762 729 2818 Narrabant:
770 2760 896 2813 illos
928 2776 961 2812 a
990 2758 1109 2813 veri
1135 2757 1365 2811 tramite
1388 2756 1534 2826 fugit

382 2852 612 2918 Sensus,
638 2854 694 2904 et
723 2852 981 2904 errantes
1008 2848 1159 2901 visus
1186 2847 1394 2900 delusit
1424 2846 1635 2917 imago.

450 2942 610 2995 Nunc
632 2939 893 3010 linguam
933 2937 1189 3003 citharae,
1213 2952 1338 3007 quae
1364 2941 1552 2990 cantat
1582 2934 1806 3005 pollicis
1837 2950 1958 3001 ore,

380 3031 597 3103 Sperne
629 3029 769 3083 ﬁdes
798 3043 810 3081 :
846 3026 1028 3097 magis
1060 3026 1155 3079 ille
1190 3025 1319 3079 veni
1353 3041 1505 3079 nunc
1534 3024 1801 3094 Spiritus,
1837 3038 1959 3090 oro,

381 3121 556 3190 Cujus
587 3106 920 3172 inexhausto
952 3115 1237 3169 reviviscit
1266 3131 1493 3184 semper
1525 3114 1584 3167 in
1619 3130 1769 3166 anno

381 3206 673 3277 Quidquid
706 3211 859 3260 terra
888 3210 1059 3271 creat,
1087 3204 1274 3273 gignit
1302 3219 1474 3267 mare,
1512 3202 1758 3272 parturit
1789 3200 1985 3255 azther.

380 3296 490 3360 Qui
521 3297 666 3351 freta
690 3294 978 3361 diffundit,
1014 3294 1259 3347 solidum
1294 3293 1389 3346 dat
1420 3308 1629 3362 corpus
1660 3294 1720 3345 in
1753 3291 1922 3358 arvis,

384 3386 527 3443 Saxa
548 3385 659 3440 ciet
676 3384 859 3455 jussu,
893 3383 1097 3437 metuit
1119 3398 1290 3451 quem
1315 3382 1575 3435 cautibus
1608 3382 1851 3434 horrens

382 3475 689 3540 Caucasus,
724 3473 912 3527 aurito
944 3472 1144 3525 famuli
1175 3486 1304 3524 cum
1340 3470 1509 3524 fortia
1539 3485 1710 3523 sensu

386 3564 571 3619 Corda
598 3563 838 3618 domat:
889 3560 989 3632 qui
1020 3564 1222 3614 cuncta
1265 3560 1438 3627 videt,
1498 3575 1670 3629 quem
1728 3561 1931 3611 cuncta
1976 3559 2087 3610 tre-

1706 3646 2012 3719 [miscunt;

389 3743 557 3809 Fons,
590 3740 700 3807 via,
730 3739 943 3805 dextra,
970 3738 1136 3808 lapis,
1167 3737 1401 3803 vitulus,
1425 3737 1535 3803 leo,
1598 3738 1819 3806 lucifer,
1880 3752 2082 3808 agnus,

386 3833 588 3895 Janna,
623 3845 768 3900 spes,
799 3828 997 3894 virtus,
1032 3827 1286 3893 verbum,
1312 3827 1610 3898 sapientia,
1644 3832 1819 3893 vates,

389 3919 604 3984 Hostia,
640 3919 972 3988 virgultum,
998 3919 1214 3987 pastor,
1251 3933 1437 3984 mons,
1471 3922 1612 3986 rete,
1641 3916 1924 3982 columba,

392 4010 666 4073 Flamma,
702 4009 881 4078 gigas,
915 4009 1127 4078 aquila,
1158 4024 1421 4079 sponsus,
1454 4008 1749 4079 patientia,
1773 4007 2004 4075 vermis,

392 4098 569 4152 Filius
598 4099 866 4165 excelsus,
902 4099 1193 4159 Dominus,
1232 4100 1400 4165 Deus,
1429 4099 1624 4152 omnia
1658 4099 1935 4153 Christus.

391 4189 551 4242 Nunc
580 4204 781 4258 precor
810 4193 874 4242 ut
899 4188 1065 4241 dictis
1091 4188 1241 4241 adsit
1266 4205 1279 4241 :
1313 4188 1413 4258 qui
1446 4195 1675 4259 pectora
1705 4187 1873 4259 prisci

394 4278 547 4331 Vatis
580 4282 641 4332 ut
673 4278 986 4348 ingressus,
1014 4278 1328 4331 Pharaonis
1362 4284 1619 4349 tempore
1651 4278 1823 4348 regis,

392 4367 625 4438 Adjuvit
654 4367 850 4437 gracili
876 4369 1193 4421 locuturum
1225 4384 1360 4421 voce
1391 4369 1752 4437 prophetam.

393 4458 461 4511 Se
491 4458 713 4528 stupuit
742 4462 877 4511 tunc
905 4457 1045 4527 ipse,
1081 4473 1232 4524 reor,
1262 4456 1406 4510 bene
1435 4457 1696 4510 conscius
1729 4458 1862 4510 oris.

394 4546 698 4601 Murmuris
729 4552 787 4599 et
817 4547 990 4613 soliti,
1024 4545 1406 4617 complentem
1441 4545 1715 4616 principis
1734 4562 1899 4600 aures

396 4636 676 4700 Pondere,
704 4651 862 4702 voce,
896 4652 1058 4699 sono,
1092 4652 1281 4702 sensu,
1312 4635 1617 4704 probitate,
1650 4636 1891 4705 pudore.

395 4726 477 4779 Tu
508 4725 813 4788 famulum,
850 4730 931 4791 tu,
963 4730 1176 4789 sancte,
1230 4741 1398 4778 mone
1433 4741 1445 4777 :
1474 4724 1544 4777 da
1604 4726 1820 4779 solvere
1881 4730 2089 4797 grates,

398 4814 547 4878 Quas
589 4813 797 4866 debere
842 4813 1045 4882 juvat:
1103 4817 1359 4867 sanctum
1407 4814 1840 4885 complectimur
1895 4833 2094 4871 omnes

400 4904 537 4956 Ecce
567 4903 742 4969 diem,
776 4902 951 4955 voluit
974 4918 1086 4972 quo
1112 4919 1169 4956 se
1198 4904 1370 4973 jubar
1392 4905 1585 4957 indere
1611 4906 1799 4971 terris,

402 4991 730 5061 Promptius
758 4996 813 5044 et
833 4992 1003 5045 radiis
1036 4993 1254 5045 animas
1285 4993 1539 5046 animare
1570 4994 1928 5065 propinquis.

402 5080 523 5145 Quo
548 5082 759 5151 gaudet
789 5081 1057 5149 mundus,
1084 5097 1213 5134 cum
1250 5098 1362 5135 non
1396 5081 1510 5134 sint
1536 5083 1745 5149 gaudia
1776 5082 1974 5136 mundi
2010 5099 2023 5137 :

404 5169 602 5225 Cernis
634 5169 969 5223 adorantem
993 5170 1228 5239 pavidos
1260 5170 1597 5223 submittere
1631 5172 1815 5224 vultus

480 5294 793 5366 'Scriptum
824 5298 909 5347 est
929 5293 1105 5362 enim]
1134 5294 1316 5366 Isaiae
1339 5310 1459 5363 cap.
1503 5310 1552 5361 L,
1582 5295 1741 5366 juxta
1788 5296 2100 5353 editionem

407 5365 528 5419 LXX
556 5361 972 5447 interpretum“:
1007 5361 1194 5447 Rupta;
1228 5361 1423 5444 ὃξὸωσί
1450 5384 1539 5436 μοι
1565 5361 1807 5435 “ﬂama-av
1836 5366 2099 5438 παιδείας,

406 5441 502 5488 τοῦ
532 5432 723 5506 γνῶναὶ
752 5438 905 5494 ἡνίκα
937 5432 1019 5487 δεῖ
1063 5432 1220 5486 sin-5w
1260 5434 1426 5505 λογον,
1451 5432 1459 5436 ⁷
1480 5432 1623 5503 (plus
1654 5439 1827 5498 etiam
1878 5432 2104 5495 secutus

409 5515 495 5561 est
525 5510 911 5561 'l‘ertullianus
933 5508 1028 5561 lib.
1064 5524 1115 5560 iv
1144 5508 1411 5560 adversus
1442 5508 1801 5577 Marcionem,
1836 5513 1901 5565 ‘29
1936 5529 1948 5566 :
1985 5515 2106 5568 Do-

408 5578 605 5633 minus
620 5579 762 5633 mihi
782 5579 884 5633 dat
914 5578 1171 5649 linguam
1212 5577 1549 5649 disciplinae,
1598 5583 1826 5650 quando
1872 5583 2107 5641 debeam

2160 443 2340 509 Festa,
2369 456 2473 495 nec
2505 440 2764 494 admissis
2793 436 3106 492 contemnit
3138 437 3311 491 tristis
3340 438 3605 491 alumnis.

2230 533 2338 586 Iste
2369 532 2489 586 dies
2519 531 2735 583 cunctis
2763 529 2914 596 vitaz,
2937 529 3269 599 cunctisque
3301 529 3494 582 salutis

2159 622 2339 676 Causa
2372 621 2497 687 fuit,
2527 619 2729 673 veteris
2761 618 3073 672 dissolvens
3102 617 3331 671 vincula
3362 634 3543 671 noxae.

2162 713 2416 767 Christus
2446 711 2506 764 in
2530 710 2635 763 hoc
2666 709 2868 762 tribuit
2897 709 3066 761 decus
3098 711 3153 761 et
3178 713 3369 760 tamen
3392 706 3449 759 in
3474 706 3620 759 arvis

2162 801 2447 867 Ausoniis,
2478 800 2644 870 parili
2668 798 2909 868 populos
2940 797 3040 868 qui
3084 802 3274 849 mente
3304 796 3609 866 gubernet,

2162 893 2229 945 Et
2254 896 2453 959 gentes
2484 890 2691 959 pietate
2724 892 2884 957 regat
2918 904 2929 940 :
2964 886 3174 956 quibus
3205 891 3403 939 auctor
3432 885 3655 956 Olympi

2166 979 2452 1036 Pollicitus
2482 978 2656 1031 simili
2687 993 2879 1047 regem
2913 975 3200 1046 probitate
3222 975 3462 1043 paravit,

2165 1072 2369 1125 Dexter
2399 1074 2455 1122 et
2484 1068 2606 1137 ipse
2642 1068 2790 1120 Dens
2812 1066 2952 1119 solio
2984 1066 3079 1118 dat
3112 1064 3244 1133 jura
3265 1079 3517 1117 corusco.

2234 1160 2532 1214 Proximus
2563 1157 2652 1210 hic
2684 1156 2846 1221 coelo,
2883 1154 2974 1207 cui
2996 1154 3133 1207 recti
3154 1154 3380 1207 conscia
3410 1169 3570 1206 mens
3602 1157 3709 1219 est,

2164 1251 2399 1319 Semper
2424 1247 2548 1313 erit,
2575 1260 2742 1315 quem
2769 1245 2923 1313 justa
2946 1244 3209 1313 probant,
3235 1243 3608 1313 quemjudice
3638 1242 3866 1297 mundo

2169 1340 2399 1394 Publica
2430 1340 2557 1389 vota
2586 1336 2789 1404 legunt
2823 1350 2835 1386 :
2870 1334 3069 1397 fateor,
3094 1332 3365 1401 suffragia
3398 1347 3606 1401 magna

2167 1427 2440 1493 Contulit,
2475 1431 2538 1479 ut
2567 1425 2713 1478 sedis
2742 1424 2957 1493 gremio
2983 1423 3269 1475 frueretur
3298 1422 3587 1491 inemptae.

2170 1518 2366 1572 Libera
2395 1520 2449 1568 te
2470 1514 2767 1568 dominum
2790 1512 2981 1581 posuit
3010 1512 3117 1565 sibi
3149 1511 3312 1566 turba
3343 1526 3677 1582 perennem,

2169 1606 2406 1662 Servitio
2436 1604 2721 1658 laudanda
2750 1618 2873 1655 suo.
2913 1601 3059 1654 Proh
3090 1605 3337 1671 quantus
3366 1600 3573 1670 ubique

2100 1666 2140 1718 Β
2174 1696 2377 1749 Fervor
2403 1698 2523 1745 erat
2547 1691 2557 1744 l
2590 1696 2782 1744 sancto
2805 1690 3004 1743 mundi
3024 1666 3328 1758 plaudente
3355 1666 3627 1753 tumultu,

2174 1782 2451 1838 Omnibus
2478 1780 2631 1834 idem
2656 1779 3097 1845 animus,turbis
3118 1795 3225 1831 vox
3252 1777 3517 1831 omnibus
3555 1792 3692 1831 una.

2176 1873 2265 1929 Sic
2295 1879 2485 1927 tamen
2516 1871 2853 1923 alterutrum
2873 1869 3169 1922 certabant
3190 1868 3413 1921 vincere
3446 1868 3605 1934 votis,

2176 1962 2291 2017 Ceu
2320 1961 2428 2014 sibi
2461 1976 2589 2013 cum
2617 1959 2741 2012 diro
2772 1957 3025 2011 bellandi
3054 1958 3316 2011 cominus
3345 1957 3510 2011 hoste

2178 2052 2356 2104 Causa
2383 2050 2527 2103 foret
2555 2066 2568 2103 :
2602 2050 2804 2117 vulgus
2826 2048 3063 2118 proprio
3095 2052 3228 2100 tunc
3261 2046 3539 2115 sanguine
3572 2045 3730 2113 vicit,

2176 2138 2501 2193 Pollicitum
2531 2138 2800 2207 quotiens
2829 2137 3001 2189 fuerit
3031 2136 3268 2190 sufferre
3298 2136 3530 2204 pericla.

2179 2229 2381 2300 Caspia
2411 2244 2524 2282 non
2556 2227 2720 2281 aliter
2742 2244 2869 2281 cum
2890 2227 3053 2298 tigris
3081 2228 3193 2281 feta
3211 2228 3514 2297 Niphatem

2181 2318 2412 2383 Circuit,
2448 2321 2543 2371 aut
2574 2317 2788 2370 catulos
2816 2316 3073 2387 rapiendi
3105 2316 3315 2370 format
3336 2315 3403 2369 ad
3443 2331 3602 2382 usus,

2178 2408 2353 2464 Ardet
2372 2408 2430 2461 in
2453 2407 2731 2473 absentes,
2757 2407 2917 2459 saevis
2940 2406 3202 2459 mortalia
3234 2404 3467 2458 mandat

2182 2499 2433 2553 Membra
2454 2495 2681 2563 animis,
2714 2496 3133 2566 hominumque
3167 2510 3362 2549 necem
3393 2494 3539 2565 petit
3560 2510 3661 2547 ore

3520 2583 3808 2653 [cruento.

2255 2679 2412 2731 Alter
2443 2677 2641 2732 in'hoc
2667 2676 2891 2731 senium
2923 2676 3136 2729 teneris
3167 2673 3405 2728 miratus
3435 2674 3493 2729 in
3525 2673 3713 2739 annis,

2189 2768 2343 2822 Alter
2368 2768 2427 2820 in
2455 2766 2691 2837 antiqua
2713 2765 2963 2835 jactabat
2992 2766 3167 2835 stirpe
3205 2768 3467 2835 parentes
3501 2779 3515 2817 :

2191 2857 2437 2912 Alterius
2476 2861 2742 2909 contenta
2773 2871 2977 2925 parum
3008 2855 3075 2909 de
3108 2854 3388 2923 sanguine
3421 2869 3582 2906 mens
3614 2854 3724 2917 est,

2119 2966 2159 3021 ρ
2190 2946 2372 3015 Digna
2401 2946 2611 2999 referre
2644 2945 2748 2998 viri
2778 2944 3051 2998 virtutum
3081 2948 3379 2997 stemmata
3410 2943 3567 2996 mille

2190 3038 2611 3091 Commemorat
2645 3051 2657 3088 :
2692 3039 2907 3105 quanta
2941 3034 3091 3087 tituli
3130 3040 3266 3087 tunc
3299 3034 3498 3086 claude
3530 3031 3883 3101 superstant,

2190 3126 2505 3181 Vincuntur
2536 3124 2823 3196 quotiens,
2858 3129 2914 3178 et
2945 3140 3171 3177 morum
3204 3122 3386 3193 gloria
3405 3121 3561 3175 victis

2189 3215 2440 3269 Parturit
2472 3214 2754 3283 insignem
2785 3230 2889 3284 per
2928 3215 3133 3267 sazcula
3164 3214 3333 3284 longa
3366 3210 3731 3280 triumphum
3753 3210 3784 3263 ‘P

2190 3304 2290 3357 llle
2314 3304 2672 3374 pudicitiam,
2697 3320 2823 3373 qua:
2854 3303 3093 3371 pulchro
3128 3303 3183 3355 in
3211 3317 3450 3372 corpore
3474 3303 3675 3353 vernat

2192 3394 2510 3457 Pulchrior,
2540 3398 2594 3445 et
2615 3397 2766 3445 casta
2784 3391 3071 3445 ridentem
3098 3391 3221 3444 luce
3263 3390 3505 3460 ﬁguram

2193 3482 2480 3535 Laudibus
2512 3482 2578 3535 ad
2608 3482 2811 3535 ccelum
2849 3485 3039 3551 portat
3065 3497 3077 3534 :
3101 3481 3271 3533 decus
3311 3480 3407 3532 illa
3437 3477 3695 3548 profecto

2194 3572 2395 3625 Attulit
2426 3571 2559 3624 huic
2584 3571 2773 3635 facies,
2808 3586 2935 3640 quae
2968 3570 3161 3622 multis
3189 3584 3355 3621 causa
3384 3567 3581 3637 pericli

2196 3660 2357 3729 Saepe
2382 3660 2485 3712 fuit
2521 3676 2532 3712 :
2568 3660 2869 3729 pulchrum
2903 3659 3037 3712 satis
3065 3663 3149 3711 est
3179 3657 3451 3711 mansisse
3474 3654 3777 3726 pudicum.

2196 3751 2329 3803 Haec
2364 3750 2470 3802 nisi
2502 3748 2570 3802 de
2594 3765 2819 3801 summo
2852 3765 2967 3802 non
2991 3748 3197 3801 dantur
3218 3746 3465 3801 culmine
3486 3744 3735 3816 Olympi.

2196 3840 2285 3895 Sic
2316 3839 2414 3893 ubi
2439 3840 2793 3908 contingant,
2827 3838 2909 3891 vel
2948 3838 3143 3891 formae
3175 3837 3478 3890 commoda
3508 3834 3719 3888 sanctis

2198 3929 2478 3985 Mentibus
2504 3934 2839 3993 accrescant,
2874 3928 3023 3981 bello
3057 3944 3114 3981 se
3143 3928 3364 3980 vincere
3387 3930 3606 3979 certant

2197 4020 2352 4073 Tunc
2383 4019 2665 4083 homines,
2692 4018 2994 4085 funditque
3027 4017 3195 4070 decus
3220 4018 3305 4070 vel
3340 4030 3578 4068 munera
3599 4018 3756 4066 terra

2199 4109 2404 4162 Dextra
2436 4108 2665 4173 animm,
2698 4107 2947 4177 vivitque
2972 4107 3100 4173 sibi,
3136 4106 3271 4179 dum
3309 4104 3532 4175 deperit
3550 4103 3655 4157 illi.

2273 4198 2401 4251 Haec
2432 4213 2560 4250 cum
2590 4196 2893 4267 multiplici
2923 4198 3169 4266 populus
3194 4199 3450 4249 narraret
3473 4193 3540 4248 ab
3574 4208 3697 4260 ore,

2127 4270 2171 4324 D
2200 4288 2323 4341 Una
2352 4286 2460 4339 fuit
2481 4285 2701 4339 cunctis
2734 4286 3015 4339 sententia
3036 4286 3145 4338 ﬁxa
3176 4284 3435 4340 catervis.

2196 4376 2383 4430 Turba
2410 4376 2791 4441 sacerdotum,
2826 4375 3259 4445 venerandaque
3291 4375 3449 4426 curia
3478 4372 3657 4427 saeclis

2198 4465 2400 4535 Elegit,
2426 4466 2624 4532 voluit,
2655 4465 2885 4530 meruit,
2910 4465 3176 4533 suscepit,
3213 4464 3441 4516 amavit.

2274 4556 2406 4608 Ecce
2436 4555 2589 4608 aliud
2620 4554 2887 4624 dictuque
2922 4570 3157 4621 novum,
3201 4553 3462 4607 mirabile
3486 4551 3707 4605 cunctis

2200 4643 2582 4708 Transieram,
2612 4642 2763 4712 quod
2789 4643 3030 4712 quisque
3062 4648 3245 4713 pavet,
3268 4641 3421 4711 quod
3444 4640 3685 4709 suspicis
3717 4638 3895 4694 orbis.

2203 4732 2303 4785 Vix
2330 4732 2636 4802 primaevus
2658 4736 2797 4796 erat,
2823 4732 3079 4784 tremulis
3110 4747 3239 4785 cum
3273 4731 3473 4784 limina
3508 4730 3647 4783 lucis

2205 4822 2507 4876 Calcantur
2538 4820 2766 4890 plantis,
2796 4837 2924 4874 cum
2958 4820 3155 4874 matris
3185 4820 3252 4874 ab
3285 4820 3459 4874 ubere
3487 4819 3665 4890 raptis

2208 4910 2472 4965 Blandior
2503 4928 2533 4963 a
2563 4916 2760 4963 tenero
2791 4927 2988 4963 succus
3012 4910 3347 4965 subducitur
3373 4910 3578 4962 haustu
3612 4926 3627 4960 :

2206 4999 2419 5055 Callida
2442 4999 2743 5051 mentitum
2780 4999 3026 5069 genitrix
3056 5016 3184 5053 cum
3213 5000 3355 5052 forte
3379 5014 3642 5069 saporem

2210 5088 2525 5142 Herbarum
2550 5088 2803 5157 querulis
2835 5088 3087 5141 infundit
3118 5088 3260 5141 dura
3285 5088 3525 5152 labellis,

2212 5176 2432 5230 Nesciat
2452 5182 2515 5229 ut
2537 5182 2704 5229 natus
2728 5183 2897 5246 gustu
2924 5193 3268 5244 cognoscere
3298 5182 3560 5231 matrem.

2205 5301 2476 5372 proferre
2493 5318 2831 5355 sermonem.
2868 5304 3009 5355 ltem
3040 5303 3306 5356 adversus
3340 5304 3607 5356 Praxeam
3637 5316 3764 5369 cap.
3800 5301 3906 5372 22:

2211 5371 2485 5426 Dominus
2498 5373 2597 5427 dat
2614 5374 2755 5428 mihi
2768 5374 3025 5443 linguam
3041 5374 3189 5428 disci
3192 5373 3360 5444 plinaz
3376 5374 3449 5427 ad
3461 5371 3909 5444 cognoscendum

2211 5445 2443 5513 quando
2475 5449 2729 5513 oporleat
2748 5445 2937 5498 dicere
2965 5443 3298 5498 sermonem.
3337 5446 3476 5499 Nam
3496 5443 3911 5513 vulgatalectio

2216 5523 2413 5570 nostra
2438 5517 2498 5571 in
2532 5516 2843 5585 posteriore
2875 5516 3136 5570 membro
3163 5517 3384 5570 diversa
3404 5521 3507 5570 est.
