4008 6170
96 336 97 339 η
139 258 233 311 325
1564 254 1925 311 CARMINUM
1969 258 2098 312 LIB.
2144 258 2185 314 I.
3534 263 3637 317 326

264 388 419 442 Unde
453 386 829 439 subornatum
862 384 1142 451 sorbetur,
1180 385 1323 439 lacte
1350 391 1583 456 negato,

262 474 543 530 Faucibus
566 474 806 528 insuetis
840 472 1080 527 ridenda
1108 472 1309 528 fraude
1339 490 1645 530 venenum.

260 566 429 619 Istius
458 564 558 617 illa
589 564 718 630 fuit,
751 577 880 616 cum
924 562 1155 633 signum
1194 564 1455 635 contigit,
1490 569 1641 620 aetas.

262 655 401 709 Nam
436 652 661 706 fulsisse
690 651 881 705 ferunt
914 652 1085 722 hujus
1116 653 1401 707 cunabula
1432 669 1641 724 magno

260 742 522 808 Lumine,
546 758 676 796 cum
706 745 899 795 tantus
920 741 1209 796 micuisset
1227 742 1496 813 splendor
1516 742 1575 796 in
1596 741 1718 809 illo,

258 832 517 896 Quantus
538 831 597 885 in
615 830 954 901 obsequium
985 830 1172 901 potuit
1193 835 1318 885 tum
1348 830 1577 901 fungier
1597 831 1777 887 aether
1800 846 1815 886 :

259 921 397 975 Cum
424 919 621 989 jussus
652 919 865 973 servire
894 919 1039 986 viro,
1063 919 1329 974 mortalia
1360 920 1567 991 raptim

258 1008 510 1063 Membra
540 1008 690 1063 levat
712 1009 873 1078 lapsu
899 1007 1169 1079 gradiens
1200 1008 1352 1063 celer
1377 1009 1529 1079 ignis
1563 1007 1814 1080 Olympi,

259 1096 651 1168 Cornipedem
682 1097 885 1167 pernix
924 1113 1123 1151 cursus
1153 1097 1411 1152 imitatus
1441 1113 1742 1170 equorum.

259 1185 538 1255 Prospera
549 1201 666 1239 non
682 1186 847 1240 aliter
857 1202 1103 1257 puerum
1121 1190 1255 1242 tunc
1268 1186 1500 1242 ﬂamma
1514 1202 1817 1258 pererrans

257 1273 493 1340 Circuit,
530 1274 797 1341 illustrat,
829 1280 1154 1342 veneratur,
1188 1276 1443 1347 suspicit,
1479 1276 1683 1331 ambit.

322 1364 469 1417 Tum
500 1362 737 1434 pavidus
767 1365 996 1435 genitor
1026 1364 1310 1419 submisso
1364 1366 1582 1420 lumine
1620 1365 1813 1421 fatur:

244 1451 482 1506 Summe
516 1454 716 1520 Deum,
746 1452 923 1507 sancti
956 1458 1143 1508 custos
1177 1455 1276 1525 qui
1307 1455 1557 1509 culmine
1590 1455 1718 1510 coeli

252 1541 461 1596 Omina
492 1541 694 1595 dextra
738 1542 894 1609 facis,
930 1559 1058 1613 quae
1090 1544 1278 1597 cernis
1312 1544 1530 1598 lumine
1578 1545 1814 1599 dextro:

254 1632 418 1685 Hunc
447 1630 551 1684 tibi
589 1631 657 1684 de
688 1631 890 1701 primis
931 1637 986 1685 et
1018 1632 1205 1685 adhuc
1236 1632 1597 1702 reptantibus
1624 1634 1813 1700 annis,

251 1720 461 1775 Sancte
484 1726 670 1791 pater,
692 1737 891 1790 voveo,
915 1737 1087 1792 quem
1111 1721 1353 1775 necdum
1375 1722 1623 1777 cassibus
1645 1725 1812 1777 arctis

255 1809 495 1863 Lubrica
528 1810 771 1863 terrenis
802 1810 1101 1864 innectunt
1123 1812 1329 1865 sascula
1359 1811 1561 1881 culpis,

252 1899 366 1952 Nec
382 1898 628 1953 faciant:
645 1899 736 1965 sit,
753 1915 976 1953 summe
998 1900 1164 1967 Deus,
1186 1900 1288 1953 tibi
1306 1916 1513 1954 munus
1527 1899 1808 1971 opimum.

252 1989 384 2042 Haec
404 1988 507 2055 ait,
534 1988 882 2058 etlacrymas
904 2005 1044 2059 quas
1058 1993 1332 2059 promunt
1351 1988 1809 2060 grandiafundit.

322 2077 653 2148 Crispinum
678 2078 819 2148 petit
840 2078 972 2132 inde
992 2078 1196 2144 libens,
1232 2094 1405 2146 quem
1429 2078 1615 2132 dicere
1640 2079 1812 2148 digno

252 2166 378 2221 Non
422 2166 595 2220 datur
637 2166 886 2238 eloquio,
919 2183 1024 2221 nec
1066 2166 1113 2220 si
1144 2167 1313 2221 modo
1343 2172 1541 2238 surgat
1566 2168 1812 2236 Averno,

253 2256 362 2319 Qui
392 2259 587 2326 potuit
611 2256 823 2326 rigidas
854 2256 922 2310 de
954 2255 1191 2326 rupibus
1218 2256 1530 2327 Apennini,

255 2346 524 2401 Flumina
550 2362 683 2400 cum
713 2350 949 2411 starent,
982 2346 1053 2400 ad
1084 2348 1364 2417 plectrum
1383 2347 1591 2400 ducere
1622 2345 1814 2401 silvas.

256 2434 449 2488 Helias
480 2434 591 2488 fuit
612 2434 703 2487 hic
733 2450 930 2505 mage:
955 2450 1088 2488 nam
1115 2434 1242 2505 quis
1278 2434 1584 2490 Helisaeum

257 2524 569 2595 Linqueret
602 2523 662 2578 in
693 2524 880 2591 terris,
927 2524 1215 2594 duplicato
1247 2540 1484 2578 munere
1516 2523 1743 2594 palmae.

260 2614 516 2668 Nutrivit
549 2629 721 2684 quem
769 2614 911 2668 lacte
944 2614 1063 2685 pio,
1111 2613 1267 2685 quod
1297 2613 1368 2668 ab
1409 2613 1585 2668 ubere
1608 2614 1819 2667 Paulus

257 2703 491 2769 Pressit,
522 2702 867 2773 evangelicis
897 2704 1069 2773 plena
1097 2708 1182 2758 est
1226 2702 1317 2757 cui
1346 2702 1541 2757 dextra
1569 2702 1817 2774 papillis.

257 2791 445 2858 Salve,
480 2796 674 2845 sancte
707 2808 933 2861 parens,
969 2808 1197 2862 semper
1223 2792 1453 2858 salvete,
1486 2792 1700 2862 recepti

252 2881 506 2951 Crispini
535 2881 777 2948 cineres,
812 2882 879 2935 ad
910 2876 1071 2951 cujus
1096 2882 1231 2951 jura
1256 2880 1541 2935 redundat

249 2970 546 3042 Quidquid
566 2970 627 3024 in
639 2970 747 3025 hoc
763 2970 972 3024 Christi
986 2970 1543 3040 miramurdogmate
1559 2968 1818 3039 dignum.
1866 2998 1906 3051 ρ

290 3062 375 3115 Tu
393 3060 548 3115 bene
568 3060 967 3114 transmissum
980 3059 1084 3114 tibi
1098 3076 1331 3114 censum
1348 3058 1607 3130 possides
1624 3057 1707 3112 ha:
1717 3074 1824 3112 res.

262 3151 369 3204 Res
400 3167 526 3205 non
566 3166 741 3220 parva
773 3150 935 3203 docet
955 3150 1253 3217 triplicatis
1273 3149 1473 3219 juncta
1503 3147 1754 3202 talentis.

260 3241 543 3294 Monstrat
563 3240 634 3292 ab
674 3238 897 3292 occidui
920 3244 1251 3293 revocatum
1274 3238 1532 3307 partibus
1564 3237 1721 3291 orbis

262 3330 429 3393 Quod
470 3328 715 3399 supplex
747 3333 979 3398 captum
1024 3327 1343 3381 transmisit
1372 3327 1553 3382 Gallia
1601 3328 1825 3399 vulgus.

260 3417 449 3471 Effera
479 3422 535 3471 te
567 3417 687 3470 viso
718 3416 1041 3471 didicerunt
1069 3420 1301 3487 pectora
1335 3415 1510 3483 ﬂecti,

263 3512 571 3563 Armatum
602 3506 869 3577 precibus
900 3506 1205 3577 superasti,
1238 3508 1508 3572 maxime,
1541 3520 1757 3573 regem.

264 3598 351 3652 Sic
376 3612 621 3668 pugnax
657 3596 878 3667 gladios
900 3596 1169 3650 obtundit
1202 3596 1437 3650 verbere
1469 3594 1687 3665 lingua,

262 3688 348 3741 Sic
378 3687 609 3741 ferrum
631 3690 918 3755 expugnat
948 3685 1257 3739 verborum
1285 3684 1501 3738 lamina
1530 3683 1716 3738 fortis.

295 3776 443 3829 Nam
464 3773 515 3827 si
532 3773 708 3827 fanda
726 3774 938 3839 ferunt,
959 3772 1179 3826 sociant
1201 3772 1300 3842 qui
1330 3772 1583 3826 maxima
1611 3771 1825 3842 parvis,

264 3863 351 3917 Sic
376 3862 701 3917 Dominum
732 3865 989 3932 expectat
1017 3858 1307 3914 domitatis
1337 3860 1561 3914 villicus
1585 3859 1757 3914 arvis.

268 3952 407 4005 Cum
436 3952 589 4004 bene
618 3950 870 4003 mollitos
899 3949 1120 4002 incurvi
1149 3949 1317 4002 dente
1347 3948 1555 4019 ligonis

264 4040 479 4095 Scribit
506 4055 697 4109 agros,
730 4038 1051 4109 faciemque
1082 4037 1189 4093 soli
1216 4038 1293 4092 sic
1328 4037 1501 4109 pectit
1532 4036 1755 4103 aratris,

269 4129 335 4183 Ut
363 4133 600 4198 spumet
632 4127 815 4200 plenis
837 4144 1071 4182 currens
1094 4127 1384 4181 vindemia
1416 4126 1610 4181 labris.

269 4219 475 4273 Inserit
507 4225 771 4272 externas
801 4219 1105 4289 peregrino
1141 4219 1201 4272 in
1226 4217 1440 4287 cespite
1477 4217 1720 4288 plantas,

266 4308 507 4362 Advena
532 4307 854 4377 conjunctis
893 4307 1139 4360 sociatur
1168 4306 1411 4360 nexibus
1443 4305 1631 4373 arbor,

267 4398 635 4452 Truncantur
666 4397 891 4467 stirpes,
923 4397 1249 4450 demessum
1278 4395 1421 4449 falce
1456 4394 1687 4449 maritat

271 4486 622 4557 Virgultum,
658 4491 859 4539 tenero
893 4486 1117 4556 lignum
1140 4485 1439 4539 mordetur
1467 4484 1646 4550 hiatu,

272 4576 545 4630 Germine
567 4574 837 4629 nobilitas
862 4575 1158 4645 consurgit
1186 4590 1305 4628 non
1330 4590 1433 4627 sua
1464 4588 1664 4643 parvo,

274 4665 550 4719 Surculns
576 4664 775 4734 ignoto
806 4665 1073 4718 coalescit
1102 4679 1341 4717 munere
1372 4662 1548 4727 dives,

214 4790 228 4824 ¹
258 4789 408 4845 Lilia
434 4807 545 4862 pro
564 4789 1107 4858 nilidaefunduntur
1126 4790 1343 4845 lumine
1358 4785 1559 4862 calcis]
1585 4785 1832 4862 Pictores

158 4858 335 4934 tabulis
370 4858 515 4933 quas
544 4863 783 4931 pictura:
814 4866 1032 4931 aptant,
1079 4863 1335 4915 colorem
1365 4860 1550 4934 primo
1580 4859 1832 4934 aliquem

160 4929 406 5000 illinunt;
443 4929 618 5003 quem
659 4929 925 5003 campum
955 4940 1176 4986 vocant.
1240 4934 1301 4986 In
1358 4929 1663 5003 rusticanis
1700 4945 1833 4983 vero

160 5002 370 5067 picturis
434 5002 566 5073 qum
625 5002 940 5073 parietibus
994 5005 1365 5069 inducuntur,
1425 5004 1545 5055 calx
1594 5002 1725 5073 ipsa
1779 5006 1835 5054 et

158 5072 559 5128 tectorium’est
587 5072 691 5143 pro
712 5091 932 5145 campo.
966 5077 1081 5130 [loc
1111 5076 1285 5145 igitur
1304 5078 1389 5128 est
1409 5073 1561 5143 quod
1587 5072 1645 5124 in
1666 5072 1834 5125 horto

158 5157 242 5217 suo
287 5147 455 5216 lingit
506 5147 818 5213 Ennodius,
871 5163 974 5217 pro
1007 5146 1243 5199 tectorio
1272 5151 1328 5198 et
1360 5146 1831 5217 picturmucampo

157 5211 304 5268 fuisse
330 5211 449 5269 lilia
475 5234 488 5282 ;
534 5234 636 5287 pro
666 5211 920 5270 colorum
950 5218 1261 5286 pigmentis
1296 5211 1549 5286 reliquos
1582 5211 1830 5268 diverso-

158 5297 267 5359 rum
284 5303 582 5359 generum
610 5291 980 5359 colorumque
1002 5291 1191 5343 flores.

218 5357 237 5388 ²
274 5358 546 5427 Hymnus
572 5357 958 5429 vespertinus]
976 5359 1083 5423 Qui
1117 5358 1423 5412 Prudentia
1442 5362 1525 5411 est
1543 5357 1621 5411 ad
1641 5358 1837 5413 incen-

160 5439 273 5479 sum
306 5429 573 5484 lucerna.
609 5431 699 5484 Sic
738 5432 893 5484 enim
924 5432 982 5483 in
1024 5430 1257 5500 optimis
1287 5430 1713 5498 exemplaribus
1744 5429 1833 5482 in-

163 5500 411 5553 scribitur
445 5503 691 5569 hymnus
730 5504 760 5555 6
804 5501 1268 5566 Cathemerinon,
1302 5501 1402 5569 qui
1446 5501 1704 5568 ejusdem
1752 5504 1837 5553 est

165 5518 411 5553 sci-initur
445 5518 691 5569 hymnus
730 5518 760 5555 υ
804 5518 1268 5566 uatnemerinon,
1341 5518 1402 5554 ιιι
1446 5518 1704 5568 ejusdem
1752 5518 1837 5553 εει

165 5572 475 5638 argumenti
498 5588 511 5626 :
551 5589 669 5627 non
700 5577 760 5625 ut
787 5574 1088 5642 vulgatum
1111 5578 1215 5639 est,
1249 5518 1341 5626 A3
1368 5571 1663 5625 incemum
1686 5570 1838 5625 cerei

162 5642 470 5707 paschalis.
506 5644 662 5701 Unde
684 5650 738 5699 et
769 5644 1181 5699 Lucernarium
1202 5643 1469 5699 dicebant
1493 5643 1838 5713 vespertina-

2034 390 2179 443 Dum
2214 388 2532 443 madefacta
2574 406 2720 443 novo
2744 390 2942 461 jungit
2972 391 3261 460 plantaria
3293 392 3460 447 libro.

2032 478 2305 532 Paestanis
2336 478 2555 549 pariter
2587 477 2846 547 depingit
2877 484 3035 547 terga
3068 479 3291 541 rosetis,

2036 566 2247 635 Regius
2279 564 2489 635 agresti
2512 564 2753 618 vestitur
2785 565 3001 619 murice
3033 581 3290 636 campus.

2034 653 2173 708 Lilia
2202 654 2217 689 ¹
2244 669 2348 723 pro
2376 652 2567 707 nitidas
2601 652 2919 706 funduntur
2950 653 3168 707 lumine
3215 654 3385 708 calcis
3410 671 3423 709 :

2035 740 2191 794 Tunc
2222 739 2409 811 pingit
2450 740 2644 806 violas,
2696 740 2965 810 cythisos,
3032 741 3330 810 colocasia,
3395 742 3628 797 calthas.

2032 828 2329 896 Cinnama,
2380 828 2701 900 serpillum,
2761 830 3061 897 narcissos,
3095 828 3370 899 balsama,
3422 838 3625 888 costos.

2030 918 2187 973 Tunc
2229 918 2479 973 rediviva
2525 918 2663 972 serit
2693 922 3037 989 quaeportat
3064 919 3326 989 germina
3356 920 3626 991 fpliosnix.

2035 1008 2194 1062 Hunc
2204 1007 2371 1078 jubet
2388 1006 2699 1075 adveniens
2718 1007 2984 1061 dominus
3002 1007 3358 1063 discumbere
3372 1026 3626 1065 servum:

2031 1095 2246 1167 Surgit,
2279 1101 2334 1150 et
2360 1095 2480 1167 ipse
2526 1096 2643 1149 suis
2677 1095 2939 1149 manibus
2980 1096 3077 1151 dat
3126 1098 3344 1152 fercula
3387 1114 3624 1155 mensae.

2013 1212 2020 1218 -
2104 1186 2194 1241 Sic
2226 1189 2322 1239 tua
2354 1190 2441 1239 ter
2472 1185 2654 1250 denis,
2688 1184 3013 1239 animarum
3044 1186 3248 1253 cultor,
3278 1185 3337 1241 in
3367 1188 3533 1243 annis

2032 1276 2235 1330 Halant
2260 1291 2394 1329 rura
2425 1291 2599 1341 rosas,
2634 1274 2999 1345 interpellata
3031 1290 3133 1329 nec
3161 1276 3291 1330 ullis

2036 1365 2366 1435 Frigoribus
2399 1365 2697 1418 marcescit
2728 1365 2958 1429 humus,
2993 1380 3166 1436 quam
3206 1380 3337 1421 vere
3378 1366 3623 1438 perenni

2028 1452 2225 1509 Servat
2253 1454 2488 1508 odorato
2513 1454 2848 1508 meritorum
2880 1454 3092 1524 cespite
3116 1454 3330 1509 doctor.

2032 1542 2250 1597 Arbuta
2282 1543 2570 1597 siccantur
2604 1543 2870 1612 quotiens
2892 1549 2991 1597 tua
3022 1559 3148 1598 rore
3177 1549 3410 1615 negato,

2033 1632 2293 1687 Infundis
2320 1633 2605 1703 lacrymis,
2637 1633 2951 1703 cophinum
2974 1649 3205 1705 quoque
3235 1632 3500 1703 congeris
3518 1632 3633 1689 illic

2030 1720 2308 1776 Stercoris
2341 1721 2629 1776 immundi
2653 1738 2666 1776 :
2706 1727 2842 1776 tunc
2868 1722 3044 1776 ramis
3073 1722 3255 1793 surgit
3278 1722 3511 1793 opimis,

2022 1812 2163 1866 Tum
2196 1810 2439 1866 fecunda
2469 1813 2584 1864 Deo
2615 1811 2881 1865 nascendi
2909 1812 3041 1881 jura
3070 1816 3377 1881 superstat.

2140 1900 2375 1971 Suscipe
2421 1916 2572 1954 nunc
2600 1899 2819 1966 dexter,
2862 1900 2989 1954 vita:
3026 1901 3121 1954 lux
3177 1917 3352 1955 aurea
3390 1905 3623 1967 nostra,

2024 1989 2242 2045 Gaudia
2264 2006 2392 2061 quae
2414 1988 2629 2043 faciunt
2646 1989 2935 2043 modicum
2954 1990 3057 2044 tibi
3075 2005 3339 2061 promere
3360 2005 3616 2045 carmen.

2027 2080 2167 2134 Cum
2193 2094 2319 2133 mea
2348 2083 2477 2133 vota
2510 2080 2655 2133 Deus
2685 2078 3019 2149 produxerit
3040 2079 3238 2133 ordine
3260 2083 3445 2150 cepto,

2032 2168 2275 2222 Fulserit
2315 2173 2372 2221 et
2404 2168 2601 2222 docilis
2632 2184 2803 2239 quem
2834 2169 3053 2238 plantat
3098 2168 3330 2222 dextera
3358 2168 3618 2237 palmes;

2030 2257 2231 2311 Debita
2262 2260 2386 2327 post
2411 2261 2640 2311 centum
2672 2257 2910 2311 reddam
2940 2256 3046 2310 tibi
3077 2256 3283 2311 fortius
3315 2272 3513 2311 annos.

2029 2347 2113 2400 En
2138 2346 2310 2401 statui
2339 2346 2720 2417 quodcunque
2755 2345 2858 2400 tibi
2880 2361 3031 2400 nunc
3068 2346 3319 2417 scalpere
3355 2360 3626 2414 carmen;

2034 2434 2259 2489 Nodoso
2291 2433 2395 2487 sub
2410 2434 2563 2504 jure,
2596 2439 2775 2505 pater,
2804 2434 2957 2505 quod
2986 2434 3182 2488 nexuit
3210 2433 3383 2489 arctis

2034 2523 2263 2578 Diversa
2291 2524 2396 2578 sub
2430 2523 2615 2577 fronte
2648 2523 2829 2577 modis
2868 2524 2956 2578 lex
2989 2524 3247 2595 proxima
3290 2540 3497 2594 paenae,

2036 2613 2286 2686 Usquam
2319 2629 2391 2668 ne
2423 2612 2592 2667 fallax
2626 2615 2876 2667 mutaret
2905 2613 3139 2684 syllaba.
3175 2612 3318 2668 Dixi.

2358 2791 2381 2825 ²
2429 2805 2699 2846 HYMNUS
2729 2805 3203 2847 vesrearmus.

2218 2879 2488 2950 Nigrante
2517 2884 2725 2934 tectam
2756 2880 2929 2950 pallio

2218 2968 2342 3023 1am
2372 2973 2525 3023 terra
2557 2973 2783 3023 noctem
2816 2968 3071 3038 suscipit.

2222 3058 2291 3112 Ut
2314 3057 2438 3112 viva
2460 3058 2611 3112 dulci
2652 3057 2854 3113 funere

2222 3147 2701 3201 Reconvalescant
2729 3162 2991 3216 corpora.

2222 3236 2416 3289 Mortis
2446 3236 2630 3306 figura
2656 3235 2923 3289 blandior

2224 3325 2459 3379 Bustum
2492 3324 2715 3395 soporis
2745 3324 3023 3391 admovet,

2223 3414 2444 3469 Anhela
2471 3414 2614 3468 lucis
2637 3413 2871 3468 aestibus

2222 3505 2369 3559 Dum
2394 3520 2557 3557 mens
2586 3502 2825 3572 tepescit
2851 3500 2988 3556 otio.

2225 3593 2361 3660 Lux,
2390 3592 2632 3657 Christe,
2664 3592 2799 3657 vita,
2832 3590 3062 3657 veritas,

2223 3682 2303 3736 Ne
2333 3681 2493 3735 fusca
2527 3680 2715 3734 somni
2757 3684 3038 3749 tempora.

2218 3770 2400 3825 Tetris
2425 3774 2625 3840 parata
2644 3768 3017 3835 umbraculis,

2226 3860 2337 3913 Nos
2368 3858 2440 3911 ad
2465 3858 2730 3911 tenebras
2763 3861 3015 3909 evocent.

2220 3948 2338 4001 Nox
2368 3947 2530 4000 nulla
2559 3963 2665 3999 nos
2687 3945 2893 3999 subdat
2922 3944 3051 4009 sibi,

2222 4034 2288 4089 ln
2319 4034 2497 4089 noctis
2530 4040 2668 4088 atrae
2706 4034 2986 4104 tegmine,

2220 4124 2329 4179 Sed
2361 4140 2467 4178 nec
2488 4122 2691 4177 caloris
2724 4122 2870 4177 ebrii

2224 4214 2457 4268 Mentita
2488 4212 2690 4283 pingat
2716 4226 2978 4281 corpora,

2227 4303 2434 4356 Verum
2462 4304 2687 4355 reatum
2723 4298 2929 4352 nesciis

2228 4390 2376 4447 Falsi
2405 4390 2742 4445 ministrans
2771 4386 3046 4442 criminis.

2223 4481 2306 4535 Tu
2333 4495 2439 4550 per
2468 4478 2674 4549 quietis
2700 4492 2943 4531 munera

2226 4568 2437 4623 Assiste
2470 4569 2660 4621 custos
2690 4564 2952 4636 pervigil.

2229 4658 2415 4711 Hostis
2442 4656 2637 4728 procul
2666 4654 2741 4708 sit
2766 4652 3001 4707 callidus
3026 4666 3040 4705 :

1944 4799 2071 4837 rum
2119 4780 2660 4854 precumiofﬁcium,
2714 4776 2870 4849 quod
2918 4790 3152 4854 vespere
3191 4778 3249 4827 et
3278 4772 3512 4854 quando
3550 4772 3636 4854 lu:

1943 4846 2141 4908 cernas
2172 4853 2401 4906 accendi
2433 4868 2556 4904 mos
2587 4856 2690 4913 est,
2732 4846 2930 4901 occaso
2961 4847 3234 4900 nimirum
3268 4846 3403 4911 sole,
3437 4846 3639 4915 peragi

1944 4928 2169 4979 soleret.
2208 4926 2397 4978 Hoaau
2439 4938 2654 4976 lNCENSl
2708 4922 2956 4989 appellat
2985 4920 3040 4972 S.
3083 4917 3419 4989 Ambrosius
3452 4918 3640 4989 librm

1944 4998 2012 5051 de
2040 4996 2365 5065 Virginibus
2391 5011 2404 5047 :
2438 4996 2595 5065 Cerle
2623 4988 2903 5065 solemnes
2942 4988 3231 5044 orationes
3259 5004 3388 5041 cum
3408 4988 3641 5065 gratia-

1946 5085 2071 5123 rum
2110 5058 2335 5139 dcli'one
2366 5067 2499 5118 sunt
2533 5063 2868 5139 deferendae,
2889 5078 3032 5139 .cum
3061 5077 3091 5113 e
3114 5076 3312 5139 somno
3331 5058 3640 5139 surgimus,

1942 5157 2069 5193 cum
2084 5137 2526 5209 prodimuspum
2544 5132 3027 5209 cibuptsumimus
3042 5149 3182 5209 cum
3207 5132 3638 5209 sumpserimus,

1942 5214 1997 5263 et
2027 5200 2169 5264 hora
2193 5207 2412 5262 incensi
2443 5229 2454 5261 :
2491 5224 2616 5260 cum
2653 5205 2897 5276 denique
2924 5204 3175 5279 cubitum
3207 5201 3519 5279 pergimus.
3565 5200 3641 5253 De

1944 5281 2174 5350 hymnis
2212 5296 2383 5350 porro
2426 5280 2524 5348 qui
2547 5276 3025 5350 sequuntur,_etsi
3058 5276 3203 5350 stylo
3256 5278 3312 5350 et
3338 5276 3507 5350 genio
3539 5286 3640 5325 au-

1944 5346 2157 5407 ctorem
2212 5346 2346 5404 satis
2394 5346 2647 5421 produnt
2687 5348 3031 5421 Eunodium,
3086 5346 3333 5421 aberant
3370 5348 3565 5396 tamen
3610 5358 3644 5395 a

1946 5422 2366 5493 manuscriptis,
2396 5414 2667 5491 'quorum
2717 5436 2825 5494 ope
2872 5418 3006 5494 nixi
3034 5432 3252 5494 sumus.
3297 5414 3480 5494 Quare
3511 5430 3640 5494 cum

1945 5496 2170 5565 reliqua
2203 5486 2351 5547 esset
2382 5486 2723 5561 conjectura:
2758 5486 3070 5565 divinatio,
3128 5486 3225 5565 qui
3280 5486 3510 5565 parcius
3558 5486 3643 5540 uti

1945 5559 2136 5633 libuit,
2176 5581 2359 5635 pauca
2387 5559 2570 5634 eaque
2591 5567 2789 5633 aperta
2815 5566 2871 5615 et
2899 5559 3066 5613 obvia
3094 5559 3463 5612 mutavimus.
