4060 6174
415 279 517 329 3’27
582 322 585 329 .

699 412 860 477 Quod
890 411 1068 478 laedit,
1100 410 1245 465 illud
1275 409 1537 464 dormiat.

699 499 806 563 Qui
834 499 1003 553 dente
1035 514 1181 553 saevo
1213 498 1483 552 mandere

699 591 885 643 Certat
915 588 1187 642 cubantes
1210 586 1453 653 lectulis,

698 678 797 733 Hic
828 677 1084 731 membra
1114 676 1335 729 vinctus
1366 677 1562 747 lugeat

696 768 929 821 Pulsare
952 781 1072 819 sese
1096 781 1237 836 quos
1268 764 1444 819 foves.

696 855 852 908 Iliade
861 859 955 907 nte
986 870 1155 908 carne
1187 854 1421 922 spiritus

697 945 820 998 Non
852 947 1121 998 enecetur
1146 943 1477 1013 naufragus.

696 1032 872 1087 Ornet
904 1032 1089 1087 cubile
1120 1033 1367 1099 castitas,

694 1123 831 1187 Quae
863 1123 1049 1194 prima
1080 1120 1355 1174 virtutum
1388 1118 1586 1174 micat:

698 1213 860 1266 Vivat
889 1211 1028 1265 ﬁdes
1060 1210 1117 1263 in
1152 1213 1404 1280 pectore,

692 1300 829 1365 Quae
850 1301 975 1354 luce
1007 1303 1207 1353 vernat
1235 1297 1479 1368 perpeti.

1208 1403 1304 1457 XI.

627 1525 899 1567 BYMNUS
945 1524 1018 1565 Ῑῐ.
1066 1524 1132 1565 IN
1178 1524 1477 1565 TEMPORE
1521 1522 1896 1565 TRISTITIﬁ.

694 1629 843 1682 Deus
870 1641 1121 1697 perenne
1152 1625 1451 1695 gaudium,

692 1718 827 1782 Pax,
852 1716 1090 1783 Christe,
1125 1714 1310 1769 cordis
1336 1714 1510 1780 anxii,

692 1807 1010 1874 Portusque
1042 1802 1469 1858 ﬂuctuantium.

692 1894 873 1957 Quem
906 1908 1008 1946 nec
1048 1892 1320 1963 procella,
1361 1889 1607 1946 turbidis

693 1980 753 2034 Si
791 1984 981 2034 verrat
1010 1980 1126 2032 ima
1153 1979 1426 2046 motibus,

692 2072 882 2124 Potest
920 2069 1119 2139 fugare
1158 2085 1191 2121 a
1229 2074 1480 2139 pectore.

690 2158 796 2223 Qui
826 2175 1015 2211 mersa
1042 2162 1220 2229 ponto
1251 2157 1534 2218 sublevas,

690 2248 793 2313 Qui
815 2265 875 2301 su
888 2248 1121 2319 bjugata
1151 2246 1407 2313 sarcinis,

692 2339 800 2403 Qui
828 2339 940 2392 dux
984 2337 1280 2408 prophetas
1321 2336 1606 2407 naufragi,

694 2430 842 2483 Dum
876 2427 1012 2481 vivit
1043 2444 1167 2480 esca
1188 2426 1418 2492 belluas,

695 2518 845 2571 Dum
870 2517 1048 2570 nescit
1079 2531 1278 2586 aequor
1310 2514 1465 2585 quod
1503 2517 1679 2580 tenet,

690 2606 897 2660 Tutum
925 2605 1106 2659 ferino
1129 2608 1361 2675 gutture

694 2697 927 2750 Exactor
967 2694 1243 2763 abrumpe
1275 2694 1487 2748 cibum.

692 2784 827 2839 Diro
868 2783 965 2837 red
975 2789 1136 2837 uctus
1178 2782 1416 2852 remige,

686 2876 930 2932 Custode
961 2876 1147 2929 salvus
1174 2873 1444 2945 pessimo,

682 2966 848 3020 Vates
886 2966 1109 3019 locutus
1142 2969 1194 3018 te
1237 2965 1414 3018 Deum

674 3056 830 3109 Tunc
856 3054 1014 3124 jussa
1040 3053 1214 3125 gessit
1244 3053 1464 3107 fortior.

681 3143 984 3197 Immunda
1021 3142 1272 3213 lymphis
1322 3142 1571 3196 sobriam

675 3232 780 3284 Per
810 3231 974 3284 busta
1000 3230 1166 3283 terris
1196 3228 1413 3283 vixerat

671 3320 876 3374 Vivens
902 3319 1159 3389 sepulcra
1191 3318 1448 3387 pertulit,

679 3408 925 3461 Viventis
957 3412 1123 3462 ornet
1162 3407 1491 3477 prandium.

690 3496 914 3551 Secreta
945 3495 1051 3549 ceti
1079 3495 1331 3565 prodidit

690 3585 871 3639 Testis
898 3585 1181 3639 verendus
1214 3583 1426 3637 intimi.

691 3674 780 3730 Sic
809 3691 911 3728 nos
941 3689 1262 3745 precamur,
1296 3689 1388 3726 rex
1419 3673 1588 3740 Deus,

685 3765 922 3819 Mcerore
961 3764 1166 3817 fractos
1197 3767 1257 3815 ut
1280 3762 1471 3816 cibum

680 3855 757 3908 De
786 3858 984 3906 ventre
1020 3867 1287 3905 curarum
1328 3866 1486 3921 rape.

678 3943 823 3996 Vivit
860 3940 1124 3995 medullis
1149 3940 1302 4011 quod
1342 3944 1531 4007 necat,

683 4031 1011 4087 Turbantur
1041 4030 1155 4084 alta
1186 4030 1491 4097 viscerum,

688 4124 749 4175 In
772 4122 927 4175 fonte
959 4120 1145 4174 carnis
1177 4120 1348 4172 ardor
1378 4124 1482 4182 est,

690 4211 798 4276 Qui
824 4209 1055 4279 mergit,
1082 4209 1216 4273 urit,
1250 4208 1457 4263 afficit:

687 4300 793 4355 Sed
834 4299 881 4351 si
905 4314 1140 4351 serenus
1168 4296 1398 4366 aspicis,

691 4392 955 4445 Pressura
984 4386 1185 4458 gignet
1215 4386 1509 4455 gaudium.

1196 4493 1310 4546 XII.

734 4598 1004 4638 HYMNUS
1052 4597 1159 4648 III,
1208 4596 1280 4635 DE
1326 4595 1375 4635 S.
1422 4594 1771 4634 CYPRIANO.

690 4680 839 4734 Vatis
871 4680 1141 4751 Cypriani
1174 4684 1229 4732 et
1260 4679 1525 4747 martyris

692 4772 821 4835 Cor,
855 4768 1076 4839 lingua,
1110 4784 1330 4835 sensus,
1355 4768 1605 4839 dignitas

689 4859 922 4913 Mortem
953 4857 1184 4911 ferendo
1216 4857 1525 4926 proferant.

688 4946 884 5001 Vitalis
902 4946 1079 5001 ictum
1114 4963 1225 5001 nox
1264 4946 1439 5012 dedit,

688 5036 953 5090 Mucrone
992 5039 1153 5104 parta
1185 5036 1283 5088 lux
1322 5034 1516 5094 micat,

692 5124 862 5181 Dictis
889 5124 995 5178 fuit
1021 5123 1421 5194 prmfulgidus,

478 5258 491 5291 ί
526 5251 738 5309 Procul
786 5247 1099 5319 Maximus]
1145 5247 1402 5301 Galerius
1444 5246 1737 5319 maximus,
1787 5246 1883 5317 qui
1914 5250 2098 5316 Aspa-

407 5330 490 5381 sio
550 5329 791 5380 Paterno
850 5324 909 5375 in
977 5317 1383 5389 proconsulatu
1442 5317 1645 5370 Africo:
1703 5322 2096 5371 successerat:

404 5399 565 5467 cujus
608 5396 801 5449 audita
839 5393 1156 5467 Cyprianus
1200 5389 1481 5467 sententia
1520 5405 1631 5458 qua
1671 5390 1839 5442 morti
1874 5390 2099 5467 addicef

1630 270 1914 326 ENNODII
1963 269 2279 325 EPISCOPI
2316 269 2701 325 TICINENSIS

2500 412 2567 464 Et
2596 427 2691 464 ore
2723 408 2881 465 dives
2916 409 3107 477 unico,

2496 499 2787 555 Torrentis
2817 497 2973 552 unda
2992 496 3259 568 gurgitis,

2498 588 2750 658 Impacta
2779 603 2955 641 cornu
2982 586 3202 657 spicula

2495 677 2771 730 Sermone
2796 676 3028 730 vincens
3062 675 3353 746 promulo.

2500 766 2648 836 Opes
2682 765 2918 819 verendi
2949 764 3199 836 pectoris

2499 854 2606 918 Qui
2628 855 2758 924 jure
2782 854 3001 909 Christo
3033 853 3302 908 reddidit.

2500 944 2660 997 Nunc
2690 959 2902 996 munus
2928 944 3129 1012 implet
3149 941 3480 1013 pristinum,

2497 1032 2697 1086 Orator
2732 1036 2873 1098 orat,
2912 1030 3150 1093 obtinet,

2495 1120 2561 1175 Et
2591 1120 2733 1173 dura
2771 1119 2953 1173 causis
2985 1124 3283 1191 temperat.

2497 1208 2647 1263 Facit
2678 1210 2874 1264 beatos
2908 1226 2972 1263 ex
3000 1210 3132 1275 reis,

2502 1299 2733 1351 Peccata
2756 1314 3029 1368 rumpens
3060 1298 3331 1352 carmine.

2502 1387 2626 1439 Non
2659 1386 2914 1453 ﬂamma,
2946 1402 3157 1452 carcer,
3189 1385 3482 1440 vinculum

2499 1476 2691 1528 Potest
2720 1490 2923 1528 nocere
2958 1491 3101 1545 quos
3132 1474 3314 1544 juvat,

2483 1564 2722 1618 Mactare
2749 1564 2942 1633 jussus
2963 1564 3197 1631 hostias,

2518 1654 2780 1721 Legenda
2812 1654 2933 1707 risit
2966 1653 3224 1707 numina.

2503 1744 2754 1797 Instante
2786 1759 2917 1797 mox
2942 1743 3217 1813 periculo,

2507 1832 2675 1902 Fugit
2704 1832 2916 1902 pericla
2950 1832 3169 1885 funere.

2500 1923 2708 1975 Parvas
2733 1922 3008 1991 loquendi
3036 1922 3326 1975 schemate

2499 2011 2680 2064 Moras
2700 2011 2921 2065 remisit
2952 2010 3177 2077 ictibus,

2498 2099 2709 2154 Accivit
2739 2116 2900 2153 enses
2934 2100 3136 2163 Iustior,

2498 2189 2773 2242 Currente
2807 2190 2960 2242 letho
2997 2190 3127 2259 plus
3165 2188 3337 2242 celer.

2497 2279 2806 2332 Proconsul
2850 2279 2863 2311 ¹
2899 2295 3018 2331 esse
3049 2278 3255 2332 saevior

2499 2367 2767 2437 Nequivit
2799 2368 2895 2421 ille
2930 2366 3224 2421 Maximus.
3492 2417 3502 2427 ,

2498 2459 2639 2511 Dum
2674 2457 2827 2527 quod
2858 2457 3112 2510 minatur
3145 2471 3354 2511 munus
3388 2459 3471 2510 est
3500 2473 3512 2509 :

2499 2547 2611 2600 Nec
2639 2547 2824 2599 tardat
2856 2547 2939 2599 ira
2971 2546 3156 2599 lenior

2424 2673 2431 2677 ρ
2498 2634 2787 2689 Christum
2818 2635 3071 2689 volentes
3108 2634 3309 2689 visere.

2998 2724 3133 2778 XIII.

2571 2826 2842 2865 HYMNUS
2871 2826 2957 2865 IV.
3008 2826 3080 2865 DE
3126 2825 3553 2865 PENTECOSTE.

2494 2900 2562 2953 Et
2594 2900 2699 2955 hoc
2727 2916 3038 2971 supernum
3072 2916 3281 2953 munus
3308 2904 3413 2966 est,

2494 2990 2652 3053 Quod
2686 2989 2897 3059 linguis
2931 2990 3125 3059 lingua
3157 2990 3384 3044 militat.

2498 3079 2632 3142 Quis
2664 3096 2781 3132 non
2802 3080 3053 3133 tonantis
3084 3078 3321 3149 praemia

2498 3169 2602 3221 Per
2635 3169 2786 3221 dona
2816 3167 3069 3237 ejusdem
3103 3167 3399 3237 proferat?

2500 3257 2654 3311 Facit
2682 3257 2976 3327 loquendo
3012 3257 3109 3327 qui
3142 3258 3312 3325 sapit,

2499 3346 2750 3415 Dignum
2783 3348 3051 3416 loquatur
3078 3350 3139 3399 ut
3173 3346 3306 3400 Deo.

2496 3435 2750 3488 lnfundit
2780 3450 2905 3487 ecce
2939 3434 3206 3504 Spiritus,

2498 3524 2563 3577 Et
2591 3539 2690 3577 ora
2712 3540 2907 3577 rursus
2940 3522 3193 3577 instruit.

2497 3614 2673 3665 Intrat
2706 3612 2726 3645 ²
2758 3616 2988 3666 veterno
3021 3616 3254 3681 pectora

2496 3700 2816 3755 Eviscerata
2844 3700 3063 3756 nubilo.

2496 3792 2557 3843 In
2578 3790 2685 3843 hoc
2713 3790 2986 3859 apostolis
3011 3790 3104 3845 die

2497 3878 2642 3931 Dum
2674 3878 2843 3932 verba
2873 3878 3119 3932 Verbum
3149 3878 3370 3944 dividit,

2498 3968 2775 4020 Sermone
2806 3968 3004 4021 mundi
3042 3972 3362 4037 praepotens

2494 4056 2562 4109 Et
2592 4057 2762 4109 corda
2794 4056 2995 4109 mundi
3026 4057 3290 4111 contulit.

2496 4144 2718 4197 Summi
2750 4145 2966 4198 feratur
2998 4145 3268 4199 laudibus

2495 4234 2696 4300 Homo,
2728 4234 2899 4287 habet
2930 4250 3030 4287 ora
3061 4236 3337 4303 gentium.

2496 4323 2703 4387 Thrax,
2738 4323 2946 4387 Gallus,
2983 4323 3154 4375 Indus
3183 4338 3333 4376 unus
3364 4328 3467 4376 est.

2497 4412 2658 4475 Quod
2691 4412 2893 4465 blanda
2918 4412 3061 4465 ludit
3083 4411 3319 4476 Graecia,

2503 4498 2667 4563 Quod
2698 4500 2858 4553 saevit
2883 4505 3039 4553 atrox
3074 4500 3381 4555 barbarum

2502 4589 2723 4643 Stridor
2750 4590 2965 4660 Canopi
2999 4591 3330 4655 murmuris,

2500 4678 2661 4741 Quod
2685 4682 2705 4714 ³
2735 4679 2932 4748 lingua
2968 4680 3139 4734 latrat
3168 4681 3447 4747 Parthica,

2500 4767 2700 4821 Pectus
2722 4769 2961 4838 replevit
2990 4768 3307 4839 hospitum.

2501 4856 2691 4910 Mundi
2717 4857 2785 4911 ad
2817 4859 3057 4912 salutem
3089 4860 3338 4913 curritur

2498 4945 2735 5000 Nolente
2770 4947 2988 5001 mundo
3021 4953 3106 5002 tot
3138 4948 3263 5003 viis.

2497 5032 2659 5096 Quod
2687 5052 2845 5089 sacra
2867 5053 3016 5090 nunc
3048 5038 3306 5091 remissio

2496 5123 2778 5177 Paschalis
2808 5125 2989 5177 instar
3036 5125 3235 5194 gratias

2209 5264 2449 5316 tamque
2479 5249 2764 5319 loquendo
2796 5249 3093 5303 minimam
3129 5250 3409 5305 attulisse.

2279 5320 2302 5351 ³
2338 5320 2579 5373 Velerno
2606 5320 2825 5391 nubilo]
2856 5323 3130 5374 Veternus
3153 5323 3448 5390 adjective.
3476 5337 3583 5392 pro
3604 5328 3923 5378 veternoso

2208 5394 2263 5444 et
2313 5396 2570 5444 vetusto:
2608 5397 2670 5444 ut
2716 5393 2776 5445 in
2836 5394 3203 5461 panegyrico,
3255 5392 3640 5447 conscientias
3683 5399 3925 5449 veterno

3800 273 3888 323 3'28

403 5460 593 5531 lia-tur,
652 5468 761 5520 hoc
809 5460 997 5518 solum
1028 5460 1362 5531 respondit:
1420 5460 2014 5531 Deoronarusmuin
2045 5464 2100 5514 et
2205 5477 2397 5515 errore
2446 5478 2758 5530 possessas,
2793 5460 2851 5515 et
2904 5464 3155 5518 dictione
3211 5467 3269 5518 in
3312 5467 3641 5529 Novercam,
3694 5468 3927 5520 veterni

407 5530 593 5610 ligatis
640 5552 743 5606 per
795 5551 999 5588 manus
1029 5530 1163 5610 suas
1202 5531 1399 5595 oculis,
1452 5536 1515 5610 ut
1556 5530 2097 5610 Pontius_diaconus

404 5601 619 5673 scribit,
640 5601 871 5660 'moram
917 5603 1197 5657 carniﬁcis
1231 5617 1439 5673 urgere
1470 5601 1746 5673 tentabat.
1778 5602 1850 5655 Eo
1883 5607 2096 5673 spectat

402 5679 695 5737 Ennodius
732 5692 865 5732 cum
908 5676 988 5729 ait
1032 5672 1379 5745 Cyprianum
1414 5688 1578 5728 enses
1624 5672 1927 5739 accivisse,
1970 5689 2092 5728 mo-

2204 5674 2379 5730 latret

2207 5531 2374 5587 Erebi
2428 5532 2664 5601 legibus.

2279 5603 2757 5683 fLinguaulatra}
2783 5604 3077 5680 Parthica]
3110 5608 3175 5662 In
3206 5608 3513 5673 Paraenesi,
3542 5608 3837 5664 Parthica
3869 5616 3926 5665 et

2476 5677 2672 5730 orinus
2688 5677 2905 5749 figura.
