4060 6174
257 331 341 381 3°29
1635 320 1988 379 CARMINUM

2118 322 2183 377 Β.
2232 321 2277 377 Ι.
3624 327 3727 382 330

438 462 580 515 Dum
614 459 912 531 mysticam
935 455 1290 527 septemplici
1959 459 2005 511 Α

438 551 613 605 Ornat
641 563 908 603 coronam
943 562 1204 600 munere.

439 643 760 710 Augmenta
793 635 1169 707 plenitudinis

441 727 586 796 Opes
620 726 952 779 ministrant
979 724 1161 778 diviti.

2246 458 2509 529 Adjectus
2534 459 2667 514 hinc
2695 459 2988 531 apostolis,

2244 548 2492 603 Reduxit
2521 549 2813 619 expulsam
2846 549 3041 616 fidem,

2245 637 2396 691 Dixit
2417 637 2741 708 triumphos
2776 644 3096 709 martyrum

2245 725 2478 796 Linguae
2509 727 2742 781 virentis
2774 727 2821 780 la
2834 729 3002 782 ureis.

445 816 602 868 Nunc
638 818 849 880 mente,
884 827 1013 865 voce
1045 810 1288 881 psallite,
2246 814 2346 868 Hic
2377 831 2474 868 ore
2496 817 2751 886 praedam
2793 817 3021 871 sustulit

442 905 554 957 Hoc
593 907 792 956 nostra
831 917 934 954 vox
967 905 1021 954 et
1053 917 1214 953 mens
1248 901 1384 953 Deo.
2248 903 2327 957 De
2361 903 2519 958 fauce
2556 905 2835 975 serpentis
2871 906 2995 960 feri.

1002 989 1143 1043 XIV.
2249 992 2358 1055 Qui
2386 993 2538 1047 bella
2570 994 2772 1049 Christi
2811 995 3038 1062 militat,

577 1094 848 1133 uvuuus
896 1093 953 1132 v.
992 1090 1075 1131 ne
1120 1093 1171 1131 s.
1217 1092 1576 1133 srspuauo.
2250 1083 2445 1136 Nudus
2471 1083 2707 1136 timetur
2736 1084 2985 1138 ensibus.

437 1168 583 1232 Quid
619 1169 909 1238 Stephano
941 1167 1231 1237 potentius
2251 1171 2398 1224 Vivit
2430 1172 2686 1242 sepultus
2712 1173 2964 1241 etjuvat,

436 1258 599 1311 Dicas
630 1273 924 1323 coronam,
951 1261 1169 1326 martyr
1196 1259 1297 1309 est.
2252 1260 2485 1314 Clavum
2519 1266 2718 1314 tenens
2749 1261 3032 1315 Ecclesiae.

439 1346 550 1399 Hoc
574 1351 657 1399 est
687 1346 884 1410 homo,
921 1346 1070 1416 quod
1102 1345 1427 1416 prmmium.
2250 1350 2470 1404 Justina
2497 1351 2510 1383 ί
2545 1351 2691 1404 vires
2720 1351 2989 1421 perdidit,

439 1435 677 1488 Fructus
703 1434 915 1488 laboris
944 1450 1154 1488 nomen
1190 1439 1291 1487 est.
2255 1438 2360 1492 Dat
2389 1455 2557 1509 paena
2587 1439 2708 1493 Vati
2741 1437 3067 1509 praemium.

438 1523 584 1577 Laus
610 1525 732 1577 haec
764 1523 951 1576 brevis
981 1523 1205 1592 prolixa
1236 1521 1332 1576 sit.
2253 1526 2412 1582 Sedis
2444 1532 2734 1582 memento
2768 1529 2860 1581 lux
2891 1532 3029 1596 tum,

438 1612 529 1667 Sic
562 1617 872 1666 evocantur
903 1612 1122 1681 inclyti.
2254 1616 2500 1686 Exorna,
2525 1622 2737 1685 sancte,
2770 1623 3052 1688 posteros.

438 1701 603 1754 Necis
638 1701 922 1767 minister,
953 1701 1163 1771 aspice,
1973 1740 2012 1794 Β
2253 1708 2497 1760 Auctore
2525 1706 2698 1760 fultus
2723 1706 2906 1760 nobili

439 1793 519 1846 De
552 1797 742 1845 morte
772 1791 945 1844 vitam
969 1790 1287 1844 conferens.

443 1882 558 1934 Hoc
589 1881 688 1934 dat
727 1881 991 1946 salutem,
1027 1880 1179 1950 quod
1215 1882 1397 1932 necat.

441 1969 598 2023 Felix
633 1967 742 2023 sub
775 1969 897 2022 istis
941 1968 1143 2021 ictibus

2259 1796 2337 1848 Ne
2359 1796 2469 1849 dux
2501 1796 2687 1849 sereni
2719 1796 2987 1850 culminis

2253 1884 2320 1938 In
2351 1883 2501 1937 nube
2531 1889 2710 1938 tectus
2741 1885 2989 1938 horreat.

2255 1972 2362 2036 Qui
2394 1974 2416 2006 ²
2449 1977 2640 2043 pastor
2671 1978 2756 2026 est
2785 1973 3129 2040 antistitum,

441 2057 528 2111 Fit
568 2057 956 2126 sempiternus
979 2057 1154 2111 exitu.
2254 2061 2415 2124 Quod
2441 2061 2614 2130 fucat,
2637 2077 2808 2115 omne
2840 2062 3138 2116 submovet
3172 2077 3184 2115 :

437 2149 656 2200 Cruore
687 2147 870 2200 lucem
903 2150 1207 2216 praeparat,
2256 2150 2497 2220 Gregem
2527 2151 2809 2222 gubernat
2843 2150 3188 2222 principum,

436 2236 659 2289 Cwlum
688 2235 934 2304 sepulcri
975 2250 1232 2301 munere,
2257 2239 2522 2310 Magister
2551 2244 2635 2294 est
2667 2240 3016 2294 docentium.

441 2327 680 2379 Hostem
715 2329 779 2377 ut
807 2324 1133 2393 triumphus
1164 2324 1376 2393 effugat
2828 2330 2959 2384 XVI.

443 2416 563 2469 Ceu
585 2415 782 2485 palma
816 2413 894 2465 sic
926 2413 1311 2483 congreditur.
2127 2428 2138 2438 ·
2245 2432 2518 2472 uvunus
2561 2433 2683 2473 vn.
2731 2434 2804 2473 ne
2850 2433 3242 2476 ASCENSIONB
3290 2432 3548 2475 DOIINI.

444 2505 544 2558 Hic
575 2503 800 2574 primus
831 2502 1068 2555 intravit
1098 2502 1245 2555 viam
2257 2506 2379 2561 Jam
2407 2506 2660 2560 Christus
2694 2506 2949 2560 ascendit
2971 2507 3170 2577 polum

447 2595 490 2648 N
503 2594 634 2647 ullis
663 2592 954 2646 subactam
986 2591 1293 2661 gressibus.

446 2684 679 2737 Secreta
713 2681 974 2734 lustravit
1002 2680 1140 2751 poli,

448 2775 511 2826 ln
545 2777 702 2825 veste
737 2771 922 2823 carnis
940 2769 1168 2823 abditus

449 2862 754 2928 Clamavit,
781 2861 915 2912 Ecce
950 2858 1123 2913 Filius

446 2951 722 3005 Consistit
753 2949 809 3002 in
843 2950 1040 3002 dextra
1071 2946 1267 3002 Patris.

448 3042 599 3094 Dum
626 3055 758 3091 saxa
789 3038 1008 3092 ferrent
1039 3035 1229 3106 impii,
1979 3041 2019 3095 C
2260 3039 2405 3092 Vicit
2431 3043 2763 3109 peremptus
2807 3040 3021 3094 exitum
3055 3056 3067 3093 :

447 3131 600 3183 Dum
633 3128 730 3180 ille
757 3127 894 3180 lethi
931 3125 1244 3192 machinas,
2263 3129 2410 3181 Mors
2441 3127 2575 3181 inde
2609 3128 2767 3196 luget
2792 3129 3022 3199 pallida,

448 3219 620 3271 Solus
651 3216 933 3270 bonorum
977 3215 1257 3281 conscius,
2263 3216 2634 3286 Praesumpsit
2654 3217 2806 3271 unde
2830 3217 3126 3288 gaudium.

450 3305 669 3360 Orabat
702 3320 764 3357 ex
788 3304 898 3357 fide
930 3304 1193 3374 loquens,
2265 3306 2420 3361 Escis
2443 3310 2670 3360 vorator
2701 3312 2901 3377 captus
2922 3312 3027 3361 est.

456 3396 541 3448 Ne
574 3393 896 3448 nescientes
928 3393 1128 3446 noxios
2265 3394 2364 3448 Est
2395 3394 2584 3464 praeda
2617 3400 2812 3466 raptor
2841 3395 3120 3449 omnium.

452 3483 720 3538 Ccelestis
755 3483 838 3536 ira
869 3483 1150 3552 perderet.
2263 3484 2386 3538 Jam
2418 3489 2536 3538 rete
2566 3484 2819 3539 vinctum
2849 3485 3096 3551 ducitur,

452 3575 663 3627 lnsons
686 3577 809 3626 erat
835 3571 1086 3638 vesania,
2263 3571 2419 3625 Jacet
2449 3575 2648 3626 catena
2676 3572 2735 3626 in
2769 3573 3024 3626 nexibus.

450 3663 643 3716 Reum
676 3661 836 3714 furor
865 3664 1222 3731 provexerat,
2267 3660 2511 3731 Serpens
2543 3677 2761 3716 venena
2791 3661 3054 3732 protulit,

456 3754 567 3806 Per
597 3759 726 3803 vota
747 3751 1012 3804 currebat
1045 3750 1206 3802 labor
1239 3765 1252 3802 :
2270 3750 2417 3803 Mitis
2442 3750 2576 3804 terit
2605 3751 2954 3821 superbiam,

456 3841 703 3894 Crucem
731 3839 1002 3910 gemebat
1031 3837 1304 3902 carnifex,
2268 3840 2466 3908 Agnus
2492 3839 2719 3894 leonem
2748 3839 3043 3896 eviscerat.

455 3929 766 3983 Crescente
799 3944 968 3998 quem
991 3927 1317 3996 subegerat.
2274 3928 2407 3979 Plus
2435 3927 2586 3982 istud
2619 3933 2703 3983 est
2723 3929 3016 3998 potentiae,

1051 4016 1156 4068 XV.
2275 4014 2435 4078 Quod
2467 4021 2683 4082 nostra,
2717 4017 2955 4086 Christe,
2988 4018 3249 4090 suscipis,

599 4119 867 4160 manus
913 4119 999 4158 vx.
1049 4119 1122 4158 DE
1167 4117 1218 4158 s.
1263 4115 1616 4159 AMBROSIO.
2274 4104 2340 4156 Et
2370 4111 2520 4158 veste
2553 4106 2700 4159 servi
2722 4107 3092 4160 absconditus

462 4196 623 4250 Caelo
656 4195 848 4249 ferunt
877 4192 1244 4247 Ambrosium
2278 4193 2386 4246 Nos
2418 4194 2486 4246 ad
2512 4193 2873 4264 triumphum
2903 4194 3207 4266 provehis:

461 4286 710 4349 Nomen,
745 4283 948 4348 honor,
983 4283 1065 4335 vel
1099 4282 1266 4336 actio.
1992 4341 2036 4394 Β
2283 4283 2464 4346 Quam
2498 4283 2544 4336 si
2575 4299 2604 4336 e
2633 4285 2881 4338 coruscis
2908 4285 3141 4340 sedibus

463 4375 552 4394 ιγει
602 4373 760 4394 JA‘L-L
795 4372 883 4394 [Σ-
909 4370 1186 4394 ἓ--.-...ἱζ..
2282 4372 2522 4394 Π.-1...-..-
2551 4377 2794 4394 Α-....-..--
2831 4389 2954 4394 _.-__

463 4375 556 4428 Nil
594 4373 765 4427 debet.
795 4372 884 4426 hic
908 4370 1207 4438 facundiae,

463 4465 578 4518 Dos
612 4462 800 4516 omnis
831 4465 916 4515 est
945 4477 976 4514 a
1005 4460 1280 4514 moribus.

465 4553 656 4606 Fortis
685 4552 984 4620 juvantem
1019 4565 1138 4602 non
1169 4547 1331 4618 cupit

471 4641 736 4696 Umbone
769 4639 1026 4693 munitus
1056 4654 1177 4692 suo.

467 4731 537 4784 In
569 4745 744 4784 carne
776 4727 960 4782 carnis
983 4726 1062 4780 nil
1095 4725 1212 4796 agit

472 4819 700 4889 Regina
731 4834 892 4871 mens
914 4816 974 4870 in
996 4831 1251 4886 corpore.

473 4907 771 4977 Confregit
802 4923 970 4960 omne
1002 4904 1309 4959 lubricum.

472 4998 566 5052 Sic
595 4997 734 5050 vixit
764 4996 862 5050 ille
895 5011 1010 5048 non
1043 4994 1174 5060 sibi,

476 5087 591 5142 Sed
624 5090 775 5140 totus
805 5083 1023 5139 auctori
1047 5084 1183 5138 Deo.

339 5216 355 5251 ¹
384 5213 630 5268 Justina
659 5211 807 5266 vires
818 5209 1088 5282 perdidit]
1121 5211 1318 5270 :Mater
1366 5207 1971 5282 Valentiani__junioris

282 5285 534 5356 .\ugusti,
563 5301 690 5354 quae
722 5279 1087 5356 Ambrosium
1116 5282 1541 5356 Ecclesiamque
1579 5279 1972 5356 Mediolaneu-

283 5350 410 5422 em,
440 5350 642 5427 utpote
675 5353 1076 5427 Ariana,_diris
1103 5353 1288 5427 modis
1339 5351 1590 5427 vexavit.
1642 5352 1866 5427 itaque
1904 5350 1972 5403 de

281 5445 340 5480 «a
367 5422 628 5498 loquitur
654 5424 1005 5498 Gaudentius
1033 5424 1092 5477 in
1123 5423 1466 5498 prtefatione
1511 5423 1580 5475 ad
1610 5496 1616 5498 _
1642 5422 1975 5498 Benivolum

282 5515 340 5550 rx
371 5495 712 5567 magistrum
747 5496 1038 5550 memoria:
1067 5513 1077 5548 :
1109 5495 1310 5567 Nostri
1333 5511 1580 5567 namque
1596 5496 1865 5567 temporis
1885 5509 1973 5567 re-

278 5570 409 5637 gina
437 5563 695 5622 Jesabel.
727 5572 961 5621 Arianae
977 5565 1222 5639 perﬁdiae
1237 5563 1679 5639 patrona’signul
1709 5580 1777 5639 a_c
1797 5564 1974 5639 socia,

283 5634 404 5694 cum
432 5639 832 5696 beatissimum
848 5634 1284 5710 persequeretur
1295 5634 1683 5702 Ambrosium,
1710 5635 1979 5692 Ecclesiae

638 5739 909 5804 PATROL.
966 5738 1186 5803 LXlll.

2259 2595 2489 2648 Necavit
2512 2593 2636 2649 ante
2666 2595 2887 2664 funera,

2260 2684 2501 2737 Lethum
2532 2685 2790 2754 sepultus
2825 2685 3067 2756 expulit,

2261 2774 2407 2827 Mors
2433 2774 2634 2826 mortis
2668 2775 2922 2845 impulsu
2954 2774 3088 2829 ruit.

2262 2862 2493 2916 Cantate
2526 2862 2738 2917 factum
2769 2864 2994 2930 sarcula,

2265 2951 2455 3004 Funus
2480 2951 2706 3020 subegit
2740 2953 3059 3018 Tartarum,

2282 4372 2526 4440 Fulgore
2551 4377 2797 4426 terreres
2831 4389 2975 4428 reos.

2283 4461 2428 4514 Deus
2447 4465 2603 4532 patet
2633 4478 2736 4532 per
2765 4463 2980 4532 omnia,

2281 4551 2447 4605 Nullo
2477 4556 2728 4606 remotus
2756 4552 3007 4622 tegmine
3039 4569 3053 4607 :

2283 4639 2390 4694 Sed
2426 4645 2486 4694 ut
2509 4641 2762 4711 jacentes
2793 4641 2976 4712 erigat

2285 4729 2564 4798 Dignatus
2595 4745 2714 4783 esse
2743 4731 2893 4800 quod
2927 4745 3146 4796 sumus,

2287 4817 2556 4871 Redemit
2589 4819 2710 4888 ipse
2738 4819 2832 4888 jus
2867 4835 3057 4874 suum.

2291 4907 2464 4960 Ovem
2496 4906 2709 4960 revexit
2730 4907 3014 4977 perditam

2288 4995 2540 5048 Pastoris
2563 4996 2629 5048 ad
2661 4996 2998 5051 custodiam.

2295 5085 2495 5137 Levate
2521 5090 2736 5154 portas,
2771 5087 2983 5156 angeli,

3351 5741 3421 5804 11

2079 5209 2532 5284 Μεάἱοίαηθηςίε
2552 5209 2890 5284 a_ntistllem,
2912 5217 2959 5266 te
2976 5229 3196 5284 quoque
3213 5229 3279 5267 ea
3300 5215 3644 5284 tempestate
3657 5229 3777 5268 ma-

2078 5281 2322 5352 gistrum
2355 5281 2657 5347 memor-ias,
2690 5282 2926 5337 oblilum
2948 5281 3230 5338 salul'aris
3281 5281 3430 5349 ﬁdei
3467 5284 3775 5352 arbitrata,

2081 5355 2279 5426 conlra
2302 5352 2616 5406 catholicas
2652 5353 2875 5426 dictare
2905 5355 3203 5408 Ecclesia:
3223 5355 3619 5426 compellebat.

2154 5427 2175 5459 ²
2206 5425 2408 5498 Ραδίογ
2434 5429 2517 5498 est
2545 5425 2897 5495 antistitum]
2922 5425 3358 5498 Mediolanensis
3381 5428 3616 5481 antistes
3641 5445 3652 5482 :
3679 5428 3779 5498 qui

2085 5497 2514 5569 metropolitani
2538 5498 2665 5566 jure
2703 5499 2898 5550 multis
2932 5497 3216 5566 hodieque
3248 5504 3456 5568 praeest
3477 5497 3777 5569 episcopis,

2086 5567 2186 5640 sed
2219 5568 2398 5640 multo
2438 5568 2700 5640 pluribus
2731 5570 2868 5621 olim
2913 5567 3272 5640 praesidebat.
3308 5569 3443 5624 Orat
3499 5567 3634 5640 ergo
3671 5567 3778 5638 pro

2089 5639 2396 5695 Laurentio
2430 5639 2697 5709 episcopo
2723 5639 3142 5694 Mediolanensi.
