4060 6174
373 306 465 358 33l

590 435 770 488 Intrat
798 427 1128 484 tremendus
1158 423 1388 488 arbiter,

553 523 730 594 Major
748 516 978 592 tropaeis
1007 513 1281 571 hostium.

1101 639 1109 648 .
1136 603 1300 657 XVII.

679 712 950 759 HYMNUS
991 708 1140 752 VIII.
1188 707 1262 746 DE
1306 706 1358 746 S.
1408 703 1764 746 EUPHEMIA.

516 795 654 861 Quas
677 791 878 861 lingua
906 784 1103 858 possit,
1137 781 1266 853 quis
1296 779 1482 835 valeat
1502 779 1698 850 stylus,

515 886 709 940 Tanta
733 875 1056 946 triumphos
1074 871 1314 943 virginis
1345 868 1585 940 eloqui?

510 975 670 1029 Nunc
699 971 888 1024 mente
910 963 1113 1018 molles
1141 959 1336 1015 discite
1369 957 1607 1013 masculi
1638 973 1652 1012 :

512 1058 791 1131 Exempla
820 1057 1076 1128 praestat,
1108 1049 1314 1105 sumite
1348 1047 1589 1114 desides,

509 1152 706 1209 Puella
733 1147 895 1204 fortis
925 1159 1054 1199 cum
1095 1143 1325 1212 superat
1351 1139 1522 1192 viros.

507 1243 700 1298 Virtus
722 1236 906 1294 teneri
935 1232 1126 1288 nescia
1155 1244 1382 1300 semper
1407 1232 1510 1298 est,

513 1333 627 1389 Nec
641 1331 776 1401 jura
804 1340 988 1390 sexus,
1013 1321 1304 1391 fractaque
1337 1333 1499 1372 mens
1521 1315 1592 1384 ei,

509 1423 646 1488 Quae
675 1417 843 1473 corde
875 1412 1164 1468 Christum
1190 1407 1514 1477 conciperet
1539 1403 1735 1458 semel.

580 1510 821 1566 Solvunt
839 1500 1066 1559 caducis
1097 1503 1331 1570 pectora
1359 1494 1621 1556 vinculis,

510 1600 726 1666 Quibus
747 1596 1007 1666 repostus
1029 1588 1319 1645 mentibus
1349 1590 1434 1641 est
1464 1586 1630 1638 Deus.

507 1690 816 1743 Tormenta
844 1681 1013 1737 torsit
1032 1678 1201 1733 fortia
1229 1691 1469 1747 corpore
1502 1689 1515 1728 :

511 1780 781 1835 Lassante
807 1788 980 1846 paena
1014 1767 1189 1823 crevit
1205 1781 1368 1820 amor
1397 1761 1600 1818 crucis.

582 1867 642 1923 Si
673 1865 816 1920 scire
849 1875 1040 1934 posses
1069 1857 1296 1911 vincere
1326 1857 1660 1924 martyrem,

508 1956 727 2010 Vesane
743 1954 943 2016 tortor,
969 1961 1201 2019 parcere
1232 1944 1495 1998 disceres.

511 2047 814 2110 Flammas,
847 2038 1162 2110 ﬂagellum,
1194 2032 1508 2098 carnifices,
1532 2031 1712 2096 rotas,

507 2135 614 2192 Cui
642 2148 782 2188 crux
813 2126 1105 2201 sequenda
1135 2130 1239 2193 est,
1282 2139 1395 2178 non
1425 2119 1631 2176 metuit
1654 2115 1846 2172 nimis.

507 2225 665 2280 Hanc
686 2238 815 2277 cum
845 2217 1084 2274 caminis
1123 2216 1255 2286 igne
1286 2210 1652 2282 crepantibus

507 2314 749 2371 Jussisse
779 2311 963 2366 fertur
985 2305 1342 2380 praecipitem
1376 2301 1500 2356 dari

505 2405 726 2461 Priscus
759 2403 801 2469 ³,
833 2397 1041 2453 veneni
1072 2396 1230 2450 fonte
1255 2390 1550 2447 nocentior

499 2495 665 2568 (Nam
694 2495 772 2547 sic
802 2490 1038 2546 feralem
1071 2490 1330 2554 tempore
1361 2477 1597 2534 sordido

501 2585 704 2640 Dixere
744 2583 955 2635 sanctae
983 2574 1221 2646 virginis
1247 2569 1553 2637 arbitrum)

506 2674 686 2744 Hujus
716 2667 964 2725 ministri
993 2666 1132 2720 dum
1163 2662 1442 2732 cuperent
1462 2654 1636 2711 nimis

504 2761 776 2818 Fornacis
808 2773 951 2813 escae
986 2753 1213 2809 tradere
1244 2754 1580 2819 martyram,

503 2853 620 2908 Lux
641 2856 779 2906 tunc
808 2845 1038 2918 Olympi
1070 2844 1196 2897 luce
1231 2838 1488 2894 serenior

469 2949 474 2954 ’
504 2944 658 3014 Opus
687 2937 930 2994 removit
962 2949 1110 2989 saeva
1133 2928 1445 2985 volentium
1472 2942 1486 2994 ;

501 3010 643 3089 Cum
671 3046 809 3085 voce
839 3025 1161 3081 monstrant
1181 3019 1280 3090 qui
1307 3017 1563 3088 gladium
1593 3010 1785 3066 simul.

502 3123 618 3178 Nos
638 3121 773 3174 hinc
800 3127 1106 3187 precamur
1138 3109 1323 3178 dirige
1342 3108 1598 3168 Tartaro,

497 3213 641 3266 Nam
671 3211 866 3262 nostra
895 3206 1149 3256 sanctam
1179 3212 1295 3251 non
1323 3195 1501 3248 violat
1532 3206 1754 3246 manus.

502 3295 800 3367 Turgescit
825 3292 910 3346 illi
941 3290 1072 3343 felle
1086 3289 1251 3358 jecur
1281 3283 1471 3336 calens
1499 3298 1510 3334 :

499 3391 622 3444 Mox
644 3400 796 3450 saxa,
826 3381 1024 3444 fossas,
1051 3375 1307 3438 verbera,
1332 3371 1570 3435 bestias;

500 3476 687 3548 Majus
706 3481 990 3527 venenum
1017 3462 1328 3520 blanditias
1359 3462 1544 3530 parat,

504 3567 724 3634 Quibus
752 3561 951 3630 virago
980 3553 1205 3612 fortiter
1232 3548 1470 3604 obstitit.

1044 3643 1051 3663 ‘
1118 3640 1303 3697 XVIII.

693 3749 961 3796 manus
1008 3749 1093 3788 Ix.
1136 3733 1158 3765 ²
1203 3745 1277 3783 ηε
1321 3743 1372 3783 s.
1421 3737 1729 3781 NAZARIO.

571 3832 828 3901 Angusta
853 3825 980 3880 vitae
1002 3827 1282 3892 tempora,

571 3919 764 3977 Parvis
787 3917 977 3970 coacta
1009 3908 1290 3973 terminis,

572 4012 715 4067 Mors
743 4009 934 4060 sancta
966 4002 1140 4056 donat
1160 4011 1430 4059 crescere,

573 4101 806 4157 ZEterna
836 4095 978 4148 fines
1007 4091 1314 4162 prmparat.

571 4195 645 4247 De
672 4189 836 4258 fruge
860 4195 1092 4238 casuum
1114 4177 1287 4241 venit,

570 4282 692 4346 Quo
712 4278 911 4346 surgat
938 4271 1256 4326 humanum
1289 4279 1470 4335 genus
1505 4278 1516 4315 :

567 4372 633 4426 1n
663 4367 839 4438 stirpe
865 4360 1135 4418 Nazarius
1156 4357 1306 4410 bona

422 4504 436 4536 ¹
473 4497 721 4558 Priscus]
746 4491 891 4547 Asiae
924 4482 1227 4558 proconsul
1265 4472 1643 4558 :_quo.judice

347 4543 1081 4636 mia-mavrtj'rJClialce‘done
1114 4543 1476 4608 atrocissimis
1516 4543 1810 4613 suppliciis
1841 4553 2037 4591 excru-

348 4644 674 4764 ωξωῡῗῐὲ.
737 4699 1019 4769 Nazarz'o]
1062 4683 1763 4769 MartyreMediolanensi,
1798 4682 1865 4769 de
1923 4696 2036 4750 quo

348 4754 1166 4840 exsta-tsermo—SjAmbrosii,
1201 4754 1382 4840 multa
1414 4762 1481 4840 iis
1505 4775 1632 4840 qua).
1663 4756 1770 4840 hoc
1822 4754 2037 4840 hymno

347 4833 692 4913 scribuntur,
753 4843 1042 4898 simillima
1082 4837 1400 4913 continens.
1435 4833 1557 4913 .Sed

347 4894 897 4997 imperantemassus
931 4913 1136 4967 dicitur
1164 4909 1216 4962 S.
1251 4905 1537 4997 Nazarius,
1563 4894 1775 4968 id'post
1796 4894 2037 4974 Ambro-

349 4979 1075 5058 sii‘mortem'compertum
1103 4986 1207 5046 est,
1241 4979 1375 5058 quia
1401 4980 2039 5058 suptemporelignora-

716 5037 909 5124 fuisse,
944 5059 1137 5110 auctor
1178 5037 1276 5104 est‘
1321 5046 1594 5102 Paulinus
1645 5037 1941 5110 presbyter
1975 5037 2034 5088 in

345 5144 472 5198 Vita
503 5139 559 5193 S.
594 5131 894 5189 Ambrosii.
1086 5195 1096 5198 _
1224 5192 1233 5198 _
1475 5187 1483 5195 ,
1830 5177 1914 5198 ψ,

416 5181 926 5270 Γνᾘίἐῦῗὲὶὼέὶὲή
975 5192 1340 5270 Ambrosium
1399 5187 1763 5270 episcopum,
1816 5181 1940 5270 qui,
1973 5181 2039 5258 ut

344 5252 1044 5340 Paulinus'ide'r—nnarrat,
1107 5267 1392 5340 inventas.
1422 5252 1480 5310 in
1511 5252 1679 5340 lio'rto
1735 5254 1789 5307 S.
1816 5252 2037 5340 ἔπες’Ῐί

343 5321 620 5425 iiiéli‘iBS
651 5343 942 5425 transtulit
973 5321 1340 5425 in’basili‘cam
1365 5321 2035 5425 épOSlfJIOPUD'I‘LQ‘u‘f‘gt:

961 5425 1154 5464 versus
1202 5396 1470 5481 leguntur
1507 5399 1566 5452 in
1650 5396 2037 5450 monumentis

341 5473 700 5558 Christianis,
731 5473 871 5560 quos
901 5483 1135 5539 titulum
1168 5473 1434 5560 apposuit
1468 5487 1480 5524 :

466 5549 715 5629 Condidit
734 5549 1040 5622 Ambrosius
1066 5562 1340 5626 templum,
1370 5556 1698 5629 Dominoque
1750 5549 1977 5600 sacravit

583 5619 1138 5696 ἱεῖὦῶἐεροειοὶίεος
1175 5619 1782 5696 munere,fallaris-.-

460 5675 1138 5756 Fonﬁ'JE'r'EéiJ’téExibi‘dm'
1161 5691 1258 5748 est,
1284 5675 1537 5748 templum
1561 5675 1788 5728 "victoria
1814 5675 2024 5724 Christi.

1610 4827 1763 4898 quod
1814 4825 2038 4898 Nerone

1575 287 1857 344 ENNODll
1901 283 2215 340 EPlSCOPl
2253 283 2434 338 TICIN
2448 283 2530 334 ΕΝ
2543 281 2647 334 SIS

2107 421 2152 470 Α

3769 274 3850 323 3'3}

2395 414 2474 466 De
2506 414 2685 464 morte
2719 409 2915 463 lumen
2937 405 3178 460 addidit.

2383 502 2607 555 Nerone
2640 499 2774 553 felix
2799 496 3060 568 principe

2385 589 2616 643 Diversa
2639 603 2944 658 perpessus
2980 584 3150 649 mala,

2382 678 2663 733 Lustravit
2691 677 2890 730 orbem
2920 691 3034 728 non
3056 671 3214 744 gravi

2383 770 2592 823 Pavore
2612 766 2800 822 cordis
2840 764 3063 835 algidus
3096 780 3107 817 :

2377 857 2486 912 Sed
2516 861 2580 910 ut
2598 854 2855 926 profanis
2884 853 3110 907 inderet

2377 947 2496 1011 Quo
2514 947 2652 1000 calle
2670 943 3053 999 conscendant
3090 940 3278 1011 polos,

2378 1037 2552 1091 Verus
2579 1035 2848 1105 magister
2877 1032 3094 1086 actibus

2379 1126 2666 1196 Exempla,
2698 1140 2816 1178 non
2841 1121 3024 1176 verbis
3056 1119 3230 1174 dedit.

2379 1217 2522 1270 Nam
2547 1216 2747 1270 ductor
2776 1213 2870 1267 ille
2903 1211 3064 1266 fortis
3095 1214 3196 1278 est,

2379 1305 2483 1370 Qui
2525 1304 2674 1359 bella
2701 1303 2918 1358 viribus
2946 1301 3128 1355 docet.

2379 1395 2562 1458 Quem
2582 1393 2730 1447 dicta
2761 1391 3007 1445 militem
3033 1387 3290 1453 trahunt,

2384 1484 2443 1538 Si
2473 1484 2585 1537 dux
2617 1481 2885 1551 gerendis
2903 1476 3192 1534 abstinet?

2382 1574 2630 1626 Ventosa
2660 1573 2874 1641 linguas
2907 1567 3181 1630 hortatio,

2386 1662 2548 1726 Quod
2579 1662 2763 1715 forma
2794 1663 3049 1731 praestat,
3082 1672 3197 1710 non
3219 1654 3409 1709 habet.

2391 1751 2500 1806 Sed
2533 1766 2741 1820 magna
2770 1753 3084 1819 postquam
3115 1745 3356 1809 semina,

2392 1841 2685 1895 Scribente
2716 1843 2928 1892 terram
2954 1837 3200 1902 sarculo,

2382 1929 2577 1985 'Glebis
2607 1928 2818 1983 refudit
2846 1927 3101 1997 optimis,

2389 2019 2773 2074 Mediolanum
2815 2032 2947 2070 mox
2970 2015 3133 2086 petit,

2389 2110 2454 2162 In
2487 2125 2601 2179 qua
2634 2107 2932 2177 triumpho
2963 2103 3142 2158 nobili

2386 2199 2581 2253 Carnis
2604 2196 2833 2251 ruinam
2856 2193 3126 2266 reppulit.

2385 2289 2494 2352 Qui
2522 2287 2676 2340 cmde
2703 2302 2818 2340 non
2847 2285 3020 2354 digna
3051 2283 3260 2353 jacens,

2385 2378 2583 2431 Vatem
2614 2374 2636 2408 δ
2666 2376 3000 2430 tremendus
3024 2388 3156 2426 mox
3183 2373 3398 2435 monet,

2389 2468 2456 2522 Ut
2483 2467 2634 2520 clara
2661 2481 2859 2520 rursus
2892 2477 3135 2518 munera

2385 2557 2594 2612 Mundo
2629 2556 2852 2610 refusus
2879 2552 3132 2607 adderet.

2960 2641 3091 2696 XIX.

2590 2748 2856 2789 HYMNUS
2899 2748 2957 2786 Χ.
3007 2745 3082 2784 DE
3126 2743 3175 2783 S.
3226 2741 3455 2780 MARIA.

2385 2826 2453 2879 Ut
2477 2824 2756 2895 virginem
2782 2824 2956 2876 fetam
2993 2822 3196 2889 loquar

2385 2915 2530 2979 Quid
2554 2914 2720 2968 laude
2753 2912 2993 2982 dignum
3015 2909 3203 2962 Maria
3224 2909 3250 2961 ‘2

2383 3007 2487 3058 Det
2517 3008 2731 3074 partus,
2777 3006 2961 3068 ornet,
2995 2998 3186 3069 exigat

2381 3094 2540 3158 Quod
2574 3094 2766 3146 clausa
2794 3095 2978 3162 porta,
3013 3090 3168 3159 quod
3200 3094 3401 3158 patens

2380 3182 2663 3252 Exposcit,
2698 3181 2822 3251 ipsa
2853 3183 3141 3250 suggerat.

2379 3271 2506 3326 Sint
2536 3272 2709 3324 verba
2738 3286 2841 3323 ceu
2873 3268 3235 3322 miraculum.

2377 3360 2520 3427 Quid
2558 3377 2719 3414 mens
2753 3359 3013 3429 requiras
3033 3357 3332 3414 ordinem?

2377 3453 2590 3505 Natura
2623 3454 2806 3503 totum
2838 3447 3107 3518 perdidit.

2379 3543 2495 3596 Hoc
2527 3543 2609 3592 est
2639 3539 2810 3602 salus,
2845 3537 2996 3606 quod
3021 3536 3323 3592 vincimur.

2377 3631 2519 3684 Cum
2549 3629 2670 3681 sola
2700 3627 2860 3696 virgo
2887 3626 3140 3695 degeret,

2377 3719 2648 3787 Concepit
2679 3731 2812 3769 aure
2835 3715 3016 3768 filium
3054 3730 3065 3766 :

2376 3808 2651 3877 Stupente
2681 3806 2895 3859 factum
2929 3819 3189 3873 corpore,

2374 3897 2665 3969 Turgescit
2695 3897 2854 3950 alvus
2885 3894 3108 3965 spiritu.

2377 3989 2536 4052 Quod
2573 3987 2772 4055 lingua
2795 3984 2935 4055 jecit
2963 3999 3157 4036 semen
3194 3987 3298 4036 est.

2377 4079 2441 4130 ln
2463 4092 2630 4129 carne
2663 4074 2909 4128 Verbum
2935 4073 3258 4142 stringitur.

2378 4168 2454 4221 De
2488 4169 2670 4219 matre
2704 4168 2940 4217 cunctus
2961 4167 3156 4216 noster
3185 4168 3288 4227 est,

2376 4259 2454 4311 De
2487 4257 2654 4309 Patre
2678 4254 2755 4307 nil
2786 4253 2998 4307 distans
3029 4253 3176 4306 Deus
3205 4267 3219 4306 :

2376 4345 2643 4415 Utrisque
2675 4347 2870 4415 partus
2901 4342 3146 4411 integer,

2402 4471 2561 4519 Sacra
2587 4467 2921 4530 triumphalis
2953 4467 3126 4526 signat
3151 4466 3323 4528 imago
3347 4465 3545 4515 locum.

2275 4537 2334 4585 In
2366 4534 2534 4595 capite
2564 4538 2643 4580 est
2679 4529 2854 4595 templi
2888 4530 3005 4577 vitm
3035 4530 3282 4595 Nazarius
3315 4529 3486 4595 alma),

2399 4591 2698 4645 E'tsublime
2726 4593 2898 4641 solum
2925 4593 3172 4654 martyris
3202 4591 3425 4639 exuviis.

2273 4661 2408 4710 Crux
2444 4659 2532 4706 ubi
2561 4661 2821 4704 sacratum
2853 4661 3009 4718 caput
3032 4654 3220 4718 extulit
3246 4654 3370 4701 orbe
3395 4653 3615 4718 reﬂexo,

2398 4723 2505 4770 lloc
2537 4724 2693 4781 caput
2711 4722 2787 4766 est
2806 4716 2999 4779 templo
3027 4717 3352 4781 Nazarioque
3377 4716 3588 4763 domus.

2273 4785 2372 4843 Qui
2400 4785 2541 4832 fovet
2576 4778 2828 4829 mlernam
2857 4778 3025 4828 victor
3047 4780 3239 4843 pietate
3267 4778 3516 4843 quietem,

2398 4848 2533 4895 Crux
2558 4845 2641 4892 cui
2665 4845 2837 4906 palma
2860 4843 2975 4900 fuit,
3007 4841 3132 4889 crux
3167 4841 3324 4889 etiam
3362 4841 3510 4888 sinus
3557 4845 3656 4889 est.

2146 4931 2288 4986 Sunt
2318 4933 2372 4982 et
2402 4927 2498 4980 alii
2532 4942 2746 4989 versus,
2782 4923 2878 4994 qui
2903 4923 3314 4994 indicanteam
3349 4920 3598 4994 basilicae
3632 4925 3862 4990 parten:

2148 5019 2260 5072 qua
2290 4997 2506 5072 Nazarii
2539 4992 2942 5072 wpditae'sunt
2976 4993 3254 5062 reliquiae,
3309 5008 3341 5044 a
3372 4992 3583 5046 Serena
3639 4993 3866 5046 Stilico—

2148 5066 2234 5127 nis
2274 5071 2537 5141 conjuge,
2605 5067 2822 5137 Libycis
2871 5066 3257 5118 marmoribus
3303 5067 3568 5116 ornatam
3614 5079 3680 5116 ex
3729 5069 3865 5117 voto

2149 5146 2340 5198 fuisse.

2272 5231 2385 5288 Qua
2413 5229 2619 5276 sinuata
2652 5239 2778 5272 cavo
2806 5225 3135 5288 consurgunt
3171 5225 3306 5288 tecta
3337 5233 3602 5282 regressu,

2396 5293 2726 5349 Sacratmqne
2752 5287 2921 5335 crucis
2949 5285 3175 5349 flectitur
3196 5285 3319 5332 orbe
3346 5288 3520 5345 caput,

2275 5354 2523 5404 Nazarius
2555 5347 2676 5398 vita:
2708 5348 3133 5399 immaculabilis.
3163 5347 3365 5408 integer
3399 5349 3544 5408 artus

2396 5415 2669 5469 Couditur,
2697 5413 2971 5460 exsultans
2996 5411 3138 5458 hunc
3156 5406 3348 5457 tumuli
3378 5421 3490 5456 esse
3517 5406 3716 5456 locum.

2275 5480 2442 5537 Quem
2475 5479 2592 5540 pius
2625 5473 3192 5540 Ambrosiussignavit
3226 5472 3468 5540 imagine
3485 5469 3700 5529 Christi,

2398 5533 2748 5589 Marmoribus
2773 5536 2988 5597 Libycis
3017 5533 3121 5584 tida
3150 5537 3345 5584 Serene
3365 5533 3513 5596 polit.

2272 5603 2532 5668 Conjugis
2559 5601 2819 5668 ut_reditu
2852 5598 3274 5668 Stiliconisulzeta
3298 5597 3519 5667 fruatur,

2395 5657 2771 5726 Germanisque
2800 5663 2908 5710 suis
2927 5661 3237 5724 pignoribus
3260 5657 3499 5724 prOpriis.
