4060 6174
254 321 344 371 333
1634 325 1998 381 CARMINUM
2047 329 2168 382 LIB.
2215 331 2286 384 ll.
2553 340 2557 344 ’
3608 339 3711 392 334

533 452 665 517 Quae
694 452 884 524 gignit
915 457 969 508 et
1003 454 1102 526 qui
1131 455 1409 529 prmcipit.
1944 467 1987 516 Α
2235 466 2480 535 Flagella
2508 482 2705 536 passus
2741 472 2826 520 est
2882 468 3085 522 libens.

521 542 604 596 Nil
637 543 822 612 major
847 543 942 598 ille
964 545 1219 608 servulis,
2219 553 2432 618 Quibus
2458 571 2731 609 coronam
2760 557 2976 610 nexuit.

513 631 616 686 Sed
648 648 751 686 nec
783 633 971 687 minor
997 640 1223 688 creante
1255 634 1338 688 fit.
2216 643 2555 715 Compulsus
2584 645 2657 699 ad
2689 646 3000 702 antistitem

525 721 668 775 Fons
701 721 850 776 dicta
876 723 1100 777 clausus
1141 724 1359 795 accipit.
2218 733 2425 788 Votum
2456 750 2785 806 repugnans
2816 735 3026 803 induit,

520 811 664 864 Fons
705 811 962 866 membra
989 813 1215 867 clausus
1237 815 1464 886 accipit.
2215 821 2374 886 Quod
2406 829 2598 880 sancta
2624 825 2934 895 complevit
2965 826 3131 883 fides.

516 900 624 954 Nec
652 900 800 954 rima
822 901 988 956 cessit
1019 904 1249 970 arctior,
2783 915 2910 970 XXI.

514 989 580 1042 Et
610 1006 744 1043 vera
770 990 960 1061 proles
981 991 1204 1047 emicat.
2322 1015 2591 1058 HYMNUS
2624 1018 2741 1058 χιι.
2785 1005 2802 1041 ι
2848 1020 2920 1059 οε
2965 1020 3016 1060 s.
3064 1022 3399 1064 urouvsxo.

511 1079 628 1147 Dic,
657 1084 839 1134 mater
872 1086 926 1135 et
957 1081 1137 1151 virgo,
1172 1097 1392 1152 precor,
2213 1087 2483 1162 Dionysio
2516 1092 2771 1148 Christus
2798 1094 2957 1150 dedit

508 1166 894 1238 Quisquamne
918 1170 1132 1224 claudit
1157 1171 1349 1226 exiens
2213 1179 2360 1242 Quot
2386 1181 2552 1247 bella,
2581 1186 2664 1236 tot
2699 1182 2982 1238 victorias.

501 1261 804 1312 Arctantur
831 1266 957 1314 exta
991 1261 1224 1326 fetibus,
2210 1269 2376 1322 Exsul
2400 1270 2628 1340 piorum
2661 1272 2798 1326 civis
2833 1278 2941 1340 est,

505 1346 762 1402 Vinclum
792 1349 1028 1420 pudoris
1059 1355 1225 1405 natus
1255 1357 1353 1405 est.
2212 1357 2373 1411 Urbis
2400 1377 2663 1430 supernae
2694 1361 3000 1433 particeps.

984 1439 1100 1493 XX.
2210 1446 2569 1503 Constantius
2599 1455 2786 1504 vatem
2813 1451 2936 1504 loco

545 1539 806 1581 HYMNUS
846 1543 934 1581 x1.
983 1543 1056 1582 ua
1101 1543 1152 1583 s.
1204 1543 1521 1584 MARTINO.
2205 1535 2506 1600 Quondam
2531 1543 2807 1608 tyrannus
2839 1539 3076 1610 expulit.

492 1613 627 1669 Cum
655 1620 812 1684 gesta
845 1617 1066 1670 Martini
1099 1618 1321 1688 loquor,
2207 1625 2331 1680 Non
2352 1628 2519 1682 cessit
2541 1627 2645 1682 iste
2677 1628 2927 1698 turbido,

503 1704 584 1756 Nil
610 1705 777 1758 laude
809 1705 1044 1776 dignum
1078 1711 1304 1762 transeo
1331 1724 1342 1762 :
1922 1770 1960 1787 ﬁ
2206 1713 2391 1768 Crevit
2421 1716 2691 1787 periculis
2721 1717 2882 1772 ﬁdes.

502 1795 683 1850 Divisa
715 1797 894 1849 virtus
920 1797 1186 1851 omnibus
1922 1770 1962 1822 Β
2207 1804 2319 1857 Hoc
2346 1810 2541 1859 sancta
2574 1805 2663 1860 dic
2693 1806 2974 1877 professio
3005 1823 3016 1862 :

497 1884 681 1937 Unum
716 1889 909 1938 coacta
942 1887 1213 1955 przetulit.
2203 1892 2278 1946 Te
2313 1910 2482 1963 poena
2511 1895 2690 1950 tradit
2720 1896 3029 1967 prosperis.

509 1973 717 2028 Labore
753 1990 964 2044 magno
992 1979 1209 2046 martyr
1238 1979 1340 2043 est,
2204 1981 2410 2053 Optata
2441 1985 2712 2038 mercaris
2735 1985 2908 2039 malo.

491 2061 714 2116 Victore
747 2064 934 2117 carnis
959 2065 1163 2133 spiritu
1194 2080 1206 2119 :
2201 2071 2444 2126 Persiste
2477 2077 2661 2128 tortor
2688 2075 2986 2145 adjuvans,

487 2153 604 2206 lloc
636 2156 719 2205 est
751 2152 1060 2222 triumphis
1096 2153 1442 2224 proximum,
2199 2160 2317 2215 Lux
2349 2162 2468 2216 huic
2495 2164 2758 2234 negando
2789 2164 3032 2220 ceditur.

488 2240 548 2294 Si
577 2241 726 2294 bella
757 2243 977 2296 calcent
1009 2243 1236 2297 intima.
2201 2249 2244 2306 Ο
2275 2267 2445 2322 quam
2468 2252 2633 2307 beata
2659 2253 2993 2321 adversitas,

482 2330 767 2384 Perdente
804 2331 950 2384 vires
980 2348 1241 2402 corpore,
2203 2339 2260 2394 Si
2300 2341 2376 2394 sic
2402 2341 2765 2413 triumphant
2795 2344 3015 2398 exsules
3040 2349 3052 2397 l

497 2419 608 2472 Res
636 2419 746 2472 fixa
775 2424 998 2474 constat
1027 2421 1258 2474 laureis.
2203 2429 2351 2484 Nihil
2383 2432 2630 2486 verendo
2662 2437 2914 2503 martyre

484 2507 773 2562 Sublimat
803 2509 1029 2563 hostem
1051 2510 1364 2578 mentium,
2198 2517 2503 2574 Confessor
2533 2521 2628 2575 ille
2663 2521 2895 2576 destitit.

493 2596 600 2660 Qui
630 2603 762 2651 vota
791 2598 1181 2652 membrorum
1207 2599 1358 2653 fecit.
2199 2605 2460 2678 Dispersa
2487 2623 2642 2662 mors
2669 2626 2810 2680 quos
2853 2609 3048 2676 afﬁcit,

489 2687 591 2741 llic
612 2687 787 2740 fontis
820 2689 1011 2758 ignem
1045 2688 1325 2755 nesciens,
2196 2695 2280 2749 Ad
2316 2701 2446 2750 vota
2480 2698 2677 2752 mortis
2709 2700 2952 2755 evolant.

481 2776 689 2830 Calore
718 2777 970 2832 fervebat
1005 2779 1106 2832 Dei
1136 2794 1148 2833 :
2195 2782 2284 2837 Nil
2314 2785 2466 2839 lenta
2497 2788 2687 2856 perdit
2716 2789 2934 2842 coctio:

493 2866 670 2920 Undis
705 2884 915 2939 vapore
939 2869 1176 2940 junctus
1207 2873 1312 2936 est,
2196 2873 2375 2927 Intrat
2400 2875 2644 2930 latenter
2672 2876 2885 2931 abdita.

489 2955 722 3010 Christo
750 2957 972 3011 dicatus
999 2957 1240 3013 actibus.
2193 2963 2370 3017 Vitale
2406 2965 2577 3018 funus
2610 2982 2820 3020 maeror
2849 2971 2952 3032 est,

486 3044 614 3108 Qua
643 3051 790 3101 veste
821 3045 1019 3102 ludum
1049 3052 1300 3114 texerat;
1914 3072 1952 3128 ρ
2191 3051 2360 3105 Velox
2391 3052 2614 3106 medela
2641 3055 2931 3108 transitus.

493 3136 610 3189 "ac
635 3151 736 3188 rex
765 3134 991 3190 nitebat
1021 3137 1249 3192 aetheris
1275 3153 1287 3192 :
2193 3140 2337 3194 Risit
2369 3141 2623 3196 furorem
2656 3142 2952 3213 principis,

477 3224 767 3280 Sordente
798 3243 989 3296 panno
1018 3228 1349 3298 acquiritur,
2190 3229 2324 3282 Fide
2360 3237 2625 3285 manente
2659 3232 2978 3288 cursitans:

486 3313 615 3378 Quo
647 3314 831 3386 fulget
860 3321 1144 3372 astrorum
1177 3317 1400 3387 globus.
2192 3318 2358 3371 Fixus
2390 3335 2490 3389 per
2520 3321 2717 3375 orbem
2749 3321 2993 3382 ducitur,

482 3402 670 3467 Quam
690 3403 845 3473 justa
870 3406 1276 3460 commutatio!
2185 3407 2308 3471 Qua
2329 3410 2411 3462 sol
2443 3415 2698 3464 coruscat
2729 3412 2936 3478 acrior,

482 3495 721 3547 Astrum
765 3496 1027 3564 rependit
1056 3495 1350 3567 indigens:
2194 3496 2418 3568 Negans
2447 3497 2681 3554 bibendi
2711 3501 2950 3570 copiam,

477 3583 551 3636 Et
581 3599 760 3653 regna
791 3585 1082 3639 mendicus
1113 3591 1295 3656 parat,
2189 3587 2234 3638 A
2261 3590 2336 3654 te,
2366 3589 2686 3655 tremende,
2722 3589 3002 3644 sumimus

484 3673 612 3726 Mox
651 3690 810 3727 sacra
841 3675 967 3728 vita:
999 3676 1262 3746 contigit,
2194 3677 2308 3731 Ceu
2330 3683 2546 3743 nostra,
2577 3695 2705 3750 qua:
2736 3695 3069 3734 remuneras

477 3763 560 3815 De
593 3763 758 3834 plebe
790 3763 924 3818 lusit
955 3765 1303 3820 daemonum.
2193 3766 2274 3820 Tu
2306 3767 2469 3820 mitte
2497 3773 2756 3822 sanctum
2780 3785 3037 3839 poscere,

482 3853 586 3907 Jus
601 3853 676 3906 sit
707 3853 912 3907 favillis
938 3871 1207 3926 surgere:
2191 3854 2353 3918 Quod
2385 3855 2505 3927 ipse
2539 3856 2700 3910 nobis
2733 3858 3014 3912 conferas.

480 3941 690 3996 Vixere
723 3947 872 3997 tactu
897 3943 1118 4012 funera,

255 4063 266 4094 '
306 4065 382 4144 De
405 4069 490 4144 .S.
563 4068 860 4140 Dionysio]
926 4071 1211 4144 Episcopo,
1261 4071 1688 4144 Mediolanensi,
1742 4070 1864 4126 viro
1975 4069 2483 4144 ConstantioAug.
2517 4071 2730 4144 relatus
2762 4071 2821 4144 in
2847 4089 2936 4144 eo
2970 4072 3141 4127 vitam
3165 4073 3377 4144 posuit,
3412 4078 3477 4129 ut
3510 4074 3676 4129 docet

198 4138 541 4208 sanctissimo,
619 4138 730 4212 qui
775 4159 880 4212 pro
937 4138 1049 4196 fide
1107 4138 1344 4197 orthoxa
1401 4144 1460 4197 in
1516 4138 1780 4197 exsilium
1834 4159 1866 4196 a
1975 4142 2032 4196 S.
2067 4141 2401 4196 Ambrosius
2437 4138 2606 4214 epist.
2637 4146 2702 4197 25
2736 4143 2807 4197 ad
2839 4138 3246 4199 Vercellenses.

1260 4377 1718 4498 LIBER
1824 4375 2569 4500 SECUNDUS

1613 4565 2237 4634 EPIGRAMMATA.

995 4787 1037 4843 Ι.
1904 4793 1947 4846 D
2158 4789 2282 4844 Non
2315 4787 2648 4859 exspectatis
2679 4802 2832 4842 mors
2865 4788 3018 4842 venit
3052 4787 3367 4843 ordinibus.

553 4889 961 4931 EPITAPBXUM
1010 4891 1287 4932 EOMI‘NIS
1313 4891 1486 4932 nom.
2081 4878 2580 4949 Quidjuvathunc,
2597 4877 3047 4932 tenerissenium
3062 4877 3215 4948 quod
3242 4877 3673 4948 praetulitannis

313 4963 490 5020 Mente
513 4965 716 5034 bonus,
742 4966 1027 5037 probitate
1050 4967 1259 5034 nitens,
1285 4971 1341 5022 et
1358 4969 1376 5004 ⁸
1398 4966 1646 5022 nominis
1669 4970 1862 5022 auctor
2155 4968 2473 5022 Funeribus
2495 4965 2692 5037 junxit
2719 4967 2924 5022 funera
2957 4967 3136 5022 multa
3167 4967 3303 5022 suis.

377 5053 464 5108 Sic
490 5055 644 5125 jacet
675 5059 920 5126 angusto
953 5055 1041 5110 dic
1073 5056 1234 5109 dolor
1263 5056 1321 5109 in
1353 5056 1615 5111 tumulo?
2082 5055 2315 5123 Occidit,
2348 5057 2479 5119 heu,
2504 5055 2752 5126 juvenis,
2779 5057 2876 5128 qui
2907 5056 3050 5110 texit
3080 5056 3322 5111 crimina
3343 5055 3474 5111 vitae

314 5140 447 5212 Spes
462 5144 979 5199 domusimmensa:
995 5145 1220 5199 modico
1238 5151 1494 5201 contecta
1507 5146 1766 5218 sepulcro
1780 5149 1865 5200 est
2149 5147 2430 5216 Tempore
2462 5145 2762 5216 culparum
2786 5146 3105 5201 viviﬁcante
3142 5147 3276 5202 Deo.

380 5233 658 5286 Artantur
688 5232 879 5303 parvis
911 5233 1164 5287 culmina
1194 5235 1520 5305 cespitibus.
2078 5235 2299 5305 Aspice,
2335 5236 2637 5305 primaevos
2669 5236 2879 5290 metuis
2923 5237 3022 5308 qui
3052 5236 3294 5291 forsitan
3326 5251 3527 5306 annos,

313 5317 452 5382 Quid
487 5321 657 5376 decus
680 5322 738 5376 in
764 5323 980 5392 pueris,
1013 5323 1148 5394 quid
1177 5324 1669 5395 praestantlimina
1693 5324 1863 5379 vitae?
2149 5327 2298 5378 xEtas
2333 5325 2657 5379 vincentem
2691 5342 2808 5380 non
2837 5327 3020 5380 tenuit
3055 5341 3321 5396 puerum.

253 5440 560 5522 *Nominis
607 5447 828 5518 auctor]
880 5452 1196 5522 Φερὼνυμος,
1232 5466 1364 5505 vere
1423 5450 1595 5504 homo
1656 5450 1858 5518 bonus,
1968 5447 2207 5522 veritate
2226 5449 2501 5522 vocabuli.
2527 5451 2683 5522 Nam
2703 5467 2832 5505 cum
2851 5450 3036 5506 omnis
3054 5450 3375 5522 appellatio
3391 5449 3668 5505 addecla-

197 5513 240 5562 et
260 5517 479 5592 pomini
507 5513 878 5589 responderis.
922 5513 1132 5576 Creber
1153 5513 1237 5576 est
1261 5523 1350 5576 his
1375 5521 1771 5589 allusionibus,
1800 5513 1863 5576 ut
1968 5521 2180 5574 randas
2207 5537 2299 5574 res
2316 5521 2579 5604 videatur
2600 5520 2899 5604 imposita,
2914 5513 3423 5604 nimis-dbsurdmn
3438 5525 3522 5604 est
3536 5538 3670 5594 por-

197 5583 355 5674 e‘pigri.
387 5591 437 5668 ll
477 5589 546 5642 de
570 5583 883 5674 generato,
914 5599 969 5646 et
997 5594 1243 5674 dictione
1275 5596 1303 5647 3
1336 5595 1693 5674 de_Maximo.
1757 5583 1814 5674 ’.Α
1973 5597 2095 5674 tore
2121 5608 2327 5672 nomen
2345 5583 2709 5674 oatienum,e't
2735 5583 2899 5650 aliud
2927 5593 3042 5650 dici
3072 5610 3243 5665 quam
3263 5593 3448 5667 possit
3478 5583 3670 5649 in‘mo-

199 5655 539 5733 athalaricus
570 5662 737 5716 Felici
770 5655 1044 5733 quaestori
1093 5666 1190 5718 lib.
1247 5681 1344 5719 vm
1395 5666 1713 5730 Variarum,
1760 5668 1857 5719 18:
1969 5663 2132 5718 ribus
2160 5663 2428 5720 inveniri.

199 5724 489 5798 Sumpsisti
505 5747 707 5788 nomen
719 5724 1060 5790 eafmoribus
1075 5753 1090 5790 :
1106 5737 1325 5792 custodi
1337 5754 1367 5791 u
1378 5743 1397 5794 ι
1410 5752 1638 5808 semper
1658 5724 1865 5791 laeteris
