4060 6174
457 332 558 385 335

556 462 895 535 Exemplum
927 464 1094 519 terris
1120 463 1405 535 linquens,
1442 463 1511 517 ad
1551 463 1732 519 sidera
1761 470 1957 535 raptus

618 552 901 608 Confessis
923 558 1139 608 rectum
1173 568 1345 624 quam
1375 553 1521 608 bene
1552 558 1834 609 monstrat
1857 554 1995 609 iterl

548 638 641 695 Bis
670 639 846 696 denas
876 640 1115 708 hiemes,
1147 641 1387 696 totidem
1422 642 1773 697 transcendit
1812 643 2035 711 aristas,

614 729 799 795 Quem
828 730 1015 786 subito
1048 746 1115 785 ex
1146 730 1325 785 oculis
1354 746 1477 785 sors
1502 731 1734 786 inimica
1764 731 1914 788 tulit.

1252 820 1323 875 II.

751 923 1147 965 EPITAPHIUH
1189 924 1642 965 HABUNDANTII
1675 925 1807 966 v.1.

540 998 844 1071 Nunquam
875 1005 1062 1054 morte
1079 999 1228 1071 perit
1252 999 1466 1053 meritis
1485 1004 1614 1071 post
1633 999 1799 1054 busta
1820 1003 2125 1072 superstes,

613 1086 835 1141 Funera
862 1087 1167 1141 sublimem
1203 1103 1318 1141 non
1345 1087 1580 1158 capiunt
1610 1088 1884 1143 animam.

535 1174 801 1247 Sanguis,
816 1176 1022 1241 honor,
1040 1175 1262 1246 genius,
1276 1176 1553 1247 probitas,
1569 1177 1912 1245 constantia,
1928 1192 2129 1232 census

550 1274 553 1287 '
603 1265 953 1319 Interimunt
992 1265 1190 1320 multis
1220 1265 1448 1339 dotibus
1482 1265 1741 1321 exitium.

531 1354 597 1409 In
619 1370 924 1410 commune
953 1354 1139 1409 bonus
1171 1371 1288 1408 non
1320 1354 1497 1409 sentit
1527 1355 1737 1410 damna
1766 1355 2053 1427 sepulcri:

602 1443 719 1498 Fila
749 1444 951 1515 legunt
973 1446 1162 1499 Parcae
1194 1460 1324 1515 quas
1357 1444 1635 1499 dederant
1668 1444 1909 1499 miseris.

532 1533 788 1588 Pendula
839 1535 1124 1587 lassantur
1150 1548 1279 1605 quae
1327 1533 1557 1604 plebem
1591 1532 1838 1588 stamina
1866 1540 2121 1606 portant,

603 1622 796 1678 Fortia
822 1623 1167 1695 contingunt
1193 1623 1324 1677 licia
1356 1622 1669 1677 nobilibus.

529 1712 682 1767 Cana
706 1713 1019 1768 venerandi
1044 1712 1398 1767 renovabant
1426 1712 1633 1767 saecula
1661 1726 1850 1767 mores
1874 1728 1887 1767 :

602 1802 781 1873 Inque
807 1801 988 1857 vicem
1014 1801 1216 1874 templi
1242 1807 1472 1873 pectora
1504 1802 1718 1857 munda
1748 1800 1897 1858 tulit.

1219 1891 1315 1946 Ill.

492 1995 560 2035 οε
580 1994 970 2035 EPIGRAHIATIS
996 1994 1101 2035 PER
1126 1996 1366 2035 ARHARIA
1396 1995 1571 2036 DOINI
1598 1995 1796 2037 FAUSTI
1828 1995 2039 2037 FACTIS.

527 2068 791 2125 Consona
821 2068 1057 2124 diversis
1083 2068 1296 2123 tinxisti
1327 2070 1581 2125 carmina
1610 2070 1791 2139 libris,

597 2156 881 2229 Suscipiat
908 2156 1163 2228 gaudens
1191 2156 1385 2212 littera
1410 2158 1560 2230 quod
1591 2157 1794 2214 tribuit

525 2246 722 2301 Nescio
744 2246 862 2318 fqui
894 2249 1119 2300 tantum
1150 2261 1270 2299 non
1300 2245 1520 2317 laudet,
1553 2249 1775 2321 Fauste,
1808 2252 2114 2325 pudorem,

595 2335 738 2390 Cum
765 2334 954 2390 reddis
985 2334 1032 2388 si
1062 2334 1203 2405 quid
1233 2334 1379 2389 lecta
1408 2336 1616 2392 dedere
1641 2339 1764 2395 tibi.

526 2424 857 2496 Depositum
891 2423 1080 2495 perdit
1109 2438 1271 2478 mens
1302 2424 1440 2478 recti
1468 2426 1656 2480 nescia
1693 2445 1940 2501 semper,

591 2514 674 2569 Ad
702 2530 890 2570 mores
916 2513 1157 2569 redeunt.
1183 2512 1307 2567 haec
1332 2513 1672 2570 documenta
1703 2521 1939 2589 probos.

523 2602 582 2659 Si
614 2608 809 2658 tamen
838 2601 1091 2658 admittis
1121 2601 1318 2656 dexter
1347 2618 1471 2657 mea
1501 2605 1690 2675 verba,
1715 2607 1954 2680 fatebor,

592 2692 700 2757 Qui
732 2692 913 2765 pollet
942 2690 1167 2763 magnis
1202 2692 1439 2762 parvula
1462 2692 1592 2763 jure
1616 2695 1795 2767 fugat.

521 2782 855 2837 Laudentur
884 2782 1050 2837 tereti
1080 2798 1220 2853 quos
1249 2780 1441 2853 pingis
1474 2785 1729 2839 carmine
1764 2791 1939 2857 vates,

582 2871 869 2927 Mascula‘
906 2872 1190 2927 rhetorico
1224 2874 1511 2928 schemate
1542 2874 1743 2946 lingua
1768 2880 1951 2934 tonet.

518 2960 635 3017 Ceu
648 2960 858 3017 Paulus
870 2960 1157 3017 Christum
1172 2961 1785 3035 docuithominemque
1799 2967 2118 3040 Deumque,

591 3052 714 3116 Quo
743 3056 976 3123 praestat
1009 3052 1226 3106 cunctis
1258 3052 1507 3123 gaudeat
1536 3054 1789 3125 eloquio.

515 3142 698 3194 Attica
734 3156 840 3211 per
868 3140 1064 3195 Graios
1096 3140 1355 3195 ditentur
1376 3142 1647 3212 dogmata
1679 3160 1898 3211 sensus,

592 3228 661 3282 Et
687 3234 948 3283 nostrum
981 3233 1209 3299 stupeat
1241 3229 1455 3284 Graecia
1482 3231 1647 3285 docta
1674 3232 1864 3287 decus.

513 3316 739 3371 Moralis
765 3318 990 3385 strictis,
1016 3322 1280 3372 narretur
1308 3319 1549 3390 physica
1573 3321 1761 3388 certis,

586 3406 890 3461 Historiam
912 3411 1236 3461 monstrans
1259 3407 1471 3461 indicet
1502 3408 1759 3464 historia.

515 3495 743 3549 Comica
771 3510 873 3567 per
900 3494 1103 3550 limam
1135 3501 1539 3564 numerentur,
1570 3498 1742 3553 fortia
1770 3499 1995 3570 plausu,

586 3583 947 3639 Conveniunt
975 3584 1137 3655 operi
1167 3584 1354 3639 lucida
1382 3585 1531 3639 dicta
1564 3591 1687 3641 tuo.

512 3672 638 3727 Non
663 3673 812 3728 valet
840 3672 962 3728 haec
1005 3675 1184 3729 alter:
1214 3674 1308 3728 sed
1344 3675 1613 3729 Faustum
1646 3675 1836 3732 dicere
1880 3694 2105 3735 summa

583 3762 774 3818 Ludus
806 3763 917 3818 erit
945 3778 1193 3835 semper,
1225 3763 1272 3817 si
1302 3764 1446 3818 bene
1479 3770 1614 3820 nota
1644 3765 1869 3838 loquor.

1213 3853 1302 3908 IV.

553 3955 627 3996 DB
664 3956 993 3998 PLAUSTRO
1038 3956 1203 4004 QUOD
1243 3956 1589 3999 EPISCOPUS
1636 3958 1957 4001 DONARAT.

507 4030 757 4086 Antistes
790 4046 1050 4085 summus
1070 4031 1325 4086 Plaustro
1356 4035 1413 4086 te
1443 4032 1633 4088 nobile
1654 4033 1849 4089 donat.

574 4120 781 4176 Pandit
808 4119 918 4176 iter
944 4119 1188 4192 magnis,
1219 4120 1415 4175 omina
1447 4122 1646 4177 dextra
1678 4123 1830 4177 facit.

1217 4209 1278 4261 V.

821 4299 844 4332 ³
889 4312 1296 4354 EPITAPHIUM
1345 4312 1654 4354 RUSTICB.

502 4389 752 4457 Rustica,
790 4394 1082 4460 perpetuas
1115 4404 1230 4442 non
1261 4393 1314 4443 te
1341 4404 1463 4441 sors
1490 4388 1707 4458 pallida
1728 4386 1860 4442 vita:

574 4477 837 4540 Sustulit,
870 4478 1170 4531 interitum
1199 4493 1301 4531 nec
1331 4477 1436 4531 tibi
1475 4481 1655 4530 morte
1683 4476 1860 4530 dedit.

502 4567 707 4620 Purior
734 4566 999 4621 aatherias
1024 4566 1282 4635 graderis
1313 4566 1435 4619 sine
1458 4582 1628 4619 carne
1658 4581 1764 4635 per
1793 4582 1949 4620 arces
1975 4581 1988 4619 :

571 4654 659 4709 Sic
696 4655 872 4709 vitam
903 4659 1067 4709 casta:
1090 4654 1296 4709 funera
1320 4654 1645 4709 nobilitant.

467 4779 489 4852 ξ
526 4778 836 4852 ΒΙιεζονίεο
855 4778 1179 4852 schemate]
1229 4780 1488 4852 Schema,
1529 4783 1856 4852 axina,_est
1880 4779 2085 4852 figura,

392 4849 596 4917 cultus,
658 4851 908 4905 habitus.
969 4849 1270 4905 Schemate
1325 4851 1503 4921 igitur
1554 4850 1834 4904 rhetorico
1875 4850 2085 4917 dicere,

392 4926 479 4993 est
533 4928 763 4975 ornatre
824 4925 881 4975 et
912 4938 1025 4992 qua
1080 4938 1291 4993 pompa
1349 4924 1606 4977 rhetores
1639 4921 1846 4987 solent,
1872 4922 2080 4975 dicere.

391 4992 631 5047 Schema
658 4994 999 5059 oratorium,
1032 4992 1095 5046 et
1147 4992 1375 5047 schema
1406 5009 1469 5047 ac
1511 5008 1721 5062 pompa
1756 5008 2082 5047 sermonum

394 5064 489 5119 Hb.
534 5081 569 5131 ι,
604 5064 770 5135 epist.
822 5067 884 5117 l5
925 5072 982 5118 et
1017 5067 1099 5117 16.
1151 5064 1239 5118 Sic
1271 5066 1470 5118 mundi
1511 5064 1797 5116 schemata
1831 5070 1960 5117 sunt
1992 5081 2081 5117 or-

391 5142 660 5191 namenta
699 5136 891 5189 saeculi
941 5136 1039 5189 lib.
1074 5150 1153 5200 ix,
1188 5136 1352 5204 epist.
1390 5136 1442 5195 9,
1476 5139 1533 5187 et
1574 5135 1844 5188 humanm
1868 5135 2079 5206 perfec-

389 5207 562 5262 tionis
594 5207 826 5261 schema
857 5206 1106 5260 dictione
1137 5208 1187 5258 4.
1216 5211 1286 5258 At
1316 5220 1421 5274 pro
1451 5206 1737 5259 schemate
1777 5222 2081 5276 perperam

391 5281 495 5333 hoc
531 5279 656 5333 loco
691 5277 1005 5349 antiquarii
1058 5282 1383 5349 stemmate
1414 5276 1778 5346 scripserant,
1827 5277 2081 5349 itemque

391 5294 495 5333 uoc
531 5294 656 5333 loco
691 5294 809 5334 ann
856 5294 1005 5332 uarii
1058 5294 1357 5330 stemmate
1414 5294 1704 5346 scripserai

388 5354 446 5404 in
475 5349 691 5421 hymno
723 5351 782 5405 in
812 5294 1183 5421 Byprianum.
1211 5352 1269 5421 et
1295 5347 1704 5421 epigram._87.

455 5429 478 5464 ²
515 5418 1195 5493 Epitaphium—Rustica]
1240 5418 1727 5493 Superestadhuc
1750 5418 2074 5493 ‘Mediolani

383 5491 490 5546 hoc
537 5488 899 5562 epitaphium
946 5491 1295 5562 insculptum
1327 5492 1385 5562 in
1416 5488 1629 5559 lapide,
1664 5489 1765 5560 qui
1796 5506 1948 5544 nunc
1978 5490 2076 5543 in-

387 5560 973 5617 sertus—esfecclesiaa
1004 5560 1056 5614 S.
1088 5560 1367 5614 Francisci

451 5634 473 5667 ³
511 5633 758 5706 Serpens
782 5648 996 5686 venena
1015 5630 1213 5702 fugat]
1245 5630 1585 5685 Prudentius
1634 5631 1693 5684 in
1727 5631 2072 5687 Enchiridio.

875 5719 966 5769 sed
997 5719 1231 5783 prudens
1257 5732 1360 5783 tere
1385 5717 1610 5782 politum

498 5784 617 5831 Dux
645 5795 798 5832 cruce
828 5781 1105 5845 suspendit
1128 5781 1219 5845 qui
1248 5781 1394 5831 virus
1416 5783 1673 5845 temperet
1696 5794 1942 5843 anguem.

1661 332 1952 387 ENNODII
1991 334 2305 390 EPISCOPI
2342 335 2736 393 TIClNENSlS

3844 348 3933 397 336

2172 470 2218 521 A
2349 468 2496 533 Quid
2528 468 2761 535 mirum,
2795 467 3021 523 viduata
3052 469 3156 524 tibi
3178 474 3263 524 sat
3293 472 3552 526 constitit
3570 477 3725 541 aetas,

2416 557 2689 629 Conjugis
2721 557 2788 613 ad
2813 558 3010 613 natum‘
3034 575 3163 613 cum
3196 559 3344 616 bene
3373 560 3575 616 ductus
3605 578 3789 617 amor.

3048 666 3137 719 VI.

2702 767 3111 809 BPITAPHIUM
3174 769 3489 811 MELISSB.

2344 840 2592 911 Corpore
2623 841 2841 896 devicto
2875 843 3116 897 moritur
3150 844 3500 916 quicunque,
3530 850 3857 916 superstat:

2415 942 2433 963 ⁸
2474 932 2657 985 Donat
2684 931 3032 1003 lethilegem
3063 932 3312 987 crimina
3333 934 3455 988 sola
3487 934 3731 989 homini.

2348 1018 2435 1074 Nil
2466 1020 2592 1087 tibi,
2629 1020 2815 1091 virgo,
2877 1022 3065 1092 perit:
3112 1039 3345 1077 carnem
3368 1040 3528 1078 mens
3557 1040 3701 1095 pura
3727 1025 3935 1080 refudit

2414 1109 2550 1173 Quae
2583 1126 2878 1181 nunquam
2914 1111 3113 1166 mundi
3147 1112 3277 1167 vixit
3307 1112 3366 1167 in
3397 1112 3705 1184 obsequiis.

2346 1198 2585 1266 Funera,
2632 1199 2819 1265 busta,
2852 1201 2996 1272 rogi,
3046 1202 3321 1256 scelerum
3356 1202 3642 1272 stipendia
3669 1208 3927 1257 cessent:

2415 1289 2492 1342 De
2528 1288 2638 1344 vita
2664 1289 2738 1343 ad
2765 1289 2941 1344 vitam
2972 1291 3245 1346 transitus
3275 1291 3383 1347 iste
3414 1292 3623 1363 placet.

3038 1399 3147 1455 Vll.

2586 1487 2918 1557 (saurans
2964 1503 3186 1543 [ENEUS
3228 1504 3289 1542 IN
3332 1491 3585 1558 cauca.)

2342 1573 2570 1630 Occisor
2598 1576 2817 1644 mortis,
2849 1577 2964 1631 dux
3005 1578 3156 1644 vitae,
3199 1578 3395 1647 planta
3424 1578 3649 1645 salutis,

2401 1665 2627 1735 Aspice,
2658 1682 2808 1719 nunc
2840 1670 2860 1700 ⁸
2886 1682 3122 1737 serpens
3153 1682 3280 1721 ecce
3312 1682 3530 1721 venena
3559 1666 3746 1737 fugat.

2160 1769 2201 1825 Β
2343 1753 2408 1807 Et
2437 1755 2589 1823 quod
2617 1754 2885 1825 supplicii
2916 1755 3132 1826 species
3162 1759 3218 1809 et
3245 1755 3447 1809 mortis
3472 1755 3665 1825 imago

2404 1840 2527 1897 Jam
2558 1843 2743 1899 fuerat
2776 1830 3021 1909 miseris,
3056 1848 3139 1898 est
3169 1845 3314 1899 mihi
3343 1849 3497 1899 certa
3526 1846 3698 1899 salus.

3012 1951 3153 2004 Vlll.

2330 2052 2528 2092 VERSUS
2560 2054 2616 2092 IN
2641 2052 2880 2093 BASILICA
2909 2056 3089 2093 SANCTl
3128 2055 3286 2095 XYSTI
3308 2055 3547 2095 EPISCOPI
3582 2057 3731 2096 FACT!
3763 2059 3829 2097 ET

2228 2142 2511 2194 SCRIPTI,
2565 2142 2740 2189 QUAM
2796 2132 2816 2164 ⁸
2869 2143 3280 2183 LAURENTIUS
3328 2144 3673 2186 EPISCOPUS
3720 2147 3921 2188 FEClT.

2328 2218 2584 2275 Antistes
2614 2217 2784 2286 genio
2813 2218 3055 2286 pollens,
3084 2217 3390 2287 probitate,
3416 2218 3654 2289 pudore,

2329 2306 2566 2364 Ornavit
2591 2305 2807 2359 donum
2850 2306 3086 2367 meritis,
3120 2311 3176 2359 et
3206 2306 3427 2360 lumina
3448 2308 3580 2362 vitae

2328 2397 2412 2454 Ad
2442 2395 2691 2468 pretium
2713 2393 2963 2465 jungens
2989 2395 3196 2464 operis,
3226 2394 3346 2449 haec
3375 2396 3591 2466 templa
3621 2397 3849 2453 locavit.

2331 2488 2508 2557 Lapsa
2532 2499 2635 2554 per
2659 2484 2907 2537 incertos
2938 2499 3055 2537 non
3089 2484 3309 2554 spargit
3333 2485 3487 2539 fama
3519 2501 3778 2541 recessus
3804 2504 3819 2553 ;

2333 2576 2445 2631 Sed
2478 2572 2682 2629 veteris
2714 2572 2848 2627 facti
2877 2572 3013 2626 vivit
3040 2573 3132 2627 lex
3164 2578 3328 2627 aucta
3358 2590 3459 2645 per
3489 2591 3697 2642 aavum,

2332 2666 2512 2729 Quam
2538 2664 2733 2718 dexter
2761 2661 2948 2732 capiat
2976 2661 3243 2716 Laurenti
3270 2678 3510 2717 munera
3533 2663 3773 2734 Xystus.

2332 2754 2422 2809 Sic
2458 2756 2653 2807 manet
2676 2750 2952 2818 ofﬁcium,
2988 2750 3144 2821 quod
3175 2751 3384 2805 sanctis
3414 2753 3656 2822 contigit
3686 2754 3853 2819 olim,

2334 2842 2552 2899 Obtulit
2580 2840 2672 2895 hic
2703 2842 3007 2911 templum,
3042 2840 3270 2894 veniens
3291 2841 3443 2912 quod
3470 2847 3766 2896 consecrat
3808 2844 3919 2896 ille.

3038 2948 3121 3001 IX.

2154 3054 2355 3130 CITEI
2418 3054 2470 3093 IN
2534 3052 2757 3092 BASILCA
2803 3052 2878 3091 SS.
2942 3052 3071 3097 ουιΑ
3120 3052 3403 3092 ARSERANT
3462 3054 3718 3093 EDIFICIA
3802 3056 3922 3101 QC£

2396 3142 2585 3182 PRIUS
2622 3141 2712 3180 lBl
2762 3140 3077 3191 FUERANT,
3125 3141 3195 3181 ET
3242 3141 3340 3181 SlC
3372 3142 3564 3182 FACTA
3617 3144 3750 3184 EST.

2332 3215 2475 3270 Vilia
2505 3220 2649 3269 tecta
2677 3214 2836 3285 prius
2866 3214 3083 3269 facibus
3114 3230 3329 3270 cessere
3361 3216 3563 3271 beatis.

2330 3305 2419 3360 Sic
2440 3304 2713 3375 splendor
2732 3320 2835 3373 per
2857 3303 3067 3357 damna
3087 3303 3263 3370 venit,
3292 3303 3366 3357 sic
3386 3305 3635 3359 culmina
3650 3306 3919 3375 ﬂammis,

2328 3394 2696 3463 Consurgunt
2726 3391 2994 3446 habitura
3052 3393 3253 3446 Deum.
3301 3393 3356 3447 Si
3387 3393 3609 3462 perdita
3656 3401 3920 3451 crescunt

2327 3482 2561 3552 Ignibus
2590 3480 2869 3544 innocuis,
2906 3480 2951 3533 si
2982 3481 3118 3536 dant
3140 3481 3440 3551 dispendia
3465 3483 3682 3538 cultum
3711 3502 3725 3552 ;

2324 3571 2518 3634 Qualis
2550 3571 2655 3623 erit
2678 3585 2947 3640 reparans
2977 3570 3389 3639 crepitantibus
3419 3578 3588 3626 aucta
3616 3574 3804 3628 ruinis
3823 3579 3850 3630 Ἰ

2327 3659 2593 3713 Laurenti
2629 3666 2725 3711 tua
2754 3659 2903 3712 bella
2933 3674 3141 3729 gerens
3174 3660 3435 3714 incendia
3465 3660 3643 3716 vince.

2329 3746 2571 3800 Sordida
2605 3745 2881 3800 marcenti
2914 3746 3169 3800 latuisset
3202 3752 3352 3802 terra
3381 3764 3627 3815 recessu,

2323 3834 2378 3888 Si
2412 3838 2590 3888 status
2620 3834 2821 3888 faciem
2866 3835 3182 3889 tenuissent
3210 3842 3372 3890 antra
3402 3843 3643 3893 vetusta.

2325 3923 2431 3978 Sed
2462 3926 2764 3994 postquam
2790 3923 2983 3994 superi
3015 3924 3274 3979 ﬂammas
3302 3926 3510 3981 misere
3540 3929 3846 3997 secundas,

2318 4012 2403 4067 Ad
2436 4012 2633 4066 lumen
2664 4012 2884 4066 cineres
2917 4018 3211 4068 traxerunt
3250 4015 3357 4069 ista
3386 4016 3714 4072 colendum.

2320 4103 2441 4157 lluc
2473 4102 2664 4155 oculos
2694 4106 2961 4155 converte
2984 4102 3127 4172 pios,
3155 4102 3253 4173 qui
3284 4110 3487 4159 cuncta
3519 4121 3737 4175 vapore

2320 4190 2585 4245 Praedicis
2648 4189 2996 4257 mandanda,
3049 4194 3229 4260 pater,
3282 4192 3566 4264 rebusque
3617 4194 3915 4249 docendos

2318 4280 2558 4344 lnstrue,
2591 4294 2661 4332 ne
2692 4278 2880 4333 verbis
2911 4278 3119 4332 titubet
3148 4295 3309 4334 mens
3343 4282 3533 4337 nescia
3560 4283 3727 4337 recti.

2697 4454 2721 4489 ³
2766 4471 2829 4511 IN
2880 4470 3048 4511 nouo
3087 4472 3471 4514 MEDIOLANI.

2303 4544 2536 4601 [Edibus
2576 4546 2643 4599 ad
2668 4545 2903 4615 genium
2934 4546 3047 4599 duo
3080 4550 3215 4599 sunt
3244 4562 3513 4605 concessa
3546 4565 3649 4619 per
3692 4567 3910 4618 aevum,

2379 4633 2438 4688 Si
2464 4634 2685 4688 niteant
2717 4634 2941 4701 crustis,
2975 4637 3074 4688 aut
3101 4634 3317 4689 domini
3352 4637 3578 4692 merito.

2198 4775 2329 4831 Pari
2385 4774 2671 4846 elegantia
2728 4780 2783 4830 et
2842 4776 3110 4832 antithesi
3160 4778 3498 4833 Severianus
3556 4780 3910 4838 Gabalorum

2197 4848 2495 4920 episcopus
2522 4856 2808 4920 serpente
2868 4848 2983 4915 illo,
3017 4848 3153 4920 quia
3198 4851 3523 4919 symbolum
3564 4858 3689 4904 erat
3719 4857 3912 4909 crucis

2196 4918 2722 4995 Chris_ti,‘_salut_em,
2764 4922 2879 4995 ξαὶῇ
2911 4920 3012 4970 ἀπο
3034 4918 3152 4995 ’τοῇ
3205 4920 3587 4995 ἐξτικαταράτου
3637 4921 3909 4995 sulm/ias,

2195 5007 2227 5043 a
2260 4990 2556 5043 maledicto
2598 4989 3079 5056 benedictionem,
3113 4992 3343 5046 fluxisse
3373 4989 3454 5045 ait
3482 4995 3538 5047 in
3571 4989 3842 5051 oratione
3876 5002 3908 5051 ‘2

2192 5077 2223 5114 e
2260 5062 2455 5115 decem
2498 5077 2638 5130 quas
2683 5060 3073 5131 Clirysostomi
3120 5064 3356 5117 nomine
3396 5064 3457 5118 in
3506 5065 3689 5120 lucem
3742 5068 3912 5123 dedit
3982 5068 3983 5075 “

2191 5134 2341 5209 card.
2388 5131 2653 5209 _Sirletus.
2692 5132 2800 5185 Sed
2849 5132 3155 5209 Severiano
3205 5135 3350 5188 hanc
3397 5142 3681 5201 asserunt,
3720 5155 3911 5209 quam

2190 5203 2326 5278 dixi,
2359 5205 2771 5278 ‘Damascenus
2815 5208 2871 5256 et
2923 5204 3241 5260 Hadrianus
3288 5222 3439 5277 papa
3490 5223 3621 5261 cum
3667 5203 3905 5278 synodo

2193 5273 2521 5328 Parisiensi.

2260 5349 2280 5381 ⁴
2318 5342 2662 5400 Laurentius
2699 5342 3012 5416 episcopus]
3041 5346 3506 5402 Mediolanensis:
3554 5349 3621 5403 ab
3656 5364 3724 5403 eo
3775 5352 3909 5407 Me-

2191 5416 2405 5491 diolani
2437 5421 2733 5491 exstructa
2757 5417 2988 5470 basilica
3022 5418 3076 5472 S.
3133 5420 3327 5491 Xysti:
3362 5419 3655 5491 Ennodius
3700 5424 3907 5491 parie-

2188 5494 2277 5559 tes
2315 5488 2498 5559 prisco
2530 5487 2789 5559 Ecclesia;
2823 5503 2983 5559 more
3012 5487 3265 5543 versibus
3294 5489 3602 5559 inscripsit.

2256 5556 2277 5590 ⁸
2318 5556 2389 5612 In
2411 5558 2580 5613 domo
2619 5556 2957 5628 Mediolani]
2994 5562 3173 5615 Domo
3205 5556 3591 5615 ecclesiae—seu
3639 5560 3905 5619 basilicae

2186 5630 2558 5700 episcopalis;
2585 5645 2758 5699 quam
2785 5630 3125 5685 Laurentius
3148 5632 3301 5686 idem
3330 5632 3499 5685 variis
3529 5632 3703 5686 rebus
3733 5650 3908 5689 exor-
3966 5686 3967 5689 η

2184 5704 2372 5755 uarat.

2253 5773 2275 5792 '
2319 5772 2471 5826 Dant
2505 5770 2629 5841 lege
2660 5771 2797 5826 dum
2828 5770 3057 5826 videtur
3100 5772 3264 5842 juxta
3311 5773 3463 5843 leges
3493 5774 3686 5831 metri.
3725 5776 3895 5833 Enn.
