4060 6174
240 221 339 274 337

240 348 490 406 llerbida
516 351 528 384 ¹
552 352 845 421 pasturam
875 347 1207 404 simulantia
1238 365 1369 405 saxa
1396 348 1678 407 virentem

307 439 559 493 Illiciaut
576 439 771 493 oculos
805 437 1089 493 nobiliore
1111 438 1259 493 dolo.

238 528 412 585 Pellat
440 544 589 598 opus
624 532 815 581 tamen
839 531 980 596 arte,
1004 533 1162 598 regat
1203 532 1411 582 natura
1441 527 1673 599 ﬁguras,

308 618 529 671 Viscera
570 617 709 671 dum
734 617 990 688 lapidum
1018 616 1185 688 ﬁngit
1206 616 1579 688 imaginibus.

237 707 557 762 Candorem
584 722 748 761 roseo
779 706 1087 777 perfundat
1118 707 1318 761 doctor
1341 707 1410 762 ab
1444 723 1565 773 ore,

307 796 595 867 Depiugat
622 795 834 866 sparsis
869 811 1123 866 congrua
1158 795 1420 850 membra
1452 794 1619 849 uotis.

239 890 471 951 Aurum,
508 885 760 951 culmen,
796 884 959 953 ebur,
1004 885 1249 953 tabulas,
1310 885 1625 955 laquearia,
1677 898 1935 955 gemmas

302 977 425 1029 Non
451 975 626 1029 datur
654 974 922 1028 humanis
954 975 1083 1045 plus
1110 974 1343 1029 rutilare
1368 974 1556 1028 bonis.

241 1064 298 1117 lu
333 1062 522 1133 pretio
556 1063 737 1117 cautis
774 1063 893 1117 fors
918 1068 975 1117 et
1000 1062 1123 1117 sine
1164 1064 1289 1135 lege
1308 1062 1553 1134 jocatur.

307 1151 554 1207 Moribus
586 1156 649 1206 ut
677 1156 921 1218 constes,
954 1152 1141 1219 crede,
1170 1151 1381 1207 laboris
1412 1152 1538 1207 erit.

1038 1241 1125 1294 XI.

370 1332 461 1393 (IN
506 1331 529 1363 ⁸
570 1343 869 1384 BASILICA
916 1342 1387 1385 APOSTOLORUII
1435 1328 1789 1398 novum.)

242 1416 548 1487 Antiquum
573 1432 700 1471 ecce
733 1417 879 1471 nitet
907 1418 1208 1489 templum,
1242 1416 1395 1488 quod
1426 1416 1647 1471 sorduit
1687 1420 1838 1483 ante,

304 1506 403 1561 Cui
432 1506 639 1561 faciem
670 1512 919 1561 veterem
950 1508 1041 1562 lux
1082 1523 1226 1561 nova
1257 1504 1604 1577 composuit.

241 1595 478 1650 Perdidit
508 1597 813 1667 antiquum
845 1596 973 1667 quis
1000 1595 1301 1666 relligione
1334 1595 1631 1663 sacellum,

299 1684 639 1739 Numinibus
670 1685 848 1754 pulsis
875 1684 1026 1755 quod
1059 1684 1202 1738 bene
1236 1700 1451 1738 numen
1489 1683 1707 1738 habes?

241 1774 299 1828 Di
327 1774 532 1844 quibus
561 1774 670 1827 hoc
700 1774 904 1844 patuit,
936 1789 1224 1843 possessas
1264 1772 1507 1843 linquite
1538 1771 1721 1827 sedes.

301 1860 458 1924 Quod
490 1860 627 1915 fecit
658 1860 870 1927 Victor,
896 1861 1074 1913 victor
1108 1859 1317 1931 ubique
1357 1863 1531 1913 tenet.

235 1947 452 2002 Addidit
482 1949 554 2002 ad
585 1950 803 2003 cultum
836 1948 1040 2001 merito
1073 1964 1364 2001 successor
1385 1952 1442 2001 et
1465 1946 1623 2016 actis,

300 2034 404 2099 Qui
443 2053 674 2091 morum
702 2053 914 2091 nomen
946 2036 1418 2105 liinc,Honorate,
1450 2037 1622 2107 geris.

237 2124 430 2178 Nubila
461 2126 679 2196 viperei
710 2125 810 2196 qui
836 2130 1020 2195 gestat
1049 2125 1219 2179 corda
1248 2124 1478 2194 veneni,

299 2214 417 2267 Non
445 2213 617 2269 datur
646 2219 709 2269 ut
739 2214 909 2269 faciat
932 2214 1187 2268 culmina
1217 2214 1457 2286 pulchra
1488 2216 1627 2269 Deo.

1020 2304 1131 2359 XII.

593 2396 775 2465 (III-2M
826 2409 888 2449 IN
936 2409 1105 2449 nouo
1153 2392 1559 2466 MEDIOLANI.)

234 2481 426 2553 Aspice
441 2483 511 2537 de
543 2484 705 2553 cujus
736 2482 1167 2537 biberitdomus
1194 2489 1349 2537 arcta
1379 2482 1633 2552 ﬂuentis,

294 2573 448 2626 Atria
478 2572 633 2643 quod
668 2579 901 2642 superat
938 2572 1256 2643 porticibus
1286 2573 1542 2627 modicis.

222 2662 503 2716 Pontificis
534 2662 750 2715 summi
776 2661 967 2714 studio
1000 2666 1325 2715 constructa
1356 2662 1603 2728 renidet,

288 2750 554 2805 Laurenti
587 2750 888 2820 proprium
922 2750 1172 2820 possidet
1203 2752 1310 2805 ista
1337 2751 1509 2804 diem.

226 2838 525 2909 Splendida
556 2854 659 2911 per
688 2856 891 2893 census
917 2844 1270 2911 consurgunt
1294 2846 1442 2894 tecta
1475 2838 1723 2908 ruinam,

286 2928 557 2982 Occasum
590 2928 936 2998 nescitquod
970 2928 1123 2982 venit
1147 2945 1178 2981 a
1206 2929 1474 2984 Domino.

226 3016 322 3073 Vix
351 3016 533 3070 caries
564 3017 789 3070 senium
812 3017 1081 3070 comitata
1112 3018 1220 3071 hoc
1252 3016 1459 3072 deterit
1496 3032 1778 3089 unquam,

285 3105 472 3161 Gloria
504 3105 737 3160 factoris
767 3105 919 3177 quod
954 3106 1099 3159 bene
1126 3106 1471 3160 condiderit.

227 3195 422 3250 Fabula
456 3195 526 3248 de
553 3193 778 3264 magnis
802 3210 1095 3265 nunquam
1128 3195 1370 3249 tacitura
1402 3200 1674 3257 reservat,

284 3282 443 3347 Quod
473 3280 709 3335 vincens
736 3297 920 3337 aevum
948 3298 1161 3336 nomen
1192 3282 1265 3337 ad
1295 3286 1449 3337 astra
1473 3282 1635 3337 ferat.

992 3371 1132 3426 XIII.

228 3461 310 3515 Ille
337 3460 450 3515 fuit
474 3460 650 3533 rigidi
676 3475 905 3533 semper
935 3464 1192 3515 servator
1221 3460 1467 3529 honesti,

282 3549 574 3603 Terribilis
602 3549 807 3619 culpis,
834 3549 1303 3621 supplicibusque
1342 3549 1493 3620 pius.

224 3639 384 3701 Quem
416 3654 721 3709 nunquam
748 3637 906 3692 ﬂexit
928 3638 1151 3700 vitium,
1186 3638 1477 3692 miseratio
1518 3654 1762 3711 semper,

282 3728 568 3783 Iudicium
602 3727 741 3781 facie
771 3732 956 3781 certus
990 3727 1203 3799 ubique
1234 3727 1407 3781 dedit.

226 3817 462 3870 Crimina
482 3817 767 3886 corripuit
798 3818 977 3883 vultu,
1000 3822 1346 3887 compuncta
1379 3816 1600 3885 refovit,

285 3907 517 3960 Conscia
551 3908 755 3961 secreti
790 3906 994 3961 detulit
1015 3922 1116 3961 ora
1145 3906 1251 3960 tui.

228 3995 370 4049 Hunc
408 4000 572 4049 utero
600 3995 845 4064 genitrix
876 3996 1163 4050 caelestem
1190 3995 1339 4049 fudit
1367 3994 1427 4049 in
1457 3995 1672 4061 aulam,

286 4085 462 4139 Ubera
496 4085 821 4138 subducens
850 4084 1087 4139 tradidit
1112 4084 1405 4139 uberibus.

228 4171 359 4228 Cana
388 4173 789 4228 venerandum
824 4177 1171 4244 stupuerunt
1200 4173 1408 4228 saecula
1438 4175 1627 4228 vatem
1651 4188 1664 4227 :

276 4263 528 4317 ﬁoribus
564 4268 695 4317 ante
726 4262 850 4329 fuit,
888 4262 1038 4333 quod
1068 4262 1217 4332 gerit
1242 4261 1454 4318 ofﬁcio.

982 4352 1132 4407 XIV.

227 4437 315 4500 Qui
342 4456 601 4509 possessa
632 4439 727 4493 diu
766 4439 901 4494 felix
931 4438 1258 4493 habitacula
1288 4439 1482 4509 liquit,

287 4526 413 4590 Quae
445 4527 625 4580 crevit
652 4527 897 4581 Domino
929 4526 1007 4581 sic
1029 4526 1254 4580 viduata
1278 4526 1501 4581 domus.

291 4648 603 4721 lHei-bida
662 4649 828 4721 saxa]
882 4651 1127 4703 Marmor
1172 4649 1702 4721 Lacedaemonium,
1729 4648 1906 4721 iviridi

231 4718 419 4773 colore.
454 4718 851 4773 Prudentius:
886 4721 1005 4786 Qua
1033 4720 1241 4777 viridis
1284 4720 1655 4775 Lacedaemon
1717 4719 1905 4773 habet.

232 4787 472 4843 Sideuius
513 4791 575 4843 in
618 4792 802 4861 Burgo
837 4807 848 4843 :

429 4906 678 4955 Herbosis
707 4921 825 4970 quae
849 4912 1072 4958 vernant
1099 4922 1363 4959 marmora
1391 4908 1557 4957 venis.

289 5000 311 5033 ¹
338 5005 405 5055 1η
426 5003 673 5058 ἰ)αείιίοα
691 5005 1122 5078 Aposlolorum]
1146 5008 1203 5059 In
1227 5008 1492 5060 omnibus
1528 5005 1686 5059 libris
1707 5006 1908 5078 titulus

234 5072 311 5147 hic
339 5080 473 5139 erat,
506 5092 707 5130 veasus
745 5072 952 5143 ieiunii,
986 5072 1133 5147 quod
1157 5078 1357 5130 falsum
1385 5085 1486 5130 est.
1515 5080 1709 5146 Itaque
1728 5077 1905 5131 alium

234 5140 450 5218 [culmus
481 5163 545 5199 ex
576 5148 836 5201 Dictioue
864 5152 917 5209 ‘2,
942 5140 1079 5218 qua!
1130 5151 1387 5217 ejusdem
1416 5155 1499 5199 est
1556 5140 1902 5217 argumenti.

236 5212 465 5269 Rursum
497 5219 556 5269 in
588 5219 781 5271 codice
838 5212 1107 5272 Vaticano
1137 5212 1354 5287 primus
1408 5234 1605 5271 versus
1626 5212 1903 5288 'quinum

238 5292 439 5360 tantum
472 5290 791 5360 estpedum
827 5305 839 5341 :
863 5290 1022 5342 abest
1041 5292 1193 5343 enim
1216 5294 1273 5341 τὸ
1295 5290 1633 5359 antiquum:
1667 5306 1770 5359 pro
1793 5305 1906 5360 quo

238 5356 286 5404 in
325 5356 485 5411 Fabri
517 5359 663 5412 libro
692 5361 960 5429 scriptum
1004 5365 1085 5413 est
1106 5361 1163 5414 in
1196 5361 1307 5414 line
1337 5363 1395 5411 τὸ
1427 5356 1740 5426 lavacrum,
1797 5356 1906 5413 hoc

240 5430 387 5478 modo
415 5446 429 5479 :
454 5429 615 5507 _Ecce
642 5430 785 5507 nitet
816 5430 1111 5507 templum,
1140 5432 1289 5503 quod
1307 5432 1525 5485 sorduit
1554 5434 1690 5485 ante
1737 5431 1904 5487 lava-

236 5509 375 5549 crum
400 5517 417 5561 ;
448 5503 507 5551 in
537 5503 720 5567 tertio,
753 5505 886 5555 anle
912 5506 1217 5558 vetuslum.

276 5570 317 5642 "
344 5569 524 5645 Super
544 5571 763 5645 regiam
793 5571 1075 5645 Tricliniv]
1111 5576 1339 5628 Portam
1390 5573 1724 5641 maximam,
1777 5588 1904 5628 me-

240 5632 395 5714 diam,
424 5632 727 5710 ﬁmofahv,’
751 5644 881 5698 ideo
914 5632 1103 5713 postes
1135 5649 1191 5698 et
1234 5645 1419 5698 valvas
1469 5632 1898 5714 interpretatur.

243 5704 322 5759 Sic
366 5704 509 5765 fores
566 5721 619 5768 et
668 5704 857 5787 regias
914 5704 983 5769 in
1036 5716 1279 5770 basilicis
1329 5704 1711 5786 appellabant.
1765 5718 1901 5771 Gre-

1665 221 2036 279 CARIIINUM
2081 220 2209 275 LIB.
2253 219 2329 277 Il.

1951 4368 1994 4422 D

3638 222 3742 278 338

1970 353 2018 407 Α
2045 350 2245 406 Anlica
2266 349 2579 422 suscipiens
2610 350 3008 406 moderamina
3035 352 3234 423 raptus
3263 352 3590 425 inemptum

2114 439 2277 504 Quod
2301 439 2485 511 pretio
2520 438 2726 494 mentis
2759 441 3056 512 quaeritur,
3086 439 3354 497 obtinuit.

2042 528 2202 583 Nunc
2232 528 2389 581 locus
2419 526 2639 598 irriguo
2674 525 2881 581 retinet
2901 527 3056 599 quod
3088 527 3306 583 sorbuit
3325 529 3556 597 haustu,

2113 618 2391 686 Prospera
2421 615 2747 670 custodiens
2778 615 3038 670 faucibus
3060 619 3181 669 acta
3212 617 3410 671 semel.

2043 705 2339 777 Extemplo
2366 704 2624 776 quisquis
2656 704 2921 759 successit
2952 720 3183 759 mansor
3213 709 3269 760 et
3291 706 3495 773 haeres,

2114 796 2375 865 Ingresso
2408 795 2668 847 dextrum
2699 794 2940 849 contulit
2972 794 3081 847 ista
3097 794 3323 864 pedem.

2041 883 2188 949 Quid
2220 887 2451 954 praestet
2472 899 2704 937 consors
2735 882 2806 937 ad
2839 888 3091 937 sanctam
3116 881 3313 937 discite
3341 884 3539 951 vitam,

2113 973 2169 1029 Si
2201 973 2709 1029 redduutmundos
2736 977 2885 1027 tecta
2914 972 3097 1027 dicata
3118 971 3286 1027 viros.

2840 1080 2943 1135 XV.

2042 1171 2138 1237 Da,
2174 1172 2339 1225 Pater
2367 1169 2752 1241 omnipotens,
2785 1185 2887 1240 per
2931 1169 3137 1223 saecula
3174 1169 3366 1242 longa,
3410 1184 3733 1241 precamur,

2110 1259 2247 1330 Spes
2277 1264 2331 1313 et
2355 1264 2511 1314 certa
2537 1258 2647 1330 piis
2679 1257 2999 1329 hospitibus
3036 1257 3219 1312 venia.

2039 1348 2292 1403 Candida
2320 1364 2391 1402 ne
2427 1346 2645 1401 meritis
2675 1346 2968 1401 fuscentur
2998 1345 3244 1400 stamina
3276 1344 3508 1413 nostris,

2109 1439 2231 1493 Neu
2260 1438 2427 1491 metis
2448 1436 2609 1490 sistat
2639 1437 2835 1507 palma
2865 1440 3067 1506 parata
3093 1435 3256 1490 meis.

2038 1526 2246 1597 Surget
2279 1525 2377 1597 qui
2397 1524 2649 1596 propriae
2679 1524 2970 1595 genitricis
3002 1524 3152 1578 fotus
3188 1523 3247 1577 in
3271 1524 3396 1578 alvo

2110 1615 2195 1669 Ad
2228 1618 2459 1686 gustum
2488 1613 2615 1668 vitm
2639 1629 2742 1685 per
2766 1618 2867 1667 tua
2891 1613 3039 1667 dona
3061 1612 3234 1668 venit.

2037 1706 2119 1759 Tu
2152 1720 2279 1758 mea
2299 1704 2385 1757 vel
2406 1703 2567 1757 tenui
2602 1701 2900 1773 perfundis
2933 1701 3105 1757 corda
3131 1717 3352 1773 sapore,

2108 1796 2186 1849 'l‘u
2220 1796 2427 1846 testem
2459 1792 2716 1863 linguam
2748 1791 3045 1862 sanguinis
3072 1806 3194 1845 esse
3220 1790 3376 1845 facis.

2040 1883 2200 1939 Celsa
2223 1880 2521 1936 tenebroso
2542 1880 2918 1935 frondescunt
2952 1879 3157 1934 arbuta
3183 1879 3344 1949 luxu,

2106 1971 2242 2036 Quae
2274 1970 2451 2024 nullis
2480 1970 2707 2025 strinxit
2727 1970 2965 2025 falcibus
2995 1968 3265 2040 agricola.

2828 2077 2956 2131 XVI.

2033 2166 2341 2240 Eloquium
2364 2170 2552 2222 certus
2571 2171 2790 2223 naturae
2822 2165 3078 2222 constitit
3104 2165 3299 2234 index,

2105 2256 2346 2311 Perfecti
2374 2255 2595 2310 fontem
2624 2270 2879 2326 quaerere
2909 2254 3009 2326 qui
3047 2254 3220 2309 sitiat.

2032 2344 2289 2401 Libertas
2318 2361 2545 2415 semper
2574 2344 2776 2399 studiis
2804 2348 3092 2399 reseratur
3108 2342 3382 2409 honestis,

2103 2433 2445 2488 Infabricata
2471 2433 2608 2487 latet
2628 2432 2900 2487 nobilitas
2921 2433 3138 2487 studiis.

2029 2525 2330 2595 Captivum
2359 2522 2518 2577 venis
2548 2525 2832 2577 servasset
2850 2527 3000 2575 terra
3032 2520 3348 2588 metallum,

2099 2614 2166 2668 Ni
2189 2613 2351 2667 daret
2371 2612 2637 2666 inventor
2658 2611 2814 2680 quod
2841 2616 3002 2665 vocat
3028 2610 3087 2664 in
3120 2610 3397 2665 medium.

2031 2700 2325 2755 Scrutator
2353 2698 2575 2755 fulvum
2607 2699 2885 2753 concessit
2908 2698 3154 2769 pallidus
3176 2712 3405 2765 aurum,

2106 2790 2214 2855 Qui
2246 2789 2725 2860 polit,ingenium
2753 2789 2832 2841 sic
2864 2789 2996 2841 facit
3025 2803 3145 2840 esse
3175 2802 3363 2841 suum.

2028 2879 2313 2935 Hactenus
2343 2878 2575 2931 Jonium
2606 2880 2956 2947 perlustrans
2976 2878 3194 2945 remige
3226 2890 3407 2945 pauco

1971 1654 2010 1708 Β

1956 2959 1996 3012 (3
2094 2968 2181 3022 Ad
2209 2972 2440 3039 portum
2472 2966 2737 3037 cymbam
2768 2964 3184 3031 ﬂecte,Thalia,
3218 2978 3429 3018 meam.

2791 3067 2944 3123 XVII.

2224 3171 2427 3213 supra
2470 3160 2490 3192 ³
2536 3171 2778 3212 uacua
2825 3170 3149 3213 TBICLINII
3197 3170 3262 3210 IN
3312 3170 3506 3213 nouo.

2016 3247 2216 3301 Navita
2244 3262 2348 3318 per
2368 3250 2559 3317 postes
2580 3245 2877 3317 suspendit
2905 3261 3148 3300 munera
3180 3244 3359 3317 ponti,

2089 3337 2154 3391 In
2185 3335 2407 3390 foribus
2434 3334 2686 3407 propriis
2716 3334 2955 3390 ﬂumine
2976 3340 3140 3405 parta
3168 3350 3391 3407 gerens.

2016 3426 2263 3480 Venator
2289 3423 2471 3496 portis
2498 3424 2744 3496 opponit
2776 3424 2989 3478 missile
3015 3423 3259 3494 ferrum,

2086 3514 2442 3569 Vestibulum
2471 3515 2635 3585 galea
2668 3512 2917 3567 comitur
2939 3512 3228 3585 armigeri.

2020 3603 2264 3658 Discitur
2292 3604 2352 3657 iu
2382 3603 2556 3657 valvis
2587 3619 2697 3669 ars,
2718 3601 2919 3670 virtus,
2955 3617 3186 3667 nomen,
3229 3601 3411 3672 origo.

2087 3694 2198 3753 Nos
2228 3692 2433 3746 frontis
2472 3691 2637 3763 signo
2664 3690 2951 3745 credimur
2978 3706 3101 3744 esse
3128 3690 3243 3745 Dei.

2019 3781 2110 3837 Sic
2138 3785 2399 3835 nostrum
2430 3781 2616 3851 pande
2636 3779 2891 3833 studium
2921 3779 3034 3833 dux
3068 3779 3258 3833 littera
3286 3778 3448 3845 recti,

2092 3871 2382 3925 Utdomus
2414 3869 2710 3939 ingenium
2742 3871 3057 3922 nontaceat
3085 3867 3336 3924 Domini.

2018 3959 2125 4025 Qui
2147 3964 2332 4028 gestas
2366 3958 2591 4012 Latium
2615 3958 2852 4011 satiatus
2882 3962 3115 4029 pectora
3150 3973 3361 4023 rorem,

2086 4048 2287 4118 Aspice
2317 4051 2613 4116 serpentes
2644 4046 2737 4100 hic
2766 4046 3051 4099 Heliconis
3079 4061 3278 4116 aquas.

2779 4154 2963 4208 XVIII.

2054 4261 2110 4299 IN
2149 4248 2170 4281 ⁸
2208 4258 2476 4312 IISSORIO,
2516 4258 2662 4305 QUOD
2700 4258 2873 4297 HABET
2910 4256 3219 4297 LORICA'I'UH
3258 4257 3505 4296 JUVBNEI
3545 4257 3714 4298 SUPER

2170 4347 2411 4401 EQUUII,
2454 4346 2798 4389 TENENTEM
2844 4345 3204 4387 VICTORIAE!
3253 4345 3316 4385 IN
3367 4345 3570 4387 MANU.

2022 4441 2158 4496 Ecce
2179 4444 2338 4493 tenet
2364 4439 2563 4493 victrix
2588 4442 2901 4509 pennatam
2934 4437 3168 4491 dextera
3196 4450 3414 4491 numen
3438 4451 3451 4489 :

2091 4528 2278 4595 Venit,
2304 4533 2361 4583 et
2392 4529 2459 4583 ad
2492 4528 2736 4583 reditum
2770 4543 2885 4581 non
2907 4527 3080 4581 habet
3101 4541 3261 4580 arma
3285 4524 3411 4579 vim.

2021 4653 2214 4723 gorius
2242 4654 2450 4707 Turon.
2480 4652 2579 4707 lib.
2614 4669 2687 4710 IV.
2718 4667 2842 4721 cap.
2892 4654 2960 4723 I2
2993 4667 3006 4705 :
3064 4651 3212 4704 Dum
3260 4648 3707 4705 deambulabam

2020 4721 2123 4794 per
2149 4723 2467 4785 ecclesiam,
2500 4725 2577 4777 ad
2607 4723 2801 4793 regias
2825 4721 2962 4777 adis
2986 4737 3165 4776 sacrae
3210 4737 3332 4792 quae
3386 4726 3519 4794 tunc
3561 4728 3713 4794 rese!

2019 4792 2159 4850 ratae
2178 4795 2442 4861 fuerant,
2473 4792 2954 4865 appropinquant.
2989 4794 3319 4865 Anastasius
3363 4792 3625 4865 Biblioth.
3650 4793 3708 4865 in

2020 4866 2289 4919 Honorio.
2318 4862 2611 4920 Investiuit
2622 4862 2813 4936 regias
2826 4865 2888 4918 in
2902 4864 3163 4935 ingressu
3173 4863 3427 4920 ecclesia
3448 4862 3707 4936 majoﬁr,

2017 4952 2139 5006 quae
2153 4936 2524 5006 appellantur
2541 4934 2836 5002 mediana,
2849 4952 2918 5006 ea:
2931 4934 3188 5006 argento.
3217 4936 3354 4989 Item
3370 4936 3425 4988 in
3446 4934 3677 5006 Conone
3692 4952 3705 4988 :

2020 5004 2129 5069 Qui
2156 5004 2320 5060 missi
2357 5007 2595 5069 fuerant
2632 5007 2701 5059 de
2724 5005 2975 5060 exercitu
3000 5004 3079 5060 ad
3096 5005 3496 5076 custodiendas
3521 5004 3710 5076 regias

2017 5078 2268 5133 basilica
2296 5078 2534 5132 clausas
2560 5077 2950 5131 observabant.
2975 5078 3151 5132 Graeci
3168 5075 3455 5149 βασιλικάς
3484 5075 3702 5130 vocant.

2088 5154 2109 5185 ⁸
2140 5151 2212 5202 In
2240 5148 2530 5219 missorio]
2568 5150 2627 5202 In
2661 5150 2819 5202 lance
2847 5165 2945 5201 seu
2977 5148 3130 5201 disco
3164 5148 3175 5202 ἑ
3203 5148 3564 5217 utepigram.
3612 5148 3700 5219 9‘2.

2014 5220 2335 5274 Missorium
2368 5218 2527 5274 inter
2546 5235 2676 5272 vasa
2715 5221 2929 5272 escaria
2978 5224 3242 5272 numerat
3304 5219 3548 5271 Isidorus
3597 5218 3705 5272 0r-

2015 5307 2216 5360 ginum
2248 5307 2336 5355 xx,
2363 5292 2692 5360 dictumque
2733 5307 2766 5344 a
2796 5306 2989 5344 mensa
3020 5295 3203 5358 putat,
3260 5287 3421 5358 quasi
3472 5303 3703 5360 mensa-

2015 5359 2166 5415 rium
2202 5377 2213 5415 :
2252 5378 2405 5433 egoa
2439 5359 2865 5433 missuductum
2882 5359 3116 5433 malim,
3143 5359 3640 5433 ut_gust_atori_um
3674 5376 3705 5413 a

2015 5429 2355 5504 gustatione.
2383 5435 2589 5488 Glossaa
2618 5432 2835 5499 Isidori,
2873 5430 3137 5504 lancibus
3161 5429 3468 5504 missoﬁis.
3536 5431 3704 5485 Vetus

2016 5501 2170 5559 aliud
2190 5505 2554 5566 Glossarium,
2570 5503 2789 5559 discum
2801 5501 3154 5575 missorium.
3178 5501 3375 5561 Graeci.
3392 5506 3695 5575 μιτσώριρν.

2012 5576 2197 5647 Atque
2218 5581 2280 5628 ut
2300 5575 2628 5647 missorium
2650 5575 2756 5629 hoc
2787 5574 3039 5647 equitem
3063 5573 3237 5647 habet
3272 5589 3402 5647 cum
3439 5572 3700 5647 Victoria,

2014 5652 2071 5701 et
2089 5643 2333 5700 alterum
2368 5648 2516 5701 infra
2567 5643 2875 5714 imaginem
2922 5643 3100 5714 ipsius
3131 5644 3419 5699 Eunodii:
3461 5643 3540 5697 sic
3590 5645 3703 5698 An-

2013 5717 2285 5791 thologiae
2315 5719 2413 5774 lib.
2449 5734 2501 5773 1v
2530 5722 2809 5791 μινσὼριον
2842 5716 3053 5787 duplex
3118 5716 3476 5784 describitur,
3518 5729 3699 5770 unum
3736 5738 3743 5741 λ
