4060 6174
270 273 375 329 339

272 406 597 476 Pugnacem
624 405 853 475 gestans
882 402 1111 475 sonipes
1139 417 1243 475 per
1268 407 1430 474 terga
1450 402 1721 474 minatur,

343 492 577 548 Advena
608 491 702 547 cui
730 495 917 547 terror
947 491 1093 546 ridet
1128 491 1190 546 in
1215 496 1334 546 arte
1363 492 1568 547 bonus.

273 583 463 640 Discat
491 581 869 655 Hyperboreis
898 581 1181 636 famosum
1212 596 1452 653 germen
1469 581 1527 637 in
1554 581 1699 637 arvis

346 674 575 728 Naturae
602 672 860 743 genium,
897 686 1025 726 cum
1052 670 1361 726 simulacra
1390 671 1560 726 videt.

1050 759 1193 816 XIX.

361 868 425 907 DF
463 865 640 906 LEONB
680 863 1009 918 XARIIOREO,
1051 865 1145 911 QUI
1182 864 1375 912 AQUAM
1414 866 1589 907 MITTI'I‘
1630 868 1681 907 IN
1723 867 1896 908 DOMO.

273 939 476 1011 Aspice
503 937 768 1010 deposita
794 938 1072 992 blandum
1106 938 1331 993 feritate
1350 939 1575 994 leonem
1610 957 1622 995 :

346 1029 455 1085 Ore
484 1027 664 1082 vomit
690 1028 956 1098 lymphas
987 1028 1232 1099 pectoris
1262 1028 1552 1100 obsequio.

278 1117 438 1173 Unda
467 1116 592 1172 fluit
621 1119 826 1184 rostro,
865 1116 1005 1171 dens
1036 1117 1237 1170 mortis
1266 1118 1470 1189 pocula
1499 1119 1739 1187 mandit,

346 1207 616 1261 Naturam
647 1204 894 1276 perdens
925 1205 1115 1259 bellua
1146 1221 1250 1259 nos
1278 1207 1463 1262 satiat.

277 1296 467 1352 Effera
498 1294 637 1349 dum
666 1294 879 1349 vitreos
910 1292 1213 1349 effundunt
1243 1300 1478 1366 guttura
1514 1296 1718 1365 fontes,

347 1384 481 1440 Dira
510 1382 819 1439 salutiferis
850 1382 1022 1437 corda
1052 1383 1319 1439 lavantur
1353 1385 1533 1457 aquis.

1069 1474 1168 1528 XX.

342 1562 419 1636 [IN
457 1578 794 1618 BAP‘I'ISTERIO
856 1578 1063 1619 AGELLO
1119 1580 1207 1619 UBI
1246 1580 1381 1620 PICTI
1420 1581 1556 1622 SUN'I'
1594 1582 1895 1640 MARTYRES,

455 1667 722 1717 QUORUM
770 1667 1093 1716 RELIQUI/E
1140 1667 1430 1711 CONDI‘I‘JE
1479 1671 1641 1714 SUN'I‘
1674 1674 1787 1714 IBI.

275 1741 551 1798 Conditor
578 1741 597 1776 ί
650 1742 980 1813 Armenius,
1022 1759 1230 1815 supero
1269 1744 1368 1817 qui
1388 1744 1595 1817 dignus
1641 1747 1862 1805 honore
1887 1750 1973 1805 est

346 1831 446 1886 Hic
474 1832 699 1904 peperit
724 1831 942 1887 fontem
975 1831 1311 1888 viviﬁcantis
1341 1850 1525 1907 aquas.

278 1922 450 1976 Plena
480 1920 786 1975 salutiferis
816 1925 1104 1993 gestamus
1136 1922 1350 1977 viscera
1378 1924 1650 1996 lymphis.

351 2012 430 2065 Ne
453 2009 609 2065 sitiat
637 2020 840 2082 potans
867 2012 1111 2067 contulit
1139 2013 1291 2068 unda
1317 2016 1512 2070 semel.

279 2100 462 2170 Rapta
482 2100 792 2171 sepulturis
823 2100 1097 2158 animavit
1128 2118 1368 2175 corpora
1398 2105 1583 2175 pictor
1612 2122 1625 2161 :

349 2189 574 2243 Funera
589 2188 714 2244 viva
732 2189 931 2245 videns
961 2207 1116 2245 mors
1145 2197 1237 2247 eat
1266 2192 1325 2247 in
1343 2195 1615 2251 tumulos.

277 2277 513 2332 Illorum
542 2281 737 2334 tamen
762 2278 867 2335 iste
896 2281 1056 2335 locus
1085 2282 1482 2353 complectitur
1508 2289 1686 2353 artus,

350 2366 503 2431 Quos
535 2367 723 2439 paries
747 2367 908 2436 facie,
942 2384 1107 2424 mens
1136 2374 1291 2426 tenet
1311 2372 1462 2427 alma
1492 2373 1625 2431 ﬁde.

432 2562 500 2601 DE
538 2546 561 2581 ³
601 2561 885 2603 SCUTELLIS
923 2563 1120 2603 SEPTEM
1161 2566 1493 2606 HABENTIBUS
1532 2568 1695 2608 FERAS
1734 2570 1836 2609 νει

998 2653 1275 2696 DIANAM.

285 2722 464 2791 Delia,
496 2739 719 2787 cervus,
754 2741 910 2799 aper,
939 2726 1120 2797 tigris,
1144 2726 1255 2796 leo,
1287 2728 1517 2798 bucula,
1544 2732 1755 2803 pardus

350 2816 632 2887 Apportat
670 2815 881 2870 mensis
910 2816 1141 2882 fercula,
1175 2818 1358 2885 docte,
1399 2818 1531 2874 tuis.

1048 2907 1205 2963 XXII.

486 3008 554 3047 ne
590 2991 612 3027 ³
651 3007 977 3048 couposriLE
1018 3010 1257 3049 assem:
1296 3012 1495 3051 SEPTEM
1523 3012 1776 3054 oavaras.

288 3080 532 3137 Diversis
562 3080 807 3153 dapibus
840 3083 1089 3138 conﬁnia
1118 3086 1379 3155 proxima
1407 3091 1613 3156 servat,

358 3172 508 3225 Dum
529 3170 738 3225 claudit
758 3171 928 3226 variis
957 3172 1172 3227 fercula
1204 3175 1383 3229 multa
1416 3175 1542 3231 viis.

287 3296 348 3378 i_n
383 3312 496 3365 quo
525 3296 592 3378 ἴδε
634 3292 1074 3378 6.6)6‘EX1.'§656:¢&,
1116 3299 1358 3378 alterum
1405 3303 1527 3378 ἔχοις
1569 3300 1860 3378 ἀφροδίτην
1901 3306 1988 3378 ua‘t

289 3370 501 3447 Epwrag.
534 3367 749 3447 Idacius
775 3368 1094 3447 orbiculum
1124 3377 1305 3447 vocat,
1324 3367 1467 3447 cum
1496 3374 1563 3428 de
1594 3367 1768 3447 aureo
1827 3375 1990 3447 quin-

291 3443 597 3518 gentarilm
627 3438 903 3518 librarum
933 3441 1198 3518 m_iss_orio
1230 3438 1449 3518 scribit,
1471 3446 1622 3518 quod
1661 3438 1863 3501 Aetius
1886 3463 1987 3518 pa-

289 3509 489 3565 tricius
509 3509 931 3590 Thorismundo
962 3513 1277 3590 Gothorum
1318 3509 1445 3587 regi
1474 3509 1547 3570 ὁὶ)
1573 3522 1835 3572 navatam
1883 3509 1991 3573 ad-

288 3597 483 3658 versus
513 3580 757 3658 A_ttilam‘
807 3598 1045 3658 operam
1098 3585 1255 3639 dedit
1289 3601 1301 3640 :
1335 3580 1439 3656 pro
1485 3603 1598 3658 quo
1628 3594 1928 3643 numerata
1958 3606 1991 3644 a

292 3652 629 3727 §isen_ando,
662 3652 799 3723 quia
843 3654 1133 3727 direptum
1187 3673 1218 3710 a
1277 3652 1470 3712 Gothis
1500 3652 1709 3727 fuerat,
1759 3676 1890 3714 cum
1918 3661 1987 3716 ad

291 3723 679 3798 Dagobertum
702 3740 894 3794 regem
930 3723 1273 3793 mitteretur,
1295 3727 1627 3798 isolidorum
1674 3723 1857 3785 millia
1880 3732 1990 3785 du-

293 3800 477 3873 centa,
513 3795 690 3873 tradit
737 3801 897 3849 vetns
951 3804 1148 3873 auctor
1190 3795 1330 3873 Vites
1380 3801 1685 3873 Dagoberti
1739 3818 1862 3873 cap.
1897 3804 1986 3857 29.

296 3869 375 3940 De
398 3868 575 3940 altero
605 3866 745 3940 item
775 3883 949 3940 aureo
982 3869 1286 3940 Chilperici
1316 3866 1757 3940 regis'missorio
1780 3866 1989 3928 memi-

295 3939 378 4015 nit
439 3938 746 4015 Gregorius
798 3939 1007 3994 Turon.
1040 3938 1155 4015 _lib.
1185 3958 1303 4015 “vn,
1346 3938 1483 4015 cap.
1520 3946 1571 3998 5.
1618 3946 1699 3998 De
1747 3949 1992 4015 utroque

295 4009 593 4085 Aimoinus
612 4009 809 4085 lib._iu
838 4016 895 4065 et
922 4027 995 4085 1v.
1040 4012 1117 4065 De
1147 4012 1271 4085 aliis
1328 4009 1571 4081 duobus,
1624 4014 1720 4068 sed
1778 4009 1991 4085 argen-

294 4081 422 4157 teis,
456 4080 803 4157 Flodoardus
825 4081 1126 4157 presbyter
1158 4083 1216 4138 in
1259 4088 1601 4157 testamento
1641 4085 1696 4140 S.
1742 4080 1992 4157 Remigii

296 4156 352 4206 et
372 4152 651 4219 Sounatii,
685 4152 1012 4223 praesulum’
1030 4155 1420 4209 Bemensium.

370 4223 1171 4297 ‘QonditoruirmeniusLAd
1210 4242 1383 4297 quem
1416 4226 1580 4297 epist.
1620 4229 1639 4279 1
1671 4225 1768 4281 lib.
1804 4243 1863 4282 ιι.

366 4298 388 4331 ²
416 4292 801 4367 Descutellis
844 4292 1086 4366 septem]
1129 4297 1197 4350 Ut
1227 4292 1301 4349 'in
1336 4292 1676 4367 repositorio
1737 4298 1993 4353 Petronii

1494 274 1780 329 ENNODII
1820 274 2130 331 EPISCOPl
2172 272 2556 331 TICINENSIS

3663 270 3761 323 ΜΟ

2003 407 2049 460 Α
2078 404 2376 460 Limitibus
2407 402 2575 459 certis
2606 401 2758 475 quod
2773 400 3008 474 junctus
3031 398 3235 455 dividit
3265 398 3427 467 ordo,

2085 496 2242 551 Unus
2268 494 2327 549 in
2359 498 2595 565 argento
2629 507 2803 564 quam
2823 491 2970 546 bene
2994 493 3195 545 venter
3221 488 3437 545 habet?

2842 580 3023 636 XXIII.

2083 690 2149 729 DE
2186 677 2207 711 ⁸
2245 689 2313 729 ΒΟ
2351 688 2444 736 QUI
2486 688 2553 728 U'I'
2611 685 2793 727 FILIUU
2860 685 3021 725 HATRI
3085 683 3521 739 RFCONCILIAREI',
3560 684 3774 725 FUR‘I’UI

2840 772 3047 813 FECIT.

2080 849 2216 915 Qnis
2240 864 2377 922 rogo
2407 864 2510 923 per
2533 848 2754 905 facinus
2785 846 3002 903 crimen
3025 847 3379 919 compescuit
3403 862 3659 919 unquam
3680 849 3709 902 ?

2078 941 2402 1012 Amplector
2427 945 2668 1007 sanctas,
2701 954 2831 1011 quae
2863 938 3006 994 dant
3027 937 3178 993 bona
3209 937 3450 1007 semina,
3482 938 3733 1005 fraudes,

2080 1034 2402 1104 Augmento
2425 1032 2704 1101 rumpunt
2726 1028 2863 1084 dum
2895 1027 3088 1099 iurgia
3120 1043 3272 1082 saeva
3300 1028 3507 1099 perito.

2080 1121 2188 1187 Qui
2223 1124 2424 1176 natum
2454 1119 2652 1175 matris
2682 1134 2785 1190 per
2813 1118 3040 1188 culpam
3070 1116 3259 1172 reddit
3288 1118 3491 1185 amori,

2081 1214 2241 1267 Hunc
2271 1209 2416 1265 odiis
2448 1212 2669 1263 constat
2698 1207 3005 1262 missurum
3026 1205 3248 1261 semina
3269 1206 3443 1278 pacis.

2081 1300 2290 1356 Ordine
2319 1314 2586 1376 perverso
2606 1297 2772 1352 fallax
2794 1295 3095 1351 concordia
3124 1312 3322 1367 pugna
3350 1300 3456 1365 est,

2080 1392 2223 1447 Cum
2252 1388 2390 1446 belli
2428 1387 2598 1443 facies
2628 1386 2843 1442 tribuat
2863 1386 3103 1441 mentita
3141 1384 3415 1458 quietem.

2845 1476 3018 1531 XXIV.

2080 1586 2146 1627 DE
2185 1585 2254 1627 EO
2292 1584 2388 1632 QUI
2452 1582 2753 1624 DICEBA'I'UR
2804 1581 3114 1621 HERE‘I’RICIS
3151 1581 3325 1621 FILIUS
3362 1582 3425 1620 ΕΤ
3461 1579 3783 1620 Αεεῐιιῐοιΐιε

2848 1670 3020 1712 ESSE.

2084 1750 2169 1820 Di,
2201 1748 2503 1822 prohibete
2533 1746 2737 1814 minas,
2771 1761 2912 1817 quas
2927 1749 3126 1817 partus
3178 1744 3409 1800 nuntiat
3430 1743 3710 1813 fhorrens.

2082 1841 2262 1906 Quem
2283 1840 2418 1910 lupa
2445 1835 2699 1892 sordenti
2716 1840 3056 1906 conceptum
3086 1833 3236 1890 fudit
3266 1833 3463 1901 asello,

2083 1927 2354 2000 Conjugis
2374 1925 2622 1981 illicibus
2642 1924 2863 1979 satiavit
2890 1924 3107 1979 viscera
3134 1923 3317 1996 prole,

2085 2017 2276 2073 Edidit
2306 2020 2362 2070 et
2390 2014 2584 2086 pecori
2615 2014 2870 2069 sobolem
2896 2013 3015 2068 fera
3041 2013 3288 2084 prodiga
3311 2010 3473 2081 legis.

2082 2105 2230 2172 Quid
2258 2104 2428 2160 faciat
2460 2119 2735 2174 rumpens
2769 2106 3037 2157 naturam
3069 2117 3321 2157 convena
3350 2100 3605 2154 discors?

2086 2196 2245 2252 Unde
2265 2194 2560 2266 sequenda
2580 2196 2737 2263 petat
2760 2195 2949 2260 natus,
2976 2190 3106 2263 quis
3130 2190 3317 2245 dicere
3343 2188 3573 2260 possit?

2084 2286 2266 2353 Quem
2295 2285 2532 2339 stultum
2564 2282 2807 2353 genitor,
2846 2281 3030 2335 furem
3058 2279 3217 2335 dedit
3246 2278 3512 2349 improba
3576 2280 3782 2343 mater,

2087 2373 2290 2429 Nobile
2320 2372 2676 2442 degenerans
2692 2369 2970 2424 tenuisset
3002 2369 3228 2422 culmen
3260 2366 3328 2421 ab
3352 2365 3495 2422 istis.

2085 2463 2194 2519 Sed
2224 2461 2379 2515 vitiis
2404 2457 2705 2531 proprium
2735 2462 2791 2512 te
2821 2460 3057 2525 norunt,
3080 2456 3267 2524 crede,
3304 2458 3589 2526 parentes,

2085 2551 2411 2622 Elinguem,
2462 2548 2772 2619 trepidum,
2823 2545 3161 2617 jactantem,
3212 2543 3513 2600 fraudibus
3562 2546 3790 2615 aptum,

2087 2639 2339 2696 Gutturis
2369 2636 2662 2706 immensi,
2692 2635 3021 2690 sorbentem
3044 2633 3325 2707 quidquid
3359 2632 3577 2705 ubique
3606 2637 3714 2687 est.

2086 2729 2196 2797 Qui
2217 2728 2393 2784 semel
2424 2728 2679 2782 assuetas
2704 2725 2958 2780 humano
2983 2723 3265 2795 sanguine
3294 2722 3487 2777 fauces

2087 2818 2314 2889 Pandit,
2336 2822 2393 2873 et
2419 2816 2493 2872 ad
2517 2816 2657 2871 viles
2696 2830 2812 2869 non
2841 2813 3009 2869 vertit
3037 2818 3199 2884 terga
3225 2812 3522 2884 juvencos.

2874 2903 3021 2958 XXV.

2018 3013 2059 3071 (ζ
2089 3013 2158 3053 DE
2194 2999 2215 3034 ⁵
2253 3009 2426 3052 CAUCO
2470 3008 2744 3050 CUJUSDAM
2811 3008 3054 3047 HABENTE
3095 3005 3394 3046 PASIPIIAEN
3448 3004 3513 3044 ET
3547 3003 3791 3044 TAUBUM.

2718 3098 2795 3138 EX
2838 3096 3159 3138 TEMPORE.

2167 3173 2441 3246 Pasiphae
2463 3173 2691 3228 niveum
2707 3171 2936 3243 linques
2967 3184 3072 3225 nec
3092 3169 3154 3224 in
3175 3171 3293 3223 arte
3312 3167 3642 3240 juvencum,

2096 3304 2334 3359 fortasse
2353 3301 2514 3357 labor
2532 3300 2627 3355 ille
2655 3298 3002 3369 gestantium
3033 3296 3433 3369 ministrorum
3480 3309 3655 3369 quem
3686 3309 3792 3369 an-

2095 3376 2244 3448 tiqui
2268 3373 2590 3448 scriptores
2604 3365 2947 3448 signiﬁcant:
2998 3367 3264 3448 Sidonius
3288 3366 3389 3421 lib.
3422 3382 3461 3433 1,
3501 3365 3683 3448 epist.
3705 3368 3789 3446 2.:

2096 3439 2234 3501 Non
2256 3444 2337 3499 ibi
2359 3439 2689 3515 impolitam
2717 3440 3030 3515 congeriem
3061 3439 3286 3515 liventis
3330 3439 3557 3515 argenti

2096 3516 2423 3572 cedentibus
2440 3506 2788 3584 suspiriosus
2822 3506 3089 3584 minister
3140 3506 3508 3584 imponitiet
3575 3506 3674 3584 lib‘.
3711 3523 3793 3584 tu,

2099 3589 2265 3658 epist.
2295 3589 2357 3641 10
2388 3603 2401 3641 :
2436 3577 2630 3658 Ger-uti
2646 3586 2821 3658 caput
2840 3582 3124 3658 plicantes
3144 3577 3532 3658 Anaglypticu
3548 3577 3791 3658 metullo

2100 3649 2693 3730 Epulassuperbiores
2716 3649 3215 3730 Humerisferunt
3239 3649 3476 3707 onustis.
3497 3649 3799 3730 Interdum

2100 3719 2272 3784 etiam
2305 3719 2668 3797 Compostilis
2707 3742 2829 3797 senr
2861 3719 3188 3797 repositorii
3217 3738 3365 3797 unon
3417 3721 3589 3797 unica
3619 3719 3797 3797 facies

2104 3805 2247 3865 erat,
2280 3799 2378 3854 sed
2409 3790 2728 3868 multiplex,
2763 3796 2874 3850 alia
2897 3790 2994 3868 alii
3022 3793 3293 3868 imposita
3325 3792 3570 3868 :_quod_
3598 3790 3798 3868 videre

2100 3876 2184 3926 est
2210 3861 2269 3925 in
2303 3861 2645 3924 Petroniaﬁo
2683 3861 3419 3938 :'Repositorium,_iuquit,
3481 3861 3795 3917 rotundum

2102 3944 2167 3997 I2
2186 3942 2425 3998 habebat
2454 3942 2622 4012 signa
2676 3939 2738 3994 in
2761 3936 2951 3995 orbem
2987 3936 3288 4009 disposita,
3334 3949 3615 4012 superque
3658 3948 3797 4012 pro:

2098 4012 2289 4082 prium
2313 4006 2851 4081 convenientemque
2876 4006 3134 4065 materiae
3160 4006 3415 4063 structor
3442 4006 3799 4076 imposuerat

2099 4084 2281 4139 cibum
2311 4099 2523 4155 :super
2538 4081 2779 4136 arietem
2799 4081 2950 4155 cicer
2976 4078 3285 4155 arietinum
3296 4093 3503 4155 ._super
3533 4079 3790 4155 taurum,

2311 4128 2322 4139 ο
2348 4117 2508 4141 nunc!
2538 4117 2594 4136 ιιι
2612 4117 2779 4136 οῠιῦιιι
2799 4117 2936 4135 υιυῠι
2976 4117 3029 4135 ul
3049 4117 3308 4141 ιονιιινιιηις
3330 4117 3484 4141 υυυμυι
3533 4117 3646 4129 suum
3671 4117 3790 4141 νου-ι,

2100 4156 2302 4226 bubale
2331 4148 2585 4226 fru'stum
2606 4168 2620 4207 :
2644 4158 2701 4207 et
2713 4158 2838 4223 post
2859 4152 2997 4205 alia:
3022 4148 3529 4226 Adsymphoniam
3547 4149 3799 4216 quatuor

2102 4221 2483 4297 tripudiantes
2492 4221 2917 4297 procurrerunt,
2932 4221 3386 4297 superigremque
3394 4221 3620 4297 partem
3632 4232 3800 4297 repo-

2098 4288 2287 4353 sitorii
2313 4288 2670 4353 abstulerunt
2700 4311 2714 4349 :
2743 4311 2853 4365 quo
2868 4288 3038 4362 facto
3052 4288 3497 4365 videmusinfra,
3526 4288 3591 4365 in
3604 4288 3796 4365 altera

296 4366 534 4440 Arbitrii
565 4365 867 4440 duodecim
901 4358 1086 4436 'signa'
1104 4367 1318 4440 zodiaci
1348 4358 1453 4438 pro
1482 4367 1718 4423 scutulis
1766 4376 1900 4424 sunt
1930 4374 1987 4425 et
2025 4386 2068 4440 1)
2098 4368 2315 4440 scilicet
2326 4367 2569 4435 ferculo,
2584 4358 2780 4421 altilia
2799 4358 3491 4440 et__sumina,l_eporemque
3516 4359 3577 4414 in
3604 4358 3797 4414 medio

296 4437 575 4519 lancibus,
600 4437 689 4519 ita
718 4435 817 4519 hic
840 4434 1060 4519 septem
1111 4434 1367 4519 ’δαμωὶίᾷῖ
1421 4440 1482 4493 in
1511 4440 1749 4519 Dianam
1780 4446 1837 4495 et
1890 4458 1987 4496 sex
2025 4434 2062 4440 _
2094 4438 2303 4519 peunis
2328 4440 2723 4519 suboruatum,
2741 4440 2803 4490 ut
2823 4438 3081 4519 Pegasus
3101 4434 3402 4519 videretur.

295 4509 445 4580 feras
465 4507 691 4575 effictas,
725 4512 835 4580 aut
853 4506 990 4580 illas
1009 4514 1159 4563 certe
1180 4509 1494 4580 insculptas
1524 4510 1757 4565 habent.

368 4577 392 4612 ⁸
422 4580 507 4654 De
534 4577 870 4654 compostile
895 4578 1133 4654 habente
1150 4577 1643 4654 septemfgavalas]
1685 4582 1845 4646 Quod
1869 4583 1991 4638 aliis

296 4648 707 4729 repositorium
764 4649 991 4729 dicitur,
1161 4648 1419 4729 Enuodio
1456 4658 1541 4706 est
1589 4648 1921 4729 compostile
1959 4671 1993 4708 a

297 4722 631 4791 compositis
676 4722 735 4773 in
783 4736 849 4774 eo
906 4722 1160 4776 lancibus
1209 4722 1603 4784 obsoniorum,
1662 4722 1890 4791 Gavata,
1933 4730 1995 4780 ut

301 4791 568 4866 Martialis
589 4796 644 4845 et
666 4792 1007 4866 Fortunatus
1038 4794 1263 4859 docent,
1291 4794 1468 4847 lancis
1490 4801 1593 4866 est
1622 4811 1821 4866 genus.
1884 4796 1986 4851 Isi-

300 4864 475 4918 dorus
506 4862 604 4936 lib.
636 4878 751 4936 x_x:
802 4862 1011 4936 Lancis
1056 4868 1289 4936 gavata,
1330 4863 1499 4936 quasi
1532 4862 1758 4922 cavata.
1810 4867 1878 4921 Et
1932 4866 1993 4921 in

300 4934 579 4988 Glossario
615 4948 627 4987 :
652 4933 930 5004 Parapsis
952 4933 1501 5005 gaziatavelcatinus
1521 4953 1533 4991 :
1556 4938 1634 4991 sic
1660 4938 1815 4992 enim
1837 4942 1994 4991 utro-

298 5005 820 5081 biquelegendum.
860 5007 1218 5081 _C_.omposti|e
1276 5023 1413 5081 ergo
1472 5009 1713 5063 Ennodii
1771 5013 1992 5081 septem

299 5081 528 5161 gavatas
558 5076 912 5161 habebannid
943 5076 1032 5161 est
1059 5084 1289 5161 septem
1310 5076 1519 5161 lances,
1554 5081 1642 5161 vel
1674 5076 1853 5150 quasi
1872 5080 1991 5134 lan-

298 5162 392 5201 ces
416 5148 576 5224 inter
630 5163 690 5203 se
732 5148 1042 5224 distinctas,
1085 5148 1438 5224 diversisque
1473 5148 1712 5224 dapibus
1766 5167 1988 5207 accom-

300 5219 517 5293 modas.
553 5220 616 5273 In
637 5220 995 5293 repositorio
1020 5222 1174 5277 enim
1227 5219 1431 5277 missus
1478 5219 1648 5293 unius
1681 5224 1867 5293 epulae
1900 5224 1989 5277 di-

300 5290 476 5364 versis
504 5290 759 5364 lancibus
789 5308 823 5346 a
853 5296 1128 5347 structore
1160 5294 1493 5364 compositas
1533 5290 1734 5364 A(quas_
1754 5293 1991 5348 struices

299 5361 611 5431 patinarias
658 5362 892 5417 Plautus
965 5363 1143 5432 vocat)
1198 5361 1412 5418 mensa:
1460 5361 1872 5418 inferebantur.
1929 5366 1993 5419 Et

300 5432 531 5503 quidem
548 5432 813 5489 Petronio
843 5434 1248 5504 repositorium
1272 5434 1328 5489 id
1359 5433 1611 5505 proprie,
1643 5436 1735 5489 cui
1763 5435 1991 5504 gravior

297 5509 583 5583 cmna,_ut_
606 5505 984 5583 gustatori‘um
1016 5506 1345 5583 biartialiac
1366 5504 1553 5583 Plinio
1590 5505 1836 5583 Caecilio,
1897 5506 1990 5583 cui

298 5574 547 5645 gustatio
569 5574 989 5645 imponebatur.
1023 5578 1103 5631 Ita
1130 5576 1405 5631 nimirum
1435 5575 1627 5642 ﬁebat,
1659 5582 1721 5631 ut
1749 5577 1991 5632 nonsin-

298 5648 464 5718 gulas
503 5646 689 5718 lances
710 5648 1107 5718 fapponerept,
1141 5717 1144 5718 ν
1175 5648 1272 5701 sed
1303 5649 1510 5702 multas
1558 5648 1729 5702 simul
1781 5648 1841 5701 in
1874 5665 1986 5703 uno

299 5717 633 5790 compostile
689 5733 792 5771 seu
848 5717 1186 5787 repositorio
1243 5726 1555 5790 congestas.
1616 5721 1800 5788 Atque
1853 5719 1985 5773 hinc

2176 4512 2196 4546 ’⁸
2228 4514 2304 4565 De
2328 4527 2391 4565 eo
2421 4510 2519 4581 qui
2550 4512 2617 4563 ut
2634 4501 2965 4581 ﬁlium]_Séx
2997 4522 3126 4577 quas
3156 4510 3474 4575 sequuntur
3496 4501 3795 4573 epigram-

2102 4586 2255 4643 mata
2284 4582 2341 4635 iu
2370 4578 2555 4635 lucem
2587 4595 2738 4633 nunc
2769 4578 3020 4648 primum
3054 4582 3290 4648 exeunt.

2172 4656 2272 4708 8De
2301 4656 2491 4718 cauco]
2523 4654 2742 4707 Caucus
2761 4642 2950 4719 poculi
2981 4664 3180 4719 genus.
3220 4646 3602 4719 Hieronymus
3627 4642 3729 4719 lib.
3756 4657 3797 4696 ῐι

2100 4723 2176 4801 in_
2199 4713 2558 4801 Iovinianum
2590 4722 2658 4776 de
2689 4713 2940 4801 Diogene
2960 4713 3265 4801 (Quodam
3302 4713 3552 4787 tempore
3581 4713 3800 4801 habens

2099 4795 2176 4850 ad
2188 4795 2502 4865 potandum
2517 4809 2754 4865 caucum
2775 4788 3048 4865 ligneum.
3068 4788 3209 4865 uidit
3224 4804 3460 4865 puerum
3477 4802 3655 4865 mauu
3665 4799 3801 4863 con-

2099 4857 2242 4921 σαύα
2263 4864 2467 4931 bibere,
2492 4867 2546 4918 et
2574 4863 2795 4918 elisisse
2817 4857 3006 4928 fertur
3017 4861 3093 4914 ad
3105 4857 3322 4931 terram
3334 4857 3549 4923 dicens,
3568 4857 3799 4931 Nescje—

2102 4937 2232 4991 bam
2257 4936 2405 5007 quod
2432 4927 2646 4990 natura
2671 4927 3211 5007 haberetrpoculum.
3248 4930 3584 5007 Spartianus
3607 4927 3796 5007 in‘Pe-

2101 5024 2228 5062 scen
2237 4997 2332 5062 n'io
2345 5025 2356 5062 :
2387 5007 2581 5062 Tanta":
2591 4997 3057 5073 fuitseveritatis,
3072 5005 3133 5057 ut
3149 5018 3278 5056 cum
3290 4997 3500 5073 mitites
3517 4997 3801 5073 quosdam

2099 5078 2161 5154 in
2185 5095 2358 5154 cauco
2376 5068 2642 5150 argenteo
2660 5074 3041 5154 expeditiouis
3072 5078 3321 5154 tempore
3337 5068 3798 5154 bibere'vidisset,

2092 5149 2333 5219 jusserit
2362 5140 2523 5204 om'ne
2550 5140 2847 5219 argentum
2882 5140 3201 5219 submoveri
3230 5144 3310 5219 de,
3350 5140 3803 5219 usurezpeditio-

2098 5212 2249 5288 nali,
2272 5221 2467 5275 add-ito
2496 5236 2560 5274 eo
2582 5212 2642 5273 ut
2672 5218 2878 5290 ligneis
2906 5217 3060 5290 vasis
3088 5217 3419 5290 uterentur._
3446 5213 3610 5290 Apud
3660 5212 3800 5290 Tre:

2099 5282 2337 5347 bellium
2368 5308 2598 5363 quoque
2628 5282 3033 5363 Pollionemin
3053 5288 3299 5363 epistola
3325 5282 3611 5363 Valeriani
3643 5282 3796 5363 cavei

2099 5364 2364 5434 etscyphi
2380 5354 2839 5434 unajunguntur.
2860 5360 2971 5434 Sed
2985 5354 3803 5434 feci—tinsoleutiavocabuli,ut

2099 5426 2309 5504 passim
2384 5426 2869 5504 corrumperetur.
2930 5432 3069 5485 Nam
3117 5428 3268 5499 apud
3312 5426 3685 5504 Spartiauum
3745 5429 3801 5477 et

2102 5496 2417 5561 Pollionem
2469 5496 2667 5559 caveo:
2697 5503 2913 5557 editum
2954 5507 3060 5567 est,
3093 5496 3294 5555 cavum
3323 5496 3475 5566 apud
3517 5496 3799 5565 Hierony-

2099 5594 2259 5633 mum
2294 5594 2306 5633 :
2340 5574 2863 5648 apudEunodium_
2884 5572 3295 5648 epigrammate
3315 5572 3425 5648 _29,
3458 5584 3525 5621 οε
3568 5582 3801 5621 GLAUCO.

2098 5652 2169 5703 At
2212 5642 2429 5705 veteres
2458 5646 2591 5702 libri
2646 5650 2797 5700 recte
2828 5642 3041 5700 ibidem
3088 5642 3270 5697 ethoc
3315 5642 3455 5695 loco.
3491 5654 3561 5693 DE
3600 5653 3795 5692 caeco.
