4008 6170
183 279 268 333 341
1572 270 1948 325 CARMINUM
1990 271 2118 325 LIB.
2165 272 2232 326 II.

272 407 489 464 Diﬂ'usis
517 405 661 459 collo
695 403 961 458 manibus
990 401 1139 473 petis
1163 402 1354 456 oscula
1386 401 1645 474 supplex.

272 496 557 553 Pulchrior
595 499 650 548 et
676 493 846 548 certis
879 493 1072 547 illudis
1101 492 1232 546 ﬁcta
1261 491 1469 562 puellis
1494 507 1507 546 :

266 585 538 642 Candidus
569 587 875 654 argentum
905 586 1139 652 superat
1169 582 1272 636 bos
1301 583 1427 635 luce
1459 581 1685 649 coloris,

267 675 406 729 Vivit
435 689 614 743 amor,
645 678 863 738 taurus,
898 672 1126 739 mulier,
1157 671 1281 726 sine
1311 687 1549 742 corpore
1583 687 1736 726 vero.

912 781 1082 834 XXVI.

177 889 231 927 DE
258 887 316 926 ΕΟ
360 887 452 933 QUI
482 886 750 931 NL'NQUAM
808 886 915 924 NISI
956 887 1009 923 IN
1077 883 1439 923 DEPOSITIONE
1479 886 1606 922 FILII
1666 885 1841 924 PAVIT.

261 963 540 1031 Prmparat
571 960 632 1013 in
662 958 804 1014 ﬂetu
845 958 943 1030 qui
970 959 1184 1012 fercula
1216 959 1369 1012 lauta
1397 958 1630 1024 vocatis,

260 1050 456 1103 Annua
485 1063 588 1120 per
627 1049 907 1118 lacrymas
937 1047 1185 1101 celebret
1234 1047 1535 1102 sollemnia
1586 1062 1840 1118 magnas.

892 1154 1094 1208 XXVII.

877 1258 1133 1298 XLIII-SR.

255 1334 552 1404 Nunquam
575 1334 761 1386 stante
782 1331 953 1386 domo
980 1331 1178 1402 pascit,
1203 1329 1347 1384 mihi
1365 1329 1601 1398 credite,
1628 1336 1836 1400 tantos,

255 1421 354 1486 Qui
379 1422 638 1475 tumulos
661 1420 831 1488 natis,
868 1425 925 1473 et
960 1437 1187 1474 mensas
1217 1422 1470 1491 complet
1501 1423 1716 1477 amicis.

882 1529 1110 1583 XXVIII.

861 1632 1117 1672 ALITER.

251 1705 502 1761 Convivae
535 1704 736 1760 miseri
761 1705 948 1760 luctus
982 1705 1268 1777 deposcite
1301 1707 1548 1760 multos:

345 1795 594 1850 Prandia
625 1800 710 1850 tot
741 1798 991 1862 venient,
1033 1797 1239 1852 funera
1273 1801 1415 1868 quot
1454 1796 1688 1852 fuerint.

906 1905 1076 1959 XXIX.

166 2009 289 2050 usu
335 2009 404 2048 ne
440 1995 675 2050 cauco‘
710 2009 998 2049 HABENTE
1033 2009 1400 2049 “suasua
1443 2011 1514 2050 ET
1543 2010 1830 2051 nonum.

250 2083 534 2137 Blanditur
560 2083 796 2150 mulier,
843 2083 1017 2137 sentit
1045 2083 1169 2149 bos,
1216 2085 1475 2138 membra
1507 2091 1828 2140 moventur.

339 2172 544 2226 Attulit
575 2189 670 2226 ars
700 2172 950 2226 formas:
979 2171 1108 2242 quis
1138 2172 1294 2228 dedit
1325 2172 1417 2227 hic
1442 2173 1709 2228 animas?

911 2277 1061 2332 XXX.

865 2380 1120 2419 ALITER.

246 2458 302 2510 Et
329 2457 487 2510 ﬁctus
522 2453 779 2524 rigidam
807 2460 1012 2521 servat,
1043 2455 1231 2508 Venus
1261 2452 1542 2524 improba,
1576 2459 1831 2510 mentem

245 2546 467 2613 Taurus,
502 2550 573 2600 ut
607 2543 854 2598 admotis
894 2543 1205 2612 suspendat
1234 2547 1418 2596 rostra
1445 2542 1685 2598 labellis.

913 2633 1083 2685 XXXI.

857 2736 1114 2776 ALITER.

243 2812 294 2866 Si
319 2811 419 2867 tibi
457 2814 605 2866 sunt
636 2809 862 2877 animm,
905 2809 1108 2880 pictor,
1144 2809 1352 2879 quibus
1386 2809 1594 2864 inseris
1625 2815 1828 2881 artem,

239 2902 440 2955 Mollior
475 2902 538 2954 in
577 2899 729 2954 tauri
759 2900 1060 2953 claudatur
1090 2899 1322 2969 spiritus
1352 2915 1470 2964 ore,
1656 2963 1660 2968 ι

244 2991 416 3046 Fortia
446 2991 492 3044 si
528 2989 761 3044 miserae
787 3005 906 3042 non
937 2989 1143 3041 dantur
1178 2989 1348 3041 corda
1379 2989 1608 3058 puellm.

873 3078 1077 3132 XXXII.

157 3183 206 3221 DE
232 3169 248 3201 ³
278 3184 335 3222 ΕΟ
365 3184 519 3229 QUOD
560 3183 801 3222 HESSALA
855 3183 1060 3219 CONSUL
1101 3182 1378 3221 ENNODIUS
1411 3177 1465 3220 ΙΝ
1515 3184 1823 3222 COGNOMINE

649 3267 654 3269 ’
787 3270 1014 3310 DICTUS
1041 3270 1172 3310 EST.

233 3345 476 3399 Consulis
509 3345 591 3399 ad
623 3344 862 3413 genium
898 3360 1109 3397 nomen
1144 3361 1246 3414 pro
1275 3348 1571 3397 stemmate
1596 3345 1819 3416 junxit:

324 3437 466 3488 Dans
499 3436 699 3488 lucem
731 3433 912 3498 fastis,
954 3449 1078 3486 sum
1111 3433 1323 3487 trabeis
1357 3434 1570 3503 potior,

232 3524 358 3588 Quid
395 3525 663 3594 palmata
692 3527 791 3576 tuo
823 3527 1048 3576 tantum
1081 3523 1148 3576 de
1180 3522 1395 3575 murice
1426 3539 1628 3577 vernas
1653 3524 1680 3578 ἲ)

327 3616 454 3668 Plus
490 3615 730 3667 fucante
764 3613 920 3666 dedit
951 3616 970 3647 ³
999 3629 1257 3683 purpura
1297 3618 1488 3667 nostra
1518 3613 1639 3666 tibi.

866 3703 1090 3755 XXXIII.

417 3806 491 3845 DE
529 3803 960 3850 OBLOQL'ENTE
1005 3806 1127 3843 SIBI
1179 3806 1530 3846 ADVOCATO.

233 3879 498 3947 Improbe,
538 3878 685 3948 quid
729 3877 922 3930 fractis
953 3879 1251 3932 confundis
1304 3879 1530 3949 singula
1587 3879 1818 3935 verbis?

327 3966 606 4037 Depingit
637 3981 828 4018 mores
859 3965 1064 4018 obruta
1088 3967 1282 4036 lingua
1313 3972 1461 4020 tuos.

225 4055 448 4124 Accipis,
485 4054 773 4123 exposcis,
809 4055 1133 4124 praesumis,
1166 4056 1380 4122 renuis,
1415 4057 1595 4110 ardes.

317 4144 550 4211 Tristio,
591 4143 804 4198 blanda
834 4143 1022 4208 simul,
1056 4145 1246 4213 fortia,
1272 4147 1420 4200 ﬂuxa
1444 4146 1600 4200 facis.

200 4315 210 4346 ¹
239 4315 497 4370 Habente
522 4315 882 4388 Pasiphaen]
910 4318 1174 4371 Caelatam
1195 4322 1291 4372 aut
1310 4319 1669 4388 insculptum.
1705 4321 1818 4374 IIoc

146 4387 376 4440 nimirum
420 4395 506 4441 est
559 4387 716 4457 quod
743 4389 999 4459 isugillat
1045 4390 1259 4443 Plinius
1289 4390 1346 4442 in
1389 4387 1668 4459 prooemio
1717 4392 1814 4457 lib,

146 4469 279 4533 lxxiii
305 4475 316 4510 :
346 4461 412 4533 1_n
443 4459 677 4530 poculis
706 4458 970 4512 libidines
989 4461 1192 4514 cadere
1207 4458 1479 4530 juval,ac
1509 4479 1608 4532 per
1628 4462 1816 4517 obsce-

146 4531 316 4582 nifales
353 4531 573 4584 bibere.

197 4602 213 4632 ²
247 4603 314 4652 De
350 4618 410 4653 eo
465 4600 627 4672 quod
657 4601 914 4654 Messala
959 4601 1176 4670 consul]
1223 4604 1452 4656 Messala
1483 4605 1680 4658 consul
1713 4604 1817 4658 fuit

147 4682 263 4724 anno
289 4672 493 4726 Christi
533 4676 663 4727 506.
693 4675 758 4724 In
789 4688 854 4725 eo
888 4675 1183 4727 consulatu
1212 4691 1423 4728 novum
1456 4675 1563 4728 sibi
1613 4691 1818 4740 cogno-

150 4755 250 4814 men
304 4745 548 4797 Ennodii
587 4744 749 4796 fastis
781 4745 1061 4813 ascripsit,
1126 4751 1186 4796 ut
1242 4747 1532 4798 Ennodius
1585 4741 1817 4800 Messala

150 4811 415 4886 diceretur.
469 4817 810 4882 Cognomen
843 4811 977 4884 ergo
1015 4817 1126 4868 illis
1163 4818 1384 4870 smculis
1427 4819 1814 4886 appellabant,

150 4884 270 4958 quod
316 4902 447 4958 vero
503 4887 756 4958 nomini,
810 4887 917 4958 hoc
947 4893 1032 4958 est
1081 4887 1307 4954 ultimo,
1341 4884 1813 4958 praeponebatur.

153 4952 212 5031 ita
260 4956 404 5031 enim
455 4957 674 5031 Caecilii
715 4957 985 5026 Cypriani
1044 4952 1549 5027 llierony‘musfct
1581 4961 1818 5031 Sulpicii

151 5022 690 5101 Severiﬁeunadius,
728 5022 1109 5097 cognomenta
1157 5022 1330 5082 fuisse
1381 5031 1654 5097 scribunt,
1687 5022 1817 5101 quas

149 5099 303 5170 priore
326 5099 448 5151 loco
481 5106 804 5168 ponuntur.
840 5101 966 5152 Alta
998 5117 1156 5152 mens
1179 5102 1285 5153 fuit
1313 5102 1642 5155 doctissimo
1679 5099 1819 5156 Pan—

148 5167 290 5240 vinio,
325 5170 420 5238 qui
451 5167 709 5239 priscum
743 5171 1130 5224 Romanorum
1170 5189 1389 5226 morem
1417 5175 1536 5240 jam
1565 5175 1657 5226 diu
1685 5191 1817 5227 exo-

152 5233 293 5313 letum
325 5233 640 5313 secutusin
673 5242 830 5294 fastis
867 5243 1137 5312 scriptum
1173 5245 1344 5296 fuisse
1378 5233 1540 5313 putat
1578 5247 1819 5300 Massam

152 5307 442 5386 Exsomu_s._
462 5312 572 5365 Sed
597 5313 703 5364 hoc
736 5314 905 5366 modo
926 5307 1211 5367 Ennodius
1245 5307 1488 5368 Messala!
1518 5318 1818 5386 proprium

152 5391 328 5456 limuen
368 5383 590 5456 fuisset,
618 5399 738 5456 non
764 5400 1104 5451 cognomen.
1156 5388 1230 5439 Ile
1262 5387 1491 5439 Messala
1524 5383 1715 5441 Fausti
1751 5389 1820 5443 fi-

152 5445 422 5526 litiAs'ierii
455 5445 652 5520 fratre,
687 5445 902 5507 dictum
937 5458 1099 5509 estin
1135 5457 1408 5526 epistolis.

208 5520 771 5598 {lturpuraﬁosh-aj
793 5528 1032 5594 ,Nomen
1055 5520 1315 5581 nostrum
1345 5529 1522 5582 minio
1547 5531 1706 5583 fastis
1741 5530 1821 5584 in-

155 5596 436 5660 scriptum:
491 5596 566 5649 ab
609 5598 714 5651 hoc
763 5598 918 5650 enim
965 5599 1260 5668 scriptura:
1319 5601 1504 5653 colore
1546 5603 1822 5672 purpurei

3557 271 3662 328 342

1890 405 1935 456 Α
2075 403 2181 468 Ira,
2209 416 2405 472 pavor,
2440 400 2646 468 rabies,
2681 399 2960 472 patientia
2987 404 3246 473 tempore
3275 401 3339 458 in
3370 418 3513 473 uno,

2170 493 2275 546 Tot
2312 491 2485 546 facies
2515 495 2701 562 gestas
2731 491 3060 562 pectoribus
3089 492 3300 548 vacuis.

2701 597 2917 652 XXXIV.

1955 701 2174 743 vsusos
2204 687 2412 757 :SCRIPTI
2469 703 2678 741 AGELLO
2736 703 2824 740 om
2865 690 2886 724 ‘
2936 703 3116 742 FILIUM
3177 701 3404 745 manu”
3456 702 3653 744 suam

2027 792 2303 833 CHRISTO
2348 791 2708 843 OFFERUNT,
2747 791 2856 839 QUI
2887 775 3364 833 POENI'I'ENTIAM
3407 793 3575 833 EGIT.

2059 867 2306 936 Suscipit
2336 867 2594 920 oblatum
2627 865 2848 918 veniam
2881 865 2972 918 cui
3001 866 3245 920 contulit
3276 866 3448 921 Iesus.

2167 957 2299 1010 Post
2327 955 2524 1024 culpas
2554 954 2763 1006 anima:
2791 958 2923 1007 sunt
2953 954 3284 1008 holocausta
3317 955 3434 1009 Dei.

2062 1046 2259 1114 Perge,
2294 1059 2458 1114 puer,
2494 1048 2720 1098 teneros
2751 1059 3029 1113 superans
3070 1043 3216 1098 bene
3255 1043 3512 1098 conscius
3543 1057 3653 1098 an-

3397 1133 3542 1202 [nos.

2166 1223 2418 1276 Victores
2436 1221 2560 1293 juvi
2593 1220 2837 1274 candida
2865 1219 2977 1273 vita
3007 1220 3151 1290 pios.

2713 1328 2904 1382 XXXV.

2028 1454 2093 1492 DE
2121 1436 2144 1471 5
2174 1454 2244 1492 ΕΟ
2271 1452 2362 1498 QUI
2395 1451 2586 1491 GALLIS
2626 1451 2743 1489 IPSO
2782 1448 3066 1489 ΡιυεδΕΝτε
3116 1447 3428 1487 OBLOCUTUS
3463 1447 3575 1498 EST,

2240 1542 2365 1581 CUM
2406 1541 2594 1581 ESSET
2636 1537 3011 1580 DETRACTOR
3044 1536 3361 1577 VENETUS.

2059 1615 2258 1672 Illudis
2289 1616 2480 1683 Gallis,
2513 1615 2713 1669 Veneti
2744 1613 2894 1668 male
2927 1613 3107 1666 tincta
3137 1625 3410 1682 propago.

2165 1705 2253 1759 Nil
2283 1705 2545 1758 candoris
2579 1704 2774 1770 habes,
2810 1718 2975 1756 mens
3006 1700 3109 1756 tibi
3144 1700 3298 1772 quod
3351 1713 3533 1770 genus
3562 1701 3648 1754 est

2052 1793 2303 1866 Despicis
2326 1794 2578 1848 insontes
2612 1792 2910 1846 maculatos
2941 1790 3178 1845 vernula
3210 1794 3416 1844 terrai:

2157 1885 2262 1940 Sed
2293 1888 2454 1938 natos
2475 1882 2735 1938 Rhodani
2759 1881 2855 1935 nix
2886 1878 3189 1951 probitatis
3220 1877 3410 1935 habet.

2683 1989 2903 2042 XXXVI.

2265 2093 2648 2135 EPIGRAMMA
2707 2080 2728 2112 ⁸
2787 2092 2848 2131 1N
2898 2089 3318 2130 suascmpro.
3417 2136 3422 2140 δ

2047 2169 2207 2234 Quod
2236 2168 2337 2223 tibi
2369 2172 2589 2222 natura:
2619 2166 2838 2220 dederit
2867 2165 2957 2218 lex
2979 2179 3218 2234 germen
3250 2162 3452 2232 amice,

2152 2261 2269 2315 Hoc
2294 2257 2438 2312 mihi
2465 2257 2592 2312 fons
2623 2256 2813 2311 tradat
2841 2253 3180 2308 viviﬁcantis
3215 2269 3396 2324 aquae.

2667 2362 2910 2417 XXXVII.

2297 2469 2361 2509 IN
2422 2468 2590 2508 nemo
2664 2468 2827 2508 ANTE
2859 2464 3262 2505 ORATORIUM.
3351 2445 3368 2454 κ

2046 2543 2360 2599 Commoda
2390 2543 2458 2597 de
2482 2541 2706 2596 damnis
2735 2539 3025 2604 mercaris,
3058 2537 3268 2609 gaudia
3290 2537 3546 2609 planctu,

2151 2633 2208 2688 Si
2237 2632 2342 2687 tibi
2373 2633 2442 2687 de
2473 2633 2694 2688 Christo
2717 2635 2802 2683 est
2833 2629 3154 2683 indubitata
3185 2627 3346 2683 ﬁdes.

2645 2738 2926 2792 XXXVIII.

2507 2843 2670 2882 ANTE
2715 2840 3070 2880 OLEARIUM.

2047 2921 2160 2974 Hoc
2191 2920 2278 2972 est
2307 2917 2460 2988 quod
2511 2916 2692 2970 nitido
2739 2913 3063 2968 membrum
3095 2912 3416 2980 completur
3443 2911 3626 2966 olivo:

2150 3007 2237 3061 Nil
2267 3006 2457 3077 potius
2491 3009 2711 3059 sanctas
2747 3002 3016 3056 convenit
3050 3005 3180 3054 ante
3209 3001 3377 3054 fores.

2672 3109 2886 3164 XXXIX.

2512 3214 2675 3254 ANTE
2722 3210 3058 3252 HORREUM.

2041 3291 2256 3345 Horrea
2285 3304 2457 3360 parva
2495 3289 2647 3356 licet,
2681 3287 2777 3341 sed
2815 3299 2975 3348 mens
2999 3288 3085 3338 est
3113 3284 3325 3355 largior
3351 3285 3481 3340 illis.

2145 3381 2266 3434 Non
2296 3394 2533 3450 parcens
2565 3378 2769 3448 opibus
2799 3373 3024 3430 divitias
3055 3375 3258 3429 merui.

2727 3483 2832 3539 XL.

2574 3607 2739 3647 ANTE
2784 3608 3037 3649 SCALAS.

2034 3680 2353 3736 Adveniant
2383 3680 2641 3734 animum
2668 3686 2956 3736 reserante
2987 3687 3128 3737 teste
3165 3681 3372 3751 ﬁgura,

2141 3771 2263 3834 Quo
2290 3786 2516 3841 semper
2545 3776 2743 3824 votum
2773 3772 3040 3841 proditur
3067 3771 3302 3826 indicio.

2710 3877 2840 3932 XLI.

2460 3981 2628 4020 ANTE
2670 3981 3065 4022 CELLARIUM.

2035 4054 2200 4109 Nulla
2227 4070 2442 4125 penum
2474 4055 2625 4108 laxat
2656 4055 2862 4109 mentis
2893 4072 3158 4126 pressura
3177 4053 3435 4125 :siuistra:
3461 4068 3474 4106 :

2143 4143 2332 4198 Effluit
2363 4145 2623 4214 expensis
2655 4145 2806 4214 quod
2839 4145 3037 4215 spatiis
3062 4145 3268 4198 latitat.

1861 4289 1902 4342 θ
1931 4319 2054 4374 fasti
2089 4319 2350 4384 Martiali,
2385 4323 2441 4374 et
2469 4318 2846 4389 purpurissati
2879 4317 3131 4374 Sidonio.
3166 4317 3291 4387 Non
3338 4313 3547 4376 minus,

1926 4391 2134 4461 inquit,
2188 4392 2482 4445 Messalam
2537 4391 2829 4445 consulem
2906 4395 3073 4444 ornat
3129 4403 3341 4442 nomen
3394 4400 3612 4452 meum,

1927 4479 2099 4534 quam
2122 4463 2256 4534 ipsa
2287 4464 2556 4532 palmata.

1995 4533 2019 4609 ξ
2058 4530 2593 4609 Filium—Armenii]
2772 4551 2829 4597 η,
2863 4530 3030 4609 epist.
3067 4535 3168 4609 I.___
3249 4605 3256 4609 _
3417 4599 3432 4609 ι
3505 4597 3516 4608 .
3598 4597 3610 4609 α

1998 4607 2018 4640 ⁵
2056 4609 2134 4658 De
2164 4622 2222 4657 ρο
2253 4605 2352 4675 qui
2409 4599 2615 4673 Gallis]
2645 4599 3031 4674 Transalpinis
3052 4602 3282 4666 scilicet,
3319 4599 3616 4675 undeipsi

1927 4676 2108 4745 origo.
2146 4671 2282 4729 Nam
2316 4683 2370 4729 et
2402 4671 2859 4746 Venetiquoque
2886 4671 3330 4746 'Cisalpinirsunt
3359 4671 3520 4746 galli.

1927 4743 2174 4800 Venetus
2223 4755 2497 4816 praeterea
2548 4743 2976 4814 coloris—genus
3018 4750 3120 4798 est.
3172 4743 3312 4800 Hinc
3368 4743 3614 4816 Venetos

1928 4820 2074 4872 male
2112 4815 2332 4883 tinctos,
2385 4824 2442 4872 et
2481 4820 2777 4872 maculatae
2808 4825 2975 4870 terrae
3021 4819 3284 4871 vernulas
3319 4820 3496 4881 vocat,
3526 4815 3612 4868 vel

1929 4890 2064 4953 quia
2090 4889 2300 4942 {UEIOI‘G
2333 4894 2464 4942 sunt
2501 4907 2615 4956 ore,
2648 4906 2821 4959 quam
2853 4888 3016 4944 Galli.

1997 4961 2020 4993 (⁵
2060 4963 2132 5014 In
2145 4960 2486 5032 subscripta]
2511 4963 2584 5014 De
2606 4957 2986 5032 competente,
3010 4959 3276 5030 baptismi
3293 4957 3615 5032 candidato.

1927 5032 2033 5095 Qui
2057 5029 2401 5101 baptismum
2433 5029 2820 5100 postulabant,
2854 5032 3063 5101 Stripto
3085 5029 3312 5086 inomen
3342 5029 3617 5098 edereju-

1928 5103 2226 5156 bebantur.
2286 5104 2498 5156 Concil.
2536 5120 2585 5156 ιν
2636 5104 2924 5172 Cart.bag.,
2979 5120 3102 5156 can.
3158 5107 3247 5156 25.
3302 5101 3616 5155 Ferrandus

1927 5173 2067 5250 diae.
2104 5174 2161 5250 i_n
2182 5174 2832 5250 _epist._nondum_edita
2863 5175 2931 5228 ad
2952 5175 3337 5250 _Fulgenﬁtium_
3367 5172 3434 5225 de
3468 5187 3614 5250 quo-

1929 5245 2056 5298 dam
2089 5243 2347 5312 A‘ltliiope
2376 5246 2751 5315 baptizando:
2786 5243 3215 5316 Propinquunle
3250 5243 3614 5316 solemnilale

1924 5316 2189 5386 paschali
2205 5316 2352 5368 inter
2363 5313 2738 5387 coznpcten/cs
2754 5313 3319 5385 οῇθνῖιινξεσγὶὺιίιιν,
3333 5313 3470 5367 erud
3476 5313 3614 5387 i_I_ur.

1929 5385 2170 5456 Cyrillus
2215 5387 2271 5440 in
2327 5385 2566 5457 prologo
2620 5390 3019 5454 Cateclieseen,
3062 5387 3312 5452 εἰσῆλθες,
3361 5385 3620 5446 κατηξιώ-

1932 5461 2042 5524 θης,
2077 5459 2237 5533 ῥ’νομά
2271 5457 2663 5533 “uibar/(adpo.
2691 5462 2828 5514 Inde
2857 5477 2924 5513 eo
2957 5466 3213 5529 tempore
3234 5462 3623 5529 competentes

1931 5537 1988 5583 et
2018 5532 2322 5601 subscripti
2353 5532 2709 5586 dicebautur.
