4060 6174
331 256 434 311 343
1539 260 1818 314 ENNODII
1865 260 2172 316 EPISCOPI
2207 261 2591 317 TICINENSIS
3724 267 3827 319 3H

1092 395 1263 450 XLIL.

902 499 1063 538 ANTE
1109 499 1463 547 COQUINAM.

439 589 568 645 Non
596 588 738 644 mihi
765 588 986 644 diffusas
1010 589 1148 643 dant
1179 590 1422 660 prandia
1449 592 1596 645 celsa
1613 590 1876 663 coquinae
1904 607 1917 648 :

546 678 659 733 Nec
688 678 879 750 plures
907 682 1106 732 venter
1136 680 1390 733 concutit
1421 680 1691 735 artiﬁces.

443 766 676 823 Fercula
707 783 887 838 pauca
916 767 1119 821 damus
1175 784 1482 823 numerum
1530 769 1818 825 vincentia
1850 771 2027 838 cultu,

548 855 735 911 Gloria
766 871 871 909 nec
903 854 1361 981 mensaildﬁrlnna
1392 857 1592 911 salutis
1622 858 1814 913 habet.

887 1015 901 1049 ¹
937 1030 1104 1070 ANTE
1149 1030 1479 1072 CANAVAM.

439 1122 640 1179 Sobria
659 1123 799 1177 cella
826 1122 981 1177 cadis
1012 1123 1208 1177 vinum
1240 1123 1396 1193 quod
1427 1128 1612 1179 servat
1645 1126 1887 1194 onustis,

549 1211 802 1281 Corpora
828 1210 1131 1265 conﬁrmat
1160 1211 1449 1282 gressibus
1484 1217 1606 1267 acta
1644 1213 1781 1268 suis.

443 1299 759 1356 lniundunt
786 1300 981 1353 multis
1013 1300 1227 1354 irarum
1263 1301 1465 1370 pocula
1504 1302 1800 1357 ﬂammas:

549 1388 851 1444 Mitescunt
878 1392 1073 1443 nostro
1107 1387 1310 1443 bellica
1336 1390 1502 1445 corda
1532 1407 1713 1446 mero.

1094 1478 1281 1535 XLIV.

842 1598 900 1637 IN
949 1597 1264 1639 INGRESSU
1318 1598 1541 1640 HORTI.

446 1671 705 1743 Respice,
734 1671 834 1744 qui
863 1688 1124 1743 gressum
1178 1672 1369 1727 sinuas
1417 1690 1519 1745 per
1561 1689 1788 1729 amoena
1834 1673 2036 1745 vireta,
2077 1700 2118 1754 Β

452 1762 521 1816 Ut
546 1761 729 1815 discas
749 1760 917 1815 cultis
940 1762 1127 1815 lucem
1158 1761 1429 1832 praaferre
1462 1762 1678 1828 diserti,

446 1847 675 1904 Arridet
704 1864 963 1919 germen,
991 1849 1146 1920 quod
1173 1850 1385 1919 linguas
1411 1849 1666 1920 pingitur
1696 1853 1876 1917 ostro,

448 1938 557 1992 Ver
584 1938 758 1992 habet
790 1938 851 1991 in
879 1937 1105 2003 bruma,
1152 1938 1251 2008 qui
1283 1938 1452 1993 ﬂores
1482 1938 1733 1993 carmine
1764 1938 1970 2010 gignit,

448 2029 558 2081 Per
588 2026 831 2098 glaciem
862 2027 1142 2098 zephyros
1171 2028 1438 2082 exhalant
1455 2027 1628 2082 verba
1653 2032 1931 2099 tepentes,

452 2114 620 2170 Ebria
646 2115 891 2186 fulgenti
924 2116 1273 2170 maduerunt
1300 2116 1517 2170 murice
1542 2116 1712 2184 dicta,

450 2204 731 2260 Omnibus
759 2204 819 2259 in
852 2204 1023 2259 rebus
1047 2220 1380 2259 sermonum
1412 2222 1670 2276 purpura
1709 2208 1932 2277 regnat,

450 2294 576 2349 Oris
610 2294 679 2348 ad
712 2293 1021 2364 imperium
1053 2293 1401 2348 submittunt
1428 2295 1571 2348 colla
1597 2294 1869 2365 chelydri.

448 2382 655 2453 Algida
685 2398 817 2436 cum
846 2398 1009 2436 roseo
1034 2381 1416 2453 juvenescunt
1445 2383 1726 2453 sanguine
1757 2384 1949 2452 corda,

453 2469 757 2526 Primaavos
789 2470 993 2540 gelidis
1025 2471 1276 2525 ostendit
1313 2470 1505 2526 littera
1534 2472 1829 2526 membris.

456 2558 632 2613 Vertit
656 2558 727 2614 ad
758 2559 1100 2630 obsequium
1144 2566 1363 2614 natura
1403 2576 1645 2615 munera
1677 2561 1899 2629 doctus,

454 2648 685 2711 Etates,
719 2646 955 2718 species,
992 2664 1313 2717 mensuras,
1352 2652 1635 2719 tempora,
1667 2650 1900 2705 formas.

1120 2738 1271 2792 XLV.

672 2840 861 2882 INTRA
906 2840 1169 2882 BORTUH
1216 2841 1424 2882 SUPRA
1493 2841 1722 2883 LIMBN.

457 2915 760 2971 Collaudat
780 2915 980 2987 spatiis
1011 2916 1316 2970 hortorum
1348 2915 1652 2970 commoda
1679 2916 1865 2984 lautis,

562 3005 815 3060 Plurima
844 3005 935 3060 cui
957 3004 1164 3059 satiant
1184 3006 1391 3077 jugera
1421 3006 1572 3060 culta
1603 3004 1835 3060 famem.

460 3093 644 3149 Ditior
673 3098 932 3149 extentos
961 3098 1193 3165 superat
1223 3094 1326 3148 dos
1353 3095 1515 3163 larga
1546 3094 1869 3149 minorum:

568 3183 848 3237 Nobilitas
880 3198 1011 3235 vera
1037 3187 1141 3249 est,
1174 3198 1303 3251 qua:
1335 3184 1478 3237 nitet
1516 3183 1576 3236 in
1607 3182 1869 3237 modicis.

458 3270 624 3324 Venit
653 3270 724 3324 ad
754 3270 1041 3324 inclusum
1073 3276 1423 3340 postponens
1455 3270 1637 3340 gratia
1666 3286 1916 3341 campos,

564 3358 824 3413 Prodidit
852 3358 1112 3428 angustis
1143 3358 1288 3428 quid
1319 3357 1490 3412 faciat
1518 3358 1794 3413 studium.

460 3446 669 3501 Vernat
699 3447 755 3501 in
778 3446 1042 3518 ingressu
1069 3446 1334 3500 viridanti
1367 3448 1616 3517 porticus
1648 3448 1871 3516 umbra,

572 3535 675 3591 Cui
705 3535 854 3590 fudit
883 3534 1121 3605 genium
1143 3534 1332 3590 vitifer
1358 3536 1481 3606 ipse
1518 3537 1685 3591 Deus.

463 3626 757 3679 Exornans
783 3623 1008 3694 magnis
1038 3623 1311 3679 foliorum
1336 3630 1491 3679 texta
1529 3626 1769 3680 racemis

568 3711 789 3768 Estivis
815 3714 1024 3784 junget
1051 3714 1356 3767 commoda
1386 3714 1721 3784 frigoribus.

468 3801 608 3858 Lilia
638 3818 795 3870 nam,
826 3802 1042 3870 laurus,
1082 3802 1252 3871 oleas,
1285 3802 1583 3857 commista
1613 3804 1813 3860 rosetis

574 3893 653 3947 De
676 3892 832 3946 cultu
862 3891 1163 3962 proprium
1186 3891 1319 3946 fecit
1349 3908 1514 3947 avere
1546 3892 1718 3948 diem.

467 3980 629 4035 Serta
656 3978 1065 4049 triumphantis
1104 3979 1369 4034 frondem
1420 3996 1549 4052 quas
1581 3986 1860 4037 monstret
1902 3982 2049 4037 ami-

1750 4068 1765 4141 [
1792 4087 1941 4125 cum.

573 4152 831 4209 Contulit
862 4154 1096 4210 affectus
1123 4170 1296 4209 aurea
1318 4160 1471 4210 terra
1502 4172 1652 4210 suos.

466 4244 681 4315 Largus
714 4260 888 4314 opum
928 4248 1125 4316 poscat
1148 4245 1384 4316 majoris
1415 4246 1655 4316 prmmia
1683 4245 1835 4301 voti:

572 4333 689 4388 Hoc
716 4333 850 4390 satis
880 4338 965 4388 est
990 4334 1172 4398 nobis,
1208 4334 1359 4404 quod
1382 4335 1503 4388 sine
1534 4334 1735 4391 fraude
1762 4334 1919 4391 libet.

1120 4423 1292 4477 XLVI.

452 4512 471 4546 ³
502 4525 817 4567 pauonem
846 4526 956 4566 mn.
986 4526 1034 4565 ιι.
1069 4526 1199 4573 oua:
1228 4512 1249 4545 ³
1269 4527 1325 4565 1N
1355 4525 1596 4567 SEPTICIO
1621 4527 1965 4570 cuum'rua.

930 4615 1039 4655 ITA
1083 4615 1318 4656 TENUIS
1364 4615 1503 4656 EST.

466 4685 711 4756 Spiritus
749 4687 1027 4742 exhausto
1056 4688 1254 4743 volitat
1282 4689 1658 4760 prmlubricns
1690 4706 1849 4746 auro.

434 4810 453 4847 ί
488 4808 637 4864 Ante
667 4810 970 4886 eandenm]
1018 4813 1573 4886 Cellam‘vinariam,
1608 4813 1664 4869 S.
1696 4815 2054 4886 Augustinus

362 4896 626 4935 sermone
656 4883 717 4956 6_l
750 4881 1165 4956 de_Tempore:
1198 4882 1382 4956 Multa
1404 4891 1537 4939 sunt
1565 4902 1685 4956 qua:
1726 4881 2052 4955 de'horreo,

359 4966 601 5027 canam,
623 4951 708 5027 uel
737 4952 976 5027 cellario
995 4951 1309 5025 aliquoties
1327 4951 1591 5027 proferre
1607 4973 1719 5010 non
1731 4951 2052 5027 possumus,

362 5023 612 5097 l_sidorus
645 5022 703 5076 in
734 5024 960 5097 Classis,
994 5022 1241 5093 Cariam,
1275 5022 1508 5081 cdmera
1535 5032 1664 5097 post
1681 5022 2051 5083 cénaculum.

363 5094 681 5148 Canevaros
734 5094 1019 5175 hodieque
1068 5098 1192 5151 Itali
1245 5106 1447 5152 vocant
1475 5094 1777 5168 pi’ncernas
1830 5102 1916 5153 vel
1961 5117 2053 5154 ca-

363 5182 520 5218 nava:
546 5174 903 5237 praepositos.

432 5237 454 5270 ²
494 5236 843 5310 ΒέλΜιιλνεηα
873 5237 977 5293 inl.
996 5236 1080 5310 f.]
1120 5239 1233 5292 Hoc
1256 5244 1341 5293 est
1368 5237 1634 5294 inlustris
1655 5238 1915 5303 femina:
1941 5240 2055 5294 for-

362 5311 508 5361 tasse
538 5308 842 5381 Firmium:
892 5310 949 5362 in
980 5308 1143 5377 cujus
1169 5311 1403 5381 anulum
1454 5310 1590 5363 lusit
1639 5312 1918 5381 epigram.
1963 5314 2049 5377 97,

363 5394 514 5432 nunc
541 5377 605 5432 in
638 5380 761 5449 ejus
786 5382 1169 5448 murenulam,
1201 5380 1308 5434 hoc
1331 5385 1413 5433 est
1442 5377 1762 5435 catenulam
1796 5398 2051 5445 auream,

362 5449 454 5501 cui
504 5449 818 5503 similitudo
874 5451 1040 5507 piscis
1101 5467 1309 5504 nomen
1368 5452 1530 5505 fecit:
1598 5470 1722 5507 eam
1779 5453 2055 5507 describit

364 5467 454 5501 cui
504 5467 818 5503 simintuuo
916 5467 1040 5505 lSClS
1101 5467 1309 5504 nomen
1368 5467 1530 5505 iecit:
1598 5470 1722 5507 eam
1779 5467 2054 5507 describit

364 5520 744 5593 Hieronymus
762 5521 836 5576 ad
856 5467 1175 5576 £arcellam
1198 5522 1360 5592 epist.
1395 5525 1472 5575 15.
1504 5523 1761 5577 Murenas
1796 5540 1900 5593 pro
1928 5540 2054 5577 mu-

367 5590 583 5665 renulis
640 5591 970 5665 frequenter
1015 5593 1184 5665 iterat
1211 5590 1539 5647 Anastasius
1564 5594 1624 5665 in
1655 5590 1929 5665 Gregorio
1958 5611 2011 5648 iv
2036 5611 2048 5648 :

363 5661 672 5717 Murenam
685 5661 877 5735 iniqua
890 5662 1137 5735 pendent
1151 5680 1386 5734 gemma
1404 5661 1812 5735 hyacinthicae'l
1828 5668 1857 5719 3
1876 5682 1887 5732 ;
1912 5666 2051 5720 item

364 5748 631 5790 murena:
652 5732 1004 5805 prasinales,
1043 5739 1099 5788 et
1124 5732 1710 5806 murenam'lriﬁlem,
1752 5752 2051 5791 murenam

2240 398 2492 454 Candida
2527 401 2799 456 lassatum
2831 419 2921 457 vix
2952 404 3408 473 tangitmembra
3438 408 3755 459 metallum.

2239 489 2455 545 Afﬂixit
2485 491 2712 562 pondus
2742 490 2995 561 pretium
3034 492 3283 548 fornacis
3327 493 3567 549 anhelas.

2882 581 3085 636 XLVII.

2860 684 3119 724 ALITER.

2240 759 2429 813 Aurea
2459 772 2561 829 per
2582 756 2820 812 nebulas
2850 757 3108 814 dissolvit
3136 757 3234 814 ﬁla
3260 758 3535 831 magister
3560 777 3572 814 :

2351 844 2633 901 Luserunt
2665 845 2879 901 dociles
2907 847 3145 902 ﬂamina
3170 848 3327 903 fulva
3356 864 3581 903 manus.

2863 936 3097 991 XLVIII.

2856 1036 3115 1078 ALITER.

2246 1108 2501 1166 Contulit
2528 1107 2620 1164 hic
2649 1113 2851 1165 ventus
2872 1111 3105 1181 pretiosi
3139 1112 3401 1168 membra
3430 1116 3665 1169 metalli.

2355 1198 2519 1263 Quod
2548 1200 2765 1256 ﬁnxere
2796 1200 3020 1267 timent,
3050 1218 3155 1257 nec
3186 1204 3419 1274 capiunt
3445 1204 3615 1258 oculi.

2909 1292 3083 1346 XLIX.

2869 1394 3127 1435 ALITER.

2254 1465 2349 1520 Est
2377 1464 2540 1534 nihil,
2577 1469 2634 1520 et
2653 1468 2840 1537 teneo,
2875 1467 3161 1523 convincit
3192 1468 3423 1524 dextera
3452 1469 3662 1526 visum.

2253 1554 2565 1624 Stringitur
2594 1555 2823 1611 arctatis
2852 1557 3168 1629 digitorum
3200 1558 3442 1614 nexibus
3462 1575 3625 1615 aura.

2971 1648 3028 1701 L.

2216 1749 2284 1788 DE
2311 1748 2377 1787 EO
2422 1748 2515 1794 QUI
2564 1748 2714 1791 FICUS
2749 1751 2966 1789 MUNERE
3005 1752 3069 1790 ET
3114 1752 3381 1793 TESSERAII
3414 1753 3583 1793 SIIUL
3614 1754 3789 1794 ιιειτ.

2252 1822 2517 1877 Damnati
2547 1820 2569 1857 ⁵
2591 1823 2808 1877 fructus
2833 1824 3011 1879 mittit
3043 1829 3141 1879 tua
3167 1826 3400 1881 dextera
3430 1826 3593 1899 ligni.

2253 1912 2382 1965 Hinc
2409 1911 2705 1967 hominem
2736 1911 2758 1946 ⁵
2789 1912 2916 1968 dira
2946 1914 3265 1984 spoliarunt
3312 1916 3521 1987 pabula
3562 1916 3841 1987 primum,

2254 2001 2323 2055 Et
2340 2000 2531 2066 nudis,
2558 2017 2806 2072 serpens,
2830 2008 2962 2073 post
2992 2003 3249 2059 fraudem
3278 2009 3429 2059 sorte
3460 2004 3719 2059 minaris.

2257 2091 2449 2156 Parce,
2486 2106 2706 2161 precor,
2741 2091 2937 2145 donis:
2974 2108 3136 2145 casus
3166 2096 3222 2147 et
3252 2093 3461 2147 damna
3491 2110 3742 2149 reserva.

2254 2178 2401 2244 Quid
2436 2179 2696 2234 nocitura
2722 2186 2890 2249 putas
2923 2180 3165 2235 insontis
3193 2198 3367 2251 poma
3395 2182 3612 2237 saluti?

2256 2270 2400 2322 Ante
2438 2267 2596 2323 ferax
2635 2268 2774 2322 lethi
2805 2274 2942 2323 tunc
2973 2274 3217 2324 mortem
3245 2270 3464 2341 depulit
3498 2273 3696 2336 ardor,

2260 2355 2390 2411 Fixa
2424 2356 2858 2429 triumphigeris
2889 2375 3018 2413 cnm
3051 2359 3224 2413 ramis
3256 2360 3368 2414 vita
3405 2359 3700 2432 pependit.

2958 2446 3046 2502 LI.

2610 2549 2684 2589 DE
2710 2550 3045 2591 ADULTERO
3072 2551 3144 2591 ET
3170 2550 3397 2592 HOLLE.

2261 2621 2468 2679 Omnia
2498 2623 2830 2694 memphitis
2860 2623 3183 2679 retinentur
3212 2625 3418 2679 saecula
3450 2624 3639 2679 textis.

2260 2710 2503 2766 Servivit
2531 2727 2828 2783 nunquam
2860 2712 3200 2767 Laurentius
3231 2718 3361 2767 ante
3403 2713 3639 2779 Neroni,

2265 2800 2379 2854 Nec
2406 2799 2595 2855 timuit
2624 2800 2836 2855 validas
2862 2800 2995 2855 vicit
3025 2800 3125 2871 qui
3153 2817 3391 2872 corpore
3422 2800 3713 2855 ﬂammas.

2958 2889 3071 2944 LlI.

2882 2994 3143 3034 Αωτεκ.

2269 3067 2363 3122 Vir
2386 3065 2547 3135 facie,
2581 3065 2791 3122 mulier
2820 3072 3007 3139 gestu,
3037 3068 3134 3123 sed
3175 3083 3339 3123 crure
3369 3068 3525 3140 quod
3556 3067 3752 3134 ambo,

2265 3156 2464 3227 Jurgia
2506 3163 2726 3212 natura:
2764 3158 2918 3213 nullo
2960 3157 3286 3213 discrimine
3320 3160 3565 3223 solvens,

2266 3247 2337 3301 Es
2362 3247 2544 3318 lepus,
2577 3252 2634 3302 et
2665 3247 2810 3302 tanti
2838 3249 3133 3302 conculcas
3163 3248 3307 3303 colla
3333 3247 3534 3303 leonis.

2972 3336 3107 3391 LIII.

2888 3422 3143 3462 ALITER.

2269 3494 2439 3566 Exige
2470 3496 2771 3550 mendaces
2802 3497 3147 3568 poqulorum
3178 3496 3453 3551 uxorcula
3482 3494 3715 3563 barbas,

2377 3585 2455 3639 Ne
2478 3583 2741 3639 minuant
2764 3588 3045 3656 quaestum
3079 3585 3330 3640 mascula
3356 3584 3513 3639 labra
3542 3589 3731 3639 tuum.

2941 3673 3073 3728 LIV.

2886 3760 3142 3801 ALITER.

2271 3832 2506 3904 Respice
2537 3838 2869 3904 portentum
2902 3835 3191 3906 permixto
3219 3834 3349 3904 jure
3380 3838 3658 3896 creatum,

2269 3923 2602 3977 Communis
2633 3924 2880 3994 generis,
2918 3923 3094 3977 satius
3120 3922 3218 3977 sed
3250 3922 3457 3978 dicitur
3488 3921 3700 3975 omnis.

2955 4013 3057 4067 LV.

2885 4099 3142 4139 ALITER.

2271 4169 2440 4226 Ludit
2470 4168 2531 4225 in
2562 4169 2795 4242 ancipiti
2826 4177 3093 4226 constans
3122 4170 3347 4226 fallacia
3372 4185 3509 4224 sexu
3535 4187 3547 4225 :

2274 4260 2506 4314 Femina
2533 4276 2664 4313 cum
2690 4260 2923 4331 patitur,
2955 4261 3181 4330 peragit
3211 4275 3340 4313 cum
3364 4259 3574 4330 turpia,
3606 4274 3734 4312 mas
3757 4278 3773 4311 ι
3808 4268 3833 4299 -“

2950 4348 3081 4403 LVI.

2466 4434 2532 4474 IN
2566 4434 2995 4475 BAPTISTBIIIO
3042 4433 3552 4474 MEDIOLANENSI.

2272 4508 2530 4562 Mundior
2558 4508 2769 4562 excocti
2800 4508 3077 4579 fulgescat
3107 4509 3229 4562 luce
3262 4507 3501 4573 metalli,

2378 4598 2608 4651 Munera
2638 4596 2888 4667 disponit
2914 4598 3012 4668 qui
3042 4596 3176 4652 dare
3211 4597 3384 4668 digna
3415 4598 3550 4651 Deo.

2270 4690 2414 4741 Ante
2445 4685 2730 4757 vaporatis
2772 4686 3038 4740 Laurenti
3069 4687 3185 4739 vita
3215 4684 3474 4739 caminis.

2167 4812 2415 4868 lilatam.

2236 4884 2258 4916 ³
2290 4885 2352 4937 In
2379 4880 2640 4951 seplicio]
2669 4880 3021 4945 Basilienses,
3054 4879 3335 4951 seplacia.

2246 4952 2268 4987 "
2310 4955 2581 5008 Damnali
2608 4957 2832 5012 [racius
2863 4953 3023 5023 ligni]
3084 4955 3151 5006 Ex
3186 4969 3385 5006 eorum
3434 4951 3720 5004 sententia
3763 4968 3872 5020 qui

2167 5026 2429 5079 arborem
2457 5026 2673 5077 Adamo
2710 5022 2940 5078 vetitam
2974 5022 3145 5077 ticum
3194 5023 3368 5076 fuisse
3398 5022 3764 5075 existimant:
3813 5025 3874 5074 in

2166 5096 2374 5167 quibus
2400 5094 2791 5173 Theoﬂdoretus
2826 5102 3027 5173 quaest.
3064 5098 3135 5173 ?8
3166 5094 3872 5173 inhGenesi-n..'l‘esser.im

2166 5162 2358 5221 autem
2382 5184 2508 5220 cum
2541 5166 2763 5220 ﬂcubus
2791 5162 3040 5231 missam,
3075 5165 3416 5233 hospitalem
3449 5162 3603 5215 dicit.

2236 5237 2258 5271 ⁵
2300 5238 2447 5291 Dira
2474 5236 2819 5308 spoliarunt]
2855 5237 2949 5291 Hic
2980 5238 3137 5308 nulla
3168 5232 3253 5308 est
3288 5235 3345 5287 in
3370 5244 3553 5287 metro
3586 5232 3829 5308 licentia
3861 5250 3873 5286 :

2165 5311 2301 5380 quia
2336 5305 2551 5361 veteres
2579 5308 2936 5379 grammatici
2962 5307 3165 5360 docent
3195 5306 3423 5359 brevem
3452 5313 3655 5380 natura
3691 5305 3875 5380 sylla-

2168 5375 2295 5434 bam
2330 5375 2637 5448 ancipitem
2672 5380 2816 5441 fieri,
2844 5395 3017 5449 quam
3052 5380 3107 5431 in
3142 5383 3404 5453 sequenti
3433 5375 3696 5453 dictione
3735 5376 3876 5453 dun:

2165 5446 2544 5505 consonantes
2584 5446 2885 5518 excipiant,
2934 5464 3176 5519 quarum
3216 5446 3370 5516 prior
3400 5448 3473 5499 sit
3517 5446 3707 5519 S._lta
3739 5446 3878 5513 cpi-

2165 5539 2346 5593 gram.
2379 5521 2663 5587 l7,Pande
2682 5516 2931 5593 duilium
2951 5516 2968 5580 Ξ
2991 5526 3046 5572 et
3068 5519 3353 5593 Virgilius,
3377 5518 3510 5593 date
3530 5516 3667 5593 tela,
3694 5532 3879 5569 scan-

2162 5587 2281 5647 dite
2310 5608 2520 5647 muros.
2562 5590 2826 5645 Martialis
2873 5590 2965 5643 lib.
3013 5606 3129 5649 vin.
3169 5590 3353 5658 epigr.
3408 5590 3593 5641 Pauca
3636 5587 3883 5648 Jovem,

2170 5664 2436 5719 Nondum
2464 5665 2661 5716 laxata
2687 5660 2881 5723 slulle,
2913 5664 3124 5730 negata
3155 5666 3328 5730 putas
3344 5659 3371 5712 ‘2
3414 5659 3504 5714 Sic
3534 5658 3696 5730 enim
3730 5674 3884 5712 eum

2168 5752 2391 5790 versum
2417 5737 2614 5806 legunt
2642 5728 3059 5804 probatissima:
3089 5728 3225 5786 fidei
3255 5728 3625 5800 exemplaria.
