4060 6174
191 268 265 318 3δό

245 392 500 457 Constitit,
533 397 590 444 ut
617 391 886 444 blandum
922 392 1254 448 nobilitaret
1284 411 1445 466 Opus.

188 484 441 547 Marmora,
475 481 740 550 picturas,
773 481 1015 550 tabulas,
1047 481 1290 538 sublime
1319 485 1556 541 lacunar

241 570 348 638 Ipse
372 569 524 622 dedit
555 569 788 638 templo,
807 569 906 640 qui
936 570 1222 640 probitate
1246 573 1408 627 nitet.

186 656 383 713 .ildibus
409 657 475 712 ad
507 657 752 728 pretium
787 659 866 711 sic
898 675 1086 714 mores
1116 661 1378 716 conditor
1408 663 1584 729 addit.

240 749 434 801 Vellera
453 765 560 802 ceu
591 749 792 802 Serum
832 749 1074 804 matrice
1097 751 1274 805 tincta
1299 752 1468 807 feras.

185 837 399 902 Qualiter
424 837 672 891 inclusus
694 838 868 892 comit
894 839 986 893 lux
1016 839 1243 911 hospita
1273 857 1552 912 gemmas.

240 927 324 980 Nix
354 925 555 996 lapidis
585 927 854 997 quotiens
885 928 1180 998 pulchrior
1210 936 1329 985 arte
1362 931 1548 986 rubet.

921 1017 1078 1072 LVII.

180 1120 233 1158 οε
263 1119 551 1170 JOYINIANO,
593 1119 686 1164 QUI
721 1120 825 1159 CUM
867 1122 1108 1162 HABERET
1163 1124 1380 1165 BARBAK
1421 1126 1689 1166 GOTHICAK
1733 1128 1837 1169 LA-

245 1207 427 1247 CERNA
519 1208 830 1249 VESTI'I'US
913 1211 1262 1253 PROCESSIT
1306 1216 1380 1254 EX
1416 1215 1740 1257 TEMPORE.

186 1281 494 1335 Barbaricam
525 1282 728 1336 faciem
759 1285 1046 1338 Romanos
1068 1303 1294 1342 sumere
1326 1289 1513 1344 cultus
1544 1315 1572 1328 -

186 1370 339 1436 Iliror,
369 1376 422 1424 et
451 1370 514 1425 in
543 1372 770 1426 modico
805 1373 1096 1429 distinctas
1126 1392 1366 1448 corpore
1389 1383 1609 1450 gentes.

904 1463 1087 1517 LVIII.

866 1567 1124 1608 ALITER.

189 1636 472 1692 Romuleam
506 1640 761 1709 tegetem
789 1657 902 1694 nox
935 1641 1049 1695 oris
1082 1643 1281 1698 nubila
1301 1643 1482 1698 fuscat
1516 1661 1529 1700 :

188 1727 430 1795 Oppressit
463 1735 649 1781 vestes
676 1730 981 1784 tenebroso
1015 1732 1270 1802 tegmine
1301 1734 1511 1788 vultus.

921 1821 1050 1875 LIX.

863 1923 1123 1964 ALITER.

190 1991 427 2046 Nobilibus
458 1993 613 2048 tollis
650 1995 905 2065 genium,
933 1998 1082 2052 male
1114 2005 1365 2070 compte,
1392 2000 1657 2070 lacernis,

193 2081 431 2136 Discordes
460 2082 709 2138 miscens
743 2085 977 2139 inimico
1002 2087 1214 2142 foedere
1249 2090 1453 2159 proles.

943 2175 1039 2230 LX.

255 2276 294 2311 IN
329 2276 560 2316 BASILICA
604 2264 623 2298 ί
667 2279 708 2316 S.
754 2279 1016 2318 CALEMERI
1059 2281 1279 2326 QUANDO
1321 2283 1597 2324 REPARATA
1636 2287 1744 2325 EST.

195 2346 349 2401 Libera
377 2350 663 2418 captivum
695 2358 1033 2408 meruerunt
1065 2355 1317 2409 culmina
1344 2357 1574 2426 lumen;

240 2438 429 2491 Arridet
450 2438 624 2493 facies
655 2441 848 2496 nubila
879 2443 1035 2496 nulla
1059 2459 1285 2513 gerens.

193 2525 262 2578 Hic
286 2543 444 2597 nuper
467 2529 739 2599 astrigeri
768 2530 869 2584 dos
898 2531 1162 2600 proxima
1195 2533 1348 2589 venit
1378 2535 1629 2607 Olympi,

242 2614 467 2670 Laurenti
494 2617 641 2670 vatis
674 2618 841 2672 ducta
876 2620 1217 2675 ministerio.

190 2703 368 2756 .lIdibus
386 2710 434 2758 et
459 2706 588 2761 vitae
624 2709 789 2778 cujus
819 2724 973 2764 nunc
997 2727 1108 2764 una
1141 2712 1328 2782 ﬁgura
1363 2719 1476 2781 est;

243 2792 333 2848 Ceu
357 2795 482 2849 solis
511 2796 696 2850 radiis
727 2797 934 2864 forma,
969 2799 1124 2853 color
1158 2801 1378 2856 similis.

192 2880 304 2951 Euge
331 2888 669 2939 vetustorum
703 2891 1024 2957 reparator,
1053 2905 1229 2961 perge
1261 2907 1541 2947 novorum

240 2969 492 3038 Conditor,
510 2979 565 3027 et
597 2975 768 3029 vultu
789 2976 976 3030 clarus
1004 2982 1059 3032 et
1089 2978 1346 3048 ingenio.

193 3058 412 3127 Abjurant
436 3064 707 3133 priscam,
745 3069 798 3120 te
825 3068 1089 3137 praesule,
1120 3072 1267 3122 tecta
1290 3069 1556 3140 ﬁguram,

240 3147 432 3204 Advena
456 3153 676 3208 casuris
706 3155 1018 3226 porrigitur
1045 3156 1268 3227 genius.

917 3245 1044 3300 LXI.

195 3339 238 3377 DE
264 3342 448 3389 QUODA!
506 3348 702 3387 VETERI
760 3350 970 3389 INIMICO
1021 3352 1218 3391 STCL’I‘O
1260 3354 1323 3391 ET
1362 3354 1503 3392 BENE
1541 3355 1824 3394 PASCENTE.

191 3415 374 3472 Prandia
389 3420 533 3474 lauta
573 3438 770 3492 paras,
797 3423 897 3477 sed
930 3423 1129 3494 lingua
1160 3425 1423 3480 sordibus
1454 3426 1677 3484 horres.

240 3504 282 3558 Si
308 3506 434 3561 desis
464 3518 684 3580 pastor,
712 3511 929 3566 fercula
958 3513 1244 3567 concilias.

193 3594 440 3650 Ambitiosa
459 3599 664 3667 fames,
694 3600 899 3655 lassate
931 3603 1173 3673 prodiga
1198 3620 1392 3672 censu,

239 3686 474 3740 Cornibus
504 3688 771 3757 insultat,
807 3691 854 3744 si
885 3695 1066 3746 taceat
1097 3692 1383 3748 dominus.

908 3780 1060 3835 LXII.

323 3876 384 3917 DE
427 3879 494 3920 EO
537 3881 701 3928 QUIA
748 3882 1088 3924 PAL'PERUM
1135 3885 1290 3925 OPES
1337 3885 1656 3927 VORABAT.

196 3944 445 4006 Visceribus
477 3956 825 4010 miserorum
848 3961 903 4009 et
933 3957 1213 4028 sanguine
1235 3960 1503 4030 pauperis
1531 3963 1714 4028 aucte,

239 4037 502 4096 Tantorum
523 4048 744 4098 mortes
775 4060 876 4099 cur
901 4045 1004 4100 tibi
1028 4050 1163 4100 sunt
1183 4049 1368 4117 epulae
1387 4048 1414 4102 ‘?
1537 4109 1544 4118 ,

194 4124 380 4197 Tubera,
412 4133 689 4202 perdices,
717 4149 874 4204 gms,
903 4134 1125 4202 turdus,
1160 4140 1366 4203 turtur,
1393 4138 1651 4204 echinus,

239 4216 330 4270 Non
356 4221 572 4289 explent
606 4225 838 4276 uterum
863 4238 1109 4293 corpora
1133 4224 1289 4278 mille
1322 4230 1509 4279 tuum.

192 4300 411 4362 Infaustus
439 4311 659 4380 multis,
686 4311 792 4366 tibi
826 4311 957 4367 felix
989 4311 1196 4366 diceris
1232 4313 1354 4373 uni.

241 4393 390 4450 Haeres
410 4400 552 4466 quod
585 4401 797 4454 misero
819 4405 1017 4454 venter
1037 4401 1146 4455 erit
1175 4402 1464 4472 proprius.

887 4491 1066 4544 LXIII.

812 4593 885 4632 DE
930 4595 1163 4634 EODEM.

238 4660 445 4716 Artubus
468 4662 739 4720 humanis
768 4667 1156 4738 Polyphemus
1183 4669 1340 4736 vixit,
1365 4673 1421 4723 et
1450 4675 1573 4723 atro

243 4794 323 4875 ξε.
344 4804 640 4879 Calemeri]
667 4808 931 4877 Episcopi
963 4813 1019 4863 et
1047 4810 1314 4879 martyris
1369 4810 1816 4878 Mediolanensis,

194 4881 308 4950 cuius
343 4875 577 4931 Natalem
598 4875 776 4948 agunt
821 4875 969 4949 prid.
1031 4881 1137 4933 cal.
1167 4875 1429 4950 A'ugusti.
1492 4875 1818 4934 Calemerus

195 4941 536 5024 utnEvemerus
593 4941 938 5024 rsctuni'est
994 4941 1291 5024 Καὶὴμεροξ
1328 4950 1610 5024 Εὐήμερος.
1677 4954 1818 5007 USUS

193 5009 356 5094 iptlexit
410 5025 465 5071 ut
519 5021 832 5094 Galinierus
880 5022 1118 5094 dicatur,
1141 5009 1300 5075 'si'cut
1368 5009 1664 5078 Ca'lo'cerus
1710 5041 1816 5094 pro

193 5077 604 5166 Calegzero,_quod
635 5092 838 5166 Graecis
861 5098 951 5166 est
1002 5077 1338 5166 Καλὸκαιρος.

242 5153 328 5234 ’,οε
351 5153 627 5234 defensore
651 5162 882 5234 callido]
918 5153 1341 5234 Epigramn'iate
1367 5168 1452 5231 76,
1491 5164 1812 5231 Decallido,

280 5225 534 5312 Defensor
554 5225 1166 5312 dicebaturfDette‘nsor
1198 5236 1387 5312 itaque
1417 5225 1521 5312 hoc
1544 5237 1664 5312 loco
1703 5225 1814 5291 non

194 5300 254 5343 est
278 5300 467 5365 ἔκδικος,
497 5310 557 5356 ut
587 5321 710 5358 cum
740 5306 948 5358 dicitur
977 5307 1239 5360 defensor
1278 5300 1536 5371 civitatis,
1573 5310 1670 5362 sed
1709 5325 1809 5362 no-

195 5373 286 5445 [nen
315 5375 582 5440 proprium
614 5377 735 5436 viri.
773 5384 836 5430 ut
867 5380 1014 5445 apud
1045 5378 1360 5443 Sulpicium
1394 5380 1664 5433 Severum
1716 5381 1814 5433 De-

194 5439 352 5519 lf-nsnr,
383 5445 472 5511 qui
498 5447 704 5501 obstitit
729 5450 782 5503 S.
823 5439 1082 5513 Ma'rtino,
1120 5439 1175 5501 et
1206 5451 1263 5501 in
1286 5450 1538 5519 antiquis
1585 5451 1811 5504 Notitiis

197 5501 412 5589 Defensor
443 5519 645 5589 primus
675 5523 977 5588 episcopus
1004 5501 1520 5589 Andegavensiiim.

244 5575 503 5638 uvi'uaéz':
522 5575 961 5662 sereremus
989 5607 1016 5645 e
1046 5575 1202 5644 bibl?)
1235 5608 1332 5644 seu
1361 5607 1596 5662 papyro.
1624 5591 1810 5645 Aldel—

1560 271 1935 329 CARMINUM
1979 276 2102 328 LIB.
2147 276 2197 327 ll
2218 311 2231 328 .

3549 293 3652 344 346

1879 408 1924 460 Α
2024 405 2308 476 Sanguine
2336 407 2613 463 distentos
2635 411 2866 466 delicias
2899 415 3117 470 habuit.

1948 492 2029 546 Tu
2059 493 2249 548 reddis
2279 495 2545 565 similem,
2579 515 2747 553 scena
2780 502 3079 570 redeunte,
3103 505 3356 561 furorem
3382 524 3399 578 ;

2019 581 2123 636 Cui
2152 588 2382 654 pastum
2405 587 2664 642 tribuunt
2687 592 2922 660 agmina
2954 593 3254 649 debilium.

2713 699 2883 752 LXIV.

1947 792 2014 832 DE
2052 794 2119 832 ΕΟ
2161 795 2255 841 QUI
2300 797 2362 835 U'I'
2397 797 2592 837 AMICOS
2645 802 2766 840 Ε]υὸ
2818 805 2885 840 AD
2927 805 2985 841 SE
3024 804 3310 858 'I'OLLERET,
3356 807 3641 848 PASCEIHT.

1948 883 2226 956 Mergeret
2251 893 2312 942 ut
2342 889 2498 944 divos
2532 892 2587 945 in
2622 898 2887 959 mortem,
2920 895 3128 964 pabula
3159 913 3392 967 serpens

2017 974 2286 1045 Contulit,
2321 983 2375 1031 et
2399 980 2572 1033 vitam
2596 997 2830 1035 munere
2859 983 2982 1036 dira
3005 985 3155 1038 tulit.

1945 1062 2391 1142 Sic-quicunque
2421 1084 2578 1122 meos
2608 1070 2856 1139 paradisi
2882 1089 3013 1126 vere
3043 1074 3266 1128 labores

2015 1154 2325 1222 Demulcet,
2358 1174 2539 1212 casses
2560 1160 2799 1214 convivii
2831 1162 3068 1230 patitur,

1947 1242 2064 1296 Illic
2094 1244 2332 1300 discedit
2355 1264 2526 1318 quem
2561 1254 2792 1318 pectore
2824 1251 2996 1320 gessit
3026 1251 3243 1305 amicus
3277 1268 3289 1306 :

2021 1332 2105 1387 Fit
2142 1335 2445 1391 dominum
2472 1339 2588 1392 cari
2620 1341 2868 1410 gutturis
2892 1341 3230 1410 hospitium.

2724 1447 2886 1502 LXV.

2384 1549 2456 1588 DE
2506 1550 2879 1591 DEFENSORE
2924 1552 3217 1593 CALLIDO.

1950 1638 2190 1694 Nescitis
2212 1639 2377 1706 votis,
2411 1644 2468 1695 et
2496 1641 2683 1695 cordis
2702 1641 2850 1696 nube
2885 1643 3172 1712 recedens,

1876 1698 1916 1750 Ο
2021 1729 2092 1782 Ex
2127 1728 2302 1782 oculis
2327 1746 2577 1800 praesens
2605 1731 2879 1802 qurereris
2902 1732 2960 1786 in
2991 1733 3153 1788 facie.

1947 1817 2143 1888 Tuque
2173 1833 2276 1888 per
2314 1817 2587 1889 ambages
2621 1820 2764 1873 nulli
2787 1820 3112 1890 spectabilis
3142 1838 3262 1876 esse

2017 1906 2220 1971 Calles,
2258 1907 2550 1961 melliﬂuis
2575 1908 2758 1961 toxica
2788 1909 2929 1963 dans
2961 1909 3152 1963 labiis.

1949 1995 2064 2049 Hoc
2093 1996 2219 2048 volo
2252 1996 2402 2066 quod
2434 2012 2550 2050 non
2583 1997 2666 2050 vis
2694 1998 2914 2068 jurans,
2978 2004 3032 2052 te
3085 1998 3236 2053 nolle
3276 2000 3429 2071 quod
3457 2005 3617 2072 optas

2018 2085 2283 2139 Concutis
2313 2090 2368 2138 et
2388 2086 2557 2140 variis
2580 2093 2810 2159 pectora
2839 2104 2984 2142 saeva
3009 2089 3210 2143 modis.

1949 2174 2195 2246 Hydram
2217 2175 2545 2245 verticibus,
2575 2177 2772 2230 formis
2795 2193 3067 2248 superare
3104 2179 3512 2235 Prometheum

2018 2265 2251 2331 Doctus,
2275 2265 2424 2318 utad
2455 2265 2673 2336 priscos
2703 2267 2896 2321 fabula
2917 2283 3031 2320 non
3061 2267 3258 2322 redeat
3291 2284 3306 2322 :

1947 2352 2099 2407 Bella
2131 2352 2265 2423 cies,
2288 2355 2483 2425 spoliis
2515 2355 2740 2424 crescis,
2768 2356 3053 2423 defensor,
3089 2355 3388 2428 ademptis.

2015 2442 2099 2495 Ad
2131 2457 2343 2496 nomen
2374 2444 2554 2497 currit
2581 2445 2777 2515 praeda
2802 2446 3052 2516 superba
3079 2449 3263 2500 tuum.

2705 2551 2874 2606 LXVI.

2113 2671 2396 2712 PR/EFATIO
2435 2675 2622 2714 'I'O'I'IL'S
2662 2673 2849 2715 OPERIS
2891 2676 3094 2715 POETICI
3135 2675 3279 2721 QUOD
3318 2675 3489 2716 FECIT.

3626 2043 3639 2068 9

1944 2763 2090 2816 Dum
2121 2779 2248 2818 mea
2267 2765 2614 2835 multiplices
2633 2781 2796 2820 meus
2823 2767 2989 2820 anxia
3009 2766 3252 2821 sustinet
3279 2770 3453 2821 aestus

2016 2853 2082 2905 Et
2114 2853 2320 2907 reddor
2340 2853 2502 2907 vitrei
2534 2856 2889 2925 mancipium
2919 2855 3135 2926 pelagi.

1945 2942 2202 3011 Cumque
2234 2943 2584 3012 procellosus
2617 2944 2914 2999 reﬂuentis
2935 2945 3184 3014 portitor
3204 2944 3374 2998 undas.

2012 3031 2232 3086 Africus
2258 3036 2321 3085 ut
2349 3036 2540 3102 captas
2567 3050 2658 3087 me
2681 3038 2829 3087 rotat
2860 3033 3112 3087 exuvias.

1942 3121 2160 3177 Pierius
2189 3121 2367 3174 menti
2389 3121 2543 3174 calor
2573 3121 2773 3175 incidit
2805 3137 2816 3175 :
2851 3121 3050 3191 indiga
3081 3119 3218 3174 serti

2009 3213 2288 3281 Tempora
2320 3227 2446 3264 mox
2469 3211 2644 3265 cinxit
2673 3211 2866 3264 laurus
2897 3210 3217 3280 Apollinea.

1938 3301 2096 3354 Tunc
2126 3300 2354 3354 hederae
2385 3299 2584 3353 viridis
2617 3299 2938 3353 rubuerunt
2968 3300 3150 3353 fronte
3172 3297 3449 3368 corymbi,

2012 3388 2239 3444 Castalii
2274 3388 2459 3442 mellis
2491 3404 2790 3442 murmura
2811 3387 3022 3442 blanda
3050 3387 3190 3441 bibi.

1939 3477 2221 3534 Continuo
2254 3493 2475 3547 ponens
2502 3482 2821 3531 marcentes
2839 3482 3070 3547 pectore
3089 3491 3255 3530 curas

2010 3567 2376 3637 Complector
2395 3565 2647 3633 laudem,
2671 3565 2948 3632 carmina,
2980 3565 3259 3619 laetitiam.

2703 3672 2901 3726 LXVII.

2123 3777 2189 3814 DE
2227 3777 2291 3815 EO
2333 3777 2479 3824 QUOD
2518 3776 2898 3814 VINDEHIARUM
2937 3775 3181 3814 TEMPORE
3220 3774 3469 3815 SCRIPSIT.

1938 3867 2117 3921 Musta
2146 3866 2300 3920 cadis
2328 3866 2528 3920 famuli
2561 3867 2698 3920 dum
2730 3867 2983 3920 condunt
3014 3869 3206 3921 nostra
3236 3865 3451 3933 ﬁdeles,

2008 3955 2075 4010 Et
2094 3955 2300 4010 ludunt
2315 3956 2473 4025 prelo
2501 3955 2750 4010 calcibus
2781 3955 3118 4026 intrepidis;

1937 4045 2082 4099 Dum
2116 4044 2353 4115 tingunt
2384 4044 2532 4098 rosei
2561 4045 2787 4114 plantas
2828 4045 2898 4099 de
2930 4044 3210 4115 sanguine
3247 4044 3470 4110 Bacchi,

2004 4134 2293 4189 Scinditur
2322 4138 2376 4187 et
2403 4137 2627 4187 teneras
2660 4150 2767 4187 uva
2789 4149 2993 4204 gerens
3014 4133 3271 4200 tunicas;

1934 4223 2062 4279 Otia
2094 4221 2117 4256 ³
2150 4222 2377 4278 Niliacis
2403 4239 2520 4276 non
2537 4239 2736 4294 passus
2766 4223 3021 4276 carmina
3041 4222 3213 4276 biblis

2003 4312 2244 4376 Sulcavi,
2280 4312 2503 4365 tumulo
2532 4328 2603 4365 ne
2633 4315 2832 4365 tenear
2856 4310 3126 4364 moriens.

1934 4401 2103 4456 Ebria
2131 4400 2408 4472 lapsantis
2428 4401 2719 4455 confessus
2747 4400 2920 4454 verba
2958 4397 3198 4466 Thaliae,

2003 4491 2141 4546 Sum
2170 4506 2379 4544 vacuus
2408 4491 2597 4561 culpa,
2631 4490 2676 4542 si
2706 4489 2943 4560 pedibus
2970 4487 3198 4542 titubet.

1929 4579 2162 4648 Jejunos
2190 4580 2387 4634 deceat
2425 4580 2515 4634 lex
2545 4580 2706 4647 artis,
2734 4577 2756 4613 °
2779 4577 2996 4648 syllaba
3026 4577 3367 4647 rbythmus:

2002 4669 2165 4722 Nulla
2199 4670 2598 4723 Cammnarum
2620 4667 2889 4738 jungitur
2920 4667 2990 4720 ad
3022 4665 3339 4720 Bromium.

1862 4270 1905 4323 D

1929 4827 2057 4865 mus
2073 4812 2141 4865 de
2177 4811 2555 4882 Nycticorace,
2592 4808 2886 4882 Romuleis
2930 4807 3148 4882 seribgr
3165 4805 3356 4882 biblis,
3383 4805 3629 4882 sedvoce

1927 4883 2188 4957 Pelasga.
2225 4878 2460 4957 Undeet
2494 4883 2728 4957 Biblinae
2773 4881 3034 4957 epistola).
3092 4878 3409 4957 I_saiaax_v1u
3473 4879 3624 4957 apud

1927 4950 2269 5030 interpretes
2311 4954 2430 5006 LXX
2462 4953 2616 5030 quod
2661 4956 2851 5005 noster
2908 4950 2986 5030 ait
3019 4965 3064 5030 ᾖ-
3095 4951 3164 5004 In
3188 4954 3341 5030 ensis
3360 4950 3623 5030 papyri.

1926 5025 2150 5078 Niliacae
2178 5029 2389 5090 autem,
2425 5024 2558 5093 quia
2591 5039 2868 5093 papyrum
2904 5023 2962 5076 in
3002 5023 3242 5092 Egypto
3281 5023 3533 5093 nascitur
3562 5023 3621 5072 in

1928 5096 2039 5170 _l‘_{i|i
2068 5091 3006 5170 palustribus.Pliniuslib._xm,_
3049 5091 3096 5145 c.
3135 5095 3214 5170 tl.
3248 5091 3622 5170 Cassiodorus

1926 5166 2023 5220 lib.
2059 5163 2134 5230 ξι,
2168 5165 2330 5236 epist.
2366 5168 2451 5220 38.
2515 5166 2650 5220 lnde
2712 5171 2766 5236 et
2821 5165 3048 5235 Capella
3104 5165 3328 5217 chartas
3385 5163 3624 5217 Nilotica

1924 5235 2905 5311 fruticiscollematavocatlibuit.
3030 5306 3041 5311 _
3131 5304 3163 5311 __
3295 5307 3303 5311 _
3453 5300 3485 5311 ,.
3578 5301 3587 5311 .

1995 5313 2015 5345 ⁸
2042 5306 2928 5383 Syllaba,rhythmus];_Male_in
2953 5304 3196 5383 vulgatis
3370 5304 3621 5383 antiquis

1922 5373 2191 5433 γενηθήτω.
2226 5373 2558 5449 Similijoco
2593 5373 2900 5449 aenigmata
2949 5373 3075 5430 suav
3107 5374 3324 5429 claudit
3377 5373 3619 5444 Sympo-

1921 5467 2036 5503 SIUS
2070 5467 2082 5504 2

2047 5539 2270 5586 Insanos
2302 5539 2439 5586 inter
2463 5551 2653 5586 sanum
2684 5549 2790 5584 non
2823 5547 2935 5583 esse
2967 5545 3180 5581 necesse
3211 5534 3309 5581 est.

2045 5602 2121 5649 Da
2154 5601 2381 5658 veniam,
2415 5601 2598 5659 lector,
2626 5600 2763 5662 quod
2803 5610 2910 5645 non
2942 5596 3078 5657 sapit
3105 5595 3255 5644 ebria
3284 5595 3448 5644 Musa.
