4038 6170
385 268 481 320 3ᾇῖ
1608 260 1899 317 ENNODII
1940 261 2256 320 EPISCOPI
2295 263 2680 319 TICINENSIS
3772 270 3862 320 3i8

1115 395 1337 449 LXVIII.

514 500 581 539 DE
620 499 841 545 QUODAI
880 496 1153 551 GLUTONE,
1196 498 1291 543 QUI
1330 498 1463 537 OPUS
1500 496 1628 539 EJUS
1666 499 1950 540 IMPERITUS

1047 587 1400 627 CARPEBA'I‘.

378 661 573 719 Nescio
598 678 700 717 cur
729 667 923 717 sancto
956 677 1069 715 non
1098 676 1316 731 parcas,
1351 662 1543 728 stulte,
1574 660 1777 731 labori,

450 753 596 807 Dum
628 767 845 806 morem
872 766 1063 804 servas
1086 749 1356 805 dentibus
1387 748 1668 804 insiliens.

376 841 639 897 Mandere
657 856 759 894 nos
788 839 978 911 pergis
1010 856 1022 892 :
1057 839 1154 893 sed
1181 842 1381 892 venter
1410 838 1711 893 commoda
1732 840 1926 894 nescit.

446 929 699 986 Flamina
722 945 854 982 nam
881 928 1069 982 vacuis
1091 927 1321 999 stringis
1351 926 1720 997 imaginibus.

376 1020 642 1075 Escarum
666 1034 873 1089 gurges
896 1019 971 1071 nil
1006 1016 1191 1088 ruptis
1224 1032 1517 1071 murmure
1548 1016 1739 1072 buccis

445 1108 708 1178 Suscipit,
742 1112 841 1161 aut
873 1106 1042 1160 castis
1077 1105 1323 1159 motibus
1354 1106 1644 1161 exuberat.

374 1196 704 1253 Phasiacam
737 1196 1045 1263 volucrem,
1080 1195 1259 1266 pisces
1288 1196 1374 1249 vel
1407 1195 1639 1250 sumina
1674 1200 1930 1268 captans,

447 1287 566 1342 Uda
595 1284 881 1355 vaporatis
908 1289 1139 1354 guttura
1170 1299 1335 1354 pasce
1389 1284 1547 1351 cibis,

375 1376 459 1430 Me
482 1375 861 1445 jejunajuvat
886 1373 1008 1426 sine
1040 1376 1200 1426 ructu
1227 1389 1476 1444 pangere
1507 1373 1690 1429 dicta:

446 1463 699 1535 Regiﬁco
729 1463 867 1517 luxu
897 1462 1111 1516 fercula
1141 1466 1195 1515 te
1227 1462 1454 1516 satient.

1147 1552 1318 1607 LXIX.

481 1657 548 1696 DE
589 1656 841 1696 EUNUCHO
881 1656 1137 1708 TRIBUNQ,
1179 1658 1406 1708 NOMINE,
1449 1655 1770 1710 PBREGRINO,
1813 1658 1984 1699 OHNIA

973 1745 1502 1787 PERAMBULANTE.

373 1819 634 1877 Testibus
665 1820 939 1875 asseritur
970 1837 1126 1892 gens.
1162 1837 1385 1890 census,
1415 1822 1549 1890 vita,
1585 1822 1856 1892 Tribune,

445 1908 764 1981 Antiquum
792 1910 1056 1981 quotiens
1087 1910 1406 1980 linquimus
1436 1910 1770 1981 hospitium.

376 1999 481 2065 Tu,
516 2014 688 2069 quem
716 1998 970 2053 lustratis
993 1999 1311 2054 transmisit
1341 1999 1607 2071 gentibus
1639 2015 1817 2067 error,

446 2088 613 2142 Nulla
642 2086 845 2142 domus
866 2088 1037 2158 pleno
1060 2104 1162 2142 nec
1204 2093 1360 2143 tenet
1390 2090 1581 2159 ampla
1610 2089 1702 2144 die
1750 2107 1762 2143 :

377 2176 467 2231 Vis
504 2175 616 2232 dici
644 2176 918 2247 locuples,
953 2176 1234 2245 sublimis,
1265 2178 1525 2249 pulcher,
1564 2177 1803 2244 amicus,

444 2266 693 2321 Estibus
721 2264 904 2338 ignoti
931 2266 1138 2321 missus
1166 2268 1235 2321 ab
1256 2267 1483 2322 Oceani.

376 2353 543 2410 Irrita
583 2354 733 2411 dicta
753 2356 963 2421 volant,
999 2361 1247 2411 assertor
1272 2372 1390 2410 non
1420 2356 1577 2410 venit
1602 2357 1771 2423 ullus,

446 2444 616 2501 Nulla.
643 2444 786 2500 ﬁdes
817 2462 1016 2499 sexum
1040 2446 1275 2515 detegit,
1306 2449 1404 2499 aut
1426 2446 1689 2515 patriam.

376 2534 684 2600 Mendicus,
716 2536 959 2601 vetulus,
994 2535 1252 2601 timidus,
1284 2535 1569 2602 confusus,
1605 2535 1863 2597 anhelus,

450 2622 563 2691 His,
596 2639 797 2678 verum
827 2623 1095 2694 perdens,
1128 2628 1289 2677 utere
1313 2623 1660 2679 nominibus.

1170 2712 1314 2767 LXX.

1067 2815 1138 2855 DE
1186 2816 1416 2855 EODEM.

376 2888 555 2942 Tutus
588 2886 729 2942 falsa
760 2887 918 2959 loqui
948 2889 1160 2958 poteris
1192 2889 1313 2942 sine
1344 2893 1505 2954 teste,
1539 2889 1789 2945 Tribune
1825 2906 1839 2945 :

445 2976 655 3031 Ventus
678 2975 849 3031 habet
880 2977 1137 3048 linguam
1167 2978 1516 3048 ponderibus
1542 2979 1722 3034 vacui.

1155 3068 1326 3121 LXXI.

546 3169 778 3208 ALITER
826 3170 899 3208 DE
948 3171 1109 3222 IPSO,
1155 3172 1311 3218 QUIA
1356 3173 1653 3219 NUSQUAM
1703 3173 1884 3213 STAT.

380 3242 712 3297 lnstabilem
737 3242 951 3296 faciunt
981 3247 1202 3298 naturae
1236 3244 1445 3299 damna
1465 3245 1783 3300 Tribunum
1816 3262 1829 3299 :

445 3331 646 3384 Avolat
673 3330 804 3384 hinc
837 3347 1054 3396 rursus,
1089 3332 1316 3386 vincula
1340 3335 1400 3387 ni
1426 3340 1677 3389 teneant.

376 3419 528 3474 Tolle
566 3418 739 3472 miser
782 3420 1066 3473 modicam
1114 3422 1361 3491 zephyro
1409 3424 1669 3478 veniente
1723 3424 2066 3481 saburram:

448 3505 630 3561 Radix
651 3507 809 3560 nulla
834 3512 931 3561 tuo
972 3512 1056 3561 est
1086 3508 1241 3562 utilis
1272 3510 1505 3566 auxilio.

1125 3597 1321 3652 LXXII.

945 3698 1179 3741 ALITBR
1225 3702 1297 3741 DE
1341 3701 1503 3743 IPSO.

381 3771 685 3828 Eunuchus
710 3775 936 3843 turpem
971 3776 1155 3843 poscit
1177 3791 1280 3844 per
1309 3776 1557 3847 compita
1581 3777 1791 3833 victum
1823 3797 1834 3834 :

448 3860 679 3916 Semina
709 3862 895 3915 telluri
927 3878 1045 3916 non
1071 3864 1243 3917 habet
1268 3866 1418 3920 unde
1442 3866 1601 3921 ferat.

380 3950 622 4007 Grandia
653 3950 942 4021 proscissis
968 3967 1067 4006 rus
1096 3957 1282 4008 servat
1301 3956 1564 4025 germina
1594 3958 1889 4028 membris,

450 4038 677 4093 Fetibus
706 4042 762 4092 et
782 4040 983 4094 messis
1012 4042 1394 4112 multiplicata
1418 4046 1589 4100 redit.

381 4130 443 4183 In
469 4143 689 4182 cassum
730 4134 914 4183 sectus
928 4132 1242 4201 proscindit
1270 4149 1499 4188 vomere
1530 4140 1711 4207 terga,

452 4216 522 4273 Ni
548 4216 772 4272 ﬁndens
800 4224 1030 4290 spargat
1058 4220 1339 4276 triticeam
1369 4224 1641 4279 sobolem.

1114 4309 1340 4367 LXXIII.

479 4410 547 4449 DE
584 4411 650 4450 ΕΟ
690 4410 834 4457 QUOD
873 4412 978 4451 CUM
1019 4413 1132 4452 IPSE
1169 4414 1367 4453 GALLOS
1406 4416 1674 4454 PARENTES
1713 4417 1970 4470 HABERET,

731 4501 1021 4543 ANSERES
1064 4503 1323 4545 AIABAT
1367 4505 1725 4547 COXEDERB.

379 4573 479 4628 Hic
505 4573 797 4628 volucrum
824 4592 1017 4647 pugna
1074 4582 1176 4645 est,
1215 4578 1309 4632 ubi
1339 4580 1498 4633 Gallo
1551 4581 1791 4635 caeditur
1858 4598 2025 4636 anser
2055 4600 2067 4637 :

447 4663 554 4715 Dat
583 4678 777 4732 poenas
812 4662 829 4696 ‘
863 4665 1067 4719 veteris
1098 4667 1438 4737 proditionis
1467 4669 1606 4723 avis.

378 4751 644 4805 Mactatus
680 4753 968 4822 quondam
1000 4756 1148 4809 vocis
1173 4756 1349 4826 capis,
1378 4758 1656 4828 improbe,
1687 4764 1990 4829 quaestum.

446 4840 718 4893 Romanis
748 4840 922 4895 vitam
956 4843 1054 4913 qui
1082 4844 1321 4911 dederit,
1358 4848 1618 4901 moritur.

1117 4935 1337 4990 LXXIV.

762 5036 835 5075 DE
880 5036 1247 5078 VARIETATE
1292 5038 1700 5080 CLERICORUM

445 5107 551 5173 Qui
582 5110 741 5179 ponti
763 5110 955 5179 facies,
989 5127 1297 5167 numerum
1327 5114 1425 5183 qui
1456 5114 1614 5167 novit
1644 5130 1853 5181 arenae,

444 5288 463 5324 ¹
476 5286 694 5344 Veteris

379 5357 518 5482 gum
539 5357 887 5483 otbsidentes,
915 5357 1189 5416 Romanis
1223 5378 1355 5415 voce
1398 5378 1501 5415 sua
1539 5364 1821 5432 excitatis,
1870 5357 2065 5433 prodi-

420 5446 562 5483 erun
598 5471 609 5482 .

420 5446 609 5483 erunt.

446 5500 1305 5586 ’Umbra‘laceszsitaJJ‘Seneca.
1334 5501 1430 5586 lib.
1470 5518 1533 5586 in
1579 5504 1647 5586 de
1680 5506 1786 5569 Ira,
1834 5521 1955 5586 cap.
1984 5508 2012 5559 3
2049 5522 2061 5559 :

382 5572 595 5647 Tauros
619 5572 776 5625 color
790 5572 1141 5647 rubicundus
1158 5576 1390 5639 excitat,
1410 5574 1487 5628 ad
1507 5576 1763 5647 umbram
1787 5572 1943 5647 aspis
1972 5593 2064 5631 ea:-

373 5641 558 5712 surgit
588 5660 606 5700 .·
624 5658 787 5697 ursos
817 5643 1115 5716 leonesque
1134 5660 1353 5717 mappa
1379 5646 1633 5717 proritat
1660 5663 1673 5700 :
1723 5641 1920 5701 omn-ia
1944 5664 2065 5718 qua:

741 5288 1105 5363 proditionis]
1137 5291 1275 5363 Cum
1326 5306 1556 5345 anseres
1604 5292 1793 5347 Gallos
1845 5292 2068 5362 Capito-

2110 396 2156 448 Α
2258 396 2491 450 Femina
2513 411 2686 466 quem
2709 395 2909 466 jurans
2939 394 3133 450 fallere
3164 396 3321 450 nulla
3354 401 3570 467 potest;

2186 486 2483 538 Astrorum
2512 485 2762 555 plebem,
2797 484 2896 555 qui
2926 485 3096 539 calles
3125 489 3337 555 spectat
3372 490 3686 555 amantum,

2258 573 2500 645 Cynthia
2530 574 2621 627 cui
2650 575 2818 628 certis
2847 574 3117 629 cornibus
3137 574 3391 631 innotuit
3418 593 3429 643 ;

2186 664 2311 718 Non
2341 664 2490 719 valet
2509 663 2600 718 hic
2624 665 2812 719 vultus
2834 664 3103 731 retinere,
3136 668 3191 718 et
3211 664 3468 732 nomina,
3498 682 3704 732 mores,

2257 754 2404 818 Quos
2439 758 2622 808 mutat
2652 754 2834 808 clerus
2855 759 3080 824 tempus
3111 754 3169 808 in
3200 754 3491 825 exiguum.

2942 860 3126 915 LXXV.

2366 982 2438 1021 DE
2488 982 2653 1023 MALO
2701 982 2973 1035 HOMINE,
3019 982 3127 1029 QUI
3177 981 3374 1030 EQUOS
3420 982 3689 1023 AMABAT.

2183 1074 2403 1131 Gaudet
2430 1076 2591 1145 equis
2616 1074 2757 1128 recti
2789 1074 3094 1142 dissuasor,
3123 1078 3180 1128 et
3209 1074 3479 1145 indignus
3513 1076 3687 1146 aequi,

2183 1165 2427 1219 Nomina
2454 1164 2552 1234 qui
2584 1164 2770 1234 dignis
2793 1162 2977 1217 studio
3003 1168 3307 1234 superante
3339 1164 3565 1217 caballis

2182 1254 2492 1319 Subtrahit,
2530 1268 2828 1322 opponens
2860 1252 2929 1306 ad
2954 1256 3146 1305 saneta
3170 1253 3445 1306 vocabula
3476 1252 3732 1306 clunem.

2182 1342 2289 1396 Sed
2320 1336 2517 1412 procul
2552 1347 2635 1395 est
2662 1341 2897 1412 pecudis
2918 1341 3065 1412 quod
3090 1346 3281 1395 censet
3312 1342 3516 1395 mentis
3554 1341 3801 1412 ﬁnique),

2180 1430 2544 1501 Propositum
2603 1433 2820 1501 perstat
2872 1429 3119 1500 generis,
3180 1431 3333 1501 quod
3390 1435 3694 1554 stemmatia
3747 1429 3864 1553 {tun-

3613 1526 3618 1554 1
3681 1517 3755 1553 un
3791 1541 3802 1552 .

3613 1517 3802 1571 Laeni.

2922 1590 3143 1645 LXXVI.

2345 1712 2419 1753 DE
2463 1713 2758 1764 CALLIDO,
2811 1713 2918 1761 QUI
2966 1711 3278 1752 DEFENSOR
3327 1711 3719 1752 DICEBATL’R.

2091 1784 2100 1800 ’
2180 1806 2416 1876 Aspidas
2439 1810 2503 1859 ut
2532 1805 2716 1877 capiat
2738 1805 2895 1860 testis
2920 1805 3074 1859 fraus
3097 1805 3323 1876 hospita
3352 1804 3595 1870 technis,

2251 1894 2363 1948 Sub
2398 1895 2517 1948 ludi
2542 1894 2727 1965 specie
2751 1894 2949 1948 mortis
2977 1894 3168 1963 imago
3200 1894 3350 1947 latet.

2184 1984 2392 2039 Umbra
2417 1987 2438 2019 ²
2468 1984 2748 2037 lacessitas
2778 1984 3044 2053 producit
3066 1982 3267 2036 callida
3299 1986 3505 2052 pestes,

2252 2073 2318 2125 Et
2347 2073 2558 2125 bellum
2588 2071 2810 2125 blandis
2842 2070 3139 2141 principiis
3173 2070 3407 2141 geritur.

2181 2162 2425 2227 Credite,
2460 2177 2572 2214 non
2603 2161 2767 2214 aliter
2797 2160 3062 2214 defensor
3094 2161 3292 2230 praelia
3313 2162 3533 2222 tractat,

2252 2250 2358 2314 Qui
2388 2255 2613 2303 accusat
2641 2249 2854 2315 ridens,
2880 2249 2978 2320 qui
3010 2250 3243 2318 perimit
3270 2248 3547 2319 placidus.

2903 2357 3153 2412 LXXVII.

2371 2480 2436 2518 DE
2476 2466 2497 2498 3
2537 2480 2658 2517 VITA
2697 2481 2759 2518 ET
2794 2480 3021 2520 ACTIBUS
3061 2482 3107 2519 S.
3149 2480 3399 2520 AMBROSII
3440 2480 3698 2519 EPISCOPI.

2182 2572 2308 2644 Egit
2338 2572 2489 2644 quod
2522 2572 2712 2626 docuit
2733 2572 2953 2624 meritis
2983 2577 3037 2625 et
3066 2573 3283 2625 honore
3314 2577 3600 2642 superstes

2250 2660 2583 2715 Ambrosius
2610 2665 2761 2712 vates
2783 2659 3060 2725 moribus,
3103 2659 3355 2728 ingenio.

2180 2750 2421 2805 Roscida
2440 2748 2673 2819 regiﬁco
2697 2748 2786 2801 cui
2807 2748 2964 2802 fulsit
2989 2748 3202 2801 murice
3231 2748 3446 2818 lingua,

2253 2841 2393 2893 Vere
2423 2855 2524 2891 suo
2556 2838 2802 2908 pingens
2834 2838 3095 2907 germina
3124 2853 3251 2907 quae
3281 2836 3477 2890 voluit.

2182 2928 2343 2983 Serta
2362 2926 2661 2981 redimitus
2686 2927 2945 2996 gestabat
2975 2926 3162 2980 lucida
3193 2927 3398 2991 fronte,

2114 3002 2153 3056 (ἶ
2255 3018 2595 3073 Distinctum
2625 3017 2850 3089 gemnis
2874 3032 2971 3070 ore
3003 3016 3240 3087 parabat
3273 3032 3435 3084 opus.

2180 3107 2435 3162 Instituit
2463 3108 2708 3177 populos
2739 3111 2924 3177 gestu,
2956 3106 3259 3175 probitate,
3293 3104 3529 3173 pudore,

2255 3198 2415 3251 Fovit
2442 3196 2773 3266 respiciens,
2804 3196 3067 3265 perculit,
3098 3194 3417 3247 admonuit.

2181 3286 2340 3340 Vocis
2369 3290 2432 3339 ut
2463 3286 2713 3339 oftieium
2736 3290 3025 3355 postrema
3046 3283 3300 3353 pericula
3335 3287 3590 3353 poscunt,

2252 3375 2344 3429 Sic
2374 3379 2597 3429 teneras
2619 3375 2814 3445 culpas
2846 3374 2946 3445 qui
2977 3378 3124 3427 tacet
3155 3374 3497 3443 insequitur.

2180 3466 2507 3520 Succinctus
2538 3464 2763 3533 gladiis,
2795 3464 2982 3535 clypei
3012 3464 3080 3517 de
3114 3462 3365 3532 pondere
3398 3467 3575 3528 tutus,

2250 3555 2484 3607 Pectora
2505 3554 2805 3608 claudebat
2824 3553 3117 3607 textilibus
3149 3550 3419 3621 chalybis.

2179 3643 2341 3697 Ensis
2371 3643 2541 3697 habet
2570 3643 2716 3697 vires
2746 3644 3016 3696 vitiorum
3049 3647 3234 3695 sector
3261 3646 3316 3694 et
3338 3640 3514 3694 hostis
3549 3657 3561 3692 :

2252 3734 2455 3804 Vipera
2488 3750 2605 3787 non
2633 3732 2816 3801 tangit
2847 3747 3122 3801 squamea
3152 3736 3311 3800 terga
3336 3729 3462 3782 viri.

2896 3838 3160 3891 LXXVIII.

2338 3962 2407 4001 DE
2449 3964 2494 4000 S.
2538 3960 2876 4000 SIMPLICIANO
2918 3960 3164 3997 BI‘ISCOI‘O
3206 3958 3532 3995 SUCCESSORE
3575 3957 3717 3995 EJL'S.

2178 4054 2513 4109 Ambrosius
2543 4054 2807 4124 linquens
2826 4052 3071 4105 viduatae
3115 4050 3311 4104 munia
3342 4049 3525 4119 plebis

2248 4144 2561 4198 Transtulit
2598 4144 2666 4197 ad
2698 4158 2916 4208 curam,
2943 4141 3327 4211 Simpliciane,
3369 4144 3546 4193 tuam.

2178 4233 2497 4288 Succesoris
2525 4249 2659 4303 opes
2685 4231 2915 4301 spoliati
2947 4230 3162 4283 viscera
3193 4230 3361 4297 regni

2254 4324 2565 4376 Creverunt
2596 4321 2799 4374 merito
2832 4320 3103 4390 temporis
3128 4319 3379 4373 alterius.

2183 4415 2260 4467 Ae
2284 4412 2434 4464 velut
2465 4425 2742 4463 annosam
2763 4408 3025 4479 zephyris
3056 4408 3387 4478 parentibus
3410 4423 3640 4472 ornum,

2255 4500 2332 4552 Ne
2366 4503 2583 4551 metuat
2609 4497 2844 4557 bellum,
2880 4497 3052 4566 longa
3082 4497 3243 4567 quies
3266 4497 3488 4548 solidat.

2184 4588 2310 4643 Tiro
2342 4592 2533 4639 tamen
2566 4586 2699 4639 felix
2727 4599 2867 4639 cana
2900 4586 2967 4637 ad
2998 4585 3319 4637 rudimenta
3341 4590 3569 4637 vocatus

2252 4676 2372 4729 Non
2402 4673 2556 4727 llexit
2584 4673 2835 4741 priscum
2858 4673 3210 4741 degenerans
3250 4674 3490 4740 apirem.

2182 4766 2267 4818 Nil
2300 4764 2489 4816 timuit
2518 4763 2718 4831 gelidis
2751 4762 2940 4814 anima
2972 4762 3225 4813 fervente
3259 4762 3544 4814 medullis.

2250 4852 2533 4906 Ponliﬁcis
2574 4852 2749 4904 virtus
2770 4850 2925 4903 [loris
2955 4850 3125 4903 habet
3147 4850 3388 4903 senium.

2179 4945 2425 5010 2Equora
2458 4939 2555 5010 qui
2588 4944 2734 4993 tecto
2758 4939 2962 5009 pressit
2990 4945 3215 4992 terrena
3240 4938 3480 5009 patenti,

2250 5030 2497 5084 Moribus
2530 5035 2585 5083 et
2612 5030 2768 5083 cultu
2791 5028 2974 5082 sidera
2999 5044 3127 5082 cum
3154 5030 3358 5099 tetigit.

2177 5300 2387 5350 natura
2417 5296 2545 5363 fera
2564 5311 2634 5348 ac
2656 5294 2861 5348 rabida
2914 5296 3065 5361 sunt,
3114 5296 3554 5347 consternantur
3584 5296 3661 5347 ad
3698 5312 3893 5349 vana.

2247 5364 2269 5400 ⁸
2297 5369 2371 5419 De
2395 5366 2514 5419 vita
2542 5367 2597 5419 S.
2635 5365 2935 5437 Ambrosii]
3006 5366 3137 5429 Quae
3196 5372 3514 5435 sequuntur
3571 5366 3904 5422 duodecim

2176 5437 2592 5507 epigrammata
2625 5438 2817 5491 laudes
2872 5438 3165 5489 continent
3204 5437 3503 5489 duodecim
3547 5437 3899 5493 antistitum

2177 5508 2703 5571 Mediolanensium,
2738 5524 2851 5577 quo
2880 5508 3080 5561 ordine
3122 5508 3313 5560 sedem
3356 5508 3745 5577 episcopalem
3814 5518 3906 5563 te-

2176 5584 2427 5633 nuerunt
2458 5579 2526 5633 ab
2557 5580 2855 5632 Ambrosio
2887 5580 2957 5632 ad
2994 5579 3382 5632 Laurentium.
