4008 6170
76 293 165 343 319
850 314 863 321 ε
1457 291 1760 350 CARMINI

1872 295 1999 350 LIB.
2044 296 2111 350 II.
3456 308 3557 360 350

802 419 1019 477 LXXIX.

436 520 513 563 ιη
562 522 619 564 Β.
664 521 950 565 VINEEIO
993 521 1351 572 SEQUENTE.

75 601 248 655 Forma
272 594 573 668 pudicitia
593 596 820 667 iuvenis
848 597 1117 652 sectanda
1140 597 1343 653 Veneri

128 685 301 754 Venit,
331 686 349 721 ί
381 685 724 741 nominibus
740 684 823 740 nil
846 685 1125 741 famulata
1148 686 1283 743 suis.

73 775 235 832 Fortia
259 774 599 830 marcebant
626 775 818 829 vetulo
845 775 953 829 sub
976 774 1175 846 judice
1214 776 1492 846 membra,

128 868 267 922 ditas
292 868 641 936 praesentem
672 864 1002 935 perdiderat
1031 881 1300 936 puerum.

71 954 314 1011 Sublimis
343 958 658 1025 postquam
697 953 1027 1009 conscendit
1054 955 1237 1011 fulcra
1264 956 1566 1023 cathedra.

131 1046 270 1101 Cana
289 1048 455 1098 tener
483 1042 717 1114 populis
749 1044 1016 1115 dogmata
1046 1044 1333 1102 disseruit.

72 1141 227 1191 Aurea
250 1132 547 1189 ﬂuxerunt
574 1133 879 1203 locupletis
900 1133 1193 1189 schemata
1212 1134 1447 1208 lingua,

124 1224 205 1280 Sol
226 1224 359 1278 vita
388 1222 640 1278 nitidum
678 1222 928 1280 reddidit
948 1224 1270 1295 eloquium.

72 1314 214 1368 Alvus
241 1315 307 1366 ut
346 1310 609 1367 Ecclesia
629 1311 935 1368 tumuisset
964 1313 1186 1368 semine
1211 1314 1388 1383 verbi,

126 1403 236 1457 Non
268 1401 476 1457 deerat
494 1406 692 1473 pastus
721 1401 885 1456 lactis
914 1402 1237 1473 apostolici.

799 1491 991 1547 LXXX.

220 1593 302 1635 DE
346 1592 782 1636 VENEBABILIS
827 1595 1066 1636 IAROLI
1112 1596 1569 1640 SUCCESSIONE.

79 1667 285 1723 llarolus
317 1671 593 1722 extrema
622 1671 849 1738 potator
868 1669 1115 1740 Tigridis
1145 1686 1265 1735 ore,

125 1758 217 1823 Qui
240 1757 427 1829 jubar
450 1757 509 1811 in
539 1757 782 1812 madidis
810 1758 1031 1813 viderat
1060 1759 1343 1831 hospitiis.

76 1848 220 1913 Quem
252 1846 430 1903 labor
450 1846 510 1901 in
537 1846 777 1918 proprio
812 1846 986 1919 Syria
1019 1847 1362 1904 solidaverat
1400 1866 1530 1919 axe,

128 1937 357 1993 Orditur
374 1940 564 1991 vatem
587 1935 818 1991 dotibus
846 1935 1188 1992 innumeris.

76 2026 315 2096 Pervigil,
347 2026 626 2093 intentus,
654 2025 908 2096 jejunus,
944 2026 1237 2097 providus,
1273 2027 1522 2084 ardens:

130 2115 283 2179 Quod
320 2130 547 2169 morem
576 2114 766 2169 tenuit
795 2119 881 2168 sat
909 2114 1017 2169 fuit
1048 2115 1258 2170 ofﬁcio.

76 2206 131 2260 Os
154 2211 418 2259 tenerum
442 2203 712 2274 quotiens
740 2208 939 2273 gustus
965 2204 1248 2274 contingit
1273 2204 1519 2274 honesti,

128 2294 343 2347 Transit
372 2292 448 2347 ad
466 2292 731 2347 affectum
764 2292 918 2363 quod
949 2292 1061 2347 fuit
1088 2292 1341 2363 imperii.

75 2384 213 2437 Terra
244 2387 447 2453 potens
471 2382 610 2436 olim
635 2381 899 2437 Patribus
921 2382 1160 2437 fundata
1185 2382 1388 2451 beatis,

128 2472 420 2527 Nobilibus
451 2470 735 2527 mundum
752 2472 1030 2542 portubus
1052 2472 1309 2528 irradiat.

799 2561 1014 2616 LXXXI.

198 2666 277 2706 DE
322 2663 616 2707 CUL'I'OIIE
659 2664 764 2705 DEI
813 2665 1227 2708 ΗΔΒΤῙΝῙΔΝΟ
1273 2666 1599 2710 EPISCOPO.

74 2740 195 2795 lens
237 2738 397 2795 nivei
424 2739 604 2807 lactis,
636 2737 851 2810 species
877 2739 1491 2809 manifestacolumba,

126 2829 341 2885 Astutia
360 2844 623 2900 serpens,
656 2827 1013 2895 Martiniane,
1036 2829 1177 2883 vale.

80 2919 292 2975 Lubrica
319 2923 379 2973 te
411 2916 729 2987 dubiifdum
750 2922 997 2988 poscunt
1024 2918 1259 2973 ﬂamina
1277 2918 1453 2991 vulgi,

130 3008 431 3063 Inveniunt
455 3006 732 3078 pavidum
759 3021 830 3059 ne
857 3021 1113 3061 mereare
1143 3007 1279 3078 legi.

80 3099 205 3153 Unus
235 3102 361 3152 erat
391 3096 611 3152 mundo
632 3094 919 3150 contraria
944 3095 1136 3167 judice
1167 3112 1427 3166 narrans,

133 3187 226 3252 Qui
255 3191 323 3241 ut
350 3189 584 3256 caperet
610 3200 861 3255 regnum
889 3184 1117 3239 vincere
1146 3201 1265 3240 non
1295 3186 1525 3242 meruit.

81 3276 318 3330 Protinus
349 3274 421 3328 ad
451 3273 652 3345 magni
679 3273 991 3343 perductus
1021 3272 1197 3328 limen
1228 3274 1466 3329 honoris

136 3364 291 3419 Exsul
320 3362 601 3419 calorum
630 3362 850 3417 civibus
880 3361 1174 3417 inseritur.
1358 3376 1361 3377 '

84 3453 185 3506 Post
215 3453 480 3524 geminas
506 3451 717 3505 sanctis
746 3449 1064 3505 construxit
1096 3452 1367 3507 mundior
1386 3452 1559 3520 ades,

137 3542 365 3596 Lumine
396 3556 541 3612 quas
568 3540 762 3595 clauso
786 3539 961 3611 jussit
990 3538 1201 3596 habere
1230 3540 1405 3598 diem.

794 3629 1033 3685 LXXXII.

277 3734 353 3775 DE
396 3733 801 3775 VENERABILI
845 3733 1165 3775 GLYCEEIO
1210 3733 1536 3775 EPISCOPO.

85 3804 313 3861 Suﬂusus
343 3806 551 3873 minio,
586 3823 802 3878 perque
832 3807 1051 3879 optima
1070 3807 1219 3862 facta
1247 3807 1553 3863 rubescens

137 3895 381 3968 Virginei
406 3896 599 3949 vultus
626 3896 915 3965 Glycerius
931 3896 1212 3967 sequitur.

91 3983 263 4040 Puram
295 3983 619 4055 sanguineo
655 3984 904 4038 maculat
933 3984 1072 4038 dum
1095 4000 1226 4039 rore
1258 3983 1526 4057 ﬁguram,

137 4075 279 4128 Picta
310 4088 492 4144 genas
521 4071 692 4126 facies
721 4071 1061 4143 simpliciter
1078 4074 1313 4143 placuit.

87 4162 409 4218 Candentem
432 4176 634 4216 crocea
655 4165 883 4232 gestans
913 4160 1217 4232 aspergine
1247 4161 1495 4216 frontem

141 4252 280 4307 Lata
298 4249 641 4306 verecundis
666 4250 913 4305 tinxerat
944 4265 1047 4304 ora
1076 4249 1249 4304 notis.

1788 428 1831 483 Α
1862 425 2133 496 lndeptus
2153 430 2461 498 sceptrum,
2491 427 2695 483 tribuit
2726 429 2880 501 quod
2909 430 3068 486 testis
3098 429 3313 504 imago,

1924 516 2180 587 Purpura
2200 532 2373 588 quem
2412 517 2622 572 mentis
2644 519 2898 589 prodidit
2936 519 3207 591 imperio.

1856 612 2022 670 Hunc
2047 614 2068 649 ³
2094 614 2294 669 habuit
2312 618 2365 670 et
2392 616 2640 686 populus
2671 633 2844 688 parvo
2876 617 2970 671 vix
2993 621 3251 689 tempore
3283 619 3442 687 felix,

1922 703 2032 759 Sed
2054 720 2249 760 rursus
2280 706 2474 777 magni
2506 706 2708 760 missus
2738 707 2806 760 ad
2841 707 3202 779 obsequium.

2575 794 2835 849 LXXXIII.

2265 897 2339 937 DE
2382 896 2433 939 8.
2480 897 2731 939 LAZABO
2776 899 3151 940 ANTISTITE.

1856 971 2099 1027 Lazarus
2117 974 2183 1025 ut
2207 970 2317 1025 diri
2346 976 2635 1042 premeret
2663 972 2805 1042 pede
2836 974 3089 1027 culmina
3117 974 3338 1042 mundi,

1925 1060 2162 1114 Vocibus
2193 1059 2404 1114 accitus
2426 1064 2554 1113 trux
2584 1059 2740 1113 venit
2770 1060 2831 1113 in
2863 1062 3135 1115 medium.

1854 1149 2035 1214 Quem
2065 1149 2224 1204 frons
2250 1149 2379 1203 lata
2400 1165 2604 1219 parum
2637 1148 2785 1203 vitiis
2817 1148 3151 1219 depinxerat
3180 1151 3427 1220 hostem,

1926 1238 2264 1294 Mulcantem
2293 1239 2486 1310 culpas
2520 1237 2833 1293 luminibus
2864 1238 3069 1292 tacitis.

1854 1328 2182 1401 Respiciens
2218 1329 2411 1400 lapsus
2429 1328 2664 1384 detersit
2694 1328 2894 1383 nubila
2918 1327 3048 1382 vita
3077 1344 3091 1382 :

1925 1418 2133 1474 Curam
2159 1433 2311 1489 sape
2339 1417 2495 1473 dedit
2526 1418 2780 1473 vulneris
2813 1417 3111 1489 obsequio.

1854 1506 2160 1565 Nonlatuit
2188 1506 2349 1562 tectis
2377 1506 2598 1561 facinus
2618 1506 2717 1578 qui
2748 1506 2920 1577 gessit
2947 1506 3009 1561 in
3039 1506 3238 1577 antris,

1920 1596 2137 1651 Absens
2166 1595 2504 1651 criminibus
2526 1600 2710 1650 tortor
2737 1595 2952 1667 ubique
2982 1595 3113 1650 fuit.

1853 1684 2116 1740 Innocuis
2146 1684 2371 1756 placida
2392 1686 2665 1741 vernabat
2684 1686 2808 1740 luce
2830 1701 3085 1753 serenus,

1926 1775 2043 1830 Ceu
2063 1775 2360 1846 speculum
2392 1775 2555 1830 noxis
2573 1774 2839 1846 injiciens
2860 1774 3086 1829 faciem.

2576 1866 2841 1921 LXXXIV.

2073 1969 2146 2009 DE
2192 1969 2388 2011 AMICO
2430 1958 2451 1991 ³
2493 1970 2595 2010 DEI
2642 1968 2913 2011 EUSEBIO
2957 1968 3323 2010 PONTIFICE.

1856 2042 2131 2098 Eusebius
2162 2043 2436 2115 Ligurum
2468 2043 2736 2098 successit
2764 2043 2975 2097 ﬁnibus
3006 2043 3238 2114 hospes,
3378 2034 3381 2037 “

1925 2134 2145 2201 Ignota
2169 2137 2382 2187 tractus
2408 2132 2593 2203 plebis
2622 2132 2894 2187 amicitia.

1856 2221 2058 2292 Grajus
2087 2226 2227 2287 erat,
2255 2221 2408 2276 socio
2442 2222 2604 2277 Titan
2636 2237 2780 2292 quos
2809 2219 3045 2291 respicit
3074 2224 3209 2275 ortu

1928 2311 2309 2382 Flammigero
2340 2311 2605 2382 lymphas
2630 2310 2840 2365 vertice
2872 2309 3181 2365 decutiens.

1854 2399 2020 2467 Mitis,
2054 2400 2426 2471 compositus,
2453 2402 2665 2471 largus,
2696 2399 2846 2471 pius,
2869 2399 3112 2470 integer,
3144 2397 3346 2462 audax,

1927 2490 2196 2546 Crederet
2226 2494 2287 2545 ut
2315 2491 2592 2546 damnum
2618 2506 2733 2545 non
2765 2490 2920 2556 dare,
2952 2493 3321 2561 perpetuum.

1857 2580 2040 2635 Flevit
2055 2579 2390 2653 pauperiem
2423 2580 2723 2647 miserans,
2756 2579 2949 2635 arrisit
2978 2577 3233 2646 habenti,

1928 2669 2146 2725 Gaudia
2176 2686 2305 2724 cum
2339 2670 2556 2725 cunctis
2588 2669 2993 2739 tristitiamque
3020 2683 3247 2739 gerens,

1859 2760 2019 2814 Hunc
2047 2758 2215 2814 index
2256 2758 2446 2829 operis
2474 2759 2738 2813 locuturo
2770 2756 3001 2812 nuntiat
3030 2756 3158 2811 orbi

1928 2849 2098 2903 Fama
2120 2848 2327 2914 virum,
2352 2852 2550 2917 gentes
2580 2847 2649 2902 de
2667 2847 2911 2901 statione
2932 2845 3184 2900 trahens.

2594 2935 2823 2990 LXXXV.

1783 3033 1823 3088 C
2302 3040 2376 3080 DE
2419 3039 2738 3081 GERONTIO
2784 3038 3111 3080 EPISCOPO.

1861 3115 2122 3172 Ecclesia
2152 3118 2457 3188 postquam
2482 3120 2646 3187 parta
2676 3119 2762 3168 est
2776 3112 2880 3168 tibi
2896 3113 3052 3181 sella,
3084 3110 3335 3179 Geronti,

1933 3207 2155 3261 Funera
2186 3205 2445 3259 decessor
2466 3220 2581 3258 non
2598 3202 2792 3258 timuit
2821 3201 3111 3271 ,moriens.

1859 3296 1934 3351 Te
1957 3300 2260 3367 reparante
2288 3294 2457 3361 redit,
2493 3293 2707 3364 patitur
2746 3308 2866 3345 sors
2896 3290 3111 3362 pallida
3137 3289 3381 3354 lethum,

1934 3385 2081 3439 Vivit
2112 3390 2239 3455 post
2267 3383 2489 3439 obitum
2515 3381 2780 3453 discipuli
2806 3380 3012 3452 pretio.

1859 3473 2139 3546 Agricolis
2161 3474 2392 3544 junctus
2421 3472 2647 3526 coluisti
2670 3470 2932 3541 germina
2958 3468 3113 3535 vita,

1934 3564 2049 3617 Nec
2074 3578 2305 3633 serpens
2338 3560 2537 3615 lolium
2570 3559 2781 3632 pabula
2808 3559 2937 3613 lata
2964 3556 3113 3611 tulit.

1862 3652 1970 3719 Qui
1999 3652 2231 3707 deditin
2257 3650 2512 3705 medium
2551 3665 2724 3721 quem
2754 3648 2842 3703 lex
2866 3645 3033 3717 jubet
3081 3643 3301 3717 optima
3340 3642 3553 3700 victum

1933 3742 2089 3798 Emit
2106 3740 2352 3795 terrenis
2380 3738 2660 3795 fructibus
2690 3738 2787 3791 ille
2818 3738 3038 3808 polum.

1863 3831 2127 3886 Errorem
2158 3829 2365 3883 mentis
2392 3826 2647 3898 pressisti
2677 3828 2802 3897 lege
2834 3826 3131 3880 laborum:

1935 3920 2063 3977 Otia
2093 3934 2208 3974 non
2229 3932 2429 3989 passus
2457 3916 2764 3970 virtutibus
2796 3914 3039 3969 veheris.

2586 4005 2842 4059 LXXXVI.

1784 1729 1822 1782 Β

2104 4112 2177 4153 DE
2220 4109 2619 4153 VENERABILI
2666 4108 2947 4149 BENIGNO
2993 4104 3321 4149 EPISCOPO.

1866 4189 2070 4244 Exsere
2092 4202 2220 4259 qua
2247 4184 2440 4256 posuit
2470 4198 2634 4237 mens
2654 4182 2889 4236 nomina
2930 4186 3096 4245 certe,
3130 4180 3407 4251 Benigne,

1937 4278 2117 4343 Quem
2140 4274 2400 4348 quisquis
2429 4272 2640 4328 vocitat
2667 4272 2827 4326 testis
2854 4270 2961 4325 erit
2987 4269 3199 4324 meriti.

142 4396 155 4429 ¹
184 4396 528 4476 Nominibus
554 4394 641 4450 nil
663 4395 955 4476 famulajq
982 4393 1129 4476 quis]
1159 4395 1304 4476 Quia
1324 4395 1570 4476 pudicus
1609 4399 1751 4476 erat,

1927 4419 2019 4469 Ille
2044 4417 2190 4466 Bemi
2213 4416 2356 4465 Latio
2382 4414 2562 4464 ﬁctum
2594 4413 2658 4463 de
2682 4412 2943 4476 sanguine
2966 4423 3183 4470 nomen,

91 4481 192 4541 cum
224 4468 501 4522 Venerius
528 4471 845 4541 vocaretur,
881 4467 1079 4521 Simile
1110 4472 1194 4541 est
1237 4468 1389 4541 quod
1446 4468 1751 4541 Archonta
2051 4479 2153 4528 sed
2184 4479 2359 4527 Gallos
2385 4478 2527 4527 claro
2554 4467 2973 4541 germinevtraxit
3000 4486 3145 4541 avos.

92 4540 266 4605 puella
296 4555 533 4605 nomen,
565 4538 698 4610 quia
727 4539 971 4593 militare
995 4535 1277 4609 quoddam
1312 4539 1619 4610 imperium
1662 4556 1750 4592 sa-
1920 4543 2015 4593 Ast
2037 4542 2152 4610 hac
2175 4542 2529 4610 Grejugeuam
2558 4535 2812 4610 resonans
2852 4536 3100 4610 Arcontia
3133 4535 3372 4599 linguam

95 4598 199 4677 pere
214 4598 534 4677 videbatur,
564 4598 682 4664 rion
706 4612 843 4663 satis
866 4598 1064 4679 aptum
1085 4610 1293 4680 virgini
1324 4598 1497 4664 fuisse
1546 4610 1756 4664 dicitur
2047 4598 2531 4666 Νοωίηα’νίῐ8ίιιθο
2554 4616 2660 4651 non
2686 4601 2808 4649 tum
2827 4602 2949 4663 δραι
2975 4598 3153 4648 (⁵110το-

98 4680 141 4733 m
162 4684 273 4759 ‘qu
301 4682 600 4759 ῗΡίίδΡδῖο
633 4681 815 4759 “Imm
839 4681 1074 4759 {Isidem
1101 4681 1634 4759 etsiadEneodiPED
1655 4697 1752 4759 Pa’
1934 4705 2187 4759 Daposm
2213 4702 2404 4757 Nonis
2430 4701 2710 4757 Novemb.
2740 4698 2958 4754 consul.
2988 4696 3243 4754 Dios-cori
3275 4698 3340 4752 V.
3372 4695 3430 4752 C.

98 4766 196 4805 rum
221 4753 371 4818 facit,
396 4756 631 4821 propter
652 4752 999 4822 elegantiam
1022 4758 1236 4819 tamen,
1258 4758 1313 4804 et
1335 4752 1466 4822 quia
1481 4753 1547 4805 ad
1572 4754 1756 4805 Gallos
1934 4752 2035 4822 1"
2056 4752 2187 4822 "1":
2213 4752 2407 4822 ζ’ξί
2430 4752 2453 4757 “
2469 4752 2475 4754 ⁷
2494 4752 2572 4822 ζ,

99 4826 329 4889 pertinet,
356 4801 649 4877 hbicrloco
672 4801 847 4877 intoexi
873 4823 1108 4893 placuit,
1148 4801 1267 4876 ut’a
1297 4801 1461 4893 nabis
1505 4839 1570 4875 ex
1608 4839 1756 4877 mar-

1872 4884 1887 4893 _
1934 4811 2211 4893 fln_edit.
2244 4810 2460 4893 §chot:,
2485 4808 2763 4893 Hincapo
2790 4810 2846 4861 et
2899 4804 3164 4878 papulas.
3201 4805 3365 4859 Forte
3407 4801 3563 4859 hunc

1864 4883 2061 4940 habuit
2088 4882 2352 4954 papulas,
2386 4880 2603 4950 absque
2643 4882 2715 4933 et.

97 4908 270 4974 morea
286 4894 723 4974 tabula‘paucos
754 4892 888 4974 ante
916 4910 1096 4974 annos
1120 4893 1190 4947 ad
1224 4894 1433 4974 Urbem
1451 4892 1603 4974 haud
1631 4910 1760 4974 pro-

92 4965 165 5050 gul
187 4983 214 5044 a
238 4964 620 5050 gonstantina
669 4966 964 5019 mausoleo
991 4964 1193 5019 effossa
1252 4964 1598 5035 descriptum
1634 4964 1752 5020 est.
1934 4980 1958 5016 δ
1988 4985 2063 5036 ηε
2090 4980 2329 5036 Eusebio
2356 4975 2669 5050 ροηιέβεε]
2716 4975 2893 5050 Hujus
2948 4978 3144 5050 exstat‘
3166 4972 3440 5050 synodica
3491 4970 3560 5026 ad

92 5036 165 5087 Sic
189 5036 358 5105 igitur
392 5036 564 5090 habet
589 5053 602 5090 :
1866 5054 2114 5107 Leonem
2140 5036 2405 5121 Magnum
2446 5036 2732 5121 epistola,
2766 5036 2929 5121 cujus
2960 5052 3091 5121 ante
3122 5036 3267 5099 facta
3293 5049 3377 5099 est
3408 5059 3563 5121 men-

1865 5124 1964 5192 tio,
1998 5139 2128 5177 cum
2162 5116 2255 5176 de'
2278 5116 2554 5192 Crispino
2612 5116 2895 5192 Ticiuensi
2949 5117 3238 5192 episcopo
3273 5120 3560 5192 ageretur.

440 5126 731 5179 ΕριτΑιηῠι
770 5124 929 5180 Rauo
967 5141 1033 5179 ετ
1071 5127 1379 5191 Aacom'm,

1865 5124 1964 5192 tio,
1998 5139 2128 5177 cum
2162 5124 2229 5176 de
2278 5124 2555 5200 Crispino_
2612 5124 2796 5200 Ticine

92 5210 424 5273 QUinatione
470 5213 643 5269 Galla
686 5212 951 5285 germani
989 5212 1219 5281 fratre:
1271 5186 1466 5269 adimi
1492 5228 1618 5269 αηα
1662 5211 1757 5267 die
1866 5186 2100 5277 Exstant
2129 5198 2181 5247 et
2213 5186 2438 5271 versus,
2461 5190 2561 5262 qui
2603 5190 2899 5271 ecclesiam
2930 5186 3402 5269 obeata’Thecla
3449 5186 3562 5239 Me-

92 5285 273 5333 mortui
296 5288 351 5333 et
380 5284 602 5333 nariter
633 5283 900 5333 tumulati
936 5287 1087 5333 sunL
1866 5266 2083 5321 diolam
2120 5264 2189 5318 ab
2242 5262 2479 5317 Eusebio
2533 5267 2665 5333 post
2714 5260 3046 5333 incendium
3084 5262 3435 5333 renovatam
3480 5263 3563 5309 te-

89 5285 273 5337 mortui
296 5288 351 5339 el
380 5284 602 5356 pariter
633 5283 900 5337 tumulati
936 5287 1087 5338 sunt.
1866 5283 2083 5356 0.101%!“
2120 5283 2189 5318 an
2242 5283 2479 5356 musculi?
2534 5283 2665 5356 Ρξξδι
2715 5283 3046 5356 ιηδξευίὲιυξυ
3084 5283 3350 5356 τεῑιιιεγαιιξ

92 5327 351 5422 QQ];
380 5327 1183 5435 g;;;,'u(;;;;;;;;(;mare
1212 5370 1415 5430 mm
1866 5342 2089 5462 ῗιεηωιι
2118 5352 2131 5390 τ
2162 5351 2294 5389 nam
2326 5334 2386 5387 in
2409 5334 2507 5388 illa
2534 5327 2674 5387 olim
2713 5332 2952 5387 ecclesia
2986 5329 3241 5401 inscripti
3300 5327 3563 5382 viseban-

142 5433 266 5462 ατη..
290 5450 392 5462 ,πη
425 5437 442 5462 r
465 5435 665 5462 -..t.....:..
698 5435 879 5462 ..πηηςο
913 5436 1093 5462 “ut...
1129 5434 1211 5462 Αςι.
1891 5424 1981 5462 ur.

142 5433 269 5490 Quos
290 5450 394 5484 uno
424 5435 668 5484 Lachesis
698 5435 885 5483 mersit
912 5433 1099 5484 acerba
1128 5434 1230 5483 die.

92 5492 324 5573 Οτέερίέθῖ
352 5498 528 5573 ἀυδίὲ
554 5498 771 5573 signﬁes
800 5496 1063 5573 “1193i”,
1080 5497 1281 5573 799th:
1657 5548 1665 5555 ι
1991 5511 2170 5561 Prisca
2192 5509 2441 5573 redivivis
2470 5512 2803 5573 consurgunt
2820 5507 3060 5573 culmina
3086 5502 3317 5573 templis,

257 5556 633 5633 hiemﬁﬁcuﬁ'
660 5560 745 5609 cui
776 5556 1076 5633 880059590.
1099 5571 1308 5633 n9Yem'
1336 5619 1346 5629 .
1397 5623 1407 5633 .
1990 5556 2312 5624 i576}.th
2336 5556 2865 5633 rediere—suamque;
2890 5571 3102 5633 ﬂamma
3121 5556 3341 5628 crearat,

95 5616 186 5695 se,
210 5620 442 5694 malum
466 5622 761 5695 ιριιείιιίιιια
778 5616 935 5695 ἒρςρι·
962 5621 1230 5671 trieteride
1259 5619 1447 5686 quinta
1990 5616 2389 5685 Miraris;
2400 5616 2537 5683 $.11;
2565 5616 2873 5695 animum
2891 5616 3102 5695 “mp1.
3123 5616 3378 5691 ‘novavit,

2054 5698 2268 5746 Eusebii
2301 5697 2501 5746 meritis
2528 5698 2684 5745 noxia
2713 5695 2924 5743 ﬂamma
2948 5694 3109 5757 perit.

146 5680 372 5735 Tenerias
400 5684 529 5735 redo
559 5680 746 5734 funere
775 5684 910 5734 vidit
937 5696 1123 5747 aquas.
