4038 6170
410 292 506 342 351

412 421 561 474 Cana
583 418 723 473 fides
753 416 1045 471 hominem
1080 414 1214 467 dum
1248 416 1461 480 narrat,
1495 412 1712 483 detegit
1741 417 1918 481 actus,

480 507 566 563 Nil
594 506 852 577 loquitur
875 520 1009 558 casu
1030 502 1287 574 pignoris
1314 501 1611 555 attonitus.

412 594 651 651 Prmscia
676 592 903 647 venturi
933 607 1049 647 non
1079 592 1272 644 errant
1303 593 1433 643 vota
1455 591 1781 658 parentum,

484 684 551 739 In
589 698 781 737 veram
808 683 1037 734 vertunt
1058 677 1369 733 blanditias
1401 678 1674 731 sobolem.

416 773 560 827 Ante
592 774 780 841 patres
810 782 1044 822 censens
1072 764 1217 819 sedit
1240 764 1551 836 plaudente
1584 766 1806 829 senatu,

484 860 789 914 Prmlatnm
816 854 1024 911 sanctis
1053 854 1253 908 extulit
1276 853 1370 907 ille
1394 855 1583 922 caput.

414 947 626 1005 Pollice
656 946 751 1001 sed
777 944 901 1000 diro
925 960 1027 999 ceu
1063 943 1167 998 ﬂos
1195 941 1446 996 succisus
1477 944 1668 993 aratro
1700 943 1804 995 est.

484 1038 645 1107 Spes,
679 1036 869 1103 decus,
891 1038 946 1089 et
971 1032 1175 1105 genius
1206 1031 1275 1085 de
1298 1030 1515 1084 foribus
1528 1029 1746 1084 cecidit.

1123 1119 1402 1174 LXXXVII.

539 1229 613 1269 DE
658 1224 1050 1269 BEATISSIMO
1094 1223 1250 1263 VIRO
1295 1221 1627 1263 SBNATORB
1674 1219 1997 1263 EPISCOPO.

414 1304 520 1369 Qui
540 1302 715 1357 vincit
747 1300 988 1368 trabeas,
1020 1298 1248 1365 solium,
1276 1296 1645 1368 cinctumque
1669 1296 1955 1351 Gabinum

488 1390 827 1445 Consulibus
856 1391 1131 1459 praestans
1155 1403 1281 1441 ecce
1314 1391 1543 1439 senator
1571 1385 1747 1439 adest.

416 1480 713 1551 Ingenium
744 1478 927 1545 velox,
959 1476 1240 1530 sermonis
1266 1491 1403 1530 cura
1433 1474 1693 1541 rotundi,

487 1569 771 1623 Virtutum
801 1568 1070 1639 pretium,
1102 1566 1287 1620 forma
1319 1564 1629 1636 pudicitiae.

416 1658 621 1714 Abdita
652 1656 925 1710 librorum
958 1654 1229 1725 mysteria
1260 1654 1451 1707 clausa
1480 1652 1778 1724 prophetae

487 1746 592 1812 Qui
624 1746 780 1801 dedit
807 1745 867 1799 in
902 1746 1085 1799 lucem
1118 1744 1405 1798 schemate
1437 1758 1552 1815 quo
1584 1741 1787 1796 voluit.

416 1836 581 1892 Orbis
611 1835 677 1889 ad
709 1833 946 1889 extremi
977 1833 1182 1887 missus
1204 1836 1418 1885 secreta
1447 1831 1713 1885 verendis

488 1924 718 1981 Curavit
746 1924 947 1978 studiis
977 1922 1131 1994 quod
1164 1926 1351 1977 fuerat
1381 1921 1657 1975 lacerum.

415 2015 571 2070 Tunc
603 2012 793 2068 oriens
820 2012 1032 2067 victum
1062 2010 1364 2081 peregrino
1394 2008 1612 2062 lumine
1644 2008 1850 2073 fassus,

488 2099 662 2159 Haesit
684 2101 752 2155 ad
784 2104 1078 2173 aspectum
1109 2098 1394 2168 lampadis
1426 2097 1680 2151 alterius.

1106 2187 1424 2242 LXXXVIII.

521 2295 588 2334 DE
616 2294 802 2333 DOMNO
838 2293 1121 2333 TEEODORO
1159 2290 1431 2331 VIRTUTUM
1476 2290 1695 2330 OINIUI
1736 2289 2000 2331 EPISCOPO.

412 2368 495 2424 'I'u
525 2368 619 2422 lux
640 2371 792 2421 certa
811 2367 944 2432 tuis,
970 2382 1096 2437 spes
1114 2370 1174 2418 tu
1196 2365 1476 2419 ﬁdissima
1509 2380 1729 2433 rerum,

488 2457 640 2511 Vatis
670 2455 968 2527 apostolici
986 2460 1067 2522 tu,
1099 2454 1416 2520 Theodore,
1444 2452 1629 2523 vigor.

416 2546 702 2601 Virtutum
724 2544 1010 2609 cumulus,
1037 2542 1353 2596 substantia
1384 2542 1575 2595 lucida
1604 2539 1744 2605 veri,

487 2636 759 2690 Monstrat
782 2633 1058 2687 acervatis
1089 2647 1263 2702 quam
1299 2630 1459 2684 labor
1484 2631 1545 2683 in
1586 2628 1810 2683 studiis.

418 2724 715 2788 Prasscius,
748 2721 1050 2787 accinctus,
1077 2720 1261 2785 fortis,
1292 2718 1660 2789 tranquillus,
1692 2716 1931 2785 amicus,

488 2810 874 2882 Compositus,
908 2809 1169 2879 simplex.
1204 2813 1263 2862 tu
1297 2807 1482 2861 bonus
1511 2810 1568 2860 et
1597 2806 1844 2877 sapiens.

420 2900 701 2956 Fatidicus
731 2914 959 2969 semper
990 2903 1052 2953 tu
1081 2898 1308 2951 conscia
1329 2896 1498 2950 corda
1530 2896 1727 2950 futuri.

490 2991 845 3059 Deprensum
879 2986 1043 3041 ﬂuxit
1068 2991 1123 3040 te
1151 2990 1443 3039 reserante
1468 2984 1705 3038 malum.

417 3079 600 3145 Quem
633 3076 876 3132 timuere
898 3076 1003 3131 feri
1030 3076 1313 3129 calcantes
1332 3074 1585 3128 culmina
1605 3071 1824 3140 mundi,

492 3166 696 3223 Dilexit
727 3182 1002 3238 spernens
1034 3166 1177 3220 dura
1208 3162 1519 3233 supercilii.

1146 3252 1404 3309 LXXXIX.

420 3344 672 3410 Restat‘,
706 3359 879 3415 quem
912 3343 1083 3413 longo
1105 3346 1291 3396 servet
1320 3357 1415 3395 rex
1447 3339 1693 3411 inclytus
1725 3354 1915 3395 evo...

1219 3430 1323 3484 XC.

982 3520 1087 3589 (an
1134 3517 1565 3587 neursnruu.)

419 3608 654 3682 Imperii
682 3611 870 3662 custos
900 3607 922 3643 ²
954 3607 1133 3662 vocali
1175 3608 1381 3677 pollice
1404 3606 1643 3661 chordas

422 3702 529 3755 Per
556 3712 829 3752 numeros
858 3695 1142 3763 animans,
1173 3696 1279 3751 tibi
1307 3696 1401 3749 ﬁla
1434 3695 1730 3767 loquentia
1758 3710 1990 3750 carmen

420 3786 762 3842 Verberibus
792 3786 1015 3857 plectri,
1048 3785 1268 3851 doctor,
1304 3784 1518 3839 servire
1551 3784 1735 3854 coegi.

419 3876 632 3948 Cyrrha
657 3880 861 3947 potens
882 3874 1115 3938 Phcebo,
1149 3873 1334 3928 laticis
1360 3872 1455 3943 pia
1484 3872 1655 3927 turba
1676 3871 1863 3925 sereni

421 3966 505 4021 Tu
527 3964 666 4020 mihi
688 3962 916 4034 semper
954 3963 1089 4027 eris,
1124 3962 1223 4033 qui
1262 3966 1495 4032 pectora
1526 3961 1721 4016 clausa
1752 3959 1986 4016 remotis

421 4055 628 4110 Inseris
658 4051 881 4119 ofﬁciis,
922 4056 979 4106 et
998 4052 1197 4106 dextro
1217 4050 1455 4104 numine
1487 4050 1759 4121 comples.

422 4145 726 4214 Deprecor,
760 4145 1013 4194 exactam
1040 4139 1297 4192 fauturus
1328 4140 1549 4209 suscipe
1580 4154 1796 4205 vocem,

422 4230 671 4286 Extorsis
701 4229 953 4299 pretium
984 4227 1204 4280 donans
1224 4231 1278 4281 te
1306 4226 1498 4297 judice
1528 4226 1708 4281 dictis.

491 4401 509 4437 ί
544 4400 744 4455 Restat
766 4416 932 4473 quem
963 4399 1150 4472 longo]
1178 4400 1529 4473 Laurentius
1578 4400 1879 4473 episcopus
1927 4401 2114 4457 adhuc

422 4479 732 4578 superstes,
763 4488 892 4551 cum
914 4472 1036 4549 haec
1064 4472 1333 4526 scriberet
1365 4472 1670 4526 Ennodius.

553 4544 782 4578 Imnnro'o
811 4547 1012 4578 puellm:
1057 4544 1126 4578 ΔΑ
1166 4542 1488 4578 “oratori-nn
1546 4544 1670 4578 ειη-ἰ.

544 4542 786 4616 Imperii
809 4542 1013 4616 custos}
1051 4544 1127 4598 Ad
1163 4542 1490 4616 Deuteriurn
1546 4544 1819 4616 scriptum
1874 4543 2112 4613 conjeci,

422 4618 546 4668 tum
568 4614 715 4685 quia
738 4614 1031 4669 doctorem
1058 4615 1347 4685 appellare
1382 4614 1546 4685 solet
1596 4615 1948 4680 Deuterium,
1983 4621 2108 4669 tum

423 4684 676 4765 maxime
697 4685 829 4756 quia
852 4685 911 4739 in
960 4684 1212 4765 antiquis
1262 4684 1442 4765 libris‘
1473 4685 1739 4765 subditur
1787 4686 2116 4741 allocutioni

423 4755 731 4826 Diomedis,
751 4772 924 4825 quam
960 4757 1228 4811 Deuterio
1254 4759 1484 4826 petente
1509 4756 1758 4824 scripsit.

494 4824 518 4860 ⁸
551 4826 637 4879 De
664 4824 1043 4897 marmoribus
1066 4843 1234 4895 opere
1257 4824 1535 4897 sarsorio]
1578 4826 1886 4895 Gregorius
1937 4828 2114 4880 Turo-

424 4897 617 4953 nensis
638 4896 747 4969 lib.
780 4898 1141 4969 “Historias,
1201 4916 1323 4969 cap.
1388 4902 1468 4960 16,
1518 4896 1591 4952 ue
1655 4899 1889 4950 ecclesia
1942 4913 2116 4969 quam

428 4966 721 5048 Namatqu
757 4968 1053 5048 episcopus
1074 4966 1541 5048 Arvernorumin
1576 4969 1799 5023 civitate
1831 4984 1931 5020 sua
1960 4966 2099 5048 tedi-

423 5038 639 5094 ﬁcavit:
669 5038 933 5105 Parietes,
954 5038 1164 5109 inquit,
1188 5040 1263 5093 ad
1291 5040 1565 5093 altarium
1587 5038 2020 5109 operesarsurio
2050 5055 2118 5092 ea:

423 5109 601 5165 multo
626 5125 977 5163 marmorum
1006 5126 1209 5178 genere
1236 5114 1541 5166 exornatos
1564 5112 1745 5165 habet.
1770 5111 1845 5163 Ex
1875 5109 2118 5163 Ennodii

425 5181 610 5236 verbis
641 5182 775 5234 satis
828 5187 988 5250 patet
1042 5182 1352 5234 sarsorium
1390 5197 1533 5250 opus
1580 5182 1709 5245 dici,
1761 5196 1890 5233 cum
1945 5181 2117 5235 varia:

428 5251 774 5307 discolorum
824 5267 1175 5305 marmorum
1253 5257 1455 5304 crustas
1536 5251 1995 5311 committuntur,
2057 5258 2120 5305 ut

430 5339 606 5377 unum
638 5339 843 5392 corpus
866 5330 921 5375 et
952 5338 1123 5375 unam
1145 5322 1306 5392 quasi
1329 5322 1613 5391 picturam
1653 5322 1924 5383 efﬁciant,
1965 5323 2117 5392 quod

430 5394 828 5463 genusiscitea
859 5392 1565 5463 Cassiodoroidescribitur
1593 5394 1688 5447 lib.
1727 5411 1762 5457 ι,
1814 5393 1981 5463 epist.
2038 5396 2068 5447 6
2103 5410 2116 5447 :

429 5462 516 5542 De
536 5462 851 5542 urbenobis
869 5462 1284 5542 marmorarios
1296 5462 1674 5542 peritissimos
1692 5462 2001 5542 destinatis,
2021 5464 2121 5537 qui

428 5533 634 5613 eximie
647 5533 830 5613 divisa
845 5534 1220 5613 Canungant_,
1235 5534 1452 5613 etpenis
1468 5535 1879 5613 colludentibus
1892 5533 2121 5613 illigata

429 5602 757 5658 naturalem
777 5604 997 5671 faciem
1008 5602 1384 5660 laudabiliter
1398 5605 1753 5660 mentiantur
1774 5606 1872 5659 :de
1891 5602 2016 5660 arte
2033 5622 2120 5660 ve-

1633 281 1917 337 ENNODII
1958 280 2269 337 EPISCOPI
2306 278 2693 334 TltZlNENSIS

2137 421 2183 472 A

3799 278 3884 325 35’?

3006 406 3135 461 XCI.

2440 515 2515 555 ne
2557 501 2579 534 ³
2622 510 3034 553 usanomsus
3091 506 3296 550 orsus
3339 507 3679 550 SARSOBIO.

2214 588 2527 644 Visceribus
2558 588 2815 660 lapidum
2848 584 3135 656 permixta
3169 585 3296 655 lege
3330 582 3534 638 coactis

2284 678 2554 732 Naturam
2584 676 2798 729 faciunt
2815 675 3097 728 artiﬁcum
3118 672 3325 726 studia.

2214 768 2277 820 In
2306 767 2555 821 solidum
2584 764 2777 819 tractis
2799 764 3099 834 riguerunt
3138 776 3428 816 marmora
3453 759 3747 826 membris,

2286 855 2547 909 Partibus
2576 854 2635 908 in
2666 856 2913 907 crustam
2938 851 3468 922 colligiturgenius.

2218 944 2400 999 Unam
2430 943 2500 998 de
2529 943 2701 999 variis
2731 942 2974 1012 speciem
3008 955 3354 1012 componere
3388 937 3583 992 frustis

2287 1032 2395 1099 Qui
2426 1032 2634 1104 potuit,
2668 1047 2867 1086 saxum
2896 1030 3061 1086 duxit
3089 1030 3151 1083 in
3172 1028 3530 1099 obsequium.

2988 1119 3120 1173 XCII
3133 1157 3144 1169 .

2437 1226 2509 1265 DE
2558 1224 2865 1265 HISSORIO
2912 1223 3016 1263 UBI
3066 1221 3265 1261 IMAGO
3312 1219 3525 1260 IPSIUS
3573 1219 3703 1259 EST.

2220 1298 2501 1355 Divitibus
2530 1298 2778 1369 pretium
2805 1302 2891 1351 est
2919 1295 3143 1349 Ennodi
3173 1296 3358 1349 forma
3379 1293 3647 1347 metallis.

2969 1384 3151 1439 XCIII.

2740 1489 2804 1529 IN
2852 1488 3097 1529 CONCBA
3141 1487 3378 1528 IPSIUS.

2220 1563 2469 1621 Parturit
2496 1563 2652 1619 unda
2678 1562 2858 1629 sitim,
2890 1578 3065 1634 quam
3115 1561 3424 1633 splendens
3463 1562 3678 1615 concha
3736 1559 3894 1613 mi)..-

3661 1648 3838 1720 [δὴδί.

2152 1720 2192 1773 Β
2988 1741 3163 1796 XCIV.

2458 1848 2531 1887 ne
2572 1837 2593 1868 ‘
2635 1845 2796 1895 nouo
2840 1846 3012 1893 QUEM
3061 1843 3326 1884 ACCEPIT
3375 1840 3679 1883 uunrsco.

2221 1921 2465 1992 Belliger
2493 1920 2705 1991 algenti
2725 1919 2955 1990 sonipes
2985 1919 3200 1973 nutrite
3227 1918 3332 1971 sub
3356 1933 3481 1983 axe,

2293 2011 2397 2066 Per
2421 2010 2621 2065 Tanais
2645 2009 2898 2063 medium
2934 2013 3163 2079 pectora
3203 2006 3347 2060 sicca
3373 2006 3583 2060 ferens.

2222 2099 2376 2154 Cana
2403 2098 2692 2169 pruinosis
2714 2098 3085 2152 mandentem
3109 2095 3373 2167 gramina
3396 2094 3596 2149 lustris

2290 2189 2480 2243 Virtus
2506 2189 2630 2259 lege
2652 2188 2774 2259 poli
2801 2204 2970 2259 quem
2992 2186 3099 2239 sibi
3138 2184 3438 2256 percoluit.

2222 2279 2352 2333 Post
2380 2278 2625 2333 domitas
2658 2281 2875 2348 gentes,
2903 2280 3030 2347 post
3050 2275 3290 2330 flumina
3316 2276 3477 2327 tanta
3505 2271 3755 2338 cruoris,

2289 2367 2447 2421 Alter
2473 2372 2527 2421 te
2560 2366 2847 2432 dominus,
2884 2365 2979 2419 sed
3004 2368 3195 2418 manet
3223 2364 3343 2433 ipse
3363 2362 3543 2416 labor.

2221 2455 2441 2527 Linque
2472 2472 2676 2526 precor
2698 2456 2927 2517 lituum,
2964 2458 3163 2507 cantus
3193 2466 3428 2521 passure
3454 2449 3670 2515 beatos,

2294 2546 2560 2615 Captivus
2584 2545 2736 2616 pacis
2771 2542 3014 2597 mitteris
3040 2540 3347 2611 obsequiis.

2223 2634 2310 2688 Nil
2335 2634 2441 2687 tibi
2471 2649 2603 2686 cum
2634 2632 2797 2686 bellis
2828 2646 2843 2684 :
2871 2629 3237 2684 commendat
3264 2626 3501 2682 buccina
3530 2626 3752 2680 lethum
3782 2642 3794 2678 :

2293 2721 2441 2787 Quid
2466 2722 2632 2792 juvat
2664 2725 2928 2790 expertas
2957 2734 3185 2788 semper
3216 2732 3409 2771 amare
3441 2730 3607 2769 neces
3626 2714 3653 2767 ?

3004 2806 3153 2863 XCV.

2382 2912 2715 2953 EPITAPBIUI
2760 2913 2803 2951 5.
2844 2912 3083 2950 VICTORIS
3123 2908 3358 2948 EPISCOPI
3401 2905 3779 2946 NOVARIENSIS.

2150 3022 2191 3077 Ο
2225 2987 2489 3051 Nomine,
2522 2987 2832 3057 proposito,
2866 2984 3108 3049 meritis,
3142 2982 3455 3037 certamine
3478 2982 3686 3045 Victor,

2225 3076 2475 3147 Despicis
2506 3091 2808 3146 oppressas
2838 3074 3122 3128 maculato
3144 3072 3362 3125 semine
3397 3076 3599 3124 terras.

2220 3167 2303 3220 Tu
2334 3164 2520 3219 carnis
2552 3164 2705 3217 vitiis
2734 3178 3026 3234 possessor
3048 3161 3303 3231 corporis
3334 3174 3557 3230 expers,

2227 3255 2468 3310 Lubrica
2500 3252 2769 3323 subjectis
2790 3251 3063 3307 domuisti
3080 3252 3283 3305 saecula
3306 3248 3600 3312 membris,

2222 3342 2609 3413 Tranquillus,
2644 3340 2892 3411 patiens,
2915 3344 3231 3410 correptor,
3266 3338 3557 3408 providus,
3587 3350 3740 3389 acer.

2224 3432 2323 3487 Hic
2354 3432 2595 3486 reddens
2626 3430 2864 3484 tumulis
2916 3430 3154 3496 cineres,
3188 3428 3255 3481 ad
3279 3428 3426 3480 celsa
3455 3430 3687 3480 vocatus

2226 3521 2469 3593 Spiritus
2497 3520 2745 3574 tetherea
2773 3518 3095 3589 congaudet
3124 3518 3347 3575 lucibus
3376 3532 3525 3569 arce.

2223 3613 2391 3666 Busta
2418 3609 2722 3680 supercilio
2755 3608 3056 3662 miseratus
3076 3606 3258 3659 cernit
3288 3602 3533 3674 Olympi.

2228 3699 2382 3753 Unde
2404 3697 2741 3768 triumphati
2774 3702 3100 3767 respectans
3130 3696 3333 3748 funera
3362 3692 3585 3759 mundi,

2222 3788 2485 3842 Cassibus
2504 3786 2686 3841 exutis
2711 3786 2986 3840 concedes
3007 3784 3244 3854 premis
3263 3780 3559 3838 membris.

2991 3871 3166 3926 XCVI.

2360 3980 2430 4018 DE
2467 3977 2690 4025 QUODAM
2731 3977 2955 4016 ROMANO
3000 3976 3092 4021 QUI
3134 3975 3327 4014 VOLUI'I'
3365 3972 3628 4013 MAGISTER
3667 3970 3815 4011 ESSE.

2228 4054 2396 4108 Index
2429 4059 2649 4107 naturae
2690 4053 2944 4106 studium
2973 4051 3079 4105 tibi
3102 4066 3219 4105 non
3248 4049 3405 4103 venit
3437 4049 3644 4113 ullum,

2229 4143 2433 4199 Littera
2467 4142 2624 4195 nulla
2662 4141 2799 4195 colit
2823 4141 3006 4195 bruta:
3043 4137 3387 4192 commercia
3421 4136 3653 4207 linguae,

2227 4236 2527 4303 Nunquam
2554 4229 2866 4302 discipulus
2897 4229 3109 4297 valeas,
3142 4227 3230 4281 dic
3257 4226 3406 4281 unde
3437 4225 3711 4296 magister
3729 4226 3762 4278 ?

2224 4409 2371 4473 niat,
2403 4407 2557 4479 quod
2579 4406 2770 4479 vincat
2794 4409 3068 4461 naturam
3097 4402 3372 4479 :discolor
3392 4404 3641 4479 acrusta
3670 4414 3926 4479 marmo-

2227 4471 2366 4532 rum'
2375 4471 2715 4550 gratissima
2740 4480 3096 4550 picturarum
3122 4474 3404 4529 varietate
3441 4474 3728 4550 texuntur.
3752 4542 3763 4550 _
3788 4471 3929 4550 Inde

2227 4556 2282 4603 et
2302 4542 2507 4613 sarsor,
2526 4550 2647 4618 ejus
2669 4542 2881 4617 opilicii
2905 4547 3107 4599 artifex
3132 4545 3555 4618 marmorarius.
3576 4544 3635 4596 In
3655 4542 3930 4618 actis_C_ir-

2226 4623 2480 4676 tensibus
2512 4614 2761 4673 N'umatii
2795 4619 3010 4684 Felicis,
3036 4633 3165 4670 cum
3199 4617 3340 4668 sacri
3386 4615 3609 4668 codices
3633 4614 3740 4665 sub
3794 4614 3931 4666 Dio-

2224 4694 2467 4745 cletiano
2491 4696 2915 4761 qmererentur:
2944 4692 3011 4761 Et
3033 4689 3170 4761 dum
3190 4690 3415 4761 ventum
3436 4688 3583 4739 esset
3596 4684 3673 4738 ad
3690 4684 3931 4739 domum

2225 4762 2438 4817 Felicis
2468 4757 2741 4825 sarsoris,
2778 4760 3021 4831 protulit
3047 4758 3263 4813 codices
3282 4757 3559 4831 quinque.

2299 4834 2321 4866 "
2353 4836 2432 4886 De
2451 4848 2591 4903 equo
2618 4825 2795 4902 quem-
2816 4832 3059 4903 accepit,
3082 4825 3370 4900 Huniséo]
3434 4825 3762 4903 Huniscum_
3790 4825 3933 4903 dixit

2225 4921 2339 4975 qua
2366 4897 2551 4957 forma
2580 4897 2871 4957 Daciscum
2897 4897 3237 4954 Aurelianus
3272 4897 3556 4975 infepist.‘
3610 4897 3766 4966 apud
3828 4897 3934 4949 Vo-

2226 4968 2464 5044 piscum.
2500 4976 2838 5029 Ilunnorum
2881 4989 3027 5044 gens
3057 4986 3285 5044 semper
3326 4972 3384 5023 in
3416 4968 3613 5035 armis,
3658 4974 3715 5044 et
3774 4983 3934 5020 nun-

2225 5040 2396 5116 quam
2430 5046 2551 5099 sine
2583 5044 2760 5116 equis.
2798 5040 2934 5098 Inde
2975 5042 3247 5116 Sidonius
3270 5048 3490 5116 argute,
3524 5046 3588 5093 ut
3617 5040 3796 5116 solet.‘
3818 5055 3934 5092 cae-

2226 5111 2373 5195 teras
2404 5123 2599 5185 gentes
2631 5111 3100 5195 Equorum‘tergo
3155 5112 3311 5178 ferri,
3370 5113 3606 5166 Hunnos
3662 5111 3937 5164 habitare

2226 5191 2306 5243 ait
2327 5190 2387 5242 in
2416 5184 2769 5259 panegyrico
2798 5184 3111 5241 Anthemii.

2601 5313 2673 5360 Ita
2707 5324 2911 5373 semper
2938 5322 3073 5371 equo
3100 5322 3192 5356 ceu
3226 5306 3360 5373 ﬁxus
3390 5306 3625 5373 adiuuaret

2358 5375 2560 5431 Hector,
2594 5369 2945 5431 Cornipedum
2975 5369 3122 5433 tergo
3158 5384 3285 5432 geus
3312 5370 3476 5433 altera
3502 5369 3691 5433 fertur,

2357 5437 2475 5484 Haec
2506 5430 2703 5485 habitat
2735 5430 2958 5484 :teretes
2988 5430 3141 5481 arcus
3164 5430 3219 5480 et
3244 5432 3445 5494 spicula
3475 5430 3640 5479 cordi.

2231 5536 2438 5590 Locum
2465 5533 2851 5600 ut,emendari
2908 5532 3069 5587 debet
3120 5530 3410 5600 exscripsi,
3456 5528 3594 5601 quia
3625 5534 3689 5584 ut
3740 5526 3944 5582 editus

2233 5613 2319 5660 est
2348 5604 2651 5676 multiplici
2678 5604 2885 5659 menda
2915 5608 3104 5658 scatet.
