4038 6170
208 215 310 264 353

964 344 1163 400 XCVII.

784 458 855 496 ΒΕ
879 458 956 497 ΔΝ
975 458 1005 497 U
1053 456 1343 504 QUADAH.

304 530 549 602 Algidus
586 531 650 585 in
679 530 808 585 vivo
840 531 1081 585 moritur
1106 531 1244 585 dum
1277 547 1517 601 corpore
1547 531 1798 603 sanguis,

303 624 609 674 Annorum
640 620 849 690 glacies
880 636 1011 674 cum
1038 620 1207 675 siccat
1234 621 1446 690 pabula
1472 621 1676 689 vulvas,

302 709 552 763 Seminis
580 716 637 763 et
664 716 849 763 custos
872 708 1088 779 refugit
1118 725 1287 763 cruor
1321 709 1476 763 utilis
1506 710 1744 779 inguen,

302 797 555 850 Marcida
585 814 687 851 cur
711 799 912 868 juveni
942 798 1195 865 sociaris,
1229 799 1409 865 Galla,
1440 800 1647 853 marito
1666 800 1695 853 ?

304 888 573 956 Pignoris
594 888 655 941 in
684 888 952 942 thalamis
982 888 1169 958 pariet
1193 887 1404 942 fiducia
1426 888 1649 958 juncto.

302 976 449 1029 Nam
481 976 741 1031 sobolem
774 977 917 1030 laxis
957 978 1290 1032 mendacem
1321 977 1505 1031 vivere
1537 976 1693 1046 rugis

300 1065 677 1133 Insimulans,
712 1066 898 1135 epulis
925 1066 1023 1120 das
1054 1068 1272 1136 prolem
1297 1066 1413 1121 feta
1441 1067 1669 1120 cloaca}.

297 1154 510 1208 Attulit
563 1155 676 1209 hoc
712 1160 929 1222 venter,
979 1156 1132 1225 quod
1163 1157 1413 1226 conjunx
1441 1156 1649 1227 jungat
1681 1154 1751 1210 ad
1782 1171 1900 1210 ora.

930 1244 1173 1301 XCVIII.

468 1350 546 1388 DE
586 1348 804 1389 ANULO
856 1350 1151 1389 FIRHINE
1208 1349 1339 1389 INL.
1374 1349 1657 1391 ΡΕΜΙΝλΕ.

295 1422 387 1477 Nil
412 1422 568 1477 fallit
598 1424 896 1491 simulans,
932 1425 1089 1495 quod
1111 1424 1276 1478 ﬁnxit
1304 1424 1535 1478 dextera
1566 1439 1766 1478 verum
1797 1426 1900 1477 est.

291 1512 621 1567 lmmobilis
664 1518 911 1566 stantem
956 1513 1166 1581 fugitat
1213 1514 1380 1583 lepus
1417 1518 1538 1567 arte
1567 1514 1900 1580 molossum,

292 1600 558 1655 Insertus
583 1600 796 1655 rabidis
834 1600 985 1655 ridet
1012 1601 1176 1655 furor
1208 1617 1416 1655 aureus
1447 1602 1617 1669 ursis,

291 1688 621 1743 Gestandus
649 1689 911 1743 manibus
943 1690 1102 1743 saevit
1130 1691 1218 1744 leo
1238 1690 1504 1745 blandior
1530 1691 1635 1744 ira.

295 1777 612 1849 Cognoscit
641 1778 934 1833 dominam
962 1779 1164 1850 genius
1190 1780 1504 1835 famulante
1535 1779 1789 1835 metallo.

292 1867 518 1940 Mitigat
550 1868 650 1922 illa
674 1867 843 1932 feras,
876 1868 1013 1923 dum
1044 1868 1271 1939 plebem
1318 1868 1502 1940 pascit
1532 1873 1823 1941 egentem.

949 1958 1117 2011 XCIX.

841 2046 945 2117 (ne
991 2046 1278 2116 ALBINO.)

294 2135 523 2207 Aspicis
553 2134 826 2190 Albinum
856 2136 1053 2190 titulos
1083 2140 1211 2207 post
1238 2136 1410 2192 busta
1443 2136 1685 2203 dedisse,

400 2227 638 2280 Funera
666 2226 766 2295 qui
795 2224 1013 2279 meritis
1043 2224 1325 2279 vivacibus
1344 2226 1591 2296 jugulat.

294 2315 511 2385 Inclyta
546 2314 638 2367 cui
676 2312 945 2384 princeps
997 2314 1135 2367 dum
1165 2315 1360 2368 subdis
1385 2316 1519 2385 jura
1548 2313 1828 2387 magistri,

401 2403 555 2456 Vere
585 2402 898 2469 sepulturae
925 2402 1165 2472 contigit
1192 2402 1287 2457 ille
1328 2403 1507 2460 locus.

531 2580 636 2650 (ne
666 2593 832 2634 CANE
868 2594 1190 2635 YENATICO
1218 2595 1290 2635 ar
1338 2581 1557 2649 AGNA.)

297 2668 521 2724 Gratius
559 2669 653 2722 hic
683 2669 885 2723 sollers
915 2668 1150 2739 quidam
1179 2670 1458 2724 vocitatur
1483 2669 1794 2736 homullus,

298 2758 551 2811 Naribus
576 2764 837 2828 argutus,
864 2773 1092 2827 gressus
1122 2758 1292 2823 celer,
1325 2775 1423 2812 ore
1454 2758 1759 2824 timendus,

295 2846 635 2919 Impavidus
674 2862 869 2918 presso
912 2847 1146 2918 signans
1176 2847 1415 2918 vestigia
1448 2852 1653 2915 rostro,

301 2937 418 3000 Quo
450 2953 682 3004 cervus,
717 2953 958 3007 capreae,
983 2938 1226 3007 lepores,
1255 2937 1449 3007 lupus,
1482 2953 1614 2989 ursa
1644 2940 1903 3005 vagatur,
1946 2940 1987 2994 C

298 3027 545 3095 Invenit,
580 3033 640 3079 et
670 3027 862 3095 tepido
894 3026 1118 3096 capitur
1141 3027 1263 3081 fera
1296 3026 1530 3096 provida
1554 3026 1720 3080 lecto.

301 3115 546 3169 Luditur
576 3116 822 3185 agnellae
854 3124 982 3184 post
1013 3116 1210 3185 praalia
1239 3121 1398 3169 tanta
1429 3116 1640 3181 volatu,

300 3204 457 3259 Molle
485 3220 669 3276 pecus
696 3205 987 3258 volucrem
1011 3203 1302 3275 praevertit
1332 3204 1531 3258 fraude
1563 3202 1898 3258 molossum.

1013 3292 1097 3348 CI.

1944 1642 1981 1695 Β

796 3398 868 3437 ne
912 3381 927 3415 ⁸
978 3396 1348 3437 SCUTELLIS.

297 3471 393 3524 Tot
419 3471 581 3525 Iovis
610 3470 933 3537 illecebras,
965 3476 1049 3525 tot
1086 3470 1331 3524 crimina
1368 3469 1495 3525 viva
1525 3470 1725 3540 ﬁguris

298 3562 438 3615 Dum
466 3560 626 3614 bene
657 3560 941 3631 depingit,
965 3559 1167 3614 vitiosa
1187 3565 1271 3614 est
1296 3559 1531 3613 dextera
1558 3559 1723 3613 fabri.

298 3649 539 3720 Argenti
571 3650 826 3719 pretium
853 3653 939 3702 est
967 3648 1187 3703 facinus
1210 3648 1458 3703 retinere
1490 3652 1800 3709 vetustum,

300 3739 374 3792 Ne
403 3754 629 3809 purum
664 3742 898 3809 superet
926 3738 1079 3808 quod
1113 3737 1278 3793 furtis
1306 3737 1569 3807 Iuppiter
1601 3738 1739 3807 egit.

300 3827 381 3880 Nil
411 3829 557 3881 licet
588 3829 764 3893 zetati,
798 3812 1078 3881 scelerum
1107 3828 1469 3881 monimenta
1494 3829 1820 3896 resurgunt.

299 3915 589 3971 Admonet
618 3915 918 3988 exemplis,
950 3917 1048 3987 qui
1078 3916 1276 3986 culpas
1308 3915 1518 3970 format
1543 3915 1741 3969 avitas.

998 4005 1107 4060 Cll.

988 4110 1163 4149 AIUD.

304 4182 356 4236 Si
381 4188 580 4237 tantas
610 4183 781 4239 facies
812 4188 950 4238 tunc
978 4182 1226 4254 sumpsit
1249 4181 1412 4238 divus
1442 4182 1686 4250 adulter,

401 4271 471 4326 Se
510 4271 770 4343 primum
801 4272 957 4327 falsis
986 4272 1124 4327 lusit
1152 4271 1524 4342 imaginibus.

301 4360 441 4425 Quid
471 4378 598 4415 non
632 4362 871 4415 mentito
905 4362 1169 4416 violasset
1195 4377 1436 4431 corpore
1469 4375 1707 4427 numen,

404 4451 589 4522 Cujus
620 4451 803 4505 forma
833 4468 942 4506 suo
982 4452 1192 4522 gaudet
1217 4449 1548 4505 adulterio?

984 4539 1120 4595 CIII.

514 4628 621 4699 (ne
659 4644 981 4685 PASIPRAE
1027 4645 1097 4684 er
1148 4626 1582 4699 urnorauao.)

307 4715 456 4770 Laesa
486 4718 680 4771 Venus
708 4734 824 4771 non
858 4723 979 4771 est:
1014 4722 1236 4771 natura:
1266 4717 1491 4771 vincula
1526 4719 1828 4770 constant:

304 4805 513 4859 Bucula
548 4806 798 4861 Dzrdalei
826 4811 1006 4860 cessat
1040 4807 1281 4860 mentita
1313 4804 1541 4859 laboris.

306 4892 543 4962 Ingenio
575 4895 768 4948 vivens
800 4896 879 4949 nil
914 4896 1101 4966 mugit
1131 4912 1298 4949 vacca
1326 4895 1612 4949 biformis.

314 4981 577 5053 Fictaque
614 4999 715 5038 nec
746 5000 945 5038 verum
999 4984 1215 5038 coitum
1243 4983 1381 5037 dant
1414 4983 1570 5053 ligna
1616 4980 1897 5052 juvencas.

313 5070 439 5124 Ecce
487 5073 695 5125 iterum
732 5079 892 5127 tauro
924 5074 1134 5127 mulier
1166 5072 1527 5126 submittitur
1555 5087 1721 5137 uxor,

314 5159 594 5214 llumanas
650 5162 935 5231 pecudum
967 5162 1259 5232 suspirant
1286 5167 1515 5231 pectora
1546 5160 1826 5213 ﬂammas.

314 5244 471 5299 Vasta
492 5248 699 5319 jugum
724 5250 933 5317 cervix,
969 5266 1166 5303 cursus
1197 5248 1350 5319 capit
1375 5265 1507 5303 area
1540 5248 1693 5316 colli,

313 5333 561 5396 Qualiter
589 5339 821 5394 astricto
853 5339 1079 5394 sudavit
1109 5339 1363 5393 marcida
1400 5337 1543 5392 loro.

231 5564 235 5567 Δ
287 5492 301 5527 ¹
344 5494 420 5548 De
448 5496 718 5565 :culellis]
764 5498 834 5551 Ut
860 5514 1098 5551 caucum
1139 5513 1313 5568 supra
1351 5496 1544 5551 fabula
1570 5494 1898 5568 Pasiphaes,

231 5566 295 5614 ita
321 5580 466 5619 nunc
493 5570 750 5623 scutellas
773 5569 925 5623 Jovis
952 5566 1247 5625 adulteriis
1279 5570 1487 5623 celatas
1518 5566 1803 5631 describit,

1627 212 1997 270 CARMINUM
2038 213 2146 267 LIB
2160 257 2172 269 .
2227 215 2290 268 II.

1944 356 1992 408 A

3617 220 3721 275 354

2799 351 2932 406 CIV.

2396 436 2498 506 (nn
2546 452 2867 493 DEUTERIO
2891 442 3360 512 GRAMMATICO.)

2128 525 2350 592 Forma,
2385 538 2575 596 caput,
2602 526 2793 594 facies,
2829 527 3052 583 deuteri
3075 536 3277 586 cuncta
3311 532 3604 604 magister,

2233 615 2558 669 lnnumeris
2592 615 2791 670 doctor
2821 618 3058 672 Dotibus
3094 619 3189 673 ille
3230 621 3388 675 cluit.

2124 703 2379 758 Excussit
2409 704 2667 775 linguam
2707 705 2909 775 genius
2940 707 3226 778 perfectus
3262 709 3497 781 ubique.

2228 792 2385 857 Quod
2419 794 2527 847 fari
2558 794 2757 863 nescit,
2792 796 3057 867 displicet
3090 798 3224 852 inde
3256 800 3441 853 malis.

2122 882 2566 937 Grammaticam
2596 883 2817 952 jactant
2855 892 3037 939 artem
3070 886 3311 955 .nescire
3342 886 3715 959 magistrum:

2233 972 2347 1025 Hoc
2378 972 2585 1027 melius
2615 973 2858 1045 simplex
2885 976 3139 1029 moribus
3159 975 3433 1030 instituit.

2138 1060 2394 1115 Oratoris
2424 1078 2587 1132 opus,
2622 1062 2992 1135 lapidosaque
3023 1064 3274 1119 culmina
3298 1066 3446 1120 Tulli

2228 1150 2349 1204 Non
2375 1150 2564 1221 tetigit
2592 1168 2604 1204 :
2639 1152 2855 1205 celsum
2889 1155 3119 1207 rhetora
3150 1155 3345 1209 nullus
3374 1159 3547 1209 amat.

2118 1236 2420 1307 Discipulis
2446 1239 2582 1292 satis
2622 1244 2707 1294 est
2737 1241 2949 1308 vultus,
2988 1242 3261 1314 tacitique
3293 1243 3542 1299 verenda

2228 1325 2512 1397 Calvities,
2532 1329 2739 1385 P11bi
2773 1330 3000 1386 lumina
3033 1332 3206 1402 plena
3235 1331 3451 1387 vident.

2807 1437 2911 1491 CV.

2308 1537 2369 1577 IN
2406 1538 2706 1579 NATALBM
2739 1540 3047 1581 INFANTIS
3085 1542 3433 1583 ARATORIS.

2670 1616 2745 1669 Ex
2774 1622 3056 1686 tempore.

2114 1699 2249 1755 Jure
2277 1701 2415 1756 colis
2446 1702 2744 1773 preprium
2776 1705 3027 1759 natalem
3058 1706 3299 1776 pulcher
3327 1707 3552 1761 Arator.

2218 1788 2325 1853 Qui
2356 1790 2404 1844 si
2434 1808 2547 1847 non
2577 1793 2814 1861 coleres,
2848 1792 2870 1826 ³
2905 1810 3205 1866 nunquam
3242 1799 3447 1850 Arator
3492 1809 3636 1851 eras.

2791 1883 2923 1937 CVI.

2209 1983 2275 2020 DE
2314 1983 2537 2028 QUODAM
2563 1984 2771 2023 INCERTI
2799 1986 3076 2026 PROPOSITI
3117 1988 3252 2025 νιΤιΕ
3276 1988 3482 2027 τυιὶριε.

2112 2055 2215 2109 Tot
2238 2055 2409 2110 rebus
2441 2056 2611 2110 fallax
2644 2058 2779 2127 quid
2808 2058 2991 2128 garris
3020 2059 3148 2129 pica
3172 2059 3458 2126 biformis,

2114 2142 2357 2197 Semivir
2384 2151 2441 2199 et
2470 2146 2715 2200 tremulo
2734 2146 2835 2217 qui
2865 2163 3029 2201 vevas
3061 2148 3251 2218 turpia
3280 2148 3479 2203 lumbo
3504 2147 3532 2201 ?

2119 2232 2281 2296 Quod
2312 2233 2415 2287 tibi
2436 2235 2818 2304 propositum,
2845 2236 2945 2307 qui
2965 2252 3131 2291 sexus
3161 2237 3401 2307 contigit
3420 2234 3718 2308 unquam?

2121 2321 2268 2386 Quid
2301 2338 2418 2377 non
2446 2324 2730 2391 mentiris,
2760 2324 2867 2390 vir,
2901 2324 3140 2396 femina,
3169 2332 3379 2394 sancte,
3412 2325 3657 2397 profane
3686 2324 3715 2381 ?

2782 2414 2940 2469 CVII.

2218 2515 2456 2557 VERSUS
2496 2516 2671 2558 MISS!
2699 2517 2989 2558 AGNELLO
3024 2519 3179 2560 VIRO
3206 2518 3501 2560 SUBLIMI.

2668 2592 2745 2644 Ex
2776 2596 3056 2662 tempore.

2123 2676 2400 2732 Lucidum
2429 2678 2596 2733 tinxit
2625 2681 2951 2735 maculante
2981 2680 3115 2735 fuco

2120 2765 2391 2836 Quisquis
2420 2767 2708 2835 affectum,
2741 2769 2887 2823 ferat
2913 2769 3051 2823 inde
3081 2770 3343 2840 linguam

2117 2854 2332 2909 Iudicis
2362 2856 2569 2910 Christi
2600 2857 2819 2911 facibus
2863 2860 3159 2927 perustam

2652 2946 2760 3000 Ore
2792 2948 3071 3016 sepultus.

2121 3031 2338 3087 Scindit
2365 3048 2581 3102 urgens
2610 3034 2790 3088 faadus
2840 3051 3010 3089 omne
3039 3033 3241 3089 fraude
3273 3033 3433 3088 vivax
3465 3032 3710 3104 perpeti,

2116 3122 2285 3191 Egre
2318 3127 2551 3192 portans
2581 3122 2865 3194 quidquid
2898 3124 3037 3178 ordo
3066 3123 3288 3194 ﬂagitat
3316 3121 3592 3177 serenior.

2120 3208 2360 3280 Linque,
2385 3226 2602 3281 quaeso,
2623 3212 2825 3280 amice,
2844 3229 3028 3268 mores
3050 3213 3218 3283 plebe
3248 3213 3454 3282 dignos
3481 3211 3709 3282 ultima,

2120 3298 2427 3369 Sanguinis
2454 3300 2657 3354 callem
2690 3306 2919 3355 secutus
2947 3318 3112 3355 serva
3144 3302 3301 3374 quod
3329 3301 3600 3372 depectus
3634 3316 3710 3356 es.

2505 3421 2577 3461 EN
2594 3421 2828 3461 NODIUS
2871 3422 3182 3463 AGNELLO.

2081 3494 2227 3547 Ante
2249 3492 2556 3564 imperium
2579 3494 2896 3565 diligentias
2916 3501 3118 3550 vestras
3142 3495 3526 3550 valetudinem
3550 3511 3711 3550 suam

2011 3580 2267 3652 injuncta
2294 3589 2624 3637 tenuerunt.
2660 3586 2804 3638 Nam
2834 3602 2905 3638 ne
2935 3585 3027 3638 cui
3058 3585 3184 3638 haec
3212 3583 3487 3638 darentur
3510 3584 3600 3638 vel
3636 3583 3713 3638 le-

2012 3671 2200 3742 genda
2232 3673 2319 3725 vel
2349 3673 2782 3728 transcribenda
2810 3673 3207 3744 praemonitus,
3241 3672 3434 3727 obvias
3466 3688 3712 3744 poscen-

2010 3760 2160 3815 tibus
2190 3776 2394 3814 manus
2423 3762 2689 3832 opposui.
2715 3763 2875 3816 Nunc
2910 3763 3088 3816 victus
3128 3761 3211 3816 tui
3242 3763 3480 3817 caritate
3519 3767 3712 3816 trans-

2013 3848 2162 3902 misi.
2198 3850 2389 3902 Facies
2418 3866 2612 3904 meum
2645 3851 2923 3920 pudorem
2957 3850 3019 3905 in
3043 3851 3289 3905 statione
3319 3866 3441 3905 esse
3480 3851 3527 3905 si
3554 3850 3701 3905 rele-

2013 3952 2134 4008 gas,
2157 3936 2218 3990 in
2249 3936 2653 4008 profligatione
2678 3937 2947 4005 maxima,
2968 3938 3015 3993 si
3033 3937 3398 3994 transcribas.

2777 4045 2959 4099 CVIII.

2116 4150 2354 4204 Vincula
2383 4150 2548 4205 solvit
2580 4166 2761 4218 amor,
2795 4167 2924 4222 qua:
2969 4151 3260 4222 quondam
3289 4151 3487 4206 nexuit
3517 4151 3700 4207 alter:

2122 4240 2249 4295 Non
2276 4240 2388 4296 nisi
2408 4256 2512 4312 per
2544 4241 2731 4313 legem
2761 4240 2911 4295 cedit
2942 4241 3031 4295 lex
3058 4241 3242 4313 prisca
3271 4244 3631 4312 sequentem.

2529 4441 2630 4504 (ne
2654 4451 2968 4492 veasmus
3012 4436 3202 4505 suns.)

2123 4526 2425 4597 Nunquam
2472 4526 2761 4597 frugiferis
2810 4541 2914 4596 per
2957 4524 3161 4577 saecula
3210 4525 3383 4594 longa
3431 4523 3709 4595 tyrambis

2228 4617 2294 4671 In
2325 4633 2417 4670 me
2457 4616 2745 4670 fluxerunt
2777 4612 3353 4669 commoda‘Castalii.

2118 4707 2321 4764 Tristia
2342 4706 2555 4776 jejunis
2582 4709 2944 4776 spargentem
2976 4702 3230 4757 carmina
3256 4701 3429 4757 labris

2225 4797 2365 4865 Spes
2392 4811 2538 4849 nova
2568 4793 2708 4864 quid
2730 4792 2991 4846 stimulas
3025 4790 3271 4861 gurgitis
3301 4789 3525 4844 Aonii?

2120 4885 2228 4940 Sed
2261 4885 2306 4938 si
2330 4888 2551 4937 mutato
2583 4884 2888 4935 Parcarum
2917 4881 3160 4935 stamine
3191 4880 3424 4951 gaudes,

2226 4972 2435 5027 Exhibe
2466 4971 2830 5041 cornipedem
2859 4986 3014 5023 nunc
3049 4971 3312 5040 Pagasaea
3340 4967 3502 5021 mihi.

2116 5062 2225 5126 Qui
2263 5062 2408 5116 ferat
2442 5060 2720 5130 aligerum
2754 5074 2854 5129 per
2883 5057 3147 5129 gramina
3200 5056 3423 5110 roscida
3471 5069 3702 5125 corpus,

2226 5152 2337 5205 Nec
2363 5156 2584 5203 teneras
2616 5149 2802 5201 flectat
2833 5146 3089 5215 vestigiis
3122 5149 3359 5215 segetes.

2114 5240 2449 5304 Sublimem,
2484 5237 2756 5299 validum,
2793 5235 3128 5298 formosum,
3173 5233 3437 5303 passibus
3484 5234 3706 5301 aptum-

2222 5328 2326 5392 Qui
2360 5330 2403 5381 si
2425 5325 2735 5396 contingat,
2771 5340 2902 5377 mox
2935 5323 3096 5389 mihi,
3129 5322 3301 5386 Musa,
3334 5322 3543 5392 places.

2010 5496 2066 5545 et
2094 5504 2311 5544 morem
2347 5486 2552 5557 pudori
2585 5486 2817 5539 noxium
2853 5484 3058 5538 merito
3087 5482 3346 5553 castigat.

2080 5566 2101 5598 ²
2141 5559 2328 5615 Schot.
2348 5556 2505 5629 legit
2532 5556 2829 5628 numquid.
