4038 6170
406 259 510 308 355

511 386 743 442 Mitteris
770 384 841 439 ad
871 384 1096 453 largum
1129 381 1467 451 locupletem
1500 396 1732 450 poscere
1765 397 1975 451 parva:

619 476 686 531 Ni
717 474 970 546 gaudens
997 471 1215 537 redeas,
1259 469 1348 524 dic
1382 468 1544 530 mihi,
1578 469 1754 538 Musa,
1789 471 1932 525 vate.

1201 559 1305 615 CX.

658 654 771 708 ne!
804 664 1119 708 CASTELLO
1160 662 1489 704 nouoanr
1527 661 1842 704 EPISCOPI.

515 742 796 798 Pontificis
827 745 1072 794 castrum
1106 755 1233 808 spes
1288 741 1374 792 est
1399 736 1675 791 ﬂdissima
1713 736 1858 791 vitaz.

616 831 718 886 Cui
755 835 909 884 tutor
939 833 1188 897 sanctus,
1229 844 1356 898 quae
1389 827 1648 881 nocitura
1673 826 1918 897 petant?

510 921 608 975 Hic
637 921 865 990 clypeus
882 922 1080 972 votum
1103 921 1204 983 est,
1235 916 1434 986 procul
1467 917 1600 970 hinc
1639 916 1867 970 Bellona
1887 915 2091 972 recede

615 1008 778 1073 Quod
807 1007 1024 1062 meritis
1056 1010 1295 1068 constat,
1334 1005 1533 1076 praelia
1570 1006 1728 1058 nulla
1766 1010 2020 1075 gravant.

508 1099 777 1154 Conditor
806 1098 900 1151 hic
930 1112 1122 1150 muros
1147 1095 1374 1162 solidat,
1409 1094 1731 1149 munimina
1768 1095 1966 1150 factor.

615 1187 704 1243 Nil
732 1191 952 1242 metuat
983 1183 1242 1257 quisquis
1276 1185 1386 1238 huc
1414 1189 1685 1256 properat
1717 1189 2000 1240 metuens.

1176 1275 1318 1329 CXI.

934 1381 1008 1418 ne
1031 1365 1052 1397 ²
1099 1378 1308 1419 aonro
1352 1377 1560 1419 REGIS.

507 1458 746 1511 Dextera
774 1454 1117 1524 bellipotens
1147 1453 1389 1524 vulgatis
1418 1453 1590 1524 plena
1615 1451 1947 1523 triumphis,

611 1545 732 1610 Qua
763 1543 966 1597 cecidit
996 1542 1278 1614 quidquid
1304 1542 1453 1612 fugit
1481 1542 1552 1596 ab
1584 1541 1858 1612 obsequio
1883 1557 1897 1596 :

503 1634 770 1705 Disperso
801 1633 1009 1687 celsam
1041 1631 1250 1685 solidas
1282 1631 1382 1701 qui
1413 1631 1691 1701 sanguine
1723 1631 1956 1698 famam,

608 1724 710 1778 Cui
744 1723 967 1794 peperit
1004 1721 1230 1776 laudem
1263 1721 1418 1774 mitis
1448 1725 1505 1775 et
1541 1737 1700 1775 arma
1727 1727 1945 1774 tenens.

499 1814 804 1884 Postquam
837 1812 1120 1883 pra>largo
1165 1810 1409 1864 rubuisti
1442 1815 1750 1865 scammate
1778 1810 1984 1881 campi,

603 1905 749 1956 Arva
782 1902 918 1955 colis
943 1901 1189 1971 pingens
1215 1899 1473 1971 germine
1502 1915 1812 1969 purpureo.

499 1991 767 2062 Virgultis
796 1991 1031 2062 proprio
1065 1989 1360 2059 dispensas
1396 1988 1614 2042 murice
1646 2002 1839 2059 poma,

609 2081 716 2134 Das
746 2080 956 2151 plantis
987 2079 1234 2133 fructum
1264 2077 1563 2132 nobilitate
1596 2083 1712 2132 tua.

503 2169 676 2225 Vilior
697 2186 767 2223 en
800 2185 994 2239 cespes
1021 2168 1199 2238 jactat
1225 2184 1284 2221 se
1312 2168 1485 2222 divite
1517 2165 1698 2234 ramo,

609 2259 754 2312 Dum
783 2257 927 2327 ligni
948 2273 1171 2310 morsus
1201 2256 1422 2310 semina
1455 2257 1606 2310 clara
1635 2256 1805 2310 fovet.

500 2348 801 2402 Demessus
842 2348 993 2401 ferro
1023 2346 1190 2400 ﬂoret
1220 2345 1324 2399 tibi
1352 2345 1613 2400 surculus
1643 2344 1819 2398 alter:

608 2436 768 2490 Nuda
806 2435 1087 2489 maritatis
1117 2435 1216 2489 dos
1245 2434 1388 2488 nitet
1419 2433 1738 2488 arboribus.

498 2525 765 2579 Gramina
792 2525 1072 2578 cultorem
1119 2526 1512 2594 praenoscunt,
1546 2526 1706 2576 muta
1731 2521 2084 2592 loquuntur:

603 2614 760 2678 Quod
787 2614 974 2685 tetigit
1004 2615 1288 2683 princeps,
1322 2628 1420 2665 ver
1451 2611 1622 2666 habet
1651 2611 1710 2664 in
1741 2611 1940 2680 glacie.

497 2704 664 2759 Gestu
698 2710 848 2758 terra
876 2708 1100 2774 potens,
1138 2706 1416 2756 monstrat
1436 2701 1527 2754 cui
1562 2700 1802 2754 creverit
1826 2700 2001 2754 arbor

602 2794 830 2848 Fetibus
861 2797 917 2846 et
942 2792 1109 2862 genio
1136 2790 1414 2861 panditur
1444 2791 1535 2844 hic
1558 2790 1842 2844 dominus.

1651 251 1931 306 ENNODII
1974 250 2287 306 EPISCOPI
2324 250 2706 306 TICINENSIS

2126 385 2170 436 A

497 2883 742 2953 Pervigil
787 2880 1162 2952 Hesperidum
1194 2896 1322 2950 quae
1355 2895 1544 2934 servas
1588 2879 1794 2950 jugera
1829 2895 2080 2951 serpens,
2144 2872 2146 2876 ’

599 2975 787 3025 Aurea
812 2968 1028 3040 jejunis
1068 2984 1309 3023 munera
1339 2968 1360 3002 ³
1391 2970 1531 3023 dans
1561 2968 1763 3038 epulis.

495 3060 629 3125 Quis
661 3060 816 3113 silva
848 3059 1102 3113 sobolem
1134 3062 1330 3129 carpat
1358 3058 1590 3112 custode
1620 3073 1839 3112 veneno
1864 3056 1892 3114 7

598 3149 772 3203 Morte
795 3165 998 3203 nemus
1029 3153 1239 3217 tutum,
1271 3148 1503 3215 credite,
1542 3148 1733 3201 nullus
1764 3147 1900 3201 adit.

495 3238 594 3293 Hic
625 3253 930 3292 commune
960 3237 1120 3304 facis,
1150 3238 1332 3307 pietas
1363 3237 1512 3307 quod
1545 3237 1664 3289 sola
1696 3235 1927 3305 parasti.

602 3327 922 3382 Visceribus
953 3327 1139 3398 plenis
1171 3326 1352 3380 nescit
1389 3327 1542 3380 abire
1573 3325 1772 3379 fames.

1157 3416 1312 3471 CXII.

737 3520 810 3560 DE
848 3520 1017 3560 CIECO
1053 3520 1312 3567 QUODAM
1352 3517 1737 3558 LUXURIOSO.

493 3595 640 3650 Orbe
671 3595 951 3666 pereﬂ'oso
981 3595 1218 3648 ﬂuidum
1243 3594 1312 3649 de
1343 3593 1560 3647 lumine
1589 3592 1796 3646 vulnus

598 3683 840 3738 Pestifer
866 3688 1157 3737 ostentans
1188 3698 1288 3736 ora
1329 3682 1552 3752 sepulta
1582 3681 1754 3752 geris.

491 3771 649 3826 Caeca
678 3788 779 3842 per
801 3771 1137 3824 innumeros
1164 3770 1334 3824 facies
1363 3775 1625 3840 portatur
1645 3769 1880 3835 amicos,

596 3861 703 3925 Qui
735 3865 788 3914 te
821 3861 1178 3930 conspiciunt
1198 3860 1336 3929 'jure
1368 3859 1566 3913 dolent
1595 3859 1792 3913 oculis.

491 3950 657 4004 Ebria
678 3949 953 4004 marcenti
986 3949 1298 4019 locupletas
1332 3949 1568 4003 ﬂumine
1599 3954 1812 4016 menta,

597 4039 942 4094 Circumfers
975 4054 1159 4092 crasso
1187 4038 1412 4092 sordida
1443 4039 1602 4092 labra
1631 4039 1787 4092 timo.

489 4129 692 4184 Oscula
724 4129 884 4182 nulla
907 4133 1087 4198 petas,
1116 4127 1407 4181 madidam
1431 4129 1713 4199 suspende
1739 4128 2032 4199 Mephitim
2062 4144 2075 4184 :

593 4219 666 4272 Te
701 4222 931 4289 propter
961 4216 1187 4287 cupiam
1220 4217 1459 4286 perdere
1494 4217 1647 4287 quod
1678 4217 1862 4282 video,

487 4308 622 4372 Quis
665 4312 828 4379 putet
861 4323 926 4360 ex
973 4307 1152 4360 oculis
1184 4305 1445 4360 ﬂammas
1488 4306 1804 4359 coalescere
1835 4304 2076 4377 turpes?

596 4398 682 4453 Nil
713 4397 882 4463 videt,
912 4401 966 4450 et
996 4400 1214 4450 rectum
1242 4399 1428 4449 servat
1457 4393 1565 4448 iter
1594 4395 1893 4450 scelerum.
1991 4447 1993 4450 .

1134 4485 1313 4540 CXIII.

909 4590 977 4627 DE
1025 4587 1181 4635 EQUO
1227 4588 1343 4628 SUO
1379 4587 1558 4627 SENE.

488 4661 716 4717 Flexior
743 4678 961 4716 annoso
995 4663 1220 4732 sonipes
1255 4660 1640 4716 moderamine
1668 4664 1863 4715 noster

454 4806 472 4841 ¹
515 4808 590 4858 De
634 4803 874 4876 castello
924 4804 1238 4876 Honorati]
1292 4804 1553 4876 Episcopi
1600 4805 1976 4872 Novariensis,
2010 4811 2075 4861 ut

380 4877 573 4930 docuit
597 4892 699 4929 nos
728 4875 906 4929 Dictio
941 4879 991 4929 2.
1026 4878 1147 4930 .lam
1178 4875 1299 4930 tum
1333 4875 1508 4945 igitur
1538 4877 1609 4930 ob
1642 4878 1891 4931 militum
1922 4894 2072 4946 prte-

382 4949 712 5017 donumque
744 4948 1135 5001 infestationes
1176 4949 1402 5001 castella
1455 4948 1735 5001 aedificare
1785 4950 2070 5018 cogeban-

382 5025 474 5073 tur
506 5019 776 5089 episcopi.
818 5020 948 5072 Tale
981 5020 1134 5072 enim
1182 5020 1289 5072 fuit
1334 5020 1530 5072 Nicetii
1577 5020 1831 5089 episcopi
1886 5020 2072 5073 Trevi-

379 5091 562 5144 rensis
598 5091 890 5144 castellum
933 5107 1104 5160 supra
1139 5091 1449 5157 Mosellam,
1480 5092 1632 5159 quod
1670 5092 1785 5143 suis
1816 5092 2071 5145 versibus

379 5168 544 5216 ornat
573 5163 912 5216 Fortunatus
942 5163 1041 5215 lib.
1077 5179 1154 5226 Ill,
1191 5167 1244 5214 et
1275 5177 1400 5230 qui?
1431 5162 1500 5213 ab
1523 5161 1802 5231 episcopis
1831 5163 2072 5216 Remen-

377 5235 533 5287 sibus
563 5233 998 5286 conditamultis
1024 5234 1162 5286 locis
1189 5237 1382 5284 narrat
1414 5233 1783 5286 Flodoardus.

447 5306 468 5338 ²
513 5311 588 5358 De
616 5307 774 5359 horto
804 5305 975 5375 regis]
1015 5303 1347 5375 Theoderici
1375 5321 1389 5366 ;
1429 5319 1558 5355 nam
1592 5303 1681 5356 hic
1713 5320 1862 5358 unus
1895 5306 2070 5360 Italiae

377 5391 475 5429 rex
499 5381 755 5445 tempore
789 5374 1052 5428 Ennodii.
1090 5375 1148 5425 In
1192 5374 1392 5442 quinto
1425 5391 1588 5427 versu
1616 5391 1719 5444 pro
1750 5382 2065 5444 stemmate,

373 5450 690 5500 scammale
710 5445 936 5515 reposui
967 5462 1032 5499 ex
1071 5445 1323 5514 vestigiis
1353 5447 1744 5516 manuscripti.

445 5523 465 5553 ³
503 5518 712 5583 Scbot.,
755 5518 916 5571 dant.

445 5598 469 5623 ⁸
503 5591 734 5659 Οαρίίυο
755 5586 1285 5659 stultiis'congaudet
1305 5589 1603 5644 stemmate
1618 5590 1794 5659 vates]
1814 5590 2069 5645 Scriben-

376 5662 511 5716 dum
540 5646 782 5713 arbitrer
802 5658 1044 5728 raplivo.
1075 5646 1594 5714 I3.\arn.Adversar.
1636 5647 1958 5730 pag.‘1535.

2127 2995 2166 3048 C

2115 4353 2158 4407 D

3805 258 3905 307 356

2417 382 2576 435 Nunc
2604 381 2877 452 juvenem
2905 379 3115 435 blando
3147 380 3390 436 sustinet
3421 380 3722 454 obsequio.

2303 471 2492 525 Mollia
2523 471 2861 541 grandaevus
2895 470 3203 525 summittit
3233 475 3393 542 terga
3426 471 3650 527 sedenti
3678 490 3690 527 :

2415 562 2568 615 ditas
2594 563 2948 615 constantem
2978 560 3268 631 gressibus
3297 577 3416 616 esse
3449 561 3600 616 facit.

2955 647 3129 704 CXIV.

2468 752 2542 792 DE
2589 749 2909 793 FLAGELLO
2943 753 3251 794 INPANTIS
3290 754 3634 795 ARATORIS.

2307 826 2443 890 Quae
2471 826 2704 898 capiunt
2733 828 3014 881 mundum
3042 829 3232 899 junxit
3257 845 3418 883 mens
3444 828 3607 884 docta
3639 829 3900 898 ﬂagello,

2417 916 2709 970 Exornans
2739 932 2914 971 censu
2946 917 3289 973 nobilitante
3317 919 3535 989 plagas.

2961 1006 3108 1062 CXV.

2925 1111 3181 1151 ALITEII.

2308 1182 2541 1253 Argenti
2571 1188 2744 1254 atque
2775 1183 2898 1238 auri
2931 1185 3164 1254 vapulat
3197 1183 3528 1255 quicunque
3561 1183 3833 1252 metallis,

2414 1273 2631 1328 Gaudia
2661 1289 2791 1328 cum
2824 1273 2965 1329 ﬂetu
2991 1274 3191 1329 miscet
3219 1289 3388 1328 avara
3418 1289 3540 1329 suo.

2962 1363 3135 1419 CXVI.

2929 1468 3189 1508 ALITER.

2310 1539 2580 1595 Dentibus
2611 1542 2836 1612 argenti
2862 1541 3083 1596 fulvum
3112 1541 3472 1596 concluditur
3494 1556 3722 1608 aurum,

2414 1632 2753 1685 Contemnat
2783 1631 2974 1685 nullus
3015 1632 3254 1685 verbera
3283 1630 3521 1702 pulchra
3546 1631 3686 1700 pati.

2959 1721 3156 1774 CXVII.

2278 1822 2682 1864 EPITAPBIUM
2722 1823 2948 1865 DOMNE
2993 1824 3280 1865 MELISSIE
3329 1824 3461 1865 INL.
3511 1823 3801 1864 ΡΒΗΙΝΕ.

2306 1896 2622 1967 Sanguine,
2657 1904 2866 1966 mente,
2922 1900 3150 1969 opibus,
3184 1899 3346 1964 facie,
3373 1898 3606 1967 virtute,
3656 1899 3902 1970 pudore,

2413 1987 2657 2056 Optatur
2690 1988 2876 2058 qualis
2909 1988 3143 2056 femina,
3179 1990 3294 2043 sola
3327 1988 3430 2043 fui.

2310 2077 2424 2130 Hoc
2450 2080 2675 2130 tantum
2709 2078 2909 2132 mundi
2942 2079 3096 2150 quod
3128 2080 3214 2133 lex
3249 2086 3331 2133 est
3362 2095 3597 2150 corpore
3627 2079 3804 2151 gessi,

2414 2167 2704 2220 Exornans
2735 2171 2889 2221 casta
2917 2169 3073 2237 prole
3110 2168 3467 2238 pudicitiam.

2304 2255 2441 2320 Qua:
2471 2255 2674 2310 victrix
2711 2256 2916 2311 fortem
2945 2256 3102 2312 tenui
3132 2273 3236 2328 per
3275 2257 3487 2312 blanda
3527 2258 3831 2321 maritum,

2413 2345 2573 2399 Melle
2615 2360 2744 2399 meo
2777 2350 2998 2400 vertens
3023 2347 3174 2417 jura,
3209 2348 3432 2415 Severe,
3456 2352 3573 2402 tua.

2305 2433 2454 2498 Quos
2476 2434 2673 2504 genui,
2702 2435 2850 2489 celsa
2879 2436 3215 2506 conjunctos
3249 2437 3426 2507 stirpe
3461 2436 3692 2508 reliqui,

2413 2524 2573 2589 Quod
2605 2528 2800 2579 votum
2829 2529 2913 2579 est
2935 2525 3162 2590 sanctis,
3197 2525 3438 2596 conjuge
3468 2524 3828 2596 praemorior.

2302 2613 2390 2667 Nil
2421 2613 2562 2667 milii
2592 2613 2848 2680 decessit,
2883 2630 3088 2668 maneo
3119 2620 3251 2685 post
3273 2615 3440 2669 busta
3471 2620 3761 2685 superstes
3793 2631 3806 2668 :

2410 2703 2620 2756 Felices
2651 2719 2949 2774 nunquam
2986 2719 3140 2757 mors
3171 2704 3436 2758 nocitura
3461 2703 3623 2774 petit.

2303 2793 2366 2848 Et
2395 2809 2604 2847 nomen
2636 2793 2800 2847 dulce
2835 2798 2940 2859 est,
2972 2793 3042 2848 de
3073 2793 3234 2847 factis
3264 2793 3483 2848 Melissa
3516 2792 3695 2847 dicor.

2407 2881 2654 2936 Moribus
2684 2882 2792 2936 hoc
2839 2881 3003 2936 ﬂuxit
3025 2882 3156 2952 jure
3188 2882 3387 2936 datum
3424 2880 3695 2952 propriis.

2931 2971 3154 3025 CXVIII.

2195 3075 2270 3114 DE
2317 3074 2578 3121 QUODAM
2641 3075 2905 3126 STULTO,
2953 3075 3061 3122 QUI
3117 3074 3454 3115 VIRGILIUS
3507 3073 3899 3114 DICEBATCR.

2298 3151 2360 3204 In
2389 3154 2613 3202 tantum
2645 3149 2813 3219 prisci
2843 3148 3083 3203 deﬂuxit
3112 3149 3262 3203 fama
3288 3148 3548 3215 Maronis,

2412 3239 2480 3292 Ut
2505 3243 2558 3292 te
2591 3238 2888 3309 Virgilium
2920 3239 3128 3292 srecula
3157 3243 3348 3292 nostra
3381 3237 3603 3291 darent.

2959 3328 3127 3381 CXIX.

2909 3430 3179 3472 ALITER.

2296 3504 2353 3558 Si
2385 3503 2542 3558 fatuo
2577 3503 2806 3558 dabitur
2834 3508 2952 3559 tam
2983 3510 3242 3559 sanctum
3277 3519 3488 3558 nomen
3513 3502 3800 3570 homullo,

2405 3592 2596 3647 Gloria
2628 3595 2911 3665 majorum
2943 3599 3132 3649 curret
3162 3594 3221 3648 in
3253 3592 3656 3664 opprobrium.

2966 3684 3112 3739 CXX.

2910 3787 3168 3828 ALITER.

2295 3859 2527 3930 Captivo
2557 3887 2580 3913 ι
2613 3861 2817 3914 stultus
2848 3861 3174 3932 congaudet
3205 3861 3507 3914 stemmate
3539 3862 3715 3912 vates.

2402 3949 2523 4004 Non
2557 3955 2645 4004 est
2673 3949 2961 4020 Virgilius,
2993 3951 3202 4005 dicitur
3230 3951 3337 4004 iste
3368 3955 3580 4004 tamen.

2961 4041 3131 4095 CXXI.

2913 4145 3170 4184 ALITBR.

2294 4217 2537 4272 Externo
2570 4217 2837 4289 quotiens
2865 4219 3130 4274 vocitaris
3156 4218 3390 4272 nomine
3422 4216 3680 4281 demens,

2405 4306 2462 4361 Si
2491 4305 2595 4360 tibi
2625 4313 2759 4362 sunt
2789 4323 3006 4375 sensus,
3039 4311 3062 4351 ι)
3083 4307 3342 4379 prospice
3374 4322 3446 4362 ne
3475 4305 3683 4360 venias.

2939 4397 3132 4452 CXXII.

2907 4500 3161 4540 ALITER.

2289 4574 2402 4628 Cur
2430 4576 2484 4628 te
2515 4574 2815 4644 Virgilium
2847 4573 3128 4639 mentiris,
3162 4573 3428 4644 pessime,
3467 4576 3730 4626 nostrum
3751 4571 3781 4624 ?

2394 4673 2414 4698 ο
2445 4663 2568 4717 Non
2602 4669 2764 4734 potes
2811 4678 2933 4717 esse
2971 4663 3143 4729 Maro,
3196 4662 3293 4717 sed
3322 4667 3484 4732 potes
3529 4677 3652 4716 esse
3683 4677 3886 4716 moro.

2250 4823 2275 4863 ι)
2319 4805 2592 4879 Prospice
2620 4824 2690 4862 ne
2718 4807 2932 4880 venias]
2971 4809 3145 4880 Magis
3167 4813 3252 4862 est
3275 4813 3335 4862 ut
3357 4808 3533 4874 legas,
3553 4823 3620 4861 ne
3646 4824 3894 4875 aeneas,

2180 4877 2285 4931 hoc
2313 4884 2414 4945 est,
2448 4877 2517 4933 ne
2546 4880 2804 4933 vendaris
2837 4890 2891 4936 et
2923 4877 3147 4935 ducaris
3176 4881 3234 4933 in
3263 4881 3610 4934 servitutem.
3653 4881 3897 4935 Alludi-

2181 4953 2274 5022 tur
2304 4965 2433 5003 vero
2467 4966 2590 5004 mos
2620 4957 2896 5018 veterum,
2931 4952 3029 5022 qui
3068 4951 3363 5021 mancipiis
3389 4952 3595 5021 emptis
3649 4965 3757 5020 pro
3791 4952 3899 5006 lu—

2178 5019 2297 5092 bitu
2325 5038 2426 5076 suo
2451 5023 2685 5076 nomina
2708 5019 3102 5092 imponebant.
3129 5019 3432 5077 Non‘obest
3476 5019 3606 5076 huic
3646 5019 3898 5076 lectioni

2181 5091 2395 5160 syllaba
2450 5099 2652 5146 natura
2693 5091 2880 5161 longa,
2935 5099 3228 5164 correpta:
3263 5111 3392 5147 cum
3449 5109 3581 5147 eum
3629 5093 3897 5148 Ennodii

2179 5177 2399 5234 morem
2462 5164 2738 5220 notaverit
2762 5165 2881 5234 jam
2931 5170 3058 5219 ante
3119 5168 3294 5219 multa
3343 5166 3549 5218 saecula
3603 5166 3899 5219 Arnult‘us

2189 5233 2579 5301 Lexoviensis;
2630 5245 2683 5290 et
2735 5233 3129 5291 demonstrant
3170 5239 3380 5307 scripta
3422 5235 3619 5290 Felicis
3666 5239 3895 5304 nostri,

2179 5305 2367 5360 hacin
2401 5312 2558 5376 parte
2595 5323 2870 5378 perquam
2904 5309 3171 5362 infelicia.
3206 5305 3306 5373 lnf,
3344 5309 3480 5362 ibid.

2248 5391 2269 5416 ε
2307 5379 2439 5431 Non
2470 5382 2630 5449 potes
2659 5376 2777 5434 esse
2827 5381 3015 5444 Maro,
3052 5380 3152 5432 sed
3188 5383 3348 5449 poles
3375 5395 3499 5432 esse
3544 5376 3720 5448 moro]

2179 5447 2356 5500 tiosus
2390 5447 2483 5501 ille
2517 5465 2674 5502 moro
2714 5449 3027 5518 exigendus
3059 5447 3301 5514 videtur,
3347 5456 3398 5503 et
3441 5447 3896 5504 substituendus

2177 5519 2334 5585 baro,
2378 5520 2477 5589 qui
2511 5536 2718 5573 sonum
2764 5522 2970 5589 prioris
3011 5522 3196 5590 magis
3241 5521 3568 5588 mmulatur,
3604 5536 3707 5573 nec
3741 5536 3893 5574 con-

2176 5593 2451 5645 tractione
2473 5592 2588 5644 ulla
2617 5592 3002 5659 conturbatus,
3035 5593 3330 5646 hominem
3363 5597 3524 5646 sonat
3555 5591 3894 5662 stupidum,

2177 5662 2439 5726 bardum,
2474 5667 2573 5715 etc.
2610 5662 2716 5728 ln',
2760 5662 2920 5729 ibid.,
2954 5679 3085 5734 pag.
3119 5666 3272 5717 I336.

3789 5380 3896 5432 Vi-
