4038 6170
417 235 524 293 359

1150 366 1404 424 CXXXIV.

432 476 503 516 DE
551 474 673 517 AYE
718 452 834 516 ῥεη
890 472 1107 515 PADUI
1166 470 1370 512 SUPER
1416 466 1674 513 SPUIAS
1735 467 2009 509 SEDENTE
2050 467 2121 507 ET

1031 558 1481 601 TRANSEUNTE.

428 638 699 709 Riparum
734 637 924 691 frenos
952 640 1171 689 naturas
1201 632 1429 687 vincula
1459 647 1699 703 surgens

497 727 662 782 Forte
684 726 869 780 Padus
900 724 1123 778 tumido
1155 721 1384 794 gurgite
1407 721 1737 775 transierat.

429 816 492 869 In
515 830 780 885 spumam
812 812 990 866 ﬂuxas
1020 826 1229 881 cogens
1251 810 1550 864 durescere
1582 807 1871 879 lymphas,

498 904 781 975 Squamea
810 900 1136 972 praevalidis
1156 899 1325 953 dorsa
1349 897 1570 952 ferebat
1601 895 1789 967 aquis.

429 994 559 1047 Ales
584 996 649 1045 ut
670 991 727 1044 in
758 993 955 1043 tenero
981 988 1163 1042 ﬁdens
1177 992 1311 1041 tunc
1344 985 1598 1041 constitit
1623 985 1781 1049 orbe,

501 1080 628 1135 Otia
658 1079 799 1134 dans
831 1078 1057 1150 pennis,
1088 1081 1213 1131 tuta
1242 1075 1539 1147 premebat
1557 1090 1753 1146 aquas.

433 1172 509 1224 De
540 1170 776 1240 proprio
807 1168 1045 1238 pelagus
1065 1165 1305 1220 calcanti
1331 1164 1586 1236 suggerit
1615 1164 1835 1231 alnum,

504 1257 753 1315 Humida
777 1271 908 1311 cum
931 1255 1136 1309 siccam
1158 1254 1425 1325 cymbula
1454 1256 1641 1324 portat
1669 1267 1850 1307 avem.

1155 1360 1389 1415 CXXXV.

602 1464 676 1503 DE
721 1463 1046 1505 SEPULCRO
1094 1463 1451 1504 MAIORIANI
1500 1461 1963 1505 IMPERATORIS.

434 1539 574 1593 Cum
607 1543 827 1609 perstat
844 1538 1094 1609 gravior,
1126 1538 1359 1593 bustum
1394 1537 1626 1593 fortuna
1654 1537 1901 1608 petitum

498 1624 753 1683 Contulit
783 1626 1017 1693 exuviis,
1043 1626 1368 1697 Majoriane,
1387 1626 1516 1680 tuis.

431 1715 593 1769 Nunc
621 1715 873 1787 indignis
889 1714 1254 1786 pyramidum
1281 1714 1437 1786 (fors)
1460 1713 1723 1786 prospice
1754 1713 1953 1782 moles,

504 1802 649 1860 Vilia
678 1804 1033 1877 principibus
1054 1805 1254 1875 linque
1287 1804 1551 1875 sepulcra
1582 1803 1711 1875 piis.

1144 1911 1413 1967 CXXXVI.

976 2016 1049 2056 DE
1096 2015 1256 2064 EQUO
1302 2016 1578 2056 PADANO.

432 2088 777 2160 Cornipedes
807 2090 996 2144 cuncti
1027 2106 1171 2161 quos
1195 2089 1444 2161 gignunt
1464 2088 1668 2144 bellica
1699 2104 1855 2156 rura,

503 2178 774 2250 Quosque
795 2179 1111 2233 cruentatis
1141 2179 1311 2233 diluit
1330 2179 1484 2233 unda
1517 2178 1658 2233 toris
1683 2198 1699 2245 ;

428 2266 631 2336 Algida
660 2266 761 2338 qui
781 2267 984 2322 Tanais
1006 2268 1309 2322 domuistis
1342 2268 1510 2323 dorsa
1535 2265 1809 2339 profundi

499 2354 757 2418 Quorum
787 2355 1127 2426 praevalidas
1154 2356 1372 2426 ungula
1395 2356 1762 2425 calcataquas
1789 2370 1803 2407 :

430 2441 565 2494 Ecce
586 2441 850 2495 Padanus
888 2441 1048 2496 adest
1072 2441 1324 2511 sonipes,
1353 2442 1444 2495 cui
1458 2440 1649 2512 judice
1671 2445 1826 2495 recto

502 2529 715 2585 Cedant
741 2531 992 2585 Emonii
1022 2546 1163 2601 quos
1186 2530 1336 2585 fovet
1366 2546 1505 2584 aura
1532 2530 1668 2601 poli.

430 2619 527 2673 Ille
550 2618 837 2690 pruinosis
865 2620 964 2691 qui
988 2620 1221 2673 mandat
1255 2619 1518 2690 gramina
1549 2618 1762 2686 lustris,

504 2709 569 2762 Et
597 2708 802 2762 merito
834 2714 888 2762 et
925 2707 1113 2763 forma
1142 2708 1336 2779 dispar
1366 2712 1610 2779 utroque
1640 2708 1809 2762 venit.

428 2796 670 2851 Molliter
693 2797 907 2852 incedit
934 2796 1209 2852 membris
1239 2798 1526 2852 formosus
1558 2797 1834 2867 honestis,

504 2885 761 2940 Oblectat
790 2886 972 2941 visum
1006 2886 1187 2941 dulcis
1206 2887 1266 2941 in
1290 2886 1583 2957 obsequio.

432 2975 518 3028 Nil
545 2974 664 3044 jam
695 2974 1025 3029 Phasiacam
1057 2975 1545 3030 collaudetfabula
1575 2974 1793 3045 prolem
1830 2990 1843 3029 :

504 3064 615 3119 Nec
642 3066 953 3136 peregrina
979 3065 1169 3121 ferant
1201 3065 1435 3120 nomina
1464 3065 1612 3119 celsa
1641 3069 1829 3136 caput.

1141 3172 1432 3228 CXXXVII.

515 3275 582 3313 nl:
620 3260 639 3296 ι
682 3274 930 3313 pamcrre
972 3276 1019 3314 ρ.
1064 3276 1113 3314 r.
1159 3275 1401 3327 neruoso,
1445 3274 1541 3320 our
1579 3275 1739 3314 vnn
1777 3274 2033 3314 τεΝευΑτ.

433 3348 609 3402 Verus
636 3348 827 3403 honor
846 3349 1021 3404 vitem
1043 3349 1262 3418 tribuit,
1286 3350 1385 3404 sed
1419 3365 1657 3403 munera
1688 3348 1815 3404 vitis

503 3436 709 3508 Jejuno
731 3452 846 3491 non
877 3438 1015 3492 dant
1043 3438 1204 3509 ligna
1236 3438 1577 3493 ministerio.

1111 3545 1422 3599 CXXXVIII.

1158 3648 1414 3688 Αιιτειι.

438 3731 505 3784 Ut
532 3732 821 3800 sceptrum
842 3724 1127 3796 princeps,
1154 3723 1233 3777 sic
1257 3726 1441 3793 gestat
1470 3722 1700 3777 dextera
1718 3722 1913 3790 vitem,

511 3817 739 3873 Utribus
766 3818 1004 3869 exornet
1026 3812 1154 3867 diva
1178 3827 1388 3865 corona
1402 3815 1591 3883 caput.

1154 3918 1419 3974 CXXXIX.

1161 4022 1418 4063 ALI'I'ER.

438 4102 632 4157 Vitifer
660 4101 754 4157 hic
774 4099 953 4153 siccus
983 4102 1225 4152 matrem
1264 4096 1612 4168 complector
1632 4096 1828 4151 herilis

510 4190 787 4246 Uberibus
810 4187 1021 4260 pressis
1042 4201 1172 4258 qua:
1212 4185 1353 4239 mihi
1385 4185 1515 4239 vina
1544 4189 1733 4256 negat.

1218 4275 1364 4330 CXL.

1156 4380 1415 4420 ALITER.

442 4460 562 4514 Heu
596 4457 863 4529 quotiens
893 4454 1088 4509 calidis
1119 4453 1261 4507 vites
1282 4452 1402 4507 sine
1434 4452 1596 4523 fruge
1622 4451 1845 4506 labellis

512 4546 693 4601 lllusit
714 4546 866 4599 nudo
888 4543 1123 4599 nomine
1156 4557 1245 4596 me
1276 4541 1575 4595 refovens!

516 4722 646 4777 ‘De
690 4721 954 4793 principe
1010 4721 1078 4774 P.
1142 4716 1235 4793 Β]
1290 4718 1349 4793 ld
1390 4723 1474 4771 est
1530 4716 1781 4793 prefecti
1836 4718 2133 4793 praetorio,

443 4788 710 4866 princeps
744 4794 805 4866 Ρ.
832 4788 904 4866 PI
926 4799 1047 4866 erat
1068 4788 1293 4866 primus
1318 4791 1468 4866 inter
1497 4788 1768 4866 oil_l_ciales
1797 4790 1950 4866 sedis
1965 4806 2134 4866 prae-

448 4859 700 4920 iorianae.
738 4865 947 4919 Notitia
976 4859 1233 4933 imperii:
1259 4860 1526 4933 Ofﬁcium
1556 4862 1619 4915 V.
1639 4861 1694 4913 Ι.
1714 4859 1974 4933 praefecti
1988 4877 2136 4931 pm-

448 4935 610 5003 torio,
632 4934 923 5008 princeps,
954 4931 1779 5008 cornicularius,adjulor,etc.
1812 4932 2137 5008 Eodemque

448 5002 712 5062 modo-in
731 5002 919 5061 ofﬁcio
948 5005 1205 5077 praefecti
1238 5004 1414 5077 urbis,
1431 5011 1487 5055 et
1504 5002 1913 5077 magistrorum
1930 5004 2138 5057 utrius-

449 5095 562 5150 que
595 5079 839 5145 militiae,
870 5073 1199 5150 etfaliarum
1233 5075 1577 5150 dignitatum
1607 5073 1893 5150 principes
1926 5080 2133 5150 erant:

447 5144 547 5222 qui
580 5166 781 5204 omnes
803 5144 842 5222 ei
864 5148 1057 5201 schola
1085 5146 1377 5222 agentium
1409 5146 1467 5222 i_u
1489 5144 1655 5222 r_o_bus
1668 5144 1737 5222 ad
1754 5144 2139 5222 gubernanda

447 5215 635 5276 ol'licia
667 5220 1062 5275 mittebantur.
1103 5215 1232 5286 Leg.
1269 5219 1319 5279 6,
1344 5215 1470 5268 cod.
1495 5216 1707 5269 Tlieod.
1737 5215 1807 5268 de
1852 5216 2136 5286 Principi-

448 5297 550 5347 bus
581 5292 877 5363 agentium
907 5291 965 5343 in
997 5284 1425 5363 rebustlossEe
1469 5286 1635 5355 juris,
1670 5284 1902 5359 Πρίγχιψ
1943 5288 1969 5338 ὁ
1997 5284 2136 5363 apro:

449 5384 535 5424 τος
565 5358 664 5415 ταῖν
692 5362 969 5414 πολιτικῶν
1024 5358 1309 5420 ταξεωτών.
1364 5358 1494 5410 Erat
1546 5363 1601 5410 et
1655 5358 1919 5427 princeps
1963 5358 2139 5413 officii

448 5436 653 5503 imper.
687 5433 1065 5488 Theodericus
1085 5445 1193 5503 rex
1236 5428 1530 5503 Variarum
1584 5428 1685 5503 lib.
1713 5445 1771 5495 ιι,
1832 5429 1995 5503 epist.
2046 5431 2137 5492 ‘28,

445 5498 733 5584 Stephano
766 5498 1355 5584 .VLS.co_miti‘p1;imi
1404 5498 2028 5584 ordinisgvexnprincipe
2057 5504 2141 5559 of-

435 5570 567 5651 ﬁcii
589 5574 794 5651 nostri.
829 5574 980 5651 litin
1007 5570 1197 5651 iapide
1231 5572 1549 5651 Romauo_:
1593 5570 2141 5651 {Veritas‘princeps

444 5645 631 5717 ofﬁcii
656 5644 798 5715 imp.
831 5641 1087 5697 Claudii.
1111 5643 1323 5696 Horum
1348 5657 1485 5710 ergo
1506 5641 1730 5709 insigne
1755 5641 2009 5696 fuit’vitis
2041 5641 2136 5696 seu

1652 228 1943 285 ENNODII
1981 227 2293 285 EPISCOPI
2330 226 2725 284 TICINENSIS

2152 372 2201 427 Α

3823 224 3932 293 sso

2543 462 2868 504 ENNODIUS
2916 459 3260 502 EONORA'I'O
3306 457 3623 499 PRINCIPI.

2234 538 2539 594 Terrarum
2560 538 2744 609 culpis
2772 537 2969 592 vitium
2996 538 3223 607 potator
3242 531 3570 599 obumbras,

2304 626 2506 681 Ebrius
2537 642 2657 680 esse
2690 625 2895 697 nequis
2924 624 3051 678 vina
3079 639 3313 678 vomens
3342 621 3639 693 Ligurum.

2238 716 2382 771 Dum
2404 714 2866 786 repletmadidus
2896 712 3175 768 ferventia
3205 715 3435 782 pectora
3466 708 3741 776 Bacchus,

2305 805 2574 860 Indicunt
2600 803 2846 858 validam
2867 802 3080 874 pocula
3111 807 3310 856 nostra
3338 800 3514 853 sitim.

2991 891 3167 947 CXLII

2236 999 2303 1038 DE
2336 981 2361 1017 ²
2410 998 2657 1037 EPISTOLA
2709 997 2880 1038 DOMNI
2928 996 3178 1035 AMBROSII
3228 994 3442 1034 CONTRA
3479 991 3823 1031 SYMMACHUI
3872 991 3936 1028 DE

2304 1088 2414 1127 ΑΗΔ
2480 1087 2767 1139 νιετοιιυε,
2836 1085 3064 1131 QUANDO
3130 1084 3327 1124 PETENS
3384 1082 3591 1122 CUL‘I‘UM
3640 1080 3813 1119 IPSIUS
3854 1080 3933 1115 τιο

2303 1180 2431 1219 CTUS
2494 1180 2585 1218 EST
2646 1176 3033 1218 εγιιιιΑεΒσεε
3095 1174 3303 1214 ΡΔσιὌΙ
3366 1172 3570 1225 SUBI'I'O,
3641 1172 3701 1210 ετ
3740 1170 3935 1210 IISSCI

2313 1270 2499 1310 DOINO
2538 1266 2755 1309 FAUS'I‘O
2793 1268 2956 1307 pm.
3000 1266 3166 1305 PBET.

2235 1341 2467 1398 Dicendi
2504 1343 2761 1413 palmam
2793 1339 3042 1396 Victoria
3073 1336 3230 1392 tollit
3261 1335 3467 1390 amico.

2303 1432 2528 1486 Transit
2557 1431 2628 1486 ad
2660 1428 3026 1485 Ambrosium
3055 1444 3069 1482 :
3093 1427 3224 1498 plus
3255 1425 3407 1480 favet
3436 1424 3523 1479 ira
3546 1424 3697 1478 Deae.

2970 1534 3202 1591 CXLIII.

2680 1640 2927 1682 VERSUS
2974 1640 3175 1680 DOMNI
3224 1635 3478 1678 FAUS'I'I.

2238 1717 2301 1770 In
2323 1716 2600 1786 Ligurum
2626 1714 2793 1769 terris
2822 1718 3086 1785 potorem
3127 1710 3225 1783 qui
3258 1715 3435 1775 vocat,
3469 1713 3620 1763 errat
3649 1726 3664 1765 :

2309 1804 2579 1877 Nunquid
2602 1803 2733 1859 vina
2755 1802 2922 1872 bibit,
2953 1803 3084 1857 vina
3104 1802 3305 1857 bibens
3329 1800 3604 1871 Ligurum
3626 1799 3657 1852 ?

2972 1909 3189 1965 CXLIV.

2795 2013 3040 2055 VERSUS
3085 2012 3411 2053 lESSALﬂ.

2233 2089 2464 2162 Suscipe
2481 2089 2809 2157 versiculos,
2833 2088 3054 2143 Ennodi
3082 2087 3361 2158 proxime,
3384 2093 3637 2156 nostros,

2312 2181 2383 2236 Ut
2409 2180 2621 2234 librum
2655 2179 2816 2233 nobis
2846 2178 3080 2233 reddere
3111 2193 3230 2231 non
3269 2176 3515 2231 desinas.

2236 2269 2314 2323 Ne
2344 2268 2521 2324 {aedes
2551 2268 2790 2335 cultum,
2824 2268 2961 2322 dum
2988 2265 3227 2321 reddere
3258 2266 3503 2319 maxime
3533 2280 3650 2319 non
3686 2264 3793 2330 vis,

2305 2358 2441 2423 Quae
2472 2358 2697 2430 pridem
2727 2356 2891 2412 nobis
2921 2373 2979 2411 es
3009 2370 3237 2427 quoque
3268 2354 3575 2426 pollicitus.

2993 2462 3184 2517 CXLV.

2824 2567 3025 2608 DOMNI
3074 2565 3369 2606 ENNODII.

2237 2642 2295 2699 Si
2323 2646 2379 2697 te
2411 2642 2699 2697 Messalam
2732 2642 2937 2696 studiis
2970 2640 3385 2710 mihipandere
3403 2639 3597 2711 velles,

2308 2732 2433 2787 Non
2454 2732 2690 2786 deerant
2716 2731 2868 2799 libri,
2901 2746 3042 2801 quos
3065 2728 3172 2783 tibi
3204 2729 3368 2783 dulce
3402 2728 3620 2782 darem.

2236 2820 2387 2875 Mens
2422 2819 2634 2891 injusta
2652 2819 2823 2872 nimis
2854 2819 3009 2889 quod
3042 2822 3273 2889 spernat
3301 2816 3449 2870 tollit
3486 2814 3726 2869 amanti.

2316 2910 2427 2964 Nec
2459 2913 2685 2980 gratum
2720 2912 2804 2962 est
2832 2923 3064 2975 munus,
3098 2907 3249 2977 quod
3278 2905 3426 2975 fugit
3446 2903 3774 2975 ingenium.

2980 3014 3197 3069 CXLVI.

2816 3118 3017 3159 DOMNI
3066 3117 3357 3158 ENNODII.

2233 3194 2388 3252 Artis
2426 3193 2823 3251 Grammaticas
2848 3193 3059 3246 librum
3090 3201 3114 3226 ι
3145 3192 3212 3246 de
3243 3189 3494 3246 carmine
3520 3189 3667 3244 facto

2309 3283 2417 3349 Qui
2446 3284 2652 3355 poscit,
2678 3285 2704 3326 δ
2736 3282 2944 3337 solidos
2974 3285 3154 3335 certat
3172 3280 3384 3335 habere
3407 3278 3602 3351 pedes.

2236 3374 2280 3429 Ο
2310 3373 2533 3428 utinam
2563 3372 2732 3428 Musis
2762 3371 3096 3440 contingant
3125 3385 3365 3424 munere
3397 3372 3592 3422 nostro

2306 3462 2328 3497 ³
2354 3463 2433 3517 De
2470 3467 2526 3517 te
2566 3461 2911 3532 quandoque
2942 3460 3153 3530 gaudia
3185 3463 3338 3513 certa
3368 3457 3545 3529 puer!

2238 3552 2430 3607 Vitaut
2457 3551 2795 3622 loripedem,
2827 3550 2935 3603 nisi
2966 3549 3153 3614 fallor,
3176 3564 3428 3621 pangere
3447 3562 3701 3614 versum,

2308 3640 2402 3701 Vel
2436 3655 2581 3711 quos
2610 3639 2667 3693 in
2699 3638 2916 3693 somnis
2943 3638 3259 3709 respiciunt
3280 3636 3486 3692 studia.

2971 3744 3215 3801 CXLVII.

2848 3851 2921 3889 DE
2966 3847 3329 3889 BONOEA'I'O.

2240 3924 2390 3979 Uxor
2418 3922 2703 3978 Flasconis
2733 3923 2895 3994 cupis
2920 3922 3115 3977 dotata
3144 3920 3391 3987 Falerni,

2239 4013 2483 4083 Semper
2509 4012 2850 4066 inexhausta
2880 4016 3076 4083 pectus
3096 4011 3315 4082 repleta
3337 4010 3525 4081 Lyaeo,

2241 4101 2374 4166 Quae
2396 4101 2678 4156 Bacchum
2707 4100 2950 4155 madidis
2972 4100 3123 4155 colui
3157 4103 3425 4153 venerata
3446 4096 3687 4163 labellis,

2235 4190 2486 4261 Turgida
2513 4194 2733 4245 ructato
2766 4190 3127 4261 permulcens
3157 4189 3398 4243 numina
3431 4191 3637 4249 musto,

2238 4279 2563 4335 Concludor
2590 4278 2719 4333 sicci
2750 4278 2894 4333 bene
2926 4278 3155 4332 conscia
3185 4277 3437 4348 tegmine
3476 4275 3649 4343 busti,

2160 4381 2211 4449 ι)
2242 4368 2336 4423 Est
2368 4372 2560 4423 tamen
2586 4368 2656 4422 ad
2688 4383 2924 4438 superos
2952 4368 3199 4438 conjunx
3222 4366 3367 4420 mihi
3391 4365 3596 4419 nobilis
3614 4380 3777 4418 euve.

2244 4457 2456 4512 Pocula
2483 4472 2655 4528 quem
2696 4472 2991 4527 nunquam
3022 4456 3247 4526 possint
3275 4454 3516 4509 transire
3548 4454 3737 4508 beata.

2244 4546 2428 4612 Quem
2460 4546 2507 4600 si
2536 4545 2652 4600 fata
2681 4545 2866 4600 virum
2896 4550 3147 4613 servant,
3179 4544 3281 4600 tibi
3313 4544 3553 4598 vivimus
3581 4542 3778 4597 ambo.

2244 4722 2424 4795 virga,
2458 4728 2524 4777 ut
2566 4722 2999 4778 centurionum:
3030 4724 3182 4778 unde
3208 4724 3401 4795 jocum
3433 4727 3619 4793 captat
3647 4721 3963 4795 Ennodius

2243 4794 2304 4848 in
2324 4795 2713 4889 temulentum
2738 4796 3059 4865 principem
3080 4794 3435 4889 HgnOratum
3463 4812 3476 4849 :
3499 4797 3567 4849 de
3585 4810 3700 4864 quo
3729 4794 3959 4847 iterum

2248 4880 2595 4889 --..--η-νι-.-
2631 4882 2655 4889 -
2685 4868 2939 4889 --.ιη--..ιζ
2993 4872 3041 4889 ,Δ
3081 4870 3095 4889 Ι
3125 4886 3131 4889 .

2245 4868 2657 4936 epigrammate
2683 4868 2964 4989 sequenti,
2989 4872 3046 4920 et
3078 4868 3197 4921 141.

2316 4936 2348 5009 ³-
2376 4937 2459 4990 De
2475 4935 2719 5009 epistola
2762 4936 3262 5009 ΔονηηίΑνηὸν-οεὶἱ]
3294 4938 3371 4991 Ea
3387 4942 3472 4990 est
3510 4934 3689 5009 lQIib.
3724 4951 3763 4988 ιι
3823 4936 3963 5009 ερῇέ

2246 5006 2520 5088 stolarum
2551 5006 2616 5088 S.‘
2647 5007 2958 5088 Ambrosii,
3015 5009 3107 5062 cui
3132 5006 3436 5088 prati—posita
3480 5013 3565 5061 est
3616 5006 3965 5076 Symmachi

2244 5078 2501 5148 praefecti
2531 5078 2691 5132 urbis
2722 5080 2922 5133 relatio
2963 5078 3143 5149 quam
3167 5080 3394 5133 refellit.

2266 5218 2281 5221 _
2316 5146 2339 5182 ⁸
2378 5151 2454 5202 De
2474 5152 2526 5202 te
2555 5149 2896 5221 quandoque
2912 5150 3129 5221 gaudia
3152 5156 3311 5204 cerla
3335 5148 3497 5221 puer]
3557 5148 3707 5219 Lego
3766 5165 3968 5219 quon-

2244 5218 2381 5275 dam
2400 5218 2580 5291 πει]υέ
2600 5218 2817 5291 gaudia
2832 5218 3011 5287 cefla,
3046 5228 3151 5275 etc.
3185 5222 3289 5285 10.,
3313 5218 3449 5274 ibid.

2317 5299 2342 5323 ⁸
2365 5292 2448 5343 De
2463 5290 2922 5361 carminefaclo]
2959 5294 3185 5346 Veteres
3206 5293 3482 5346 editiones
3514 5291 3721 5344 melius
3760 5290 3969 5351 fraclo

2247 5361 2458 5416 referre
2493 5369 2652 5431 puto.
2687 5363 2884 5415 BAR'IH.
2928 5363 3237 5418 Adversar.
3274 5380 3403 5431 pag.
3438 5364 3563 5415 405.

2317 5434 2342 5475 b
2370 5432 2595 5487 Solidos
2634 5436 2819 5505 certat
2857 5434 3065 5488 habere
3097 5432 3294 5505 pedes]
3350 5435 3583 5503 Legitur
3637 5432 3697 5485 in
3752 5432 3969 5503 priscis

2247 5507 2423 5557 certat
2453 5520 2652 5557 cavere
2677 5503 2869 5573 pedes.
2901 5503 3293 5559 Scribendum'
3331 5514 3470 5574 puto
3527 5507 3712 5557 certat
3762 5521 3966 5566 arere,

2247 5574 2487 5698 hopteit,
2542 5575 2753 5699 spliidos
2801 5578 3112 5647 tirmosque
3159 5577 3479 5630 carminum
3536 5574 3716 5645 pedes
3765 5577 3969 5629 valere

2249 5660 2321 5698 vu
2379 5688 2387 5696 .
2446 5661 2558 5699 οη]
2608 5662 2623 5698 ι
2673 5689 2682 5698 .

2249 5660 2387 5698 vun.
2423 5660 2520 5710 10.,
2544 5660 2682 5699 ima.
