4008 6170
173 210 257 265 3M
1344 207 1575 262 DIC’I‘IO
1617 209 1682 260 IN
1723 207 1975 262 NATAIJ
2020 208 2427 266 LAURENTII.

833 342 1104 395 CXLVIII.

426 445 825 485 EPITAPHIUM
873 446 1105 485 DOMNJ‘I
1155 447 1523 487 ΒΑΒΜΔΤΙᾸί.

169 526 326 577 Funus
350 520 466 573 obit
485 520 638 589 virgo
660 520 924 588 quotiens
956 519 1014 572 in
1036 521 1197 573 busta
1220 520 1482 576 refertur.

225 613 385 663 tinum
405 610 509 661 iter
524 613 604 660 est
635 609 835 661 mortis
854 610 1111 662 criminis
1142 610 1502 680 obsequium.

162 699 415 753 Dalmatiae
440 697 653 751 meritis
672 697 815 750 victa
846 703 930 751 est
956 704 1157 751 natura
1188 699 1438 765 rebellis,

218 786 469 855 Degeneri
501 786 706 838 costum
745 786 1041 840 nobilitate
1074 792 1247 841 tenet.

165 879 253 930 Hoc
282 875 405 927 satis
438 879 520 927 est
545 874 825 928 mundum
853 877 1094 929 calcasse
1126 876 1183 929 in
1215 892 1453 947 corpore
1484 877 1708 941 mundi,

220 967 283 1016 De
310 964 435 1015 vitio
474 970 762 1033 sumptam
797 964 994 1017 cedere
1026 963 1104 1018 nil
1134 965 1302 1017 vitiis.

160 1052 448 1106 Stemmatis
480 1052 601 1105 haec
636 1053 819 1105 lucem
854 1054 1203 1107 transcendit
1226 1055 1342 1107 sole
1373 1054 1628 1125 pudoris,

218 1142 350 1193 Mens
379 1156 505 1193 cum
540 1142 832 1211 proposito
847 1142 1165 1195 consociata
1186 1143 1312 1196 fuit.

873 1231 1086 1284 CXLIX.

242 1333 298 1371 DE
335 1332 496 1371 FONIE
536 1334 864 1372 DAI'TISTERII
906 1336 949 1372 S.
993 1336 1268 1385 STEPHANI,
1312 1337 1375 1373 ET
1410 1336 1554 1381 AQUA
1597 1336 1716 1381 QUIE

590 1422 707 1460 PER
756 1422 1097 1462 COLUMNAS
1142 1424 1361 1463 YENIT.

162 1496 222 1547 Eu
241 1494 350 1547 sine
373 1495 522 1547 nube
557 1496 704 1565 pluit
734 1496 837 1549 sub
857 1497 1017 1549 tectis
1040 1496 1224 1549 imbre
1256 1513 1479 1564 sereno,

216 1584 267 1636 Et
287 1584 402 1637 enati
434 1584 607 1637 facies
636 1601 781 1653 pura
812 1585 1098 1638 ministrat
1119 1602 1312 1655 aquas.

157 1674 350 1725 Protlua
374 1674 759 1725 marmoribus
789 1673 1101 1726 decurrunt
1131 1673 1373 1726 ﬂumina
1395 1673 1588 1738 sacris,

211 1764 375 1831 Atque
405 1761 621 1814 iterum
652 1778 839 1815 rorem
863 1762 1109 1831 parturit
1139 1778 1264 1815 ecce
1296 1762 1461 1831 lapis.

154 1852 294 1905 Arida
322 1867 449 1904 nam
476 1851 733 1922 liquidos
756 1851 995 1905 effundit
1025 1853 1268 1921 pergula
1298 1852 1511 1917 fontes,

215 1940 269 1991 Et
294 1956 481 1992 rursus
512 1940 665 1993 natis
688 1941 840 1993 unda
871 1956 1119 2010 superna
1139 1941 1311 1995 venit.

158 2030 329 2082 Sancta
350 2045 449 2099 per
476 2028 765 2082 aethereos
802 2035 1031 2082 emanat
1061 2030 1296 2099 lympha
1330 2045 1603 2095 recessus,
1686 2024 1690 2029 ’

218 2119 229 2148 ⁸
261 2118 508 2187 Eustorgi
539 2119 689 2171 vatis
720 2119 889 2172 ducta
917 2118 1259 2173 ministerio.

931 2208 1033 2261 CL.

400 2312 761 2351 EXCUSATIO
809 2311 1180 2350 ENNODIIDE
1227 2311 1567 2351 LAUDIBUS.

212 2385 303 2448 Qui
334 2385 580 2439 miratur
606 2386 780 2439 ofﬁcii
813 2385 1085 2439 terminos
1115 2386 1177 2439 in
1208 2386 1523 2439 amicorum
1559 2401 1647 2440 me
1707 2386 1851 2451 lau-,

214 2512 506 2583 'Eustorgi
530 2512 717 2583 valisj
754 2511 1013 2581 Episcopi
1043 2510 1499 2579 Mediolanensis,
1535 2510 1632 2583 qui
1685 2511 1829 2583 Lau-

160 2585 313 2635 rentio
340 2582 618 2637 sueressit
654 2601 666 2637 :
698 2582 766 2635 ad
814 2600 986 2651 quem
1038 2588 1218 2635 exstat
1272 2583 1511 2651 epistola
1563 2582 1830 2635 Theode-

160 2654 239 2705 rici
264 2656 421 2717 regis,
458 2662 569 2707 hoc
608 2655 800 2707 titulo:
826 2653 1266 2724 Eustorgioviro
1285 2652 1830 2708 venerabili/Medio-

158 2725 347 2777 lanensi
365 2726 656 2796 epiSCOpO.
694 2727 851 2778 Nunc
875 2732 937 2778 ut
971 2725 1305 2796 umbilicum
1340 2727 1490 2777 uotis
1517 2726 1707 2778 aliena
1733 2740 1832 2796 pos

158 2796 248 2847 lius
275 2795 437 2849 manu
478 2813 661 2866 quam
711 2797 849 2849 meis
904 2797 1089 2850 verbis
1147 2795 1372 2857 addam,
1429 2795 1831 2865 epigrammati

161 2866 1061 2933 Ennodiiconsimilisargumenti
1115 2867 1485 2920 octastichuin
1544 2883 1831 2936 apponam

158 2936 211 2989 de
237 2940 374 2991 fonte
401 2956 581 3009 quem
613 2940 718 2991 Leo
750 2939 982 3009 Magnus
1015 2943 1146 2991 ante
1183 2938 1502 2993 Ostiensem
1546 2939 1609 2991 D.
1660 2936 1827 2990 Pauli

163 3009 415 3062 basilicam
448 3010 716 3063 condidit
752 3026 765 3062 :

167 3106 296 3113 ἢ

3521 216 3624 268 362

1855 346 1897 397 A
1927 345 2093 398 dibus
2122 360 2414 415 egressum
2442 344 2654 399 recolat
2684 361 2857 415 quam
2917 345 3224 417 imperiosa
3260 353 3344 402 est
3391 366 3620 421 semper

1922 433 2165 499 affectio,
2199 450 2304 487 nec
2333 450 2539 504 parens
2570 434 2851 505 propositi
2890 435 3111 505 legibus
3148 437 3231 491 vis
3262 439 3496 493 amoris.
3561 441 3627 495 Et

1921 525 2175 594 profecto
2225 525 2271 577 si
2320 525 2451 579 facti
2499 525 2613 579 mei
2659 526 2943 581 rationem
2984 533 3222 599 quaerat,
3279 530 3624 603 religionem

1920 617 2083 666 vocat
2103 612 2256 683 quod
2280 613 2665 667 mentiebatur
2692 631 3005 670 excessum.

1998 789 2068 841 Ut
2088 789 2314 843 valeant
2340 790 2547 861 aquilae
2566 792 2841 846 formatos
2869 792 3110 863 prodere
3142 794 3312 863 fetus,

1995 877 2190 931 Vitatis
2208 883 2474 933 tenerum
2504 881 2717 949 frangit
2746 886 2909 952 tepor
2934 882 3142 937 insitus
3173 899 3368 938 ovum.

1995 967 2151 1020 Tuuc
2180 968 2306 1037 pius
2338 974 2580 1024 artatam
2612 971 2823 1024 lacerat
2852 971 3283 1043 paterimpiger
3312 972 3517 1041 eadem,

1998 1057 2068 1109 Ut
2097 1057 2281 1125 pariat
2310 1073 2507 1111 rursus
2540 1059 2749 1125 studio,
2785 1075 2927 1130 quos
2950 1060 3129 1115 edidit
3159 1062 3303 1116 alvo.

1996 1145 2114 1199 Mox
2144 1146 2596 1215 generistestem
2624 1148 2900 1202 Phoebum
2930 1149 3040 1203 ciet
3071 1149 3470 1219 arbiteridem,

1997 1235 2219 1289 Invenit
2259 1237 2543 1290 internam
2580 1238 2819 1291 rimatus
2852 1238 3070 1293 lumine
3106 1240 3311 1295 lucem.

1990 1324 2111 1376 Non
2145 1324 2310 1377 aliter
2339 1325 2488 1378 celso
2520 1341 2727 1395 pueros
2758 1326 2827 1380 de
2857 1332 3155 1382 stemmate
3181 1332 3365 1382 cretes

2001 1413 2278 1466 Doctrina)
2325 1414 2499 1467 radiis
2522 1415 2761 1484 opponit
2795 1432 2929 1469 cura
2950 1416 3227 1487 parentis.

1995 1500 2131 1564 Quae.
2167 1502 2308 1555 bene
2339 1502 2704 1556 flammarum
2738 1509 3088 1571 constanter,
3130 1506 3372 1577 respice,
3407 1506 3557 1561 bella

2002 1590 2300 1661 Excipiunt
2329 1591 2531 1659 teneri,
2556 1592 2848 1647 vincentes
2878 1594 3109 1666 fulgura
3130 1595 3273 1650 visu.

2728 1727 2858 1783 CLI.

2192 1844 2296 1907 (DE
2343 1857 2580 1897 aureus
2626 1858 2909 1900 uouraus
2953 1847 3396 1919 CONJUNC‘I‘IS.)

2008 1946 2066 1998 In
2094 1945 2341 2015 geminis
2373 1948 2615 2017 simplex
2646 1950 2830 2003 radiat
2855 1951 2951 2020 pia
2982 1951 3167 2023 gloria
3198 1953 3382 2021 tectis,

2086 2035 2149 2088 Et
2178 2035 2245 2088 de
2259 2035 2452 2089 divisis
2469 2039 2832 2092 consociatur
2852 2040 3053 2095 honos.

2010 2124 2087 2177 Ne
2118 2125 2339 2194 procul,
2363 2129 2461 2179 aut
2494 2126 2707 2181 ibidem
2738 2144 2923 2183 sacros
2956 2130 3331 2186 confunderet
3362 2149 3522 2203 usus,

2082 2212 2371 2267 Constanti
2395 2230 2701 2270 numerum
2733 2233 2854 2271 sors
2879 2219 3034 2274 dedit
3054 2221 3401 2291 amplaloco.

2010 2301 2131 2354 Una
2148 2302 2351 2356 domus
2382 2304 2853 2376 duplicidiscreta
2874 2305 3140 2378 jungitur
3168 2308 3308 2377 aede,

2080 2392 2443 2464 Partiturque
2470 2410 2637 2448 suum
2672 2396 2823 2467 quod
2852 2396 2997 2451 bene
3019 2398 3198 2453 nectit
3226 2414 3391 2469 opus.

2000 2513 2151 2585 Unda
2173 2514 2315 2585 lavat
2342 2518 2527 2585 carnis
2545 2519 2797 2580 maculas,
2818 2518 2916 2585 sed
2943 2519 3167 2585 crimina
3191 2526 3405 2585 purgat,

2066 2578 2411 2640 Puriﬂcatque
2444 2582 2647 2629 animas
2670 2578 2918 2630 mundior
2947 2597 3101 2632 amne
3139 2578 3283 2632 ﬁdes.

2002 2640 2233 2702 Quisque
2255 2641 2363 2689 suis
2395 2643 2592 2691 meritis
2618 2644 2925 2692 veneranda
2950 2646 3175 2693 sacraria
3205 2646 3351 2695 Pauli

2065 2704 2363 2767 Ingrederis
2400 2707 2635 2767 supplex,
2664 2707 2817 2753 ablue
2848 2708 2992 2755 fonte
3022 2721 3232 2756 manus.

2004 2764 2305 2830 Perdiderat
2323 2764 2543 2830 laticum
2572 2767 2814 2830 longaeva
2831 2769 3036 2817 incuria
3066 2784 3273 2829 cursus,

2066 2827 2209 2883 Quos
2241 2827 2335 2874 tibi
2370 2842 2514 2875 nunc
2544 2827 2700 2890 pleno
2730 2831 3016 2878 cantharus
3045 2845 3135 2879 ore
3158 2827 3342 2880 vomit.

2004 2888 2228 2952 Provida
2264 2892 2488 2950 pastoris
2514 2888 2808 2952 peritotum
2840 2906 2968 2940 cura
2997 2893 3203 2950 Leonis,

2066 2951 2187 3000 Haec
2217 2952 2407 2999 ovibus
2442 2951 2632 3000 Christi
2665 2953 2812 3016 larga
2840 2954 3041 3003 ﬂuenta
3073 2955 3235 3004 dedit.

1754 3105 3622 3135 ’πεῖ-ξπ

1464 3125 2302 3252 ῖὲἷιῖἦῆ

992 3306 1125 3383 EX
1182 3304 1444 3383 NOVO
1502 3304 2016 3383 THESAURO
2056 3304 2773 3386 ANECDOTORUM

1176 3440 1277 3551 P.
1360 3438 1927 3553 EDMUNDI
2004 3440 2592 3555 MARTENE

1536 3595 1727 3659 ΤΟΜ.
1773 3595 1850 3672 V,
1904 3595 2085 3659 PAG.
2143 3603 2249 3661 61.

808 3716 2968 3934 DICTImNODII

1182 3990 1305 4052 IN
1374 3988 1829 4053 NATALI
1886 3990 2596 4063 LAURENTII,

1410 4106 1988 4157 MEDIOLANENSIS
2026 4106 2379 4168 EPISCOPI,

1431 4189 1523 4250 (Ex
1556 4202 1652 4237 ms.
1684 4190 1734 4238 S.
1765 4191 1987 4253 Remigii
2008 4190 2361 4252 Rhemensis.)

220 4280 315 4334 Usu
346 4297 543 4335 rerum
582 4278 741 4333 venit
770 4278 918 4332 inter
940 4278 1222 4345 homines,
1252 4283 1317 4331 ut
1340 4284 1620 4349 quantum
1663 4279 1829 4334 famas
1870 4297 1910 4350 ρ
1943 4281 2319 4350 virgultorum
2354 4280 2531 4333 currit
2560 4279 2619 4333 in
2649 4278 2932 4347 gramina,
2978 4282 3037 4332 et
3071 4278 3229 4332 alvus
3250 4276 3383 4332 sicci
3432 4278 3649 4334 fomitis

164 4366 457 4439 decerpitur
512 4385 621 4438 per
677 4368 995 4433 audaciam,
1050 4366 1407 4437 superﬂuum
1482 4384 1595 4420 non
1652 4369 1841 4422 minus

164 4466 330 4524 pereat
369 4475 474 4530 per
506 4460 803 4511 timorem.
855 4456 1158 4527 Supeiﬂua
1193 4456 1460 4525 scribere,
1494 4472 1583 4509 res
1619 4457 1842 4527 jactan-

166 4546 237 4599 tize
265 4554 345 4601 est
378 4566 391 4615 ;
418 4548 750 4601 necessaria
782 4547 1042 4613 reticere,
1076 4550 1459 4616 contemptus.
1492 4546 1653 4615 Saepe
1698 4546 1843 4599 vitu-

168 4638 447 4703 perationis
477 4641 667 4691 mater
700 4639 801 4701 est,
829 4636 1072 4689 doctoris
1103 4635 1311 4689 occulti
1366 4635 1636 4688 laudatio.
1701 4636 1845 4688 Ver-

167 4724 341 4778 borum
371 4726 792 4780 abundantiam
832 4725 1170 4778 trausmittit
1201 4723 1447 4790 affectio,
1496 4739 1661 4778 amor
1711 4739 1843 4794 sug-

168 4814 290 4881 gerit
328 4817 481 4886 quod
518 4820 691 4884 negat
721 4814 1048 4883 ingenium.
1092 4815 1351 4867 Facessat
1391 4813 1634 4867 formido
1671 4828 1844 4867 vene-

169 4904 321 4956 rando
355 4904 654 4975 proposito
708 4902 957 4956 inimica.
1025 4902 1285 4973 Fugitive
1337 4903 1517 4973 gloria
1574 4906 1657 4955 est
1690 4917 1848 4955 mens

169 4990 397 5061 subjecta
428 4992 636 5046 errori.
671 4991 805 5045 Sine
836 4992 1002 5063 culpa
1042 4992 1288 5045 vincitur
1318 4991 1506 5045 oneris
1552 4990 1848 5044 immensi-

168 5082 282 5143 tate,
310 5082 409 5151 qui
449 5082 520 5134 ad
564 5081 903 5151 portandam
952 5080 1235 5134 sarcinam
1276 5080 1382 5134 etsi
1410 5082 1616 5151 impar,
1657 5085 1851 5133 tamen

170 5167 384 5223 devotus
417 5169 684 5225 occurrit.
717 5169 960 5224 Marcida
988 5175 1072 5223 est
1126 5170 1247 5222 sine
1302 5185 1567 5223 sermone
1593 5168 1849 5221 hilaritas

170 5262 216 5309 et
238 5259 609 5313 simulacrum
642 5258 901 5314 maeroris
928 5259 1209 5313 occultare
1262 5259 1412 5329 quod
1465 5258 1734 5328 gaudeas,
1796 5261 1851 5309 et

173 5345 472 5402 altlictionis
503 5348 749 5402 imitatio
778 5364 974 5402 vocem
1002 5348 1061 5401 in
1088 5348 1290 5402 laetitia
1319 5364 1437 5401 non
1470 5347 1701 5400 habere.

232 5436 388 5490 Liber
418 5432 644 5491 dicendi
689 5436 971 5508 principia
994 5436 1251 5490 derivare
1280 5436 1348 5490 de
1401 5441 1681 5505 tempore,
1718 5450 1849 5487 cum

176 5525 295 5577 anui
324 5526 671 5579 renascentis
700 5526 944 5580 infantia
968 5525 1290 5589 ﬂoruleuta,
1317 5525 1364 5579 si
1384 5525 1563 5592 valeo,
1605 5524 1849 5578 dictione

175 5626 411 5668 vernare.
446 5614 611 5668 Nunc
630 5631 757 5669 cum
791 5621 955 5670 terrae
986 5631 1185 5669 succus
1205 5630 1309 5686 per
1345 5630 1515 5668 venas
1564 5612 1850 5669 arentium

526 5704 803 5771 PATROL.
849 5706 1066 5771 LXIII.

1951 4369 2180 4422 humori
2214 4369 2511 4422 maritatus
2544 4368 2834 4438 turgescit,
2869 4384 2999 4421 cum
3029 4366 3086 4420 in
3147 4366 3417 4421 blandam
3464 4367 3649 4422 lucem

1952 4459 2163 4511 novelli
2205 4459 2562 4528 praeseminis
2616 4473 2794 4511 conire
2852 4456 3211 4527 explicantur
3261 4457 3540 4522 arboreas,
3597 4464 3653 4512 et

1954 4548 2139 4599 omnis
2172 4563 2460 4601 ramorum
2495 4548 2750 4618 plectura
2796 4546 3152 4614 diffunditur,
3178 4546 3263 4599 vel
3316 4562 3444 4617 quas
3501 4547 3655 4601 intra

1952 4636 2205 4689 tunicam
2268 4640 2472 4690 natura
2540 4636 2831 4691 frondium
2870 4637 3075 4691 decora
3126 4637 3441 4690 solvuntur.
3513 4635 3654 4690 Cum

1956 4724 2146 4777 avium
2179 4725 2463 4779 cantilena
2484 4726 2731 4779 comitur
2760 4742 2962 4797 sapore
2995 4725 3313 4791 modulato,
3361 4741 3491 4779 cum
3542 4726 3659 4780 vita

1955 4818 2213 4882 segetum
2246 4813 2427 4883 glebis
2458 4815 2678 4884 sepulta
2709 4813 3055 4869 hiemalibus
3092 4814 3255 4884 quasi
3306 4813 3516 4884 algoris
3562 4830 3657 4869 re-

1952 4900 2165 4969 pagulo
2188 4900 2398 4953 emissa
2424 4906 2480 4953 et
2500 4905 2695 4971 tepore
2717 4901 2830 4955 feta
2857 4900 3198 4972 concipitur.
3236 4902 3397 4955 Nunc
3433 4901 3492 4955 in
3516 4917 3658 4956 cano

1958 4988 2099 5042 flore
2133 5005 2292 5059 spem
2315 4988 2602 5042 fructuum
2656 4990 2886 5043 metitur
2943 4990 3215 5059 agricola,
3271 5006 3402 5044 cum
3446 4990 3661 5045 mutuis

1958 5078 2262 5148 palmitum
2293 5078 2541 5131 brachiis
2571 5078 2869 5133 vinearum
2892 5082 3104 5134 texitur
3146 5080 3338 5150 aprica
3393 5080 3660 5134 formosi-

1962 5172 2068 5231 tas,
2099 5172 2156 5219 et
2186 5172 2317 5219 ante
2353 5167 2702 5221 maturitatis
2754 5175 2981 5237 tempus
3036 5169 3381 5238 frugiferum
3439 5170 3661 5224 vultum

1963 5255 2185 5308 cultura
2207 5256 2523 5326 componit,
2550 5256 2692 5310 dans
2725 5260 3080 5311 venustatem
3134 5256 3277 5310 falce
3341 5255 3663 5328 domitrice,

1958 5349 2015 5398 et
2044 5342 2331 5397 luxuriam
2370 5343 2737 5398 infecundam
2798 5344 2948 5398 ferro
3004 5343 3384 5398 fructiﬁcante
3438 5362 3667 5421 compe-

1960 5449 2139 5488 scens.
2167 5435 2309 5487 Cum
2340 5434 2616 5502 profundi
2643 5434 2889 5503 gurgitis
2912 5432 3100 5486 rabies
3148 5432 3426 5489 blandum
3461 5439 3670 5494 transit

1958 5523 2018 5577 in
2050 5522 2299 5590 sibilum,
2335 5527 2389 5575 et
2446 5528 2712 5577 enervata
2779 5527 2973 5593 tepore
3036 5525 3342 5577 ventorum
3407 5523 3670 5582 ferocitas

1959 5611 2171 5681 migrat
2199 5610 2259 5664 in
2278 5610 2507 5665 delicias
2538 5610 2883 5680 navigantis.
2918 5610 3064 5665 Cum
3118 5614 3312 5666 tutum
3365 5616 3452 5666 est
3510 5630 3671 5687 cym-

3233 5707 3315 5768 12
