4038 6170
332 315 436 368 363

1678 314 1833 369 VlTA
1880 315 2007 369 HOI

2182 316 2265 370 LE
2306 316 2520 372 ΡΑΡᾸΞ.
3253 341 3257 345 δ
3730 324 3829 377 36ἲ

326 445 460 500 ham
485 445 604 499 salo
651 446 841 499 laxare
893 450 948 499 et
994 445 1303 499 anchoram
1350 446 1410 498 in
1443 462 1665 500 morsus
1708 448 2019 503 absolvere.
2062 450 2214 503 ATu
2267 449 2552 518 prmdonis
2611 448 2836 502 nescisti
2896 450 3097 503 timere
3148 451 3443 519 saevitiam,
3502 459 3563 507 tu
3608 454 3829 508 blandi-

326 536 477 591 Dum
504 535 755 589 fractura
775 536 1155 605 procellarum
1189 550 1314 604 qua:
1343 536 1563 589 navitas
1588 536 1862 591 hactenus
1903 542 2024 591 ter-

326 625 507 691 rebat,
537 624 757 691 invitat,
791 628 847 677 et
865 640 968 693 per
994 624 1106 677 uda
1131 624 1380 694 tequoris
1415 624 1600 694 spatia
1628 642 1893 680 somnum
1916 644 2024 698 gu-

326 713 623 768 bernantis
653 712 921 766 admittit.
985 714 1127 767 Cum
1173 713 1363 767 colore
1420 713 1687 769 distincta
1736 722 2023 785 gemmato

327 803 517 857 vernis
538 802 741 874 Opibus
768 806 931 869 prata
961 800 1269 856 ditescunt.

396 894 471 947 Te
503 892 574 946 ad
602 890 993 962 pontiﬁcalem
1024 892 1241 962 apicem
1290 891 1553 961 gravitas,
1584 892 1791 963 pudor,
1846 893 2023 963 pudi-

327 982 477 1050 citia,
510 985 775 1036 venustas
806 981 1059 1047 adduxit,
1087 985 1299 1035 statuat
1328 980 1435 1034 ista
1474 982 1595 1035 loco
1657 982 1871 1049 laudes,
1932 983 2024 1036 cui

324 1087 479 1126 nunc
516 1070 793 1141 suppetit,
833 1070 986 1141 quod
1025 1070 1202 1140 possit
1245 1070 1560 1140 praedicare
1606 1071 1674 1125 de
1736 1072 2013 1125 moribus.

323 1160 622 1216 Momentis
652 1159 810 1214 enim
847 1175 989 1214 aura
1039 1159 1334 1229 popularis
1372 1160 1712 1229 impellitur,
1736 1166 1790 1214 et
1833 1160 2023 1214 nescia

325 1248 604 1304 examinis
625 1248 792 1303 turba
819 1249 958 1303 dum
986 1248 1186 1302 studiis
1218 1249 1441 1318 rapitur
1470 1255 1624 1303 amat
1673 1249 2018 1319 incognitos.

324 1340 502 1396 Alteri
524 1338 680 1411 quod
700 1339 829 1409 pius
852 1354 909 1392 es
936 1338 1205 1404 ostendit,
1249 1338 1414 1391 alteri
1445 1339 1601 1409 quod
1632 1353 1880 1403 severus,
1932 1337 2021 1391 al-

328 1429 433 1483 teri
464 1428 619 1500 quod
642 1428 789 1481 bene
828 1426 1090 1497 acquisiti
1135 1427 1474 1481 distributor
1526 1425 1880 1497 patrimonii,
1938 1427 2020 1480 a1-

324 1518 431 1571 teri
454 1516 609 1588 quod
639 1516 745 1570 scis
773 1521 925 1570 recte
971 1520 1134 1587 parta
1190 1533 1433 1570 servare.
1496 1518 1553 1571 Id
1614 1515 1789 1570 studii
1845 1515 2021 1569 sumit

324 1606 684 1672 universitas,
705 1609 770 1660 ut
798 1620 928 1658 cum
950 1605 1019 1659 de
1059 1604 1353 1675 proposita
1414 1604 1583 1659 laude
1624 1604 2020 1675 unusquisque

2135 545 2461 592 mentorum
2491 539 2645 608 quod
2676 538 2737 591 in
2792 540 3094 593 malitiosis
3141 541 3439 595 nocentius
3494 542 3675 596 telum
3726 548 3828 609 est,

2134 633 2291 681 scuto
2320 628 2654 681 constantia:
2684 644 2903 681 venena
2933 630 3221 698 respuisti.

2554 714 2574 749 ί
2616 717 2969 771 VENANTIO
3012 719 3390 775 ENNODIUS.

2203 805 2465 871 Domine,
2497 806 2752 859 admiror
2772 808 3055 861 sermonis
3100 808 3506 863 abstinentiam
3564 810 3699 881 quia
3729 812 3830 881 qui

2132 893 2338 964 exigua
2394 895 2735 961 condiderit,
2796 897 2937 950 nihil
2990 898 3274 967 producit.
3326 899 3521 953 Credis
3588 899 3693 953 sub
3724 899 3829 952 hac

2132 984 2423 1038 occasione
2452 986 2738 1055 profectus
2774 987 2856 1039 tui
2888 988 3062 1040 latere
3097 988 3414 1055 scientiam,
3477 994 3533 1041 et
3592 988 3829 1042 tacitur-

2130 1072 2648 1143 nitasimperitiam
2702 1075 2913 1145 prodit,
2961 1080 3017 1129 et
3066 1075 3400 1129 infabricata
3446 1077 3830 1130 confabulatio

2132 1162 2456 1216 manifestat
2493 1163 2813 1217 infantiam.
2873 1165 3096 1219 Interea
3122 1171 3251 1218 ante
3284 1165 3450 1236 inops
3480 1167 3665 1237 gratia
3712 1182 3831 1220 non

2129 1251 2307 1317 fuisti,
2333 1251 2512 1305 sciens
2534 1252 2671 1323 quid
2704 1254 3024 1324 diligentia,
3060 1255 3199 1325 quid
3220 1255 3471 1321 amantis,
3507 1256 3830 1309 sollicitudo

2129 1337 2429 1408 ﬂagitaret.
2465 1342 2662 1394 Factus
2694 1358 2751 1394 es
2778 1342 3064 1395 bonarum
3097 1359 3292 1396 rerum
3340 1344 3615 1410 conscius,
3669 1350 3828 1415 post-

2130 1444 2303 1498 quam
2327 1436 2379 1483 te
2411 1430 2481 1483 ad
2507 1431 2821 1485 obtinenda
2851 1449 2972 1502 qaaz
3028 1438 3307 1502 putantur
3353 1434 3603 1487 maxima
3641 1439 3829 1488 trans-

2128 1517 2411 1572 misimus.
2475 1520 2638 1583 Quod
2716 1526 2889 1575 restat
2959 1521 3102 1588 vale,
3166 1521 3447 1592 accipiens
3528 1522 3831 1577 monitoris

2126 1607 2319 1674 verba,
2352 1612 2406 1662 et
2429 1609 2758 1664 melioratus
2782 1611 2841 1664 in
2875 1615 2926 1665 te
2964 1610 3287 1681 scriptionis
3336 1611 3669 1668 assiduitate
3747 1613 3831 1667 di-

325 1695 597 1762 vinceret,
630 1694 721 1749 vel
770 1694 1095 1761 collatione,
1126 1694 1214 1748 vel
1262 1693 1660 1760 collocutione,
1720 1697 1913 1746 tamen
1957 1692 2019 1747 in
2061 1736 2101 1788 B
2130 1696 2320 1767 vulga.

325 1784 627 1856 praeconiis
658 1784 769 1838 tuis
798 1783 1056 1841 melioris
1084 1783 1237 1837 tituli
1256 1784 1327 1839 ab
1358 1784 1537 1838 altero
1567 1783 1909 1837 vinceretur.

398 1883 417 1919 ¹
456 1880 759 1953 Venanlio]
792 1882 949 1936 Idem
977 1880 1214 1937 fortasse
1236 1898 1367 1935 cum
1409 1881 1683 1935 Venantio
1722 1880 1813 1934 cui
1834 1882 2022 1934 Enno-

324 1954 454 2009 dius
491 1953 750 2007 inscribit
808 1953 1110 2024 epistolam
1149 1955 1218 2005 22
1265 1953 1366 2007 lib.
1398 1969 1451 2020 v,
1484 1954 1554 2007 ad
1603 1968 1776 2022 quem
1833 1953 2024 2024 locum

326 2025 455 2080 vide
504 2029 701 2079 notam
745 2023 1053 2081 Sirmondi.
1110 2024 1375 2079 Venantii
1446 2040 1675 2095 quoque
1759 2023 2025 2077 meminit

2133 1882 2288 1937 idem
2315 1883 2607 2008 anodius
2637 1883 2801 1955 epist.
2837 1887 2867 1938 9
2903 1885 3001 1940 lib.
3045 1902 3119 1954 1v,
3163 1901 3411 1957 eumque
3464 1886 3713 1957 appellat
3742 1887 3835 1941 vi-

2133 1970 2255 2008 rum
2280 1972 2306 2008 c
2337 1971 2425 2008 ar.

2133 1970 2255 2008 rum
2280 1970 2425 2009 ctar.

1609 2198 1780 2242 ANNO
1829 2198 2056 2241 DOMINI
2103 2198 2285 2241 DXlV-
2302 2198 2535 2243 DXXIII.

626 2292 2466 2531 *HORMISDAS
2655 2305 3525 2532 PAPA.

1854 2586 2282 2676 NOTITIA.
3076 2614 3085 2619 ·

1749 2719 1845 2781 (Ex
1874 2719 2028 2769 Libro
2058 2720 2387 2783 pontiﬁcali.)

393 2894 738 2949 ‘Hormisda
768 2894 1003 2949 natione
1044 2893 1387 2965 Campanus,
1444 2908 1506 2948 ex
1562 2896 1724 2965 patre
1760 2896 1920 2949 Justo
1951 2896 2020 2949 de

2130 2894 2353 2949 civitate
2414 2894 2732 2949 Frusinone
2790 2894 3135 2966 (Frusione),
3168 2898 3192 2939 b
3240 2897 3386 2951 sedit
3451 2914 3634 2953 annos
3688 2900 3831 2970 (a)8

396 2993 419 3017 '
450 2993 755 3067 Variantes
785 2993 910 3067 _sive
942 2997 1104 3067 notas
1146 3008 1290 3067 quae
1339 2992 1407 3067 ad
1438 2995 1742 3063 utramque
1789 2994 2018 3067 paginae
2056 2994 2096 3048 C
2128 3008 2237 3067 que
2261 2994 2410 3067 intra
2442 2991 2809 3067 parentheses
2840 2993 2899 3045 in
2946 2997 3100 3067 textu
3150 2995 3468 3067 posuimus,
3528 2997 3834 3067 aliquoties

324 3081 484 3121 oram
506 3070 638 3136 post
668 3065 954 3119 Labbeum
984 3065 1160 3119 Mansi
1181 3065 1575 3133 exscripserat,
1612 3080 1717 3118 nos
1758 3066 2021 3134 plerum-

396 3174 421 3200 ⁸
456 3162 798 3234 Symmacho
820 3179 885 3217 ex
908 3162 1012 3216 hac
1040 3162 1153 3215 vita
1176 3162 1246 3234 ad
1307 3162 1716 3234 sempiternam
1781 3163 2022 3230 gloriam

328 3231 630 3306 perducto,
709 3250 934 3306 summa
984 3234 1161 3306 totius
1221 3233 1461 3286 Romani
1511 3231 1658 3306 _cleri
1697 3236 2019 3306 concordia,

324 3304 628 3360 schismate
660 3305 904 3370 sublato,
940 3309 1067 3373 post
1091 3304 1210 3356 dies
1230 3310 1450 3372 septem
1475 3304 1562 3365 ab,
1586 3304 1711 3372 ejus
1744 3304 1905 3357 obitu
1949 3321 2025 3358 v11

325 3377 589 3431 calendas
610 3376 874 3445 Augusti,
908 3391 1058 3427 anno
1090 3374 1293 3428 Christi
1317 3376 1438 3440 5H,
1498 3374 1781 3428 Anastasii
1837 3374 2021 3444 impe-

325 3448 533 3502 ratoris
572 3448 660 3507 24,
715 3452 771 3499 et
807 3445 1139 3499 Theodorici
1184 3446 1336 3513 regis
1370 3445 1538 3498 Italia:
1583 3448 1671 3498 22.
1723 3446 2021 3498 Hormisda

328 3520 383 3575 S.
419 3520 482 3573 Β.
518 3518 578 3571 Ε.
619 3518 915 3582 diaconus,
967 3516 1218 3587 pontifex
1252 3521 1335 3569 est
1389 3522 1630 3570 creatus.
1678 3516 1837 3578 Quod
1889 3533 2021 3571 cum

323 3592 425 3644 toti
465 3590 590 3643 orbi
639 3590 999 3653 innotuisset,
1062 3588 1421 3641 Clodovens°
1478 3603 1573 3640 rex
1604 3587 2021 3641 Christianissi-

325 3678 454 3715 mus
486 3666 823 3713 cunctorum
854 3659 1193 3729 obsequium
1230 3659 1533 3728 praevenit"
1564 3664 1617 3711 et
1642 3658 1827 3711 ofﬁcia
1853 3675 2021 3728 supeo

322 3733 489 3786 ravit.
524 3733 665 3785 Nam
732 3737 1074 3800 suggerente
1137 3729 1417 3798 Remigio,
1470 3746 1737 3782 coronam
1787 3745 2020 3783 auream

326 3820 454 3879 cum
488 3802 751 3879 gemmis,
778 3816 1172 3879 quaregnum
1197 3800 1489 3879 appellari
1532 3802 1690 3865 solet,
1855 3802 2020 3853 Petro

326 3874 561 3929 donavit
590 3890 603 3927 :
630 3890 740 3944 qua
769 3890 828 3926 re
855 3889 886 3924 a
910 3872 1022 3925 Deo
1050 3878 1386 3944 consecutus
1415 3877 1497 3925 est
1520 3872 1843 3925 mercedem
1869 3888 2014 3937 eam,

322 3950 388 3999 ut
460 3943 807 3999 Francorum
864 3944 1025 4010 regni
1081 3959 1290 3995 corona
1330 3943 1605 3996 hactenus
1677 3948 2016 4011 perseveret.

324 4018 503 4086 Hujus
527 4016 878 4086 temporibus
910 4014 1239 4086 Anastasius
1268 4015 1582 4084 imperator
1633 4014 2019 4086 Eutychianus

322 4084 507 4142 multa
558 4084 1127 4156 ad_opprimendum
1176 4084 1639 4138 Chalcedonense
1712 4085 2016 4137 concilium

324 4159 557 4213 molitus
576 4158 695 4212 fuit.
721 4158 859 4212 Bina
887 4158 1171 4226 legatione
1194 4174 1222 4209 a
1252 4156 1519 4225 pontiﬁce
1553 4156 1825 4220 monitus,
1866 4163 1931 4209 ut
1952 4156 2019 4209 ad

321 4230 634 4285 uniendam
672 4230 1015 4284 Orientalem
1041 4244 1167 4281 cum
1192 4228 1541 4282 Occidentali
1577 4227 1882 4280 Ecclesiam
1916 4243 2017 4279 no-

321 4317 454 4356 men
485 4301 906 4356 Acaciicuraret
948 4300 1233 4368 expungi;
1265 4316 1375 4351 non
1401 4299 1567 4351 modo
1584 4314 1698 4350 non
1721 4298 2015 4366 obtempe-

320 4374 486 4437 ravit,
520 4373 617 4425 sed
642 4372 832 4441 potius
864 4372 1078 4439 majore
1108 4387 1237 4422 cum
1278 4372 1469 4422 furore
1528 4369 1793 4441 eamdem
1820 4385 2011 4441 perse-

322 4444 423 4513 qui
454 4439 667 4512 cmpit';
694 4442 937 4495 maxime
970 4442 1371 4513 tunc,quando
1396 4456 1499 4509 per
1522 4439 1655 4513 ﬁdei
1692 4440 2019 4513 orthodoxae

322 4510 745 4567 simulationem
768 4514 1015 4565 favorem
1034 4512 1232 4581 populi
1262 4510 1870 4578 Constantinopolitaui
1893 4527 2022 4563 con-

322 4591 548 4638 secutus
570 4590 735 4649 esset,
768 4584 1149 4653 Vitalianique
1182 4584 1497 4651 prmsertim
1532 4582 1860 4633 rebellantis
1909 4598 2023 4653 me:

322 4660 446 4708 tum
478 4655 828 4708 excussisset.
858 4656 990 4707 Post
1020 4654 1201 4706 multa
1223 4655 1435 4706 scelera
1489 4653 1546 4705 in
1572 4653 1871 4705 Ecclesiam
1922 4652 2021 4706 Dei

365 4732 566 4793 atrata,
590 4726 857 4795 apparuit
888 4726 939 4778 ei
973 4742 1078 4794 per
1111 4725 1293 4777 visum
1328 4724 1430 4777 viri
1464 4724 1683 4777 candidi
1717 4723 1928 4793 species
1960 4724 2022 4776 in

361 4814 442 4851 sec
473 4797 852 4867 verbaips'im
894 4796 1285 4866 compellantis
1316 4813 1329 4867 '.
1389 4796 1541 4850 Ecce
1575 4798 1831 4867 propter,
1860 4798 2022 4867 perﬁ-

319 4867 649 4923 diamtuam
686 4865 849 4921 'deleo
904 4865 1514 4939 tibi’qualuordecim:
1576 4865 1787 4939 quibus
1818 4865 1874 4917 in
1924 4866 2020 4918 illo

320 4939 515 4994 codice
548 4940 861 5009 expunctis,
897 4938 1065 4992 tertio
1088 4947 1215 5009 post
1244 4941 1333 4991 die
1365 4939 1602 4992 tonitrui
1635 4938 1858 5009 fragore
1892 4952 2017 5009 exa-

320 5011 574 5066 nimatus
607 5008 709 5065 est.
741 5011 999 5065 Justinus
1039 5008 1105 5063 ex
1135 5011 1483 5063 armentario
1542 5013 1597 5061 et
1636 5008 1873 5061 subulco
1918 5008 2021 5059 im-

318 5089 550 5153 perator
600 5082 935 5148 catholicus,
995 5081 1247 5153 ﬁdeique
1333 5080 1663 5153 orthodoxae
1702 5078 2019 5153 _singularis

319 5150 615 5226 patronus,
649 5153 947 5208 Anastasio
972 5150 1392 5226 _Acephalorum
1427 5150 1715 5204 defensori
1749 5154 2019 5226 asenatu

321 5220 492 5281 Simul
525 5230 579 5280 et
610 5225 859 5279 exercitu
886 5220 1150 5277 universo
1211 5222 1558 5290 subrogatus
1613 5226 1724 5274 est:
1791 5225 1928 5273 tunc
1962 5220 2021 5271 in

318 5313 519 5352 omnes
558 5298 854 5351 haereticos
904 5294 1207 5348 anathema
1239 5298 1324 5345 est
1380 5294 1830 5362 proclamatum;
1883 5296 2019 5344 tunc

320 5374 569 5439 quatuor
586 5364 1207 5439 mcumenicapconcilia
1237 5364 1573 5439 approbata,
1608 5379 1786 5439 eaque
1824 5362 2020 5439 omnia

320 5432 481 5512 gesta
510 5440 744 5495 fuerunt
773 5454 903 5509 quae
934 5437 993 5491 in
1025 5434 1162 5489 actis
1209 5432 1440 5489 concilii
1492 5432 2020 5504 Constantinopoli-

387 5564 471 5633 (a)
502 5564 635 5619 Cod.
672 5563 805 5618 Luc.
832 5563 955 5628 490,
980 5564 1032 5617 9.

385 5655 413 5684 *
434 5650 833 5708 Childebertu:
847 5650 1161 5707 Clodoveus
1180 5666 1280 5707 res:
1290 5649 1463 5707 donat
1485 5651 1547 5706 Β.
1565 5648 1736 5706 Petro
1746 5662 2020 5703 coronam

312 5739 574 5782 curm

2131 3065 2200 3117 ad
2234 3065 2443 3117 calcem
2480 3064 2841 3133 paginarum,
2866 3066 3134 3118 asterisco
3170 3066 3427 3135 praﬁixo.
3456 3069 3602 3121 Enn:
3624 3064 3639 3067 ⁷
3696 3120 3699 3121 ,

2132 3161 2253 3213 tani
2285 3160 2388 3212 sub
2417 3160 2715 3213 Hormisda
2744 3160 3013 3213 celebrati
3054 3161 3195 3214 infra
3233 3162 3649 3217 describuntur.
3711 3165 3833 3218 Ro-

2132 3237 2305 3304 gatus
2324 3232 2623 3304 Hormisda
2648 3233 3013 3304 utdecretum
3028 3233 3254 3285 concilii
3272 3236 3592 3301 conﬁrmet,
3615 3237 3835 3304 praevia

2132 3301 2824 3373 synodaliconsultatione
2864 3304 3177 3372 respondit,
3236 3305 3472 3373 petitam
3523 3306 3591 3358 ab
3615 3301 3831 3361 'Orien-

2130 3372 2229 3423 tali
2259 3372 2500 3424 Ecclesia
2542 3388 2758 3441 pacem,
2802 3378 2857 3425 et
2905 3374 3371 3427 communionem
3405 3378 3483 3429 ita
3517 3393 3637 3429 esse
3697 3395 3837 3431 con-

2131 3442 2467 3507 cedendam,
2500 3445 2541 3495 si
2578 3446 2809 3515 nomina
2839 3446 3043 3507 Acacii,
3071 3445 3369 3515 Euphemii
3403 3454 3457 3500 ct
3492 3448 3829 3507 Macedonii,

2129 3530 2273 3579 quos
2305 3516 2476 3565 sacris
2526 3514 2730 3567 tabulis
2788 3514 3176 3581 restituerant,
3227 3519 3452 3585 penitus
3486 3519 3740 3572 delerent
3777 3530 3836 3573 et

2130 3590 2539 3657 expungereut.
2565 3585 2746 3648 Quam
2788 3591 2847 3639 ut
2877 3594 2933 3639 et
2961 3588 3129 3639 citius
3158 3595 3213 3639 et
3244 3589 3462 3642 facilius
3516 3590 3833 3657 obtineret,

2126 3655 2471 3730 legationem
2503 3657 2909 3730 quamdamad
2941 3659 3227 3711 Justinum
3260 3655 3831 3730 eﬁConstantinopo?

2130 3726 2716 3799 litanumepiScopum
2753 3728 3052 3797 ablegavit,
3079 3746 3205 3799 quae
3239 3726 3443 3799 magna
3475 3748 3608 3785 cura
3644 3740 3702 3785 et
3723 3726 3832 3785 in-

2128 3797 2345 3849 dustria
2381 3799 2656 3865 singulari
2696 3799 2964 3864 efficeret,
3026 3797 3112 3852 ut_
3147 3797 3384 3853 Zenonis
3438 3810 3494 3856 et
3539 3805 3831 3856 Anastasii

2129 3868 2529 3921 limreticorum
2548 3870 2897 3937 imperatoru
2910 3887 2960 3923 m
2988 3873 3263 3924 memoria
3278 3874 3664 3940 damnaretur,
3689 3876 3830 3927 ﬁdei

2127 3940 2373 3992 formula
2417 3940 2832 4007 subscriptione
2882 3943 3279 4010 episcoporum
3339 3945 3686 4009 ﬁrmaretur,
3760 3963 3830 3999 ac

2130 4010 2376 4084 denique
2402 4016 2463 4062 ut
2495 4027 2703 4084 nomen
2734 4012 2920 4064 Acacii
2951 4012 3309 4082 aliorumque
3352 4032 3492 4084 quos
3543 4018 3715 4069 sacris
3736 4016 3828 4070 di-

2126 4082 2351 4150 ptycliis
2392 4082 2758 4134 restituerant
2790 4084 2957 4151 plane
2982 4085 3311 4138 delerentet
3342 4082 3577 4140 omnino
3604 4090 3827 4140 exstin-

2128 4157 2387 4227 guerent.
2441 4152 2720 4227 Successit
2744 4170 2831 4227 res
2854 4170 2965 4227 pro
2984 4160 3115 4227 voto
3145 4157 3483 4210 sanctissimi
3513 4160 3825 4227 pontiﬁcis.

2126 4224 2207 4275 Ad
2240 4223 2705 4299 communionem
2737 4224 3113 4299 occidentalis
3145 4227 3409 4280 Ecclesiae
3456 4223 3667 4299 recepti
3707 4232 3829 4282 fue-

2127 4300 2262 4346 runt
2291 4295 2395 4370 hoc
2434 4300 2692 4370 tempore
2742 4296 3074 4370 Qrientalcs,
3135 4299 3232 4366 qui
3281 4300 3442 4351 anuis
3466 4295 3599 4370 plus
3632 4300 3831 4354 minus

2133 4366 2516 4437 octogintaab
2552 4366 2807 4419 Ecclesia:
2842 4366 3058 4419 unitate
3089 4382 3191 4437 per
3231 4366 3483 4423 schisma
3521 4387 3638 4423 sese
3670 4373 3831 4424 divi-

2059 4420 2100 4471 D
2134 4420 2342 4501 serant,
2380 4436 2548 4505 idque
2584 4438 2785 4490 accidit
2813 4420 3170 4491 sanctissimo
3194 4439 3333 4493 festo
3367 4441 3831 4496 Resnrrectionis

2130 4506 2439 4585 domini-cae
2459 4508 2668 4585 absque
2704 4510 2817 4561 ulla
2848 4509 3123 4585 seditione
3149 4516 3204 4585 et
3226 4515 3475 4566 tumultu
3504 4530 3515 4565 :
3550 4517 3834 4585 tantaque

2130 4594 2258 4630 cum
2292 4579 2692 4655 admiratione,
2722 4582 3033 4655 gratiarum
3069 4582 3291 4655 actione
3314 4592 3369 4635 et
3400 4585 3614 4649 laetitia,
3648 4579 3837 4655 quan-

2128 4656 2244 4725 tam
2267 4650 2351 4725 vix
2375 4650 2589 4725 _lingua
2619 4650 2733 4725 ulla
2780 4653 3252 4725 explicarevalet.
3290 4655 3415 4707 Haec
3447 4672 3513 4709 ex
3565 4650 3835 4725 epistolis

2130 4718 2454 4794 _Hormisdze
2488 4720 2763 4794 Baronins
2792 4738 2803 4775 :
2850 4718 2932 4775 'ex
2967 4724 3501 4794 notisepistolarum
3534 4718 3835 4781 et'conci-

2129 4791 2335 4865 liorum
2370 4790 2514 4843 infra
2546 4793 3019 4863 subsequentium
3057 4790 3222 4865 plura
3280 4813 3471 4851 rerum
3528 4798 3632 4853 sub
3682 4800 3834 4853 Hor-

2129 4861 2315 4913 misda
2336 4867 2623 4930 gestarum
2648 4861 2972 4931 cognosces.

2199 4932 2479 5010 Restituta
2522 4933 2659 5010 ﬁdes
2716 4936 3010 5003 catholica,
3090 4938 3444 5010 nexibusqne
3505 4940 3837 4996 schismatis

2129 5003 2387 5077 liberata,
2413 5004 2516 5057 hoc
2546 5005 2763 5077 bonum
2780 5023 2969 5060 secum
2999 5010 3208 5073 attulit,
3234 5015 3296 5063 ut
3320 5003 3594 5065 L-azorum
3629 5029 3835 5077 regem

2128 5079 2183 5126 et
2213 5076 2514 5164 pOpulum,
2535 5076 2815 5164 'llaf'lelllla
2847 5094 2994 5132 vera:
3019 5080 3313 5164 religionis
3342 5082 3665 5152 divinaeque
3686 5076 3838 5164 legis

2128 5151 2445 5221 expertem,
2478 5147 2548 5199 ad
2602 5148 2981 5221 Christianam
3029 5147 3201 5204 ﬁdem
3233 5147 3690 5221 amplectendam
3744 5147 3835 5210 in-

2127 5215 2369 5269 duxerit.
2394 5220 2604 5271 Auctor
2636 5220 2860 5273 Miscell.
2896 5221 2989 5274 lib.
3026 5238 3109 5274 xv.
3133 5223 3252 5277 Sav.
3282 5215 3495 5279 BlNlUS.

2197 5290 2422 5341 bAnnis
2453 5305 2679 5352 novem,
2717 5291 2918 5344 diebus
2951 5292 3167 5359 decem,
3206 5312 3236 5347 a
3264 5297 3558 5349 consulatu
3597 5298 3836 5351 Cassio-

2128 5358 2256 5411 dori
2286 5359 2353 5412 ad
2388 5361 2691 5414 Maximum
2724 5363 2958 5427 sedisse,
2993 5358 3352 5420 Marcellinus
3384 5367 3443 5419 in
3500 5369 3715 5421 Chron.
3774 5376 3838 5424 et

2130 5428 2383 5483 Vaticani
2442 5430 2657 5485 indices
2717 5438 3061 5489 attestantur
3093 5452 3104 5489 :
3139 5436 3258 5492 imo
3329 5438 3451 5509 ipse
3487 5438 3835 5495 Anastasius
