4038 6170
164 336 233 388 365

1392 321 1547 374 VITA
1588 319 1964 375 HOHMISDE
2004 321 2227 374 ΡΑΡΑΞ.

3462 324 3564 377 366

162 468 242 521 dies
278 466 339 516 17.
385 458 488 513 Fuit
515 462 705 510 autem
737 455 1091 525 temporibus
1121 453 1457 507 Theodorici
1498 455 1648 523 regis
1689 457 1745 506 et
1780 455 1829 507 A
1856 452 2071 517 Quibus
2101 453 2208 506 hoc
2242 452 2399 506 dedit
2430 452 2487 505 in
2531 451 2812 505 mandatis
2846 452 3160 523 imperator
3199 455 3556 523 Anastasius,

161 550 367 611 Anastasii
404 546 651 617 Augusti,
687 554 711 579 ⁸
743 562 775 599 a
804 545 1102 598 consulatu
1142 543 1431 597 Senatoris
1469 558 1650 613 usque
1689 543 1759 597 ad

159 644 429 699 consulatum
454 635 772 707 Symmachi
801 640 856 688 et
886 633 1085 687 Boetii.
1132 632 1235 686 Hic
1274 631 1601 702 composuit
1652 632 1760 685 cle-

158 751 262 797 rum,
289 735 332 784 et
358 727 569 799 psalmis
601 724 867 779 erudivit.
903 722 1001 777 Hic
1033 723 1165 777 fecit
1193 722 1486 776 basilicam
1519 722 1577 775 in
1605 721 1762 776 terri-

156 826 258 879 torio
290 814 578 881 Albauensi,
620 815 679 867 in
726 813 1084 884 possessione
1124 812 1198 881 (α)
1262 811 1549 865 Mesontis.
1592 813 1617 853 Ι)
1659 812 1762 864 Eo-

154 915 242 967 dem
270 916 485 977 teinpore
516 920 579 958 ex
614 903 920 957 constituto
948 900 1151 972 synodi
1184 900 1341 953 misit
1374 900 1433 953 in
1464 899 1758 967 Grmciam,

154 999 479 1056 humanitatem
513 993 817 1047 ostendens
849 992 999 1045 sedis
1030 989 1355 1061 apostolicae
1395 992 1476 1059 (et
1507 989 1759 1043 reconci-

152 1088 258 1143 liavit
282 1088 514 1152 Graecos),
551 1082 683 1153 quia
714 1080 887 1135 ϐπερρὶ
922 1079 1156 1148 obligati
1192 1084 1353 1132 erant
1395 1079 1499 1132 sub
1531 1079 1759 1133 vinculo

152 1173 444 1232 anathematis
473 1176 704 1242 propter
745 1172 976 1223 Petrum
1030 1168 1483 1223 Alexandrinum
1535 1172 1590 1221 et
1623 1170 1761 1223 Aca-

150 1270 251 1321 cium
295 1259 958 1330 Cunstantinopolitanum
997 1259 1347 1329 episcopum.
1384 1257 1498 1312 Sub
1543 1258 1761 1312 Joanne

149 1355 345 1423 episcopo
372 1349 1011 1419 Constantinopolitano,
1067 1364 1194 1401 cum
1226 1347 1460 1400 consilio
1502 1347 1760 1401 Theodo-

150 1443 213 1494 rici
238 1442 359 1512 regis
384 1441 489 1509 [Hic
517 1455 667 1509 papa
715 1438 969 1508 perrexit
1012 1437 1080 1490 ad
1115 1453 1310 1506 regem
1341 1436 1759 1490 Theodericum

148 1533 416 1591 Ravennam,
450 1535 501 1582 et
547 1545 612 1581 ex
658 1527 895 1581 consilio
940 1526 1090 1595 regis
1128 1526 1165 1595 ),
1201 1525 1403 1579 direxit
1437 1524 1760 1578 Ennodium

149 1621 398 1690 episcOpum
425 1616 801 1681 Ticinensem,
826 1620 880 1669 et
912 1617 1288 1669 Fortunatum
1316 1614 1649 1684 episcopum
1682 1614 1756 1683 (ὁ)

145 1710 453 1769 Cataneusem,
483 1712 537 1759 et
557 1704 895 1758 Venantium
920 1704 1316 1774 presbyterum
1346 1703 1501 1757 urbis
1538 1704 1755 1770 Romae,
1798 1734 1840 1786 Β

148 1804 183 1849 et
202 1797 393 1849 Vitalem
418 1795 719 1849 diaconum
742 1793 890 1847 sedis
916 1792 1257 1863 apostolicre,
1284 1796 1339 1846 et
1371 1791 1445 1861 (c)
1482 1792 1759 1847 Hilarium

145 1885 360 1938 notarium
400 1885 465 1937 ad
502 1883 872 1938 Anastasium
904 1884 1265 1951 Augustum:
1312 1881 1409 1935 sed
1439 1880 1579 1935 nihil
1626 1896 1761 1952 ege-

144 1980 248 2027 runt.
271 1983 286 2007 ο
314 1975 439 2027 ltem
466 1972 721 2026 secundo
758 1972 912 2024 misit
936 1970 1262 2025 Ennodium
1297 1970 1376 2040 (d)
1402 1970 1757 2040 episcopum,

141 2068 177 2115 et
212 2062 537 2132 Peregrinum
581 2061 909 2114 Misenatem
957 2059 1286 2130 episcopum
1341 2061 1413 2129 (et
1442 2060 1762 2114 Pollionem

142 2150 469 2204 subdiaconum
514 2149 717 2216 urbis).
766 2154 1055 2219 portantes
1096 2148 1367 2218 epistolas
1414 2149 1761 2203 confortato-

141 2238 215 2290 rias
245 2238 372 2300 fidei,
408 2243 459 2292 et
487 2237 937 2292 contestationes
959 2242 1201 2290 secretas
1223 2253 1464 2291 numero
1490 2239 1573 2305 l9,
1606 2235 1632 2273 ά
1654 2242 1767 2291 tex-

141 2334 225 2378 tum
249 2328 397 2381 libelli
440 2328 519 2395 (et
573 2326 834 2379 libellum
871 2342 973 2396 per
1001 2342 1175 2396 quem
1204 2326 1498 2392 redirent;
1538 2327 1688 2396 quod
1721 2326 1766 2381 si

140 2415 380 2471 noluissent
404 2416 673 2487 epistolas
706 2415 1013 2486 suscipere,
1062 2415 1508 2469 contestationes
1542 2433 1643 2485 per
1681 2416 1767 2470 ci—

139 2504 286 2557 vitates
331 2504 701 2575 spargerent).
761 2505 823 2556 In
859 2520 971 2573 quo
1017 2503 1210 2557 libello
1263 2504 1449 2557 noluit
1489 2504 1766 2560 assentire

139 2595 395 2647 Anastasius
440 2598 756 2664 Augustus,
807 2593 940 2663 quia
974 2597 1027 2646 et
1072 2593 1195 2663 ipse
1246 2593 1305 2645 in
1335 2592 1540 2645 haeresi
1588 2594 1767 2664 Euty-

137 2684 285 2737 chiana
332 2684 850 2738 communicaverat
909 2680 1049 2753 (erat
1108 2681 1515 2751 consentiens).
1580 2682 1771 2737 Voluit

139 2772 275 2843 itaque
294 2790 377 2827 eos
390 2776 608 2844 legatos
622 2789 724 2843 per
735 2771 1259 2826 remunerationem
1273 2787 1497 2825 corrum
1509 2787 1643 2840 pere
1668 2773 1765 2842 (θ).

137 2861 278 2931 Legati
322 2880 446 2917 vero
478 2864 636 2917 sedis
681 2861 1026 2932 apostolicae,
1081 2864 1410 2931 contempto
1472 2861 1770 2915 Anastasio

137 2952 349 3019 Augusto,
378 2953 713 3005 nullatenus
744 2954 1157 3003 consenserunt
1180 2950 1435 3019 accipere
1475 2950 1767 3019 pecunias,

1869 548 1935 597 ut
1972 542 2190 596 nullam
2214 541 2495 595 civitatem
2529 541 2986 611 ingrederentur.
3029 542 3221 613 Legati
3251 559 3384 597 vero
3415 544 3566 597 sedis

1871 631 2195 703 apostolicze
2229 631 2496 685 secretius
2546 631 2957 702 suprascriptas
3000 630 3268 703 epistolas
3318 632 3450 688 ﬁdei
3502 636 3564 688 19

1869 738 1974 793 per
2021 738 2222 775 manus
2251 721 2664 774 monachorum
2695 724 2748 774 et
2797 721 3246 776 orthodoxorum
3288 738 3566 794 exposue-

1869 816 2005 865 runt
2037 827 2137 882 per
2168 827 2366 864 omnes
2410 809 2683 863 civitates.
2738 810 2888 873 Quas
2915 815 3108 865 tamen
3142 812 3398 883 episcopi
3429 812 3569 867 civi-

1870 906 2073 968 tatum,
2106 901 2205 972 qui
2232 904 2394 954 erant
2422 899 2729 971 complices
2761 900 3044 954 Anastasii
3071 902 3332 972 Augusti,
3367 919 3568 958 omnes

1872 1007 1965 1044 eas
2014 990 2282 1061 epistolas
2328 990 2531 1042 timore
2576 1005 2680 1059 pro
2736 989 2975 1043 crimine
3020 991 3569 1063 Constantinopolim

1872 1079 2219 1134 direxerunt.
2240 1079 2396 1132 Tunc
2419 1078 2610 1131 furore
2644 1078 2893 1148 repletus
2916 1080 3247 1133 Anastasius
3272 1082 3567 1152 Augustus

1871 1172 2067 1222 contra
2122 1184 2330 1238 papam
2364 1167 2718 1221 Hormisdam
2758 1167 2907 1220 inter
2955 1168 3063 1222 alia
3102 1184 3259 1222 sacra
3312 1187 3413 1224 sua
3463 1170 3570 1225 hoc

1870 1256 2115 1326 scripsit,
2149 1256 2339 1310 dicens
2368 1271 2381 1307 :
2433 1256 2539 1309 Nos
2566 1255 2769 1325 jubere
2800 1256 3083 1323 volumus,
3118 1272 3237 1310 non
3269 1258 3431 1311 nobis
3474 1257 3569 1327 ju-

1869 1345 2012 1399 beri.
2037 1354 2057 1379 °
2094 1344 2301 1398 Eodem
2336 1350 2592 1414 tempore
2628 1350 2767 1399 nutu
2805 1345 3117 1399 divinitatis
3148 1362 3453 1416 percussus
3485 1351 3571 1402 est

1870 1433 2110 1488 fulmine
2144 1433 2307 1503 (ictu)
2340 1433 2531 1487 divino
2585 1434 2898 1505 imperator
2940 1435 3290 1502 Anastasius,
3325 1439 3380 1489 et
3407 1420 3569 1489 obiit.

1870 1522 2125 1592 Sumpsit
2163 1523 2357 1592 itaque
2408 1522 2713 1594 imperium
2746 1522 2765 1557 τ
2800 1523 3051 1579 Justinus
3102 1525 3472 1589 orthodoxus,
3517 1530 3575 1581 et

1871 1613 2072 1666 direxit
2097 1613 2494 1667 auctoritatem
2528 1628 2687 1665 suam
2721 1612 2787 1666 ad
2810 1628 3018 1683 papam
3044 1613 3405 1667 Hormisdam
3424 1614 3574 1669 sedis

1872 1701 2197 1773 apostolicae
2228 1718 2331 1772 per
2354 1701 2607 1765 Gratum,
2642 1701 2929 1755 Illustrem
2957 1701 3225 1756 nomine:
3266 1701 3335 1773 (f)
3374 1706 3573 1773 petens

1874 1810 1905 1846 a
1936 1792 2069 1846 sede
2101 1791 2402 1861 apostolica
2436 1796 2499 1845 ut
2536 1790 3021 1862 redintegraretur
3039 1808 3151 1862 pax
3182 1791 3572 1850 ecclesiarum.

1872 1893 1901 1936 ε’
1929 1881 2085 1935 Tunc
2116 1880 2414 1935 Hormisda
2444 1879 2741 1951 episcopus
2781 1897 2913 1935 cum
2936 1879 3173 1934 consilio
3204 1880 3357 1953 regis
3394 1883 3577 1937 Theo-

1873 1969 2053 2024 dorici
2110 1970 2316 2024 direxit
2362 1987 2395 2023 a
2437 1970 2568 2024 sede
2600 1969 2911 2041 apostolica
2944 1970 3292 2025 Germanum
3353 1970 3428 2042 (h)
3473 1972 3575 2029 Ca-

1871 2075 2127 2131 puanum
2153 2059 2507 2129 episcopum,
2539 2064 2594 2112 et
2624 2061 2901 2113 Joannem
2936 2059 3315 2131 (episcopum)
3337 2065 3394 2115 et
3414 2062 3577 2115 Blan-

1874 2149 2009 2201 dum
2053 2148 2434 2218 presbyteros,
2469 2153 2524 2202 et
2558 2147 2801 2201 Felicem
2833 2153 2889 2201 et
2919 2150 3255 2204 Dioscorum
3299 2150 3575 2205 diaconos

1873 2237 2021 2291 sedis
2052 2236 2392 2308 apostolicae.
2443 2241 2499 2290 et
2546 2237 2777 2291 Petrum
2826 2236 3138 2305 notarium,
3188 2238 3441 2293 munitos
3500 2256 3567 2294 ex

1874 2325 2032 2380 omni
2062 2330 2221 2397 parte
2252 2324 2364 2379 fide
2396 2329 2450 2379 et
2476 2329 2627 2379 textu
2659 2325 2839 2379 libelli
2865 2325 3223 2396 paenitentiae
3265 2326 3409 2398 (una
3443 2344 3576 2382 cum

1874 2416 2065 2470 libello
2106 2416 2392 2487 quomodo
2444 2415 2699 2470 redirent
2753 2416 2931 2471 Graeci
2983 2416 3052 2471 ad
3105 2418 3577 2473 communionem

1878 2504 2023 2558 sedis
2074 2504 2443 2575 apostolicae),
2486 2504 2591 2569 Qui
2625 2504 2922 2560 venientes
2965 2505 3129 2577 juxta
3168 2506 3577 2562 Constantino-

1877 2594 2075 2666 polim,
2109 2596 2265 2647 tanta
2283 2594 2467 2665 gratia
2497 2593 2631 2648 fidei
2651 2594 2734 2665 (h)
2760 2594 2868 2648 illis
2892 2594 3113 2649 refulsit
3136 2612 3150 2663 ;
3176 2600 3241 2650 ut
3266 2596 3576 2651 multitudo

1877 2682 2293 2737 monachorum
2350 2683 2797 2737 orthodoxorum
2851 2688 2907 2738 et
2962 2684 3272 2739 illustrium
3322 2685 3581 2740 virorum

1878 2773 2130 2827 maxima
2180 2771 2487 2826 multitudo
2519 2778 2878 2827 occurreret:
2917 2773 2975 2827 in
3009 2773 3216 2844 quibus
3248 2778 3305 2828 et
3325 2773 3581 2829 Justinus

1879 2862 2195 2932 imperator
2252 2866 2309 2915 et
2339 2861 2656 2914 Vitalianus
2715 2861 2912 2914 consul
2959 2861 3253 2932 (magister
3308 2862 3581 2933 militum)

1879 2951 2052 3004 simul
2081 2954 2451 3004 occurrerunt
2483 2950 2551 3003 ad
2586 2950 2883 3004 castellum
2918 2951 3249 3018 rotundum,
3286 2951 3441 3022 quod
3479 2951 3581 3006 du-

135 3039 209 3091 nisi
232 3040 658 3094 satisfactionem
691 3039 835 3092 sedis
871 3038 1193 3108 apostolicae
1225 3043 1577 3108 operaretur.
1618 3041 1773 3093 Tunc
1813 3052 1851 3107 ρ
1883 3039 1958 3094 cit
2011 3039 2266 3110 (dicitur)
2316 3054 2496 3109 usque
2554 3038 2613 3091 in
2667 3037 2955 3092 civitatem
3002 3039 3579 3110 Constantinopolim,

137 3129 376 3195 imperator
400 3131 663 3200 repletus
706 3128 920 3195 furore,
954 3128 1120 3197 ejecit
1146 3144 1241 3181 eos
1273 3144 1374 3198 per
1424 3129 1774 3198 posterulam

138 3217 290 3271 locum
321 3217 754 3287 periculosum),
788 3222 842 3270 et
873 3216 1147 3287 imposuit
1179 3232 1272 3270 eos
1302 3216 1361 3269 in
1394 3216 1522 3269 navi
1551 3216 1773 3287 pericu-

134 3304 215 3355 losa
246 3307 351 3373 {sub
394 3308 664 3377 periculo
707 3306 928 3375 mortis)
962 3323 1094 3359 cum
1126 3306 1424 3373 militibus,
1481 3310 1537 3360 et
1584 3307 1770 3378 magi-

134 3394 319 3461 strianis,
353 3404 405 3451 et
433 3396 735 3467 praefectis
766 3395 995 3450 nomine
1028 3395 1329 3449 Heliodoro
1376 3401 1430 3448 et
1460 3396 1771 3450 Demetrio.

136 3517 207 3571 sibi
232 3520 319 3589 ipsi
348 3524 678 3576 contrarius
710 3522 803 3575 hic
831 3522 891 3575 in
929 3520 1042 3575 ﬁne
1076 3520 1293 3574 obitum
1327 3524 1384 3573 et
1423 3521 1777 3590 sepulturam

134 3590 397 3664 llqrmisdae,
451 3596 902 3664 ingressumque
954 3593 1187 3646 Joannis
1232 3593 1572 3644 successoris
1634 3595 1780 3647 Hor-

134 3662 274 3715 misdze
312 3667 408 3717 sub
450 3662 687 3719 maximi
737 3664 1036 3717 consulatu
1084 3664 1346 3717 collocat.
1403 3663 1587 3726 Quare
1620 3681 1778 3717 erro-

136 3746 257 3786 neum
285 3742 357 3788 est
381 3738 532 3805 quod
568 3738 679 3789 hoc
712 3737 838 3788 loco
866 3736 934 3788 de
964 3740 1225 3803 tempore
1258 3734 1619 3803 pontiﬁcatus
1643 3736 1781 3789 Hor-

136 3806 277 3857 nusdae
304 3809 492 3861 scribit
522 3808 886 3873 Anastasius,
921 3807 1045 3860 Ssv.
1086 3808 1293 3859 BINIUS.

179 3887 193 3913 ε
226 3877 360 3930 Errat
423 3880 770 3931 Anastasius
811 3883 873 3931 ut
953 3893 1020 3931 ex
1094 3876 1551 3946 praecedentibus
1626 3881 1782 3947 patet

140 3957 270 4011 supra.
305 3948 421 4002 Szv.
457 3952 674 4004 BINIUS.

178 4018 194 4055 ἐι
230 4020 395 4073 Prima
426 4022 649 4089 legatio
680 4018 970 4091 pontiﬁcis
1002 4019 1069 4072 ad
1102 4016 1532 4087 imperatorem,
1567 4018 1635 4071 de
1661 4034 1781 4091 qua

136 4084 249 4161 piare
281 4092 397 4144 vide
429 4084 587 4161 apud
628 4084 837 4145 Baron.
873 4106 1024 4143 anno
1056 4084 1357 4156 oti—Item
1389 4084 1554 4142 notas
1583 4084 1783 4160 episto-

130 4154 261 4212 larum
285 4154 592 4215 Hormisdze
630 4164 803 4215 infra.
838 4162 962 4215 Sev.
1000 4154 1208 4215 BINIUs.

140 4237 187 4305 ﬁ
218 4230 453 4286 Secunda
493 4235 738 4302 legatio.
763 4249 959 4305 quam
1003 4248 1153 4285 anno
1186 4231 1392 4287 Christi
1430 4230 1781 4305 517,Aponti-

131 4300 275 4353 licatus
302 4307 381 4357 sui
420 4306 473 4369 4,
510 4300 679 4357 misit
709 4304 778 4357 ad
804 4300 1233 4372 imperatorem.
1273 4305 1349 4357 De
1381 4319 1492 4373 qua
1524 4300 1693 4373 plura
1720 4304 1782 4356 in

128 4374 232 4422 nolis
254 4376 651 4442 epistolarum,
686 4376 814 4429 Sev.
848 4376 1053 4428 BlNlUS.

148 4442 192 4513 pd
225 4444 388 4499 Exstat
418 4448 573 4500 infra
626 4448 784 4500 inter
812 4446 1079 4513 epistolas
1111 4444 1442 4514 Hormisdee,
1476 4445 1640 4516 cujus
1683 4444 1788 4498 ini-

130 4512 230 4565 tium
256 4517 352 4569 tale
390 4526 511 4571 est:
550 4518 763 4571 Prima
783 4512 947 4571 salus
965 4519 1071 4578 est,
1106 4521 1210 4569 etc.

176 4583 298 4639 lnter
321 4590 429 4642 alia
464 4606 633 4642 sacra
665 4605 770 4640 sua
810 4590 914 4641 hoc
945 4588 1209 4657 scripsit:
1244 4588 1371 4641 Nos
1386 4586 1585 4656 jubere
1624 4586 1783 4641 volu-

130 4666 234 4728 me,
249 4675 348 4710 non
381 4660 549 4713 nobis
564 4658 787 4727 juberi.
832 4660 1019 4712 Exstat
1057 4658 1299 4728 epistola
1336 4659 1457 4712 haec
1486 4660 1635 4712 inter
1661 4658 1778 4727 epi-

128 4727 252 4801 stulas
291 4730 607 4785 Hormisdze
644 4737 777 4801 post
808 4731 971 4800 epist.
1022 4727 1111 4801 2'2,
1146 4730 1315 4796 infra,
1350 4730 1512 4799 cujus
1554 4729 1783 4781 initium

128 4796 206 4871 1³Ιὲ
229 4808 332 4854 est:
382 4805 511 4857 Etsi
545 4796 859 4871 mannum'
885 4800 1125 4869 aliquid.
1179 4800 1338 4855 Circa
1394 4796 1567 4854 tinem
1613 4801 1785 4868 hujus

126 4867 322 4931 epistolae
354 4876 475 4927 ait:
518 4867 814 4931 Iniu'riari
863 4875 917 4925 et
962 4867 1236 4926 dnnulari
1278 4872 1556 4925 sustinere
1587 4867 1787 4941 parau-

121 4951 231 5015 ζηαε,
261 4943 444 5011 juben'
463 4963 586 4999 non
628 4960 953 5015 possumus.
992 4945 1120 4997 Haec
1149 4943 1464 5013 imperator
1485 4943 1789 5015 haereticus

122 5006 346 5086 Pharaoni
378 5006 745 5083 simillimus,
788 5015 888 5086 qui
920 5020 981 5067 ut
1010 5006 1269 5086 exortum
1313 5018 1514 5086 contra
1540 5030 1604 5086 se
1636 5013 1788 5086 Vita-

120 5076 229 5155 liani
271 5085 524 5155 gladium
560 5076 895 5152 vitaretfet
937 5085 1207 5140 instantia
1254 5085 1354 5137 Dei
1385 5084 1610 5155 ﬂagella
1651 5083 1785 5136 sub-

118 5152 401 5224 terfugeret,
449 5165 647 5212 astute
685 5158 1050 5210 simulaverat
1094 5174 1150 5209 se
1178 5157 1321 5209 velle
1358 5152 1617 5209 Romano
1648 5171 1791 5223 pon-

119 5222 237 5299 tilici
250 5222 462 5294 parere,
496 5236 685 5299 atque
710 5230 850 5282 adeo
870 5245 986 5281 non
1010 5228 1121 5280 nisi
1143 5243 1246 5297 per
1268 5227 1531 5299 speciem,
1548 5222 1791 5279 ferream

120 5298 356 5369 cervicem
384 5298 704 5354 inclinavit
728 5315 739 5351 :
775 5300 1005 5369 quando
1032 5315 1163 5351 vero
1180 5299 1299 5351 haec
1321 5298 1575 5368 pericula
1606 5302 1795 5369 amota

119 5364 249 5429 vidit,
277 5371 500 5440 Moysen
519 5388 662 5425 cum
706 5364 836 5434 Deo,
865 5369 1196 5441 pontiﬁcem
1217 5364 1355 5441 cum
1378 5369 1600 5424 Christo
1625 5368 1795 5441 obiit)-

120 5442 243 5489 mata
272 5439 668 5496 obstinatione
718 5439 1079 5512 contempsit.
1122 5440 1270 5505 Quid
1317 5445 1445 5513 post
1489 5441 1612 5496 haec
1652 5439 1794 5494 acci-

176 5545 243 5616 tu)
278 5548 430 5602 Idem
462 5550 625 5616 cod.,
652 5546 952 5611 Mefontis.

178 5614 240 5684 (ὁ)
277 5619 430 5673 Idem
465 5614 627 5687 cod.,
671 5618 1051 5674 Catinemem.

178 5688 235 5810 (ἢ
273 5690 421 5746 Idem
452 5692 613 5759 cod.,
649 5688 950 5771 ῌὶιανωγι.

180 5758 191 5810 1
232 5761 246 5810 l
284 5761 422 5810 Item
462 5763 625 5810 cod.-
658 5776 862 5810 ensum-

180 5758 246 5829 id)
284 5761 423 5816 Item
462 5763 625 5827 cod.,
658 5760 863 5829 ipsum.

184 5828 249 5900 (ε)
285 5832 347 5889 In
365 5849 473 5892 ms.
510 5828 757 5892 additur
779 5832 879 5891 sed
897 5848 1013 5890 non
1024 5831 1233 5905 potuit.

1826 4449 1868 4502 D

1888 3129 1985 3200 qui
2016 3127 2257 3198 ingressi
2296 3144 2409 3181 una
2449 3143 2576 3180 cum
2623 3128 2792 3181 Grato
2828 3127 3060 3195 lllustri,
3108 3128 3354 3199 suscepti
3386 3132 3520 3183 sunt
3550 3146 3584 3185 a

1883 3218 2102 3273 Justino
2132 3217 2445 3271 orthodoxo
2475 3219 2728 3287 Augusto
2761 3233 2891 3270 cum
2923 3216 3121 3288 gloria.
3164 3217 3361 3272 Omnis
3387 3217 3583 3290 itaque

1886 3307 2069 3361 clerus
2109 3322 2221 3359 una
2276 3322 2403 3358 cum
2462 3305 2731 3377 episcopo
2792 3307 3010 3361 Joanne
3059 3307 3580 3379 Constantinopoli-

1887 3400 2045 3461 tano,
2101 3393 2154 3464 (ἱ)
2208 3396 2401 3462 sensit,
2448 3395 2597 3465 quod
2627 3398 2919 3465 gratanter
2954 3395 3201 3467 suscepti
3251 3400 3400 3451 sunt.
3444 3397 3583 3453 Sen-

1887 3518 2034 3573 derit
2066 3519 2124 3573 in
2172 3518 2424 3583 Oriente,
2456 3520 2646 3573 videre
2700 3525 2785 3574 est
2832 3538 2900 3575 ex
2944 3520 3221 3575 relatione
3268 3522 3588 3577 archiman-

1846 3596 1849 3599 '
1889 3591 2168 3663 dritarum
2194 3595 2249 3642 et
2280 3590 2691 3663 monachorum
2726 3593 2990 3646 secundae
3020 3593 3216 3660 Syriae,
3246 3609 3373 3663 quae
3403 3600 3587 3649 exstat

1888 3662 2037 3734 infra
2067 3662 2217 3734 inter
2240 3661 2506 3734 epistolas
2530 3662 2847 3717 Hormisda:
2870 3669 3001 3733 post
3028 3661 3361 3734 vigesimam
3392 3682 3588 3720 secun-

1888 3733 2041 3787 dam.
2078 3732 2204 3785 Snv.
2237 3733 2455 3786 BINIUS.

1961 3813 1981 3837 °
2021 3807 2185 3857 Anno
2232 3804 2507 3856 nimirum
2552 3803 2761 3857 Christi
2799 3807 2920 3859 518.
2956 3806 3263 3875 Postquam
3301 3806 3466 3861 annis
3493 3810 3584 3875 27,

1890 3875 2185 3946 mensibus
2213 3875 2396 3946 tribus
2422 3880 2477 3927 et
2505 3878 2572 3927 29
2606 3876 2809 3929 diebus
2851 3876 3159 3946 imperium
3190 3878 3477 3933 Orientale
3510 3884 3591 3933 te-

1888 3946 2122 4000 nuisset.
2159 3945 2295 4008 Quae
2327 3945 2614 4019 insomnia
2644 3953 2774 4019 ante
2805 3945 3024 4000 obitum
3057 3965 3362 4019 perpessus
3391 3949 3586 4019 fuerit,

1891 4034 1955 4070 ex
1983 4019 2196 4069 Zonara
2226 4016 2392 4088 retuli
2424 4032 2612 4085 supra.
2668 4018 2803 4070 Vide
2831 4016 3239 4085 Baron.,—anho
3267 4023 3389 4088 518,
3425 4016 3586 4076 num}

1894 4091 1958 4142 i6
1991 4093 2046 4140 et
2068 4086 2454 4156 sequentibus.
2486 4088 2619 4140 SEV.
2645 4089 2856 4142 BINIUS.

1960 4156 1981 4194 ί
2023 4160 2259 4212 Decreto
2301 4158 2639 4232 etconcilio
2686 4160 2884 4229 synodi
2921 4160 3587 4232 Constantinopolitanae,

1893 4234 1954 4282 ut
1983 4236 2140 4299 patet
2169 4246 2231 4282 ex
2267 4230 2416 4302 notis
2449 4230 2704 4302 ejusdem
2754 4231 2979 4299 synodi,
3022 4238 3075 4285 et
3109 4249 3174 4287 ex
3204 4230 3459 4302 epistolis
3488 4235 3586 4288 Ju-

1895 4302 2053 4366 stini,
2112 4300 2343 4355 Joannis
2396 4301 3015 4369 Constantinopolitani
3063 4310 3119 4356 et
3172 4300 3477 4359 Justiniani
3522 4305 3592 4360 ad

1893 4372 2255 4426 Hormisdam
2287 4371 2526 4440 scriptis.
2564 4371 2687 4426 Sev.
2726 4373 2943 4427 BlNlUS.

1971 4456 1999 4498 ε
2038 4444 2147 4496 Hac
2174 4443 2460 4511 legatione
2490 4444 2806 4497 Orientales
2837 4444 2902 4497 ad
2937 4445 3211 4499 unionem
3243 4450 3300 4500 et
3331 4462 3592 4502 commu-

1898 4514 2130 4589 nionem
2165 4515 2424 4589 Ecclesiae
2452 4515 2732 4589 Romanae
2752 4517 2963 4584 recepti
3000 4518 3253 4584 fuerunt,
3289 4524 3595 4589 postquam

1890 4585 2052 4655 jussu
2081 4585 2324 4639 Romani
2369 4587 2653 4653 pontiﬁcis
2685 4587 3168 4656 obtemperantes,
3190 4585 3420 4642 nomina
3437 4585 3590 4644 Aca-

1895 4658 1987 4732 cii,
2026 4657 2329 4732 Euphemii
2360 4662 2414 4709 et
2436 4657 2749 4732 Macedonii
2772 4674 2812 4732 ‘e
2846 4659 3129 4729 diptychis
3163 4659 3343 4732 sacris
3377 4677 3594 4732 expun-

1892 4728 2126 4793 xissent,
2159 4728 2333 4781 fidem
2373 4729 2712 4781 catholicam
2768 4727 2991 4798 integre
3046 4731 3285 4798 professi
3327 4727 3591 4800 fuissent,

1894 4804 1949 4852 et
1979 4800 2319 4851 memoriam
2368 4800 2607 4852 Zenonis
2642 4802 3100 4867 atqueAnastasii
3134 4802 3533 4858 haereticorum
3566 4819 3595 4857 e

1897 4886 2138 4924 numero
2188 4870 2601 4939 imperatorum
2656 4870 3041 4925 abstulissent.
3092 4874 3308 4927 Horum
3361 4876 3597 4928 nomina

1894 4941 1961 5015 in
1976 4941 2198 5015 codice
2245 4939 2561 5015 Justiniano
2616 4941 3133 5015 diversisilegibus
3182 4945 3316 4999 alibi
3362 4946 3598 5015 praeﬁxa

1898 5012 2081 5087 adhuc
2105 5011 2631 5087 inveniuntur,i_deo
2654 5012 2807 5087 quod
2850 5011 3227 5069 Tribonianus
3258 5011 3429 5087 homo
3464 5032 3601 5087 gen-

1897 5084 2012 5136 tilis
2043 5089 2098 5156 et
2127 5082 2339 5156 impius
2368 5083 2654 5156 eumdem
2685 5083 2939 5138 codicem
2972 5086 3317 5156 compilarit,
3353 5092 3417 5140 ut
3449 5082 3598 5141 dice-

1900 5170 2028 5207 mus
2050 5155 2205 5227 rinfra
2237 5153 2293 5227 in
2323 5154 2467 5227 notis
2491 5154 2567 5227 ad
2592 5153 2783 5227 Vitam
2820 5156 3014 5209 Felicis
3046 5153 3133 5212 IV.
3186 5157 3437 5227 Contigit
3481 5159 3601 5212 haec

1900 5225 2223 5278 conciliatio
2256 5225 2558 5278 Orientalis
2590 5226 2850 5279 Ecclesia:
2884 5244 3012 5281 cum
3046 5229 3304 5282 Romana
3330 5225 3433 5281 sub
3469 5245 3603 5282 con-

1902 5298 2086 5350 sulatu
2120 5295 2330 5351 Justini
2360 5311 2512 5351 anno
2556 5296 2791 5351 Domini
2822 5301 2945 5365 519,
2996 5299 3314 5354 Hormisdae
3360 5298 3603 5370 pontiﬁ-

1902 5372 2059 5423 catus
2087 5383 2236 5421 anno
2268 5372 2442 5422 sexto.

1975 5544 2052 5613 (f)
2090 5544 2223 5600 Cod.
2260 5545 2374 5618 Luc
2398 5544 2523 5613 490,
2551 5562 2819 5618 sperans.

2045 5618 2061 5688 )
2106 5617 2364 5690 Deest_in_
2394 5633 2500 5671 ms.
2536 5617 2899 5690 Cdpuanum.

2045 5618 2061 5688 )
2106 5619 2269 5671 Deest
2292 5618 2354 5670 in
2394 5633 2500 5671 ms.
2536 5619 2899 5690 Capuanum.

1980 5618 2054 5830 gi)
2098 5690 2162 5743 In
2186 5688 2309 5743 cod.
2344 5688 2476 5743 Luc.
2509 5691 2613 5744 490
2635 5691 2794 5769 deest
2811 5687 2958 5745 illis.

2001 5760 2046 5830 ι)
2088 5760 2226 5817 Cod.
2254 5760 2387 5817 Luc.
2417 5762 2545 5830 490,
2575 5775 2848 5818 senszem.

2088 5760 2226 5817 Cod.
2254 5760 2387 5817 Luc.
2417 5762 2545 5830 490,
2575 5758 2848 5818 sensiem.
