4038 6170
373 275 475 329 367
1812 268 2190 324 HORMISDIE
2228 268 2430 324 PAPJE
3773 270 3871 321 368

374 411 582 465 tientes
614 425 841 481 quoque
871 410 997 475 hoc,
1046 409 1143 479 qui
1175 412 1335 461 erant
1380 406 1681 476 complices
1732 406 1940 471 Acacii,
1982 406 2068 460 in-
2110 409 2154 460 Α
2178 410 2329 459 sunt.
2374 405 2585 459 Eodem
2616 408 2873 474 tempore
2904 403 3321 457 Taheedoricus
3353 420 3447 457 rex
3481 405 3690 458 obtulit
3709 405 3875 458 beato

373 500 665 553 cluserunt
697 516 754 552 se
805 500 865 551 in
919 497 1153 550 ecclesia
1186 498 1413 565 majori,
1447 512 1575 565 quae
1603 501 1833 548 vocatur
1862 496 2070 549 Sancta
2181 496 2348 548 Petro
2408 494 2666 563 apostolo
2707 497 3012 545 eerostrota
3068 499 3338 562 argentea
3393 493 3527 561 duo,
3576 494 3877 562 pensautia

372 586 604 656 Sophia,
638 592 693 639 et
747 584 984 638 consilio
1042 584 1210 646 facto,
1260 583 1676 636 mandaverunt
1706 583 2063 651 imperatori,
2184 586 2253 652 (e)
2304 582 2479 635 libras
2536 582 2624 634 70.
2678 582 2887 635 Eodem
2934 587 3192 651 tempore
3226 582 3358 637 fecit
3401 598 3547 652 papa
3577 581 3877 636 Hosmisda

373 672 629 726 dicentes
656 688 668 725 :
704 672 823 725 Nisi
857 671 1018 723 nobis
1040 669 1265 723 reddita
1295 670 1467 722 fuerit
1498 669 1663 734 ratio,
1689 686 1864 739 quare
1905 671 2066 723 dam-
2182 672 2331 742 apud
2363 672 2421 725 Β.
2453 671 2686 723 Petrum
2715 671 3041 739 apostolum
3068 671 3312 737 trabem,
3336 688 3509 741 quam
3541 687 3608 724 ex
3640 673 3878 740 argento

370 766 538 815 natus
569 767 653 815 est
681 761 978 830 episcopus
1011 764 1205 813 noster
1246 759 1511 827 (civitatis
1543 758 1775 827 nostrae)
1805 758 2061 821 Aeacius,
2180 760 2494 829 cooperuit,
2536 763 2873 830 pensantem
2920 760 3095 812 libras
3124 760 3196 828 (f)
3220 760 3375 813 mille
3401 764 3456 812 et
3484 761 3570 813 40.
3612 760 3712 812 Hic
3750 758 3880 812 fecit

369 852 701 904 nullatenus
759 848 1149 902 consentimus
1206 847 1326 901 sedi
1383 847 1734 918 apostolicae.
1792 847 1891 902 Hic
1922 863 2071 917 papa
2181 850 2241 902 in
2314 849 2549 902 basilica
2603 848 3074 903 Constantiniana
3140 864 3336 901 arcum
3377 852 3716 918 argenteum
3748 851 3880 900 ante

364 938 667 994 Hormisda
682 937 935 1010 perrexit
956 937 1027 990 ad
1055 952 1255 1006 regem
1276 935 1691 990 Theodoricum
1717 938 2071 1002 Ravennam,
2180 938 2376 1001 altare,
2410 938 2508 1007 qui
2558 942 2761 1006 pensat
2808 937 2980 989 libras
3009 939 3115 1003 20;
3162 937 3437 989 canthara
3483 940 3757 1005 argentea
3794 938 3878 1003 l6,

368 1031 576 1080 etcum
602 1027 727 1097 ejus
757 1025 997 1079 consilio
1020 1024 1176 1078 misit
1219 1025 1619 1078 auctoritatem
1664 1024 1732 1077 ad
1762 1024 2069 1087 Justinum,
2181 1039 2308 1092 quae
2344 1030 2586 1093 pensant
2615 1025 2842 1095 singula
2895 1025 3067 1078 libras
3119 1027 3199 1077 l2.
3237 1027 3305 1095 (g)
3357 1025 3501 1078 ltem
3540 1024 3607 1077 ad
3645 1024 3881 1077 beatum

366 1121 423 1170 et
451 1133 581 1170 eum
612 1116 843 1169 vinculo
887 1113 1278 1184 chirographi,
1311 1119 1366 1167 et
1401 1119 1618 1167 textum
1663 1114 1842 1167 libelli
1882 1112 2072 1166 redin-
2182 1113 2419 1165 Paulum
2476 1113 2607 1165 fecit
2648 1129 2809 1166 arcus
2837 1118 3140 1183 argenteos
3172 1112 3317 1166 duos
3358 1117 3661 1182 pensantes
3680 1112 3879 1181 singu-

363 1206 606 1276 tegravit
634 1205 704 1258 ad
726 1204 1003 1257 unitatem
1026 1204 1171 1256 sedis
1192 1203 1822 1273 apostolicae,damnans
1842 1204 2071 1255 Petrum
2179 1201 2263 1253 los
2291 1201 2464 1253 libras
2495 1202 2561 1255 20
2584 1218 2596 1267 ;
2618 1202 2887 1255 canthara
2912 1207 3185 1271 argentea
3220 1204 3302 1266 16,
3331 1200 3634 1271 peusantia
3651 1200 3881 1269 singula

365 1300 422 1347 et
451 1293 740 1356 Acacium,
789 1293 876 1346 vel
915 1308 1115 1345 omnes
1160 1292 1427 1345 haereses.
1483 1292 1582 1346 Hie
1628 1291 1853 1344 invenit
1894 1291 2068 1344 Mani-
2182 1290 2357 1343 libras
2410 1293 2511 1357 lii;
2572 1307 2727 1344 amas
2784 1294 3082 1361 argenteas
3133 1293 3186 1356 3,
3243 1294 3550 1360 pensantes
3598 1289 3773 1342 libras
3805 1291 3876 1353 3;

364 1382 568 1449 chazos,
618 1397 759 1451 quos
806 1379 1271 1433 etiamdiscussos
1302 1396 1435 1433 cum
1468 1380 1895 1433 examinatione
1947 1380 2068 1446 pla-
2178 1379 2418 1449 scyphos
2456 1385 2757 1448 argenteos
2807 1378 3137 1433 stationales
3170 1382 3201 1432 6
3232 1394 3366 1432 cum
3422 1377 3681 1442 ducibus,
3735 1394 3879 1448 pen-

361 1485 565 1538 garum
596 1470 799 1522 exsilio
828 1470 1168 1538 deportavit.
1205 1470 1462 1532 Quorum
1497 1470 1718 1523 codices
1760 1474 1889 1522 ante
1920 1469 2070 1521 fores
2180 1474 2367 1521 santes
2398 1468 2652 1538 singulos
2684 1469 2858 1521 libras
2887 1470 2937 1521 6.
2975 1468 3059 1537 (It)
3100 1469 3196 1521 Hic
3226 1468 3358 1521 fecit
3391 1467 3777 1521 ordinationes
3815 1467 3881 1519 in

367 1558 611 1611 basilicae
660 1558 1051 1612 Constantina:
1087 1558 1350 1611 incendio
1410 1558 1811 1610 concremavit.
1839 1567 1859 1591 ο
1890 1557 2070 1624 Hujus
2180 1559 2321 1610 urbe
2346 1557 2523 1610 Roma
2554 1574 2655 1627 per
2679 1573 2931 1610 mensem
2966 1557 3357 1622 Decembrem,
3388 1555 3748 1626 presbyteros
3786 1557 3877 1619 “21,

367 1647 721 1716 temporibus
752 1647 1113 1717 episcopatus
1144 1647 1205 1699 in
1236 1646 1423 1700 Africa
1445 1652 1575 1715 post
1605 1662 1786 1699 annos
1815 1646 1883 1698 74
1903 1660 2068 1699 revo-
2111 1690 2150 1741 Β
2182 1645 2478 1715 episeopos
2508 1661 2612 1715 per
2643 1646 2864 1699 diversa
2896 1646 3019 1697 loca
3045 1660 3285 1699 numero
3318 1647 3403 1698 55.
3437 1643 3543 1707 Qui
3582 1645 3758 1697 etiam
3790 1660 3879 1697 se-

366 1741 521 1787 catus
553 1739 656 1801 est,
691 1735 789 1805 qui
818 1735 1220 1803 (reordinatur,
1252 1734 1429 1805 quod)
1466 1735 1535 1787 ab
1568 1734 1851 1788 haereticis
1881 1733 2070 1787 fuerat
2112 1732 2149 1741 “’
2178 1734 2374 1803 pultus
2404 1740 2483 1788 est
2516 1734 2575 1787 in
2605 1734 2841 1788 basilica
2882 1735 2941 1787 Β.
2973 1734 3126 1788 Petri
3162 1733 3423 1804 apostoli,
3458 1748 3561 1786 viii
3593 1732 3719 1785 idus
3753 1735 3880 1786 Au-

366 1824 796 1878 exterminatus.
842 1824 1056 1878 Eodem
1086 1829 1345 1893 tempore
1394 1824 1548 1876 venit
1586 1824 1814 1893 regium
1848 1824 2067 1877 donum
2178 1823 2348 1892 gusti,
2405 1836 2445 1857 ”
2482 1826 2777 1877 consulatu
2828 1822 3072 1877 Maximi.
3120 1824 3185 1877 Et
3230 1823 3469 1876 cessavit
3512 1821 3880 1892 episcopatus

366 1928 496 1965 cum
526 1912 767 1981 gemmis
800 1913 1064 1983 pretiosis
1123 1929 1156 1967 a
1186 1928 1321 1983 rege
1354 1914 1700 1966 Francorum
1730 1926 1747 1946 ν
1789 1913 2067 1966 Clodoveo
2179 1912 2300 1966 dies
2331 1916 2359 1964 7
2386 1912 2468 1982 (ἱ).

368 2001 690 2055 Christiano
726 2003 784 2054 Β.
832 2003 1001 2055 Petro
1033 2002 1317 2071 apostolo.
1366 2002 1480 2055 Sub
1522 2001 1694 2072 hujus
1737 2002 2068 2072 episcopatu
2247 2000 2341 2053 Ex
2370 2001 2487 2053 cod.
2527 2000 2793 2070 Hardyo.
2840 2002 2904 2054 Et
2956 1999 3104 2053 facto
3136 2000 3306 2053 simul
3337 2000 3579 2054 concilio
3613 2017 3743 2053 cum
3775 2000 3878 2054 Ju-

365 2091 547 2144 multa
574 2107 704 2144 vasa
735 2106 908 2144 aurea
930 2091 1017 2143 vel
1041 2096 1315 2161 argentea
1343 2096 1630 2144 venerunt
1662 2090 1730 2143 de
1757 2091 1987 2158 Graecia,
2014 2095 2069 2144 et
2176 2088 2325 2142 stino
2358 2089 2632 2159 agitatum
2657 2090 2712 2142 in
2736 2096 3039 2158 conspectu
3066 2089 3325 2143 omnium
3347 2088 3677 2143 illustrium.
3714 2090 3877 2143 Tunc

367 2179 661 2249 evangelia
693 2194 825 2233 eum
856 2179 1066 2233 tabulis
1102 2179 1313 2246 aureis,
1348 2195 1479 2233 cum
1533 2178 1776 2250 gemmis
1804 2179 2068 2250 pretiosis
2176 2177 2351 2247 legati
2390 2178 2537 2231 sedis
2580 2176 2909 2248 apostolicae
2951 2178 3252 2248 elegerunt
3280 2195 3348 2232 ex
3389 2178 3506 2232 suis
3538 2179 3875 2232 Dioscorum

366 2267 734 2336 pensantibus
764 2267 865 2321 lib.
901 2270 1003 2335 15;
1051 2272 1263 2338 patena
1318 2284 1494 2321 aurea
1543 2284 1673 2321 cum
1721 2268 2065 2339 hyacinthis,
2175 2266 2481 2319 diaconum
2515 2266 2586 2320 ad
2618 2266 2965 2320 reddendam
2989 2267 3289 2333 rationem,
3319 2266 3419 2338 qui
3448 2272 3583 2321 tunc
3612 2266 3877 2337 exposuit

366 2371 493 2426 quae
515 2356 907 2427 pensatlibras
927 2359 1022 2423 20;
1048 2362 1273 2427 patente
1294 2362 1580 2426 argenteae
1599 2358 1745 2421 duae.
1764 2363 2067 2426 pensantes
2174 2354 2255 2407 eis
2286 2355 2483 2425 culpas
2513 2355 2721 2422 Aeacii,
2766 2362 2828 2409 ut
2858 2356 3028 2408 etiam
3052 2371 3249 2409 omnes
3279 2356 3447 2409 simul
3479 2372 3606 2410 cum
3645 2356 3873 2411 Justino

367 2444 608 2512 singula:
634 2443 807 2497 libras
833 2446 939 2497 25:
974 2444 1213 2513 scyphus
1246 2460 1453 2497 aureus
1475 2460 1603 2497 cum
1636 2443 1901 2513 gemmis,
1925 2460 2065 2512 pen-
2175 2443 2455 2512 agitantes
2486 2444 2870 2497 acclamarent
2914 2445 3186 2511 dicentes,
3240 2450 3296 2498 et
3332 2444 3425 2498 hic
3472 2450 3525 2497 et
3579 2444 3639 2497 in
3682 2460 3875 2498 navum

366 2548 498 2586 sans
530 2534 627 2587 lib.
658 2536 689 2587 8
723 2533 1007 2603 ;seyphus
1032 2549 1239 2587 aureus
1270 2533 1657 2587 circumdatus
1687 2548 1890 2602 regno,
1923 2548 2064 2601 pen-
2176 2534 2482 2586 damnatur
2532 2533 2789 2586 Aeacius.
2850 2533 3061 2587 Eodem
3112 2540 3370 2603 tempore
3398 2532 3573 2601 jussit
3612 2532 3875 2587 Justinus

366 2638 497 2675 sans
526 2621 698 2675 libras
732 2624 801 2689 8;
837 2622 1037 2692 scyphi
1077 2622 1337 2692 argentei
1370 2622 1630 2676 deaurati
1670 2624 1722 2689 2,
1757 2627 2063 2691 pensantes
2170 2637 2264 2674 rex
2293 2626 2519 2691 accepta
2550 2621 2784 2675 veritate
2818 2628 2881 2675 ut
2920 2621 3040 2675 sine
3070 2622 3265 2692 aliqua
3296 2621 3571 2676 dilatione
3610 2621 3869 2676 facerent

366 2710 579 2780 singuli
608 2711 736 2765 libr.
791 2712 821 2762 5
848 2727 861 2777 ;
895 2710 1101 2780 gabata
1132 2711 1213 2781 (α)
1247 2710 1537 2776 electrina,
1584 2726 1829 2781 pensans
1857 2709 1956 2763 lib.
1988 2713 2019 2761 2
2045 2727 2057 2763 :
2173 2710 2392 2763 libellos
2423 2726 2622 2765 omnes
2645 2710 2896 2781 episcopi
2927 2711 3026 2781 qui
3058 2711 3118 2764 in
3145 2727 3324 2781 regno
3354 2712 3563 2766 Justini
3594 2717 3780 2779 erant,
3816 2718 3875 2765 et

366 2799 547 2853 thecae
579 2815 758 2853 cereas
805 2815 994 2853 aurea).
1050 2803 1103 2866 2,
1133 2805 1437 2869 pensantes
1484 2800 1581 2853 lib.
1638 2803 1706 2865 6;
1762 2799 2061 2869 palliolum
2170 2799 2381 2852 rediret
2423 2800 2493 2852 ad
2554 2800 3023 2853 communionem
3078 2800 3224 2854 sedis
3284 2801 3650 2869 apostolicae:
3714 2801 3871 2871 quod

364 2887 443 2957 (b)
466 2888 750 2941 oloforum
782 2889 1037 2942 blateum
1059 2904 1192 2942 cum
1224 2888 1433 2941 tabulis
1465 2904 1604 2941 auro
1633 2888 1791 2942 testis
1816 2889 1882 2942 de
1915 2889 2063 2942 chla-
2172 2889 2341 2942 etiam
2402 2889 2612 2943 factum
2694 2894 2779 2942 est
2834 2894 2889 2942 et
2945 2889 3440 2944 concordaveruut
3503 2880 3607 2943 ab.
3636 2890 3873 2944 Oriente

364 2977 532 3047 myde
562 2977 649 3030 vel
681 2978 751 3030 de
787 2978 930 3031 stola
963 2977 1277 3046 imperiali,
1328 2977 1397 3047 (ε)
1429 2977 1871 3031 succinetorium
1894 2994 2066 3047 super
2104 2976 2143 3029 C
2172 2994 2353 3047 usque
2384 2977 2449 3031 ad
2501 2977 2887 3045 Occidentem,
2935 2982 2990 3031 et
3015 2979 3267 3032 cucurrit
3298 2995 3406 3049 pax
3441 2979 3723 3033 Ecclesiae.
3765 2979 3871 3043 Qui

364 3065 783 3119 confessionem
812 3066 965 3119 beati
994 3066 1146 3119 Petri
1197 3066 1460 3136 apostoli.
1511 3067 1639 3119 Haec
1683 3066 2061 3121 omnianu-
2176 3071 2358 3119 textus
2403 3066 2581 3120 libelli
2634 3066 2805 3122 hodie
2860 3066 2917 3120 in
2963 3067 3191 3121 archivo
3240 3068 3497 3122 Ecclesia
3545 3069 3874 3123 reconditus

367 3156 516 3208 stino
543 3158 797 3224 Augusto
853 3155 934 3225 (ά)
984 3154 1301 3208 orthodoxa
1333 3160 1600 3209 votorum
1644 3156 1830 3225 gratia
1878 3156 2066 3210 oblata
2174 3160 2422 3209 tenetur.

439 3288 463 3312 ⁸
500 3277 849 3351 Auctoritate
871 3279 1254 3349 quorumdam
1285 3295 1485 3348 regum
1518 3279 1903 3351 Vandalorum
1931 3295 2064 3331 cons
2177 3298 2331 3351 gere,
2366 3287 2425 3333 ut
2456 3288 2582 3351 post
2604 3281 2921 3335 restitutam
2956 3281 3307 3337 Orientalem
3338 3281 3645 3335 Ecelesiam
3667 3282 3871 3335 catho-

368 3350 630 3423 stitutum
680 3350 1001 3423 Afuerat,_nt
1057 3366 1228 3419 supra
1279 3351 1548 3423 vidimus,
1583 3366 1654 3423 ne
1702 3350 1963 3423 catholici
2004 3351 2063 3403 in
2178 3350 2297 3406 licar
2330 3350 2747 3415 communioni,
2778 3353 3101 3406 Africanam
3135 3369 3364 3423 quoque
3392 3353 3563 3422 longa
3608 3369 3870 3422 persecu-

368 3421 557 3473 Africa
590 3423 649 3472 in
679 3421 879 3493 locum
902 3420 1305 3493 defunctorum
1336 3421 1485 3493 alios
1518 3422 1814 3490 episcopos
1840 3421 2064 3493 ordina-
2174 3424 2328 3478 tione
2370 3429 2647 3489 vexatam,
2699 3429 2868 3493 atque
2900 3420 3208 3478 novissime
3248 3420 3698 3477 aTrasamundo
3738 3440 3871 3492 rege

366 3497 531 3565 rent:
581 3507 780 3565 verum
814 3490 1130 3565 Hildericus
1163 3490 1426 3565 Hunerici
1456 3491 1628 3556 tilius,
1681 3496 1807 3560 post
1837 3491 2062 3565 obitum
2175 3495 2442 3548 omnibus
2473 3497 2667 3562 ejectis
2698 3490 2975 3565 episcopis
2996 3495 3407 3564 proculcatam,
3432 3495 3670 3565 pristino
3688 3490 3874 3565 splen-

365 3562 742 3636 Trasamnndi
772 3563 922 3636 regis
948 3578 1124 3636 regno
1152 3562 1367 3631 potitus
1399 3578 1547 3615 anno
1574 3579 1722 3636 nono
1745 3562 2063 3636 Hormisdm
2174 3566 2298 3619 duri
2331 3566 2654 3618 restitutam
2678 3562 2917 3619 videret.
2945 3562 3038 3619 llis
3059 3567 3249 3636 itaque
3277 3562 3515 3636 aliisque
3533 3562 3869 3619 muneribus

365 3633 674 3706 pontiﬁcis,
696 3634 807 3706 qui
837 3639 922 3685 est
953 3633 1160 3706 Christi
1194 3636 1315 3706 522,
1348 3632 1622 3706 praecepit
1659 3633 1821 3706 (teste
1852 3634 2063 3706 Isidoro
2174 3653 2204 3689 a
2260 3638 2367 3689 Deo
2423 3638 2820 3706 locupletatus,
2846 3638 3081 3691 tandem
3112 3632 3363 3689 victoriae
3408 3632 3677 3689 coronam
3706 3652 3873 3691 acce-

366 3719 427 3756 in
472 3704 710 3773 Chron.)
739 3710 804 3758 ut
833 3704 1150 3777 sacerdotes
1191 3703 1450 3777 catholici
1492 3703 1560 3777 ab
1595 3704 1790 3757 exsilio
1822 3705 2061 3758 reduce-
2172 3713 2393 3777 pturus,
2423 3703 2683 3777 sequenti
2726 3724 2876 3761 anno
2908 3708 2977 3761 ad
3006 3724 3252 3777 superna
3271 3712 3354 3760 est
3375 3713 3638 3761 evocatus
3664 3723 3680 3777 ;
3707 3708 3871 3777 quasi

367 3780 587 3841 rentur,
640 3780 696 3828 et
747 3776 996 3849 ecclesiae
1044 3776 1442 3849 aperirentur;
1502 3775 1677 3844 idque
1722 3777 2062 3849 priusquam
2174 3775 2322 3831 senis
2357 3775 2638 3832 Sime'onis
2672 3782 2855 3831 instar
2882 3779 3000 3848 jam
3026 3775 3363 3849 responsum
3390 3796 3423 3831 a
3452 3775 3696 3831 Domino
3723 3775 3875 3831 acce-

366 3852 655 3919 regnaret,
688 3863 758 3899 ne
790 3847 1029 3919 violaret
1058 3846 1396 3919 religionem
1420 3846 1752 3914 jnrameuti,
1784 3863 1900 3919 quo
1931 3848 2062 3900 Tra-
2172 3851 2369 3919 pisset,
2404 3866 2521 3902 non
2547 3850 2800 3903 visurum
2829 3846 2897 3902 se
2918 3846 3186 3915 mortem,
3211 3850 3314 3902 nisi
3346 3850 3565 3903 videret
3581 3850 3871 3903 Christum

364 3918 645 3989 samundo
687 3917 1095 3987 praedecessori
1137 3918 1255 3986 jam
1297 3920 1579 3969 morituro
1608 3916 1969 3986 promiserat,
2005 3933 2063 3970 se
2172 3916 2516 3984 Dominum;
2557 3937 2764 3989 nempe
2814 3920 3090 3973 dissoluto
3150 3921 3454 3973 schismate
3517 3920 3872 3974 Orientalem

364 3987 660 4040 catholicis
712 3988 771 4041 in
818 4005 918 4040 suo
952 4004 1129 4058 regno
1174 3988 1359 4040 nullas
1392 3989 1657 4041 ecclesias
1699 3992 2058 4058 aperturum,
2172 3991 2476 4044 Eeclesiam
2537 3987 2887 4044 Occidentali
2939 3992 3182 4057 unitam,
3226 3997 3282 4043 et
3323 3991 3744 4045 Occidentalem
3814 3991 3870 4043 in

364 4059 640 4132 nullaque
678 4058 983 4132 privilegia
1034 4059 1433 4132 restituturum
1483 4076 1623 4132 esse.
1680 4059 1868 4132 Voluit
1912 4061 2062 4113 Deus
2170 4062 2375 4125 Africa,
2432 4061 2655 4114 sublato
2720 4068 3082 4132 persecutore
3140 4069 3403 4132 tyranno,
3458 4062 3518 4115 in
3568 4062 3867 4132 integrum

361 4129 758 4184 beatissimum
788 4130 1120 4200 pontiﬁcem
1162 4130 1337 4184 etiam
1386 4130 1493 4183 hac
1522 4131 1923 4185 benedictione
1958 4146 2059 4183 au-
2171 4135 2517 4186 restitutam.
2553 4134 2677 4187 Sav.
2717 4129 2923 4187 BINIUS.

433 4221 513 4291 (ar)
554 4219 692 4273 Cod.
722 4219 854 4291 Luc.
889 4220 1014 4287 490,
1044 4218 1309 4290 ylietina.
2103 4270 2140 4291 η
2241 4222 2321 4287 (h)
2353 4221 2508 4273 Idem
2536 4222 2681 4287 cod.,
2711 4224 2974 4291 quatuor.

433 4270 509 4359 Z55
550 4270 706 4344 mea.
722 4270 885 4355 266.,
899 4270 1154 4361 notarii
1172 4270 1209 4343 ⁷6
1217 4270 1413 4344 uinea.

1172 4270 1413 4344 suum.
2099 4270 2140 4321 θ
2240 4270 2319 4362 (δ’
2346 4270 2508 4345 ista;
2530 4270 2681 4359 ᾇὸἆζζ
2710 4270 2759 4347 ὃ.

434 4364 505 4435 (e)
548 4363 705 4435 idem
738 4362 891 4435 cod.,
922 4362 1322 4435 sufﬂctprium.
2238 4368 2258 4385 '
2333 4364 2465 4417 Hoc
2486 4379 2694 4418 nomen
2713 4363 2873 4418 abest
2892 4380 2925 4416 α
2947 4379 2992 4416 e.
3016 4364 3085 4416 ΙΙ
3110 4365 3169 4416 in
3186 4379 3295 4434 quo
3313 4364 3424 4417 haec
3444 4362 3741 4435 leguntur:
3765 4364 3873 4417 Eo-

432 4431 510 4500 (d)
550 4433 708 4505 idem
740 4432 888 4505 cod.,
921 4432 1245 4505 orlhodozo.
2166 4435 2294 4488 dem
2326 4441 2381 4487 et
2410 4442 2671 4505 tempore
2704 4436 2857 4488 venit
2883 4450 3094 4487 corona
3117 4431 3288 4488 aurea
3318 4451 3446 4488 cum
3470 4431 3718 4504 gemmis
3742 4450 3869 4505 pre-

432 4504 503 4576 (e)
547 4504 609 4576 ln
633 4520 739 4576 ms.
771 4504 1001 4576 additur
1030 4502 1280 4574 singula.
2167 4505 2487 4559 tiosissimis
2521 4502 2739 4559 donum
2770 4523 2802 4559 a
2831 4522 2966 4576 rege
2999 4507 3367 4571 Francorum,
3400 4502 3593 4559 Recte.

431 4572 503 4650 (Γ)
543 4573 677 4650 _Cod.
719 4575 847 4650 huc.
891 4575 1014 4650 499,
1050 4572 1202 4650 exn.
1306 4642 1323 4650 -
1380 4642 1418 4650 _
1497 4643 1532 4650 _
1622 4641 1634 4650 _
2323 4577 2496 4629 Abest
2525 4594 2637 4650 av.
2667 4594 2712 4631 c.
2748 4572 3003 4650 manuse.
3039 4577 3569 4650 v._gc.AHardyi,‘quo
3595 4579 3873 4650 hactenus

427 4646 500 4718 (g)
542 4644 603 4695 ln
635 4644 837 4718 eodem
868 4645 1015 4711 cod.,
1060 4646 1208 4698 Item
1248 4642 1324 4697 ad
1368 4642 1439 4711 Β,
1487 4641 1846 4696 Paulum.....
1881 4642 2061 4696 libras
2168 4647 2258 4699 usi
2306 4663 2502 4700 sumus
2552 4647 2613 4701 in
2673 4648 3039 4701 recensendis
3083 4648 3223 4700 Vitis
3258 4641 3601 4718 pontiﬁcum
3649 4648 3873 4701 Roma-

357 4716 409 4782 6,
434 4716 642 4767 desunt
671 4716 884 4769 omnia.
2170 4734 2400 4771 norum.

1417 4814 2290 4962 nonmisnm
2368 4881 2824 4965 pars:

1087 5008 3145 5198 EPISTOLWECRETA.

902 5268 1238 5323 EPISTULA
1287 5269 1502 5323 PRIMA
2307 5287 2680 5341 Dilectissimo
2714 5287 2874 5341 fratri
2900 5286 3160 5357 Remigio
3194 5286 3515 5341 Hormisda.

352 5373 650 5413 HORIISDE
702 5375 846 5413 ΡΑΡᾸΞ
876 5374 942 5411 ΔΙ)
975 5375 1017 5412 S.
1074 5373 1348 5411 REMlGlUM
1387 5372 1685 5411 REMENSEM
1729 5372 2046 5411 EPISCOPUM.

352 5391 650 5413 “”“"°”“
702 5391 846 5413 "‘m
876 5391 942 5411 ‘“’
976 5391 1017 5412 °'
1074 5391 1348 5455 “"“mw'f
1390 5391 1685 5455 “9””
1730 5391 2046 5454 "fmwwm
2303 5391 2686 5462 Suscipientes
2729 5392 2897 5462 plena
2937 5391 3311 5447 fraternitatis
3345 5396 3460 5445 tua:
3498 5392 3868 5462 congratula-

352 5447 491 5501 Post
510 5451 775 5517 acceptas
803 5446 876 5501 ab
899 5462 962 5500 eo
979 5445 1411 5517 gratulalomus
1450 5446 1697 5511 lzlleras,
1729 5445 1925 5509 eadem,
1980 5445 2048 5500 ob
2158 5481 2310 5517 “mm
2343 5481 2622 5517 Μηηηηίρ
2674 5481 2877 5517 "Imma
2910 5498 3011 5517 mm
3058 5497 3346 5517 nummm
3386 5480 3584 5517 “In”:
3619 5484 3733 5517 ,"m
3762 5481 3866 5517 ιω-

418 5481 489 5500 Iob
510 5481 769 5517 uouet:qu
803 5481 876 5501 uu
899 5481 961 5500 cu
979 5481 1035 5517 υι
1052 5481 1299 5500 ωιυιιυιιυι
1322 5481 1406 5500 οιω
1450 5481 1591 5499 seut:
1610 5481 1697 5511 uo,
1729 5481 1925 5509 ιιυιιιηε,
1980 5481 2011 5500 υ

418 5518 766 5589 praeclaram
793 5521 1133 5589 meritorum
1156 5517 1568 5585 excellentiam,
1591 5523 1648 5572 et
1674 5516 2013 5589 nobilissimi

2270 5498 2310 5533 ιθ
2343 5481 2648 5550 colloquia,
2674 5481 2878 5551 quibus
2910 5498 3013 5535 nos
3056 5497 3348 5551 germanae
3386 5481 3584 5533 salutis
3619 5484 3733 5534 tua;
3762 5481 3865 5535 lm-

2276 5570 2380 5589 -__,.
2425 5569 2628 5589 εμπ-.-
3035 5587 3146 5589 ,μί
3659 5570 3861 5589 imam,

419 5570 1055 5660 sedisprérogulivam,
1079 5587 1354 5660 vicariam
1373 5570 1523 5644 sedis
1539 5570 1870 5658 apostolica:
1885 5604 2014 5658 prae-

2272 5570 2387 5623 avit
2425 5570 2635 5623 indicio
2683 5571 2968 5641 corporali
3026 5587 3157 5625 cum
3200 5570 3594 5640 spiritualibus
3650 5570 3864 5624 ofﬁciis

400 5658 703 5731 fectur'am
732 5658 794 5715 in
830 5658 1023 5716 Gallia
1058 5659 1360 5732 delegavit.
2148 5658 2513 5714 incolumitas
2571 5659 2852 5727 subnixa;
2894 5675 3214 5732 congruum
3272 5676 3395 5714 esse
3444 5660 3855 5730 perspeximus
