4038 6170
198 265 310 318 369

1524 258 1873 317 EPISTOLE
1910 259 2001 317 ET
2040 258 2384 315 DECRETA.

3615 260 3721 315 370

196 396 346 450 hanc
378 396 592 466 ipsam,
645 411 822 467 quam
872 398 1065 448 mente
1112 394 1387 465 gerimus,
1447 394 1635 448 verbis
1688 394 1913 465 aperire
1952 396 2131 462 Ator,
2153 409 2380 464 semper
2422 396 2732 464 Augustus,
2774 392 3089 449 Hormisdae
3114 390 3465 446 sanctissimo
3517 407 3580 445 ac
3637 408 3723 447 re-

198 484 483 539 latitiam.
510 484 644 555 Agis
662 483 815 537 enim
830 483 1040 536 summi
1058 482 1401 537 documenta
1426 484 1733 553 po.1tificis,
1764 484 1902 537 dum

198 579 250 627 et
279 573 654 644 praedicanda
684 573 839 638 facis,
876 576 931 626 et
962 587 1029 625 ea
1049 572 1346 626 insinuare
1366 588 1478 627 non
1511 572 1724 626 differs.
1752 574 1901 626 Prae-

195 662 517 732 rogativam
544 662 719 733 igitur
736 662 806 715 de
830 661 1007 714 nostri
1031 661 1379 731 sumpsimus
1403 661 1681 715 electione
1701 660 1903 731 judicii

197 750 429 821 quando
462 750 519 803 id
545 753 841 819 operatum
871 754 925 802 te
955 765 1075 803 esse
1109 749 1434 817 didicimus,
1473 751 1628 820 quod
1684 750 1902 804 caeteris

197 839 487 910 agendum
520 838 1165 906 obnixiusimperamus
1193 855 1205 905 ;
1240 839 1383 891 utin
1409 839 1714 908 provinciis
1746 843 1904 891 tanta

194 927 632 998 longinquitate
670 926 991 997 disjunctis,
1028 932 1086 980 et
1114 927 1437 996 apostolicae
1454 928 1601 981 sedis
1624 929 1900 997 vigorem,

199 1022 249 1070 et
270 1018 509 1069 Patrum
545 1016 757 1086 tegulis
788 1016 1018 1069 studeas
1056 1015 1326 1069 adhibere
1376 1017 1712 1070 custodiam.
1749 1018 1905 1072 Vices

198 1106 386 1174 itaque
424 1111 650 1159 nostras
676 1121 779 1175 per
811 1120 980 1158 omne
1022 1120 1263 1174 regnum
1299 1105 1487 1159 dilecti
1523 1110 1577 1159 et
1634 1105 1905 1175 spiritalis

197 1194 506 1248 filiinostri
540 1194 805 1248 Ludovici
839 1194 981 1265 (lam
1015 1193 1083 1247 ah
1115 1210 1265 1247 anno
1288 1197 1381 1247 5H
1422 1194 1701 1263 obierat),!
1729 1211 1903 1265 quem

197 1298 396 1352 nuper,
464 1282 914 1336 adminiculante
963 1298 1212 1352 superna
1269 1283 1474 1353 gratia,
1513 1282 1789 1352 'plurimis
1848 1288 1904 1336 et

197 1372 588 1441 apostolorum
622 1373 978 1443 temporibus
1001 1371 1428 1442 eequiparandis
1467 1372 1764 1442 signorum
1789 1372 1902 1425 mi-

197 1462 399 1514 raculis
436 1461 913 1532 prmdicationem
935 1460 1289 1514 salutiferam
1317 1460 1747 1525 comitantibus,
1771 1476 1901 1515 cum

198 1555 359 1618 gente
393 1550 620 1620 integra
658 1549 1007 1613 convertisti,
1040 1553 1097 1601 et
1150 1549 1291 1601 sacri
1352 1549 1499 1603 dono
1546 1548 1904 1619 baptismatis

196 1637 563 1705 consecrasti,
592 1637 760 1691 salvis
789 1638 1106 1709 privilegiis
1130 1654 1257 1706 qua:
1292 1637 1751 1708 metropolitauis
1800 1638 1898 1691 de-

196 1727 367 1781 crevit
387 1726 724 1797 antiquitas,
754 1728 1023 1797 praesenti
1048 1725 1382 1780 auctoritate
1445 1726 1857 1780 committimus
1882 1743 1895 1780 :

196 1820 470 1885 augentes
498 1816 672 1870 studii
700 1816 871 1886 hujus
894 1816 1334 1884 participatione
1369 1814 1674 1869 ministerii
1708 1816 1898 1885 digni-

198 1905 731 1970 tatem,relevantes
774 1909 1001 1957 nostras
1060 1903 1316 1973 ejusdem
1378 1904 1633 1957 remedio
1673 1904 1899 1974 dispen-

197 1992 427 2045 sationis
450 1993 737 2045 excubias.
776 1994 838 2045 Et
884 1992 1016 2045 licet
1045 1993 1113 2045 de
1160 1992 1399 2061 singulis
1466 2008 1581 2045 non
1641 1992 1899 2062 indigeas

197 2082 436 2147 edoceri,
502 2099 535 2135 a
589 2098 702 2151 quo
756 2081 875 2151 jam
934 2081 1301 2152 probavimus
1358 2081 1577 2134 acutius
1632 2082 1899 2134 universe

197 2172 403 2224 servari
443 2188 458 2235 ;
496 2171 715 2239 gratius
746 2175 937 2223 tamen
994 2187 1115 2223 esse
1189 2172 1351 2234 solet,
1382 2170 1427 2221 si
1454 2170 1623 2223 ituris
1688 2174 1899 2224 trames

197 2260 536 2325 ostenditur,
570 2260 983 2312 etlaboraturis
1005 2258 1249 2327 injuncti
1283 2258 1471 2329 operis
1508 2258 1689 2311 forma
1730 2274 1897 2311 mou-

194 2353 423 2403 stratur.

260 2439 537 2491 Paternas
567 2435 742 2507 igitur
778 2437 1003 2505 regulas
1036 2440 1092 2488 et
1122 2436 1347 2488 decreta
1379 2434 1749 2488 sanctissimis
1798 2434 1895 2488 de-

191 2527 349 2579 ﬁnita
379 2526 645 2579 conciliis
676 2525 745 2579 ab
771 2524 1038 2578 omnibus
1070 2525 1347 2578 servanda
1410 2524 1770 2578 mandamus.
1830 2525 1896 2575 ln

190 2616 255 2668 iis
280 2615 649 2685 vigilantiam
681 2620 861 2678 tuam,
890 2614 947 2666 in
980 2614 1071 2667 his
1102 2629 1295 2667 curam
1335 2618 1392 2667 et
1449 2613 1711 2667 fraternae
1766 2628 1893 2665 mo-

189 2704 301 2756 nita
335 2702 753 2756 exhortationis
795 2703 1171 2756 ostendimus.
1210 2703 1305 2756 His
1353 2719 1419 2757 ea
1477 2703 1781 2773 (quantum
1813 2702 1894 2755 di-

188 2808 363 2862 gnum
421 2793 533 2855 est)
594 2792 908 2845 reverentia
951 2790 1269 2858 custoditis,
1324 2792 1549 2845 nullum
1620 2791 1895 2860 relinquit

187 2884 365 2952 culpae
398 2882 593 2935 locum
623 2887 829 2934 sanctae
887 2880 1300 2934 observationis
1366 2880 1750 2945 obstaculum;
1812 2879 1892 2933 ibi

186 2970 261 3023 fas
304 2970 589 3037 nefasque
635 2969 1032 3039 praescriptum
1066 2975 1193 3023 est:
1264 2970 1344 3023 ibi
1395 2968 1770 3039 prohibitum,

185 3059 332 3129 quod
361 3059 561 3111 nullus
594 3059 801 3111 audeat
843 3059 1095 3127 aspirare
1132 3074 1143 3111 :
1190 3058 1268 3111 ibi
1326 3074 1678 3121 concessum,
1736 3058 1889 3128 quod

186 3147 391 3200 debeat
424 3162 589 3199 mens
616 3147 729 3199 Deo
753 3145 1033 3215 placitura
1062 3162 1431 3215 praesumere.
1466 3146 1702 3209 Quoties
1757 3146 1888 3199 uni-

184 3236 398 3289 versale
433 3236 622 3303 poscit
655 3234 947 3305 religionis
973 3251 1144 3288 causa
1194 3236 1525 3299 concilium,
1583 3239 1639 3287 te
1701 3234 1889 3287 cuncti

183 3324 351 3378 frates
374 3328 649 3377 evocante
692 3322 1082 3376 conveniant:
1126 3327 1181 3375 et
1228 3322 1271 3375 si
1323 3338 1467 3392 quos
1512 3338 1711 3375 eorum
1761 3338 1890 3391 spe-

182 3413 337 3465 cialis
371 3412 593 3481 negotii
625 3411 1305 3481 pulsatintentio,jurgia
1336 3412 1485 3463 inter
1541 3427 1637 3463 eos
1684 3410 1886 3465 oborta

180 3516 503 3568 compesce,
543 3500 795 3551 discussa
844 3514 1003 3552 sacra
1061 3500 1183 3568 lege
1228 3499 1664 3553 determinando
1710 3509 1889 3553 certa-

181 3590 354 3642 mina.
383 3588 681 3657 Quidquid
704 3591 896 3641 autem
927 3587 1043 3640 illic
1070 3604 1172 3658 pro
1203 3588 1315 3641 fide
1362 3594 1418 3640 et
1469 3588 1702 3641 veritate
1760 3604 1889 3641 con-

182 3679 469 3744 stitutum,
496 3678 581 3729 vel
618 3677 855 3746 provida
908 3677 1336 3747 dispensatione
1388 3682 1761 3746 praeceptum,
1802 3678 1887 3730 vel

180 3782 444 3837 personae
476 3770 689 3818 nostra:
710 3766 1046 3819 auctoritate
1063 3766 1234 3818 fuerit
1255 3767 1677 3831 conﬁrmatum,
1703 3770 1885 3819 totum

180 3856 238 3908 ad
270 3853 585 3907 scientiam
620 3859 875 3908 nostram
906 3855 1179 3908 instructa
1212 3855 1506 3908 relationis
1524 3855 1888 3908 attestatione

181 3944 497 4012 perveniat.
530 3944 605 3995 Eo
635 3943 788 3995 ﬁtut
834 3948 891 3996 et
938 3948 1131 3996 noster
1175 3944 1401 3996 animus
1435 3945 1606 3997 officii
1654 3945 1887 3997 caritate

181 4033 286 4085 dati
340 4037 401 4085 et
437 4038 571 4084 tuus
621 4032 925 4085 securitate
978 4032 1304 4101 perfruatur
1352 4034 1587 4102 accepti.
1636 4035 1779 4086 Deus
1830 4039 1884 4085 te

181 4122 534 4175 incolumem
567 4121 871 4183 custodiat,
906 4120 1082 4173 frater
1124 4119 1415 4175 carissime
1439 4124 1613 4191 (anno
1658 4122 1885 4176 Domini

182 4212 309 4276 5H).

849 4312 873 4339 8
914 4298 1239 4353 EPISTULA

334 4402 709 4442 ANASTASII
764 4402 841 4441 AD
889 4402 1275 4443 HORMISDAM
1325 4403 1739 4443 PONTHHCEM.

185 4492 513 4566 Pontiﬁcem
566 4496 969 4566 precatur,__ut
1013 4496 1088 4548 ad
1140 4495 1521 4565 componenda
1561 4495 1621 4548 in
1647 4492 1886 4566 Scythia

241 4564 516 4634 par/ibus
540 4568 671 4617 orla
699 4564 943 4619 dimidia
976 4564 1286 4620 concilium
1337 4567 1679 4637 congregari
1720 4564 1881 4622 uelit.

244 4654 439 4707 Victor
474 4654 831 4719 Anastasius,
856 4655 1007 4725 pius,
1040 4654 1199 4721 felix,
1242 4655 1506 4725 inclytus,
1558 4655 1886 4725 triumpha-

245 4798 583 4851 ‘Adversus
614 4796 975 4849 Anastasium
1003 4796 1429 4867 imperatorem,
1465 4797 1885 4851 exturbatorem

186 4868 631 4922 οιπὶὶιοόοιςιηπιιω
675 4868 1100 4936 episcoporum,
1148 4868 1409 4921 excitavit
1468 4870 1614 4921 Deus
1664 4869 1889 4922 Vitalia-

186 4952 312 4991 num
345 4938 623 5008 Scytham
659 4938 995 5007 magistrum
1021 4938 1302 5009 equitum,
1328 4939 1422 5009 qui
1460 4940 1747 5009 occupatis
1792 4939 1889 4991 ali-

186 5018 315 5076 quot
344 5009 689 5078 provincus,
738 5010 1045 5077 prtedando
1100 5011 1647 5080 Constantinopolim
1707 5027 1888 5080 usque

185 5081 797 5149 processit,profltens,
832 5086 972 5133 teste
994 5081 1317 5133 Marcellino
1338 5082 1395 5133 in
1429 5083 1661 5146 Chron.,
1697 5097 1753 5135 se
1780 5098 1886 5151 pro

186 5150 641 5222 orthodoxorum
677 5151 787 5203 lide
819 5157 873 5203 et
898 5152 1214 5204 revocando
1241 5152 1567 5205 Macedonio
1620 5150 1888 5222 episcOpo

186 5221 831 5289 Constantinopolitano
901 5225 1097 5291 (quem
1139 5224 1495 5292 relegaverat
1553 5221 1888 5293 imperatOr)

188 5293 381 5343 omnia
414 5308 602 5359 agere.
642 5294 749 5346 Res
781 5309 908 5344 suas
941 5293 1265 5361 deploratas
1323 5310 1442 5345 esse
1478 5294 1673 5347 videns
1737 5299 1887 5347 Aua-

187 5364 408 5427 stasius,
445 5379 641 5431 pacem
684 5364 844 5432 petit,
873 5366 1074 5432 juraus
1115 5380 1243 5417 cum
1289 5371 1489 5417 senatu
1572 5382 1629 5417 se
1674 5368 1891 5434 legatos

189 5437 628 5486 revocaturum:
678 5435 1003 5488 Macedonio
1060 5440 1117 5487 et
1184 5436 1447 5489 Flaviano
1499 5452 1629 5487 suos
1669 5439 1887 5504 episco-

190 5509 353 5569 patus
406 5506 787 5569 redditurum,
846 5506 1147 5558 concilium
1203 5508 1489 5560 Heraclea
1525 5512 1802 5573 acturum,
1838 5513 1893 5559 et

192 5573 261 5645 ad
286 5574 433 5627 illud
462 5576 787 5628 Romanum
845 5577 1172 5645 pontifiCem
1231 5584 1615 5630 evocatur-um.
1674 5580 1889 5631 lndicto

193 5642 366 5713 igitur
396 5645 681 5702 Heracleae
712 5642 975 5715 concilio,
1009 5650 1074 5702 '25
1104 5649 1431 5703 Decembris
1452 5664 1601 5703 anno
1658 5649 1890 5704 Domini

1822 2969 1893 3022 ad
1932 2970 1972 3024 Ε
2008 2947 2452 2989 RESPONSORIA
2531 2948 2610 2986 AD

2009 482 2378 554 ligiosissimo
2406 481 2829 553 archiepiscopo
2863 487 2920 535 et
2940 482 3297 551 patriarchae.

2084 572 2426 626 Beatitudini
2456 576 2659 625 vestra:
2683 588 2796 624 non
2827 576 3095 640 putamus
3118 570 3403 640 ignotum,
3430 570 3585 640 quod
3606 587 3711 641 pro

2013 662 2288 731 temporis
2316 661 2589 730 qualitate
2616 660 2967 730 loquendum
2993 665 3161 729 atque
3189 660 3513 726 tacendum,
3540 660 3713 714 etiam

2015 752 2222 805 divinm
2255 749 2812 820 Scripturceprovida
2830 754 2913 802 est
2930 748 3323 802 admonitione
3346 748 3708 819 dispositum.

2016 841 2283 892 Exactum
2307 839 2549 908 proinde
2590 837 2802 891 silentii
2836 843 3062 907 tempus
3119 838 3491 891 incitamenta
3545 838 3711 891 nobis

2012 928 2284 999 loquendi
2310 927 2601 981 concessit.
2640 929 2823 997 Atque
2849 928 2978 980 ideo
3010 930 3399 997 opportunum
3433 942 3550 980 esse
3577 942 3709 997 per-

2014 1017 2321 1087 speximus,
2347 1033 2474 1087 qua:
2505 1016 2657 1085 apud
2696 1033 2797 1068 nos
2833 1016 2936 1069 sub
2980 1015 3276 1085 religionis
3320 1015 3505 1085 specie
3555 1031 3710 1069 com-

2013 1111 2334 1171 moventur,
2386 1106 2605 1159 auditui
2631 1109 2817 1157 vestro
2870 1105 3249 1158 committere.
3310 1107 3452 1157 Ante
3508 1105 3613 1158 hoc
3640 1105 3711 1158 si-

2013 1196 2248 1266 quidem
2278 1194 2488 1249 duritia
2511 1211 2706 1247 eorum
2731 1195 2937 1265 quibus
2966 1195 3350 1264 episcopatus,
3367 1210 3536 1264 quem
3560 1210 3713 1249 nunc

2011 1284 2230 1354 geritis,
2267 1289 2387 1335 erat
2434 1282 2751 1335 sollicitudo
2797 1282 3118 1343 commissa,
3171 1286 3494 1351 temperare
3546 1298 3650 1336 nos
3679 1299 3713 1335 a

2010 1372 2464 1426 transmittendis
2488 1371 2729 1424 faciebat
2753 1369 3023 1440 epistolis.
3052 1372 3211 1423 Nunc
3247 1373 3441 1423 autem
3474 1387 3710 1425 currens

2011 1462 2078 1515 de
2102 1461 2261 1514 vobis
2286 1462 2470 1513 suavis
2493 1460 2709 1529 opinio,
2744 1460 2815 1513 ad
2853 1459 3194 1513 memoriam
3239 1464 3491 1513 nostram
3544 1460 3710 1514 boni-

2010 1554 2185 1603 tatem
2204 1553 2456 1619 paterna:
2479 1548 2795 1601 affectionis
2828 1547 3170 1613 adduxit,ut
3208 1546 3305 1600 illa
3349 1547 3709 1618 requiramus

2010 1655 2137 1710 qua:
2168 1641 2313 1693 Deus
2341 1642 2396 1690 et
2426 1638 2685 1691 Salvator
2724 1640 2916 1689 noster
2937 1640 3161 1689 sanctos
3192 1637 3479 1698 apostolos
3517 1636 3710 1690 divino

2010 1743 2270 1781 sermone
2302 1725 2512 1790 docuit,
2538 1742 2601 1777 ac
2630 1724 2876 1778 maxime
2925 1725 3157 1778 beatum
3213 1725 3463 1791 Petrum,
3516 1725 3573 1777 in
3596 1740 3709 1795 quo

2008 1817 2402 1870 fortitudinem
2429 1815 2687 1868 Ecclesiae
2718 1831 2830 1867 suae
2864 1814 3179 1867 constituit.
3217 1814 3309 1867 His
3358 1814 3537 1884 igitur
3567 1830 3711 1884 prae-

2008 1905 2139 1958 fatis
2165 1904 2368 1972 initiis,
2390 1904 2691 1958 hortamur
2721 1908 2784 1957 ut
2817 1904 2885 1956 ad
2955 1919 3019 1955 ea
3057 1919 3183 1973 qua:
3215 1903 3283 1955 de
3305 1903 3547 1973 Scythia:
3582 1918 3709 1972 par-

2009 1993 2162 2047 tibus
2189 1998 2347 2048 mota
2394 1997 2543 2055 sunt,
2588 1992 2740 2045 unde
2790 1996 2845 2045 et
2875 1991 3179 2045 concilium
3218 1991 3345 2044 ﬁeri
3398 1991 3707 2045 convenire

2008 2082 2423 2153 perspeximus,
2452 2081 2826 2134 mediatorem
2859 2097 2915 2133 se
2937 2080 3288 2149 apostolatus
3307 2085 3491 2132 vester
3518 2080 3704 2145 faciat,

2007 2176 2071 2225 ut
2091 2170 2559 2223 contentionibus
2590 2167 2922 2238 amputatis,
2957 2168 3147 2220 unitas
3181 2170 3391 2220 sancta
3440 2167 3705 2220 restitua-

2005 2262 2099 2311 tur
2128 2257 2408 2311 Ecclesim.
2444 2256 2613 2311 Nobis
2656 2261 2849 2309 autem
2884 2255 3078 2308 omnia
3109 2260 3305 2324 optata
3338 2260 3701 2325 prmstantur,

2005 2346 2052 2399 si
2075 2344 2645 2399 orationibusvestris
2677 2350 2731 2398 et
2756 2344 3043 2413 frequenti
3105 2343 3443 2413 paginarum
3490 2344 3705 2398 allocu-

2006 2435 2158 2488 tione
2186 2436 2367 2488 nostri
2405 2450 2691 2488 memores
2720 2433 2960 2486 fueritis.
3006 2434 3144 2486 Data
3199 2432 3383 2501 pridie
3434 2433 3559 2486 idus
3614 2433 3705 2487 Ja-

2006 2524 2193 2577 nuarii
2222 2523 2738 2591 Constantinopoli,
2763 2526 2821 2576 et
2858 2527 3085 2592 accepta
3116 2520 3422 2575 Anthemio
3480 2526 3538 2574 et
3580 2522 3702 2575 Flo-

2006 2612 2189 2665 rentio
2207 2613 2312 2665 VV.
2346 2612 2447 2667 CC.
2483 2612 2811 2666 consulibus
2832 2628 2865 2662 v
2885 2612 2989 2664 cal.
3026 2611 3236 2680 Aprilis
3259 2626 3362 2681 per
3388 2610 3701 2664 Patricium

2007 2703 2170 2771 (Data
2201 2704 2255 2753 et
2280 2705 2511 2770 accepta
2542 2718 2688 2754 anno
2722 2701 2949 2754 Domini
2982 2701 3126 2769 515).

2636 2825 2967 2879 EPISTULA
3005 2825 3073 2878 Il.

2708 2946 3131 2986 ANASTASIUM
3202 2945 3693 2985 IMPERATOREM.

2000 3059 2226 3115 Laudat
2253 3074 2380 3111 eum
2411 3057 2558 3127 quod
2590 3053 2860 3127 Ecclesiae
2892 3055 3024 3124 paci
3051 3055 3309 3119 studeat,
3332 3058 3537 3107 etcum
3564 3070 3695 3111 cau-

2068 3147 2194 3184 sam
2207 3145 2310 3182 cur
2319 3126 2624 3182 concilium
2640 3126 2837 3197 cupiat
2855 3130 3191 3198 congregari
3201 3142 3303 3198 cog
3311 3126 3545 3193 noverit,
3568 3142 3689 3181 scr:

2071 3202 2149 3256 bit
2174 3218 2235 3255 se
2264 3200 2358 3254 illi
2390 3214 2730 3270 responsum
2742 3198 3035 3253 daturum.

2071 3326 2369 3379 Hormisda
2398 3325 2700 3394 episcopus
2732 3324 3028 3378 Anastasio
3060 3324 3336 3393 Augusto.

2070 3415 2289 3469 Gratias
2325 3430 2585 3483 supernae
2616 3412 2830 3478 virtuti,
2885 3428 3015 3483 quas
3059 3429 3162 3482 per
3206 3416 3408 3465 vestrm
3465 3412 3694 3481 pietatis

1999 3503 2200 3555 affatus
2220 3503 2555 3556 diuturnum
2608 3503 2841 3571 dignata
2887 3507 2971 3554 est
3016 3502 3327 3553 terminare
3378 3501 3692 3566 silentium,

1996 3593 2108 3645 tale
2134 3598 2409 3661 praestans
2441 3591 2831 3645 collocutionis
2864 3590 3183 3653 exordium,
3214 3596 3278 3642 ut
3311 3594 3368 3643 et
3396 3590 3464 3642 de
3494 3594 3693 3645 vestrm

1997 3681 2315 3734 clementiae
2346 3680 2719 3749 prosperitate
2762 3680 3040 3745 laetemur,
3074 3683 3131 3731 et
3154 3678 3221 3732 ad
3239 3678 3540 3744 unitatem,
3574 3679 3692 3732 Deo

1998 3771 2266 3835 donante,
2316 3769 2523 3823 reverti
2574 3785 2734 3838 posse
2784 3774 3035 3821 sanctam
3092 3768 3449 3821 confidamus
3505 3768 3689 3822 Eccle-

1997 3859 2160 3911 siam.
2200 3860 2313 3912 Hoc
2342 3873 2484 3926 Opus
2518 3872 2777 3925 supernae
2802 3858 3138 3915 clementiae,
3163 3856 3281 3909 hzec
3335 3860 3388 3909 et
3414 3856 3690 3909 descesso-

1995 3964 2125 4001 rum
2152 3952 2478 3999 nostrorum
2510 3946 2857 4016 fuitsemper
2888 3946 3071 3998 oratio
3105 3964 3117 4009 ;
3154 3946 3480 4016 quosetiam
3500 3963 3691 4001 rerum

1998 4040 2155 4089 actus
2225 4040 2478 4104 paternae
2541 4034 2862 4087 traditionis
2915 4034 3228 4097 ministros,
3270 4040 3325 4087 et
3372 4039 3539 4089 rectae
3560 4035 3691 4090 fidei

1997 4125 2285 4179 declarant
2321 4123 2494 4175 fuisse
2518 4123 2796 4176 custodes.
2836 4125 2948 4176 Pax
2980 4128 3065 4175 est
3094 4123 3246 4175 enim
3308 4124 3479 4175 totius
3528 4123 3691 4176 boni-

1996 4214 2128 4267 tatis
2157 4212 2410 4275 initium,
2444 4228 2557 4281 qua
2605 4211 2770 4277 nihil,
2814 4216 3095 4282 quantum
3149 4210 3218 4263 ad
3259 4210 3554 4263 catholicae
3577 4211 3692 4265 ﬁde

1928 4325 1970 4377 Ι)
2004 4304 2237 4364 cultum,
2272 4301 2536 4365 validius,
2594 4301 2739 4353 nihil
2797 4301 3069 4354 aestimari
3103 4304 3330 4370 oportet
3373 4299 3649 4353 excelsius
3679 4317 3691 4354 :

1994 4408 2100 4463 pro
2122 4391 2225 4444 hac
2244 4390 2457 4442 scilicet
2489 4391 2674 4443 facere
2703 4395 2757 4443 et
2818 4394 3018 4442 cuncta
3095 4389 3375 4442 sustinere
3406 4389 3689 4449 convenit,

1996 4480 2095 4551 qui
2127 4485 2447 4532 sanctarum
2481 4479 2905 4549 Scripturarum
2926 4477 3237 4547 probabilis
3270 4476 3430 4546 cupit
3467 4493 3588 4529 esse
3606 4477 3691 4530 di-

1996 4569 2263 4637 scipulus.
2298 4567 2448 4619 Hanc
2469 4565 2729 4619 omnium
2754 4566 3037 4619 bonorum
3064 4569 3302 4618 matrem
3327 4570 3381 4618 et
3413 4564 3691 4618 nutricem

1998 4656 2282 4709 Christum
2316 4654 2621 4709 Dominum
2647 4660 2903 4707 nostrum
2959 4653 3074 4705 suis
3110 4657 3324 4707 constat
3354 4653 3693 4723 praedicasse

1999 4799 2101 4850 514
2130 4797 2199 4850 ad
2231 4798 2553 4850 Romanum
2578 4795 2907 4865 pontificem
2934 4796 3031 4849 dat
3056 4796 3356 4864 epistolam
3389 4796 3538 4850 infra
3564 4802 3695 4865 post

1997 4868 2223 4922 tertiam
2260 4867 2571 4921 Hormisdm
2623 4872 2956 4930 exstantem,
2989 4867 3057 4920 de
3088 4868 3282 4920 futura
3312 4867 3527 4935 synodo
3561 4884 3690 4921 eum

1998 4940 2294 4992 certiorem
2319 4939 2583 5001 reddens,
2613 4954 2675 4990 ac
2709 4954 2917 5007 rogans
2952 4943 3013 4990 ut
3043 4939 3111 4991 ad
3149 4939 3533 4991 conciliandas
3592 4939 3691 4990 Ec-

1998 5011 2197 5063 clesias
2230 5025 2393 5061 suum
2424 5010 2718 5061 exhiberet
2757 5009 3084 5062 adventum.
3124 5010 3190 5063 Ut
3215 5009 3271 5061 id
3317 5009 3540 5062 facilius
3584 5009 3691 5060 im-

1997 5086 2310 5151 petrarent,
2345 5096 2473 5133 cum
2501 5082 2584 5132 rei
2616 5079 2957 5149 praestandae
3016 5097 3299 5133 summam
3353 5086 3689 5151 potestatem

2000 5150 2147 5219 apud
2185 5152 2501 5205 Romanum
2551 5151 2877 5219 pontiﬁcem
2940 5168 3062 5204 esse
3114 5152 3343 5213 scirent,
3378 5150 3689 5203 Vitalianus

2000 5226 2055 5275 et
2084 5223 2412 5275 Anastasius
2442 5222 2747 5274 Patricium
2785 5224 2962 5275 virum
2988 5222 3363 5275 clarissimum
3398 5236 3525 5273 cum
3588 5221 3691 5273 hac

1999 5294 2234 5363 epistola
2268 5293 2515 5360 legatum
2552 5294 2831 5345 miserunt
2860 5294 2930 5345 ad
2957 5293 3309 5346 Hormisdam
3336 5307 3537 5360 papam
3569 5296 3689 5356 ;cui

2002 5366 2320 5418 Dorotheus
2350 5364 2866 5416 Thessalonicensis
2900 5365 3198 5433 episcopus
3230 5379 3357 5415 suas
3398 5365 3545 5433 infra
3589 5380 3681 5415 ex-

2001 5441 2213 5488 stantes
2244 5434 2521 5503 adjuuxit,
2549 5436 2801 5503 ejusdem
2825 5432 2943 5488 fere
2965 5434 3308 5503 argumenti.
3339 5432 3481 5495 Quid
3538 5450 3653 5503 pun

1999 5508 2133 5559 tifex
2184 5506 2561 5573 responderit,
2627 5522 2690 5558 ex
2743 5507 2923 5558 tribus
2988 5504 3355 5574 sequentibus
3430 5504 3655 5575 epistoli

2001 5582 2241 5629 constat.
2273 5578 2397 5629 Sav.
2441 5578 2643 5631 BINIUS.
