4038 6170
387 205 485 260 371

1832 204 2215 262 ΗΟΗΜΙΞΟΛΕ
2254 206 2453 263 ΡΑΡᾸΞ

3788 214 3894 265 372

388 336 705 411 discipulis,
738 337 1060 393 dicentem:
1099 338 1314 392 Pacem
1370 353 1558 393 meam
1590 337 1849 401 dovobis,
1885 354 2083 409 pacem
2122 339 2166 392 A
2198 342 2252 394 et
2282 338 2544 411 alloquor
2570 339 2802 395 beatum
2830 343 3033 394 vestrae
3080 339 3393 395 sanctitatis
3425 346 3611 412 caput,
3673 341 3895 412 signiﬁ-

387 428 650 500 relinquo
671 427 822 482 vobis
872 427 1066 499 (Joan.
1100 426 1235 497 xiv).
1273 426 1451 491 Quam
1500 443 1597 479 vos
1636 427 1897 497 religiosi
1947 444 2083 481 cura

385 516 687 590 propositi,
721 519 961 572 Domino
993 516 1296 587 aspirante,
1344 515 1724 587 providentes,
1773 518 1841 571 de
1881 517 2084 571 ortho—

386 607 551 662 doxa:
590 606 893 661 concordia
923 606 1184 676 cogitatis
1220 606 1481 659 Ecclesiae
1526 606 1589 659 in
1641 605 1793 660 beati
1841 606 2086 677 apostoli

387 696 541 752 Petri
572 697 909 762 reverentia,
948 694 1138 749 divina
1174 694 1495 765 specialiter
1525 700 1811 766 prmcepta
1853 712 2083 750 servan-

386 791 490 841 tes.
528 787 665 851 Quaa
713 802 799 839 res
856 785 1132 855 majorem
1176 784 1411 854 superni
1449 785 1656 837 favoris
1690 784 2084 840 defensionem

391 880 574 930 vestro
596 878 865 945 procurat
894 872 1159 944 imperio.
1194 875 1363 928 Recte
1395 873 1550 927 enim
1583 874 1772 928 oblata
1825 876 1941 929 Deo
1998 892 2088 931 ve-

387 965 607 1019 neratio
637 964 1143 1034 inexpugnabilem
1174 963 1390 1016 devotis
1422 963 1709 1017 mentibus
1727 980 1958 1018 murum
1993 965 2087 1020 de-

388 1054 663 1109 fensionis
695 1053 976 1124 indulget.
1010 1052 1254 1107 Proinde
1272 1052 1728 1123 omnipotentem
1750 1055 1931 1108 Deum
1950 1055 2087 1109 fusis

388 1142 654 1215 precibus
684 1159 1007 1208 exoramus,
1050 1146 1111 1196 ut
1171 1142 1267 1213 qui
1289 1142 1447 1195 vobis
1483 1143 1736 1196 studium
1763 1145 2089 1214 quaerenda:

388 1232 765 1287 Ecclesiarum
795 1230 948 1302 pacis
986 1229 1247 1296 indulsit,
1281 1230 1401 1300 ipse
1429 1247 1658 1302 quoque
1704 1232 1808 1286 sub
1855 1250 2087 1289 conser-

390 1321 619 1375 vatione
652 1320 941 1375 catholica:
1001 1320 1154 1384 ﬁdei,
1207 1320 1485 1374 desiderio
1535 1324 1721 1375 vestro
1772 1338 1944 1393 super
1985 1324 2091 1378 hac

391 1414 555 1482 parte
598 1414 832 1481 praestet
913 1408 1198 1463 effectum.
1256 1411 1541 1464 Praeterea
1585 1411 1812 1465 directis
1861 1412 1927 1466 ad
1986 1430 2091 1468 nos

393 1499 569 1553 sacris
609 1499 876 1553 affatibus
927 1499 1535 1553 commemorationem
1610 1500 1789 1553 sancti
1865 1502 2093 1556 concilii

394 1588 578 1642 facere
612 1587 794 1658 pietas
822 1592 1006 1641 vestra
1031 1587 1263 1658 dignata
1311 1592 1411 1641 est.
1454 1589 1530 1642 De
1562 1604 1675 1660 qua
1710 1606 1772 1642 re
1810 1595 1945 1645 tunc
1969 1592 2091 1662 ple-

397 1677 701 1731 nissimum
734 1677 1047 1748 poterimus
1070 1677 1326 1748 praebere
1367 1693 1726 1747 responsum,
1780 1694 1909 1733 cum
1958 1696 2099 1734 cau-

397 1783 519 1821 sam
544 1766 1005 1838 congregationis
1036 1783 1138 1820 nos
1169 1766 1413 1820 voluerit
1443 1765 1742 1821 evidenter
1762 1784 2094 1839 agnoscere.

398 1856 560 1911 Nunc
589 1872 723 1910 vero
765 1856 921 1926 quia,
951 1861 1257 1927 praestante
1283 1855 1524 1909 Domino
1577 1862 1790 1925 nostro,
1851 1858 1982 1912 data
2016 1862 2101 1913 est

398 1943 637 1997 facultas
670 1945 938 2014 alloquio,
971 1960 1225 2013 congrua
1266 1945 1636 1998 veneratione
1667 1945 1845 1999 debiti
1882 1946 2101 2017 praebe-

399 2031 589 2088 bimus
642 2033 920 2087 sermonis
962 2034 1169 2087 ofﬁcia.
1229 2034 1368 2087 Data
1406 2034 1594 2104 pridie
1653 2051 1835 2089 nonas
1890 2036 2101 2106 Aprilis

398 2122 575 2193 (anno
606 2123 833 2177 Domini
868 2126 1014 2193 515),
1038 2123 1326 2178 Florentio
1356 2123 1477 2178 viro
1496 2123 1813 2179 clarissimo
1837 2125 2093 2181 consule.

1090 2231 1426 2286 EPISTOLA

487 2336 753 2376 DOROTHEI
774 2336 1276 2375 TBESSALONICENSIS
1307 2337 1543 2376 EPISCOPI
1569 2337 1642 2377 AD
1686 2337 2012 2378 HORMISDAM

1038 2425 1457 2466 PONTIFICEM.

402 2514 530 2569 Pon
538 2514 966 2597 tiﬁcemjaudat
974 2557 987 2583 ,
1006 2516 1159 2597 quod
1176 2516 1438 2597 Ecclesiae
1452 2519 1611 2597 curet
1623 2515 1897 2597 unitatem
1908 2557 1921 2582 ,
1934 2532 2104 2597 seque

472 2585 682 2667 cupere
695 2585 801 2667 ait,
834 2590 895 2640 ut
910 2585 1189 2667 lim-elicis
1218 2587 1536 2655 damnatis,
1555 2585 2105 2644 RomanazEchesiz

472 2656 695 2713 debitus
722 2658 903 2713 honor
917 2661 1233 2728 praestetur.

474 2746 662 2810 Sacro,
696 2748 1025 2802 beatissimo
1052 2754 1108 2802 et
1134 2749 1529 2802 comministro
1562 2766 1727 2819 papae
1792 2749 2102 2804 Hormisdae

405 2836 723 2891 Dorotheus
782 2838 1081 2908 episcopus
1137 2838 1654 2892 Thessalonicensis
1728 2838 1789 2892 in
1864 2839 2105 2893 Domino

404 2923 665 2978 salutem.

476 3012 569 3067 Ait
618 3014 868 3084 quodam
904 3015 1046 3069 .loco
1107 3020 1311 3069 cuncta
1356 3015 1719 3070 beatissimus
1777 3016 2106 3071 divinorum

404 3107 823 3171 praeceptorum
848 3119 1119 3172 promens
1133 3105 1410 3159 miracula
1437 3106 1706 3160 Salomon
1729 3122 1741 3160 :
1770 3106 1931 3160 Sicut
1949 3123 2107 3178 aqua

389 3187 625 3259 frigida
637 3189 842 3245 anima
860 3190 1027 3245 silien
1036 3192 1080 3247 ti
1088 3192 1282 3247 suavis
1298 3200 1399 3253 est,
1417 3193 1500 3247 sic
1514 3193 1827 3265 benignum
1844 3196 2107 3250 nuntium

406 3276 744 3349 longinquis
772 3296 838 3333 ea:
868 3280 1038 3335 terris
1070 3281 1255 3351 (Prov.
1283 3282 1428 3352 xxv).
1452 3283 1515 3335 Et
1548 3298 1705 3336 sacer
1753 3284 1931 3337 David
1991 3285 2107 3355 spi-

408 3366 675 3420 ritualem
705 3368 937 3437 pulsans
967 3369 1148 3438 lyram
1175 3370 1369 3439 psallit
1399 3386 1410 3425 :
1449 3371 1628 3435 Quam
1653 3372 1898 3443 speciosi
1938 3374 2109 3444 pedes

410 3470 601 3510 eorum
621 3460 720 3526 qui
740 3456 1140 3528 evangelizanl
1173 3458 1323 3512 bona
1371 3460 1559 3527 (Rom.
1602 3461 1787 3529 x),sic
1839 3463 2109 3533 equidem

411 3548 467 3598 et
491 3560 596 3597 nos
627 3550 859 3599 cunctos
891 3547 1119 3600 docens.
1146 3548 1433 3618 Quidquid
1465 3554 1657 3602 autem
1680 3555 1765 3603 est
1794 3551 1874 3604 ita
1900 3553 2109 3607 animae

410 3632 663 3687 hominis
688 3651 878 3698 suave,
904 3639 1003 3689 aut
1028 3636 1107 3690 ita
1134 3636 1461 3707 impingunt
1483 3655 1629 3706 ossa,
1655 3655 1827 3709 quam
1852 3642 2109 3712 specioso

410 3722 614 3776 nuntio
646 3738 989 3794 cognoscere
1018 3740 1175 3779 verae
1207 3726 1361 3795 pacis
1395 3727 1821 3795 nuntiatorem;
1857 3735 1913 3784 et
1943 3738 2111 3787 rectas

410 3827 710 3884 nunquam
738 3819 993 3868 errantes
1040 3820 1501 3885 propugnatores
1532 3816 1668 3871 ﬁdei
1713 3820 1785 3873 ad
1839 3821 2112 3876 Ecclesia-

410 3918 541 3956 rum
565 3907 887 3956 sanctarum
921 3904 1163 3957 transire
1186 3905 1573 3974 gubernacula
1604 3924 1617 3974 ;
1652 3910 1708 3959 et
1737 3912 2013 3979 tanquam
2045 3927 2113 3966 ex

412 4008 539 4046 arce
571 3991 818 4063 quadam
835 3992 905 4046 ad
935 4009 1279 4046 consensum
1314 3995 1412 4047 Dei
1443 4010 1796 4066 congregare
1830 3998 2108 4072 dispersa,

413 4085 471 4135 et
500 4081 772 4136 continuo
798 4082 1030 4152 quidem
1053 4083 1121 4137 ad
1152 4083 1535 4153 principatum
1568 4090 1680 4139 tua:
1739 4086 1888 4141 sedis
1946 4088 2109 4144 festi-

413 4174 633 4237 nantes,
666 4172 978 4225 venerandi
1010 4170 1197 4225 fratris
1233 4173 1745 4243 supplicationibus
1774 4181 2109 4247 annuentes,

414 4264 472 4315 et
500 4259 758 4313 membra
791 4260 1073 4326 Ecclesia,
1111 4278 1239 4332 quae
1268 4261 1428 4315 vobis
1456 4262 1716 4316 Christus
1747 4267 1804 4316 et
1836 4264 1984 4317 Deus
2007 4280 2110 4318 no-

414 4353 531 4403 ster
551 4350 813 4417 credidit,
838 4350 1265 4404 contemnentia
1296 4352 1457 4420 prius
1487 4352 1870 4419 concordiam,
1895 4353 1964 4407 ad
1979 4354 2108 4407 uni-

415 4442 590 4493 tatem
622 4438 844 4506 venire;
881 4443 936 4492 et
990 4439 1409 4509 praecedentem
1468 4438 1919 4512 (praecidentem)
1980 4442 2113 4497 divi-

416 4527 658 4597 sionem,
691 4533 861 4599 atque
896 4528 1171 4581 invidiam
1197 4534 1391 4582 vestrm
1448 4532 1672 4583 tantum
1732 4530 2110 4586 ordinationis

416 4616 699 4687 perimere
720 4616 935 4670 calculo
986 4617 1309 4688 (clanculo),
1364 4623 1419 4671 et
1462 4634 1613 4671 nunc
1653 4618 1714 4671 in
1744 4620 2109 4673 concordiam

417 4709 586 4775 atque
641 4704 972 4758 societatem
1027 4706 1317 4759 conﬂuere
1359 4706 1643 4772 (conﬂare,
1698 4707 1789 4761 vel
1830 4708 2110 4779 constare)

416 4808 648 4847 omnem
672 4794 985 4847 terminum
1019 4801 1225 4849 sanctae
1249 4795 1400 4848 illius
1432 4796 1735 4850 Ecclesiae?

489 4881 953 4949 Haecdidicimus,
994 4900 1109 4938 non
1163 4889 1294 4938 ante
1334 4886 1514 4938 multa
1565 4885 1748 4956 spatia
1796 4885 2107 4956 temporis:

418 4971 788 5042 sperabamus
811 4976 999 5027 autem
1014 4977 1069 5028 et
1085 4974 1384 5045 antiquam
1405 4974 1879 5029 consuetudinem
1904 4990 2113 5044 cogno-

417 5065 639 5115 scentes
658 5060 1019 5131 Ecclesiae,et
1065 5068 1316 5117 vestrum
1370 5064 1667 5117 audientes
1720 5063 1990 5116 socialem
2053 5067 2109 5117 et

417 5147 987 5219 irreprehensibilem
1023 5165 1263 5215 morem,
1296 5165 1362 5203 ex
1384 5149 1585 5203 vestris
1616 5148 1823 5203 litteris
1853 5148 2111 5203 ﬁrmiora

419 5243 587 5310 atque
622 5238 1011 5292 manifestiora
1042 5255 1405 5309 cognoscere.
1438 5238 1545 5293 Sed
1577 5238 1713 5310 quia
1733 5243 1959 5309 tempus
1986 5238 2109 5293 hie-

416 5328 525 5383 mis
552 5327 625 5382 ad
651 5328 773 5382 hinc
802 5344 899 5382 vos
928 5328 1221 5399 implenda
1237 5326 1537 5381 retinuisse
1587 5327 2002 5393 consideratur,
2056 5331 2110 5381 et

422 5421 638 5488 aptum,
670 5421 727 5471 et
766 5416 1027 5472 debitum
1066 5415 1196 5483 fuit,
1244 5418 1475 5485 plenam
1534 5419 1591 5469 et
1634 5416 1736 5470 Dei
1779 5417 2108 5472 amatricem

436 5504 707 5561 'aritatem
739 5506 911 5561 etiam
942 5504 1137 5561 scabra
1165 5504 1542 5575 (scrupulosa)
1592 5505 1872 5560 transire:
1922 5505 2107 5561 scribo

2136 1630 2175 1681 Β

2145 2884 2184 2938 C

2150 4218 2193 4271 D

2196 445 2328 483 cans
2355 430 2625 484 collattari
2656 446 2761 483 nos
2790 430 2972 484 beatae
3003 429 3123 483 sedi
3152 430 3514 484 sacratissimi
3561 430 3714 485 Petri
3758 445 3897 501 apo-

2194 519 2344 586 stoli,
2369 520 2523 591 quod
2550 521 2648 574 tali
2690 520 2908 592 regitur
2960 536 3134 573 manu
3174 537 3302 591 quae
3354 521 3606 591 suscepit
3655 538 3774 574 non
3797 522 3901 592 qui

2194 609 2474 663 honorem
2508 613 2755 680 raperet,
2787 609 2881 663 sed
2905 608 3004 681 qui
3036 614 3332 680 raperetur
3372 611 3439 664 ab
3488 627 3574 677 eo,
3624 616 3682 664 et
3729 610 3904 679 (sicut

2194 715 2381 754 sermo
2404 699 2697 770 multiplex
2725 698 2920 762 tradit,
2958 704 3013 753 et
3043 715 3146 752 nos
3207 700 3287 753 ita
3338 716 3394 753 se
3440 700 3651 753 habere
3709 699 3899 754 credi-

2195 789 2342 858 mus)
2374 788 2720 842 nutritorem
2751 788 2925 859 pacis,
2961 792 3017 843 et
3037 793 3199 842 rectm
3245 788 3381 842 ﬁt’ei
3426 794 3787 855 certatorem,
3846 794 3906 843 et

2194 877 2522 931 humilitate
2553 877 2952 949 (humanitate)
2987 878 3197 931 mentis
3223 884 3278 931 et
3302 878 3531 933 caritate
3575 895 3705 949 quae
3754 878 3906 931 circa

2197 973 2426 1021 cunctos
2459 972 2542 1021 est
2573 972 2847 1039 tanquam
2890 967 3156 1038 pretiosis
3198 968 3483 1038 lapidibus
3534 972 3901 1022 coronatum.

2270 1055 2491 1109 Etenim
2521 1060 2724 1108 cuncta
2754 1060 2807 1109 te
2829 1056 2978 1123 volo,
3011 1056 3332 1109 venerande
3356 1060 3538 1126 pater,
3562 1072 3902 1127 agnoscere,

2201 1144 2353 1216 quod
2394 1144 2734 1216 ex:antiquis
2778 1144 2985 1198 sanctis
3030 1149 3087 1198 et
3115 1145 3453 1200 venerandis
3488 1147 3752 1199 Patribus
3803 1162 3901 1199 su-

2201 1233 2446 1305 scipiens
2476 1233 2630 1287 illius
2662 1234 2839 1287 beatae.
2860 1234 3009 1287 sedis
3039 1234 3305 1287 aﬂectum
3339 1250 3351 1287 :
3397 1234 3493 1302 (al.
3526 1234 3660 1288 add.
3697 1236 3773 1301 et)
3834 1234 3907 1287 ad

2200 1323 2346 1377 hanc
2377 1326 2652 1394 tanquam
2678 1327 2980 1393 paternam
3030 1328 3243 1377 sortem
3291 1324 3634 1390 custodiens,
3696 1324 3908 1377 addere

2201 1413 2310 1467 hoc
2336 1416 2470 1483 opto
2507 1417 2675 1483 atque
2697 1412 2924 1467 festino:
2954 1418 3018 1467 ut
3048 1413 3239 1467 veniat
3269 1413 3328 1466 in
3357 1412 3465 1467 hoc
3497 1413 3685 1467 studio
3710 1413 3909 1467 termi-

2201 1514 2309 1552 nus
2328 1498 2486 1551 utilis
2517 1498 3145 1569 humanitate,quidem
3180 1498 3410 1552 Domini
3470 1503 3524 1552 et
3572 1499 3670 1552 Dei
3726 1500 3909 1552 nostri

2203 1588 2334 1643 Jesu
2368 1588 2596 1655 Christi,
2622 1588 3127 1642 intercessionibus
3168 1592 3358 1641 autem
3390 1588 3451 1641 in
3501 1588 3721 1642 cunctis
3781 1588 3912 1642 bea-

2206 1676 2411 1731 tissimi
2456 1678 2695 1747 apostoli
2748 1677 2919 1745 Petri,
2972 1682 3027 1731 et
3076 1677 3136 1730 in
3176 1678 3446 1731 omnibus
3502 1677 3911 1747 sapientissimi

2207 1766 2398 1834 Pauli;
2428 1771 2494 1821 ut
2522 1767 2863 1821 venerandae
2894 1782 3093 1820 eorum
3126 1767 3243 1820 sedi
3274 1772 3331 1821 et
3387 1772 3501 1820 tuae
3565 1766 3911 1821 beatitudini

2202 1856 2355 1927 juste
2389 1856 2615 1910 debitus
2635 1857 2816 1910 honos
2847 1856 3199 1909 custodiatur
3247 1860 3415 1926 atque
3466 1856 3739 1910 reddatur
3795 1856 3914 1925 (adi

2210 1945 2420 2016 datur),
2453 1949 2516 1999 ut
2540 1945 2750 1999 nostris
2780 1944 3159 2015 temporibus,
3202 1947 3353 1998 velut
3398 1946 3714 1998 secundum
3762 1945 3916 2015 prin-

2210 2033 2462 2105 cipatum
2494 2034 2642 2087 sedis
2676 2034 3001 2103 apostolicae
3023 2033 3302 2087 honorem
3360 2038 3774 2103 congruentem
3834 2049 3915 2087 su-

2211 2122 2432 2193 scipiat,
2464 2122 2652 2175 omnis
2683 2121 2967 2176 discordia
2997 2122 3243 2187 recedat,
3273 2126 3329 2175 et
3360 2122 3621 2176 Ecclesiae
3651 2121 3914 2175 omnium

2211 2217 2463 2266 vestrum
2509 2212 2784 2265 catholica
2826 2213 3139 2277 voluntate,
3196 2212 3425 2265 Domini
3482 2212 3654 2267 etiam
3688 2216 3745 2265 et
3819 2212 3911 2264 Dei

2211 2302 2390 2355 nostri
2420 2304 2553 2357 Jesn
2575 2301 2803 2368 Christi,
2842 2306 2898 2354 et
2929 2300 3250 2354 Nestorium
3292 2305 3348 2355 et
3378 2301 3752 2371 Eutychetem
3812 2300 3912 2354 im-

2212 2390 2361 2461 pios,
2395 2391 2678 2445 ethorum
2702 2394 2993 2444 servantes
3037 2390 3328 2460 dogmata,
3388 2395 3445 2444 et
3501 2390 3599 2461 qui
3663 2391 3908 2443 istorum

2212 2480 2368 2535 fuere
2399 2484 2703 2534 sectatores
2734 2485 2831 2533 aut
2857 2483 3097 2546 exstant,
3131 2484 3186 2533 et
3216 2496 3445 2533 omnem
3476 2479 3743 2533 haeresim
3776 2495 3910 2532 ana-

2213 2569 2585 2623 thematizent
2607 2584 2856 2638 semper,
2901 2572 2956 2622 et
3000 2572 3209 2621 rectam
3271 2574 3445 2640 atque
3504 2568 3916 2622 incontamina-

2213 2658 2387 2713 bilem
2419 2658 2595 2713 ﬁdem
2619 2658 3032 2723 inconcussam,
3065 2661 3340 2728 tanquam
3364 2658 3669 2711 anchoram
3702 2662 3914 2710 certam

2216 2752 2383 2819 atque
2416 2749 2641 2802 ﬁrmam
2666 2750 2918 2814 teneant,
2970 2750 3025 2800 et
3078 2752 3283 2818 parent
3323 2748 3441 2817 jam
3493 2762 3715 2817 pacem,
3760 2746 3917 2799 nullo

2216 2836 2388 2907 (quod
2424 2836 2584 2905 absit)
2620 2836 3002 2907 impediente;
3023 2835 3344 2905 praesertim
3375 2834 3698 2888 venerando
3728 2835 3913 2903 capite

2218 2930 2401 2980 vestro
2428 2926 2598 2994 (sicut
2641 2924 2968 2991 didicimus)
3033 2925 3294 2978 homines
3348 2924 3734 2978 contentiosos
3777 2924 3917 2977 hor-

2216 3018 2397 3079 rente,
2424 3013 2631 3084 quibus
2658 3018 2713 3067 et
2746 3013 2858 3067 vita
2879 3017 2936 3065 et
2965 3028 3088 3066 esca
3113 3018 3197 3067 est
3217 3014 3573 3067 sacerdotum
3607 3013 3709 3066 Dei
3764 3012 3915 3065 inter

2216 3117 2274 3157 se
2302 3103 2703 3157 altercantium
2732 3101 3014 3172 separatio
3048 3118 3061 3154 :
3094 3103 3190 3173 qui
3221 3118 3336 3156 non
3367 3103 3437 3157 ab
3480 3101 3753 3156 omnibus
3773 3102 3920 3154 velo—

2216 3193 2355 3246 citer
2414 3193 2648 3263 cogniti,
2711 3199 2985 3263 tanquam
3035 3192 3151 3264 lupi
3190 3193 3249 3246 in
3300 3193 3652 3247 vestimentis
3693 3192 3911 3254 ovium,

2215 3281 2377 3337 facile
2410 3282 2479 3336 ab
2513 3283 2825 3351 apostolica
2856 3283 3100 3338 Ecclesia
3134 3283 3507 3353 repellantur.

2287 3372 2399 3425 Ista
2416 3387 2569 3425 nunc
2602 3372 2801 3442 scripsi
2832 3373 2997 3428 beato
3020 3372 3189 3444 capiti
3222 3376 3408 3425 vestro
3457 3387 3559 3442 per
3606 3369 3915 3424 Patricium

2216 3460 2400 3514 virum
2423 3461 2807 3531 spectabilem,
2835 3478 3262 3517 commmunem
3295 3460 3499 3526 lilium,
3524 3464 3579 3513 et
3613 3464 3918 3513 consuetu-

2216 3548 2367 3603 diuis
2400 3550 2600 3604 aﬁ‘ectu
2624 3568 2899 3622 superans
2923 3552 3221 3614 rationem,
3254 3555 3311 3603 et
3329 3549 3477 3602 circa
3499 3549 3655 3601 illam
3689 3547 3917 3601 beatam

2218 3638 2411 3692 sedem
2444 3640 2675 3693 caritate
2708 3640 3024 3707 devinctus,
3069 3644 3124 3693 et
3153 3638 3310 3692 omni
3343 3638 3434 3692 die
3456 3638 3647 3690 videre
3689 3636 3920 3690 deside-

2218 3742 2351 3780 rans
2400 3734 2807 3798 congruentem
2859 3735 3029 3798 atque
3074 3728 3323 3781 debitam
3380 3726 3811 3781 venerationem
3868 3726 3916 3777 ei

2219 3816 2453 3870 servari.
2486 3817 2680 3872 Scribe
2712 3818 2910 3889 igitur,
2930 3818 2988 3871 in
3022 3818 3240 3871 cunctis
3260 3818 3445 3884 beate,
3476 3821 3755 3885 tanquam
3772 3830 3916 3867 una-

2219 3905 2363 3959 nimi
2386 3910 2439 3957 et
2461 3908 2679 3976 optanti
2703 3908 2954 3960 animam
2989 3922 3221 3977 quoque
3249 3906 3454 3959 otferre
3476 3921 3578 3975 pro
3596 3904 3707 3957 tide
3738 3902 3921 3956 ortho-

2220 3995 2364 4049 doxa
2392 3999 2449 4047 et
2480 3995 2853 4049 Ecclesiarum
2876 4012 3014 4066 pace
3047 3999 3394 4056 sanctarum,
3427 3998 3483 4047 et
3506 3998 3567 4046 ut
3586 3992 3917 4045 custodian-

2220 4087 2316 4138 tur
2345 4085 2685 4138 venerandee
2716 4086 2837 4138 sedi
2863 4084 2922 4138 in
2951 4084 3217 4137 omnibus
3234 4083 3384 4137 beati
3405 4082 3550 4136 Petri
3576 4081 3921 4135 convenien-

2223 4173 2305 4227 tia
2337 4190 2349 4227 :
2386 4174 2537 4244 quod
2558 4173 2717 4227 facile
2750 4174 2866 4239 tiet,
2899 4174 3160 4228 ordinata
3191 4172 3408 4225 unitate
3453 4175 3815 4235 cunctorum,
3866 4178 3923 4226 et

2218 4261 2478 4314 omnium
2501 4262 2571 4314 ad
2597 4278 2692 4315 vos
2724 4267 2997 4332 tanquam
3016 4261 3081 4314 ad
3118 4262 3346 4314 ﬁrmum
3368 4259 3769 4313 festinantium
3797 4275 3922 4330 por-

2219 4353 2363 4405 tum.
2436 4351 2751 4405 Divisiones
2839 4350 3053 4404 etenim
3118 4358 3313 4406 contra
3362 4352 3732 4402 contemnere
3796 4363 3925 4401 con-

2220 4444 2544 4506 sueverunt,
2570 4444 2623 4493 et
2645 4440 2834 4493 ordini
2858 4439 3117 4493 decentia
3138 4456 3251 4492 non
3268 4442 3509 4491 servant.
3539 4438 3789 4491 Omnem
3813 4436 3921 4490 fra-

2221 4528 2547 4583 ternitatem
2571 4546 2698 4599 qua:
2732 4534 2815 4582 est
2837 4533 3037 4582 vestrae
3051 4527 3335 4582 sanctitati
3361 4528 3687 4596 conjuncta,
3712 4530 3771 4579 et
3793 4540 3924 4595 ego,

2220 4622 2277 4671 et
2304 4618 2401 4687 qui
2436 4634 2658 4670 mecum
2690 4622 2840 4682 sunt,
2877 4618 3120 4670 multum
3163 4617 3222 4670 in
3286 4616 3525 4669 Domino
3584 4615 3924 4667 salutamus.

2220 4709 2290 4760 Et
2313 4706 2437 4759 alia
2459 4716 2677 4761 manu‘:
2712 4707 2926 4761 Salvari
2969 4723 3058 4763 me
3082 4707 3140 4759 in
3174 4706 3415 4758 Domino
3440 4708 3619 4765 orate,
3678 4702 3922 4756 sanctis-

2221 4793 2350 4847 simi
2382 4800 2438 4847 et
2468 4794 2782 4848 beatissimi
2815 4796 3026 4847 Patres.
3060 4798 3301 4863 Accepta
3358 4791 3597 4860 epistola
3654 4790 3929 4843 Dorothei

2222 4882 2471 4952 episcopi
2499 4882 3016 4937 Thessalonicensis
3048 4882 3309 4936 Ecclesiae
3355 4881 3525 4934 missa
3589 4895 3695 4949 per
3751 4878 3931 4932 Patri-

2220 4971 2370 5024 cium
2398 4972 2459 5024 V.
2522 4973 2580 5027 C.
2630 4972 2734 5025 sub
2794 4973 2922 5025 data
2966 4970 3100 5041 (die)
3143 4971 3342 5041 quinto
3400 4969 3665 5023 calendas
3710 4967 3927 5039 Aprilis

2220 5059 2393 5131 (anno
2429 5060 2655 5113 Domini
2681 5062 2828 5131 515),
2868 5060 3150 5113 Florentio
3178 5060 3298 5112 viro
3317 5058 3632 5111 clarissimo
3662 5061 3925 5111 consule.

2834 5150 3171 5203 EPISTOLA
3212 5149 3307 5202 ΙΙΙ.

2222 5254 2299 5294 ΔΙ)
2360 5253 2745 5293 DOROTHEUM
2810 5251 3472 5292 THESSALONICENSE)!
3543 5250 3909 5290 EPISCOPL’I

2216 5326 2441 5383 Laudat
2467 5328 2591 5395 ejus
2609 5325 2885 5397 pietatem
2904 5331 2958 5380 et
2985 5326 3240 5380 studium
3256 5326 3317 5379 in
3340 5328 3659 5380 Romanam
3697 5323 3915 5377 sedem.

2290 5416 2665 5470 Dilectissimo
2726 5416 2887 5470 fratri
2940 5415 3224 5470 Dorotheo
3290 5414 3561 5485 episcopo
3618 5412 3930 5468 Hormisda

2220 5504 2540 5575 episcopus.
