4038 6170
222 221 305 275 373
1485 208 1840 265 EPISTOLIE
1878 209 1966 265 ET
2002 209 2349 266 DECRETA.
3565 212 3672 268 375

276 352 360 409 Ubi
408 348 646 403 caritatis
695 347 929 401 interest
985 362 1209 401 servare
1257 350 1560 417 praecepta,
1623 344 1847 400 etiamsi
1888 346 1934 400 A
1963 346 2191 415 gionem
2226 363 2349 401 esse
2380 346 2730 417 probaverit,
2763 346 2833 401 ad
2867 346 3162 417 prafatam
3181 347 3657 405 Heracleotanam

219 440 391 512 aliquid
430 440 532 492 tale
587 437 809 491 eveniat
850 437 1003 508 quod
1055 437 1363 506 cujuslibet
1414 436 1589 507 possit
1636 437 1858 489 animos
1971 437 2254 490 civitatem
2317 437 2468 491 intra
2527 436 2679 490 diem
2730 438 3099 491 calendarum
3147 439 3430 493 Iuliarum
3471 439 3667 495 venire

216 544 543 592 commovere,
578 532 771 580 tamen
817 532 877 579 ut
920 543 987 579 ea
1026 542 1155 597 qua
1192 526 1510 579 concordia
1556 541 1860 579 conversa-
1969 526 2256 595 dignetur.
2285 528 2425 580 Data
2452 542 2485 580 v
2516 527 2619 579 cal.
2653 527 2910 580 Januarii
2938 528 3457 599 Constantinopoli,
3490 530 3665 585 Sena-

215 622 335 674 tione
378 617 727 689 praediximus
776 616 1021 669 debeant
1060 615 1353 681 custodiri,
1399 619 1623 684 oportet
1670 630 1859 685 aqua-
1970 620 2093 669 tore
2128 616 2186 667 V.
2239 616 2297 669 C.
2334 616 2585 668 consule.
2632 619 2876 686 Accepta
2924 616 3108 685 pridie
3151 617 3282 671 idus
3331 618 3482 684 Maii,
3534 619 3662 674 Flo-

215 710 404 764 uimiter
430 706 807 777 praetermitti,
844 706 979 775 quia
1022 705 1220 775 utique
1253 705 1300 758 si
1346 704 1485 774 quid
1531 704 1858 773 ignorantia
1970 706 2153 759 rentio
2187 708 2245 758 V.
2280 706 2340 759 C.
2374 705 2607 759 consule
2638 705 2801 775 (Data
2831 721 2983 759 anno
3014 706 3245 761 Domini
3272 709 3393 773 514,
3429 712 3662 779 accepta

214 800 301 853 tale
327 797 628 867 proveniat,
670 794 1094 848 excusationem
1128 798 1312 863 potest
1338 794 1407 847 de
1440 794 1561 863 ipsa
1588 793 1859 863 simplici-
1970 794 2279 866 sequenti).

215 892 300 941 tate
340 884 596 953 recipere.
634 884 804 938 Suam
850 884 997 937 Deus
1040 888 1236 936 noster
1279 883 1582 936 Ecclesiam
1626 883 1859 953 propria
2582 882 2919 939 EPISTOLA
2960 884 3047 937 IV.

211 974 520 1031 ordinatione
574 973 889 1039 constituit,
945 972 1097 1043 quod
1140 972 1348 1026 divinis
1402 972 1705 1041 praceptis
1745 988 1857 1026 no-
2217 990 2283 1027 ΑΕ
2321 988 2649 1027 ANASTASIUM
2685 987 3066 1029 IMPERATOR“
3105 990 3410 1031 AUGUSTUH.

213 1066 352 1117 scitur
382 1079 493 1117 esse
532 1062 898 1132 dispositum,
933 1062 1259 1115 nullatenus
1300 1060 1512 1130 poterit
1551 1061 1854 1131 prateriri,
1971 1062 2349 1134 Imperatoris
2371 1063 2557 1116 zelum
2576 1063 3179 1133 commendatzquoad
3206 1062 3657 1136 concilium,per

208 1155 333 1223 cujus
360 1150 634 1214 notitiam,
667 1150 756 1203 vel
789 1148 1107 1211 scientiam,
1144 1154 1198 1203 te
1233 1165 1348 1203 non
1381 1150 1653 1203 convenit
1682 1149 1857 1219 igno-
2270 1151 2490 1223 legatos
2516 1167 2577 1203 se
2602 1166 3002 1221 responsurum
3026 1152 3357 1222 pollicetur.

210 1258 323 1296 rare.
366 1242 421 1293 In
465 1238 729 1292 faciendo
766 1254 1015 1309 namque
1061 1238 1209 1292 bona
1255 1239 1577 1303 laudamur,
1627 1243 1683 1292 et
1723 1244 1857 1293 tunc
2038 1240 2334 1294 Hormisda
2360 1239 2652 1293 Anastasio
2678 1242 2931 1309 Augusto
2965 1256 3066 1309 per
3091 1240 3480 1295 Severianum.

204 1330 462 1384 verborum
503 1329 690 1381 cultus
733 1331 989 1393 ornatur,
1032 1327 1264 1397 quando
1309 1327 1415 1379 sibi
1459 1326 1857 1381 convenientia
2040 1331 2187 1382 Bene
2217 1328 2523 1383 clementia
2557 1333 2740 1381 vestra
2771 1328 3029 1393 conﬁdit,
3082 1328 3227 1382 sicut
3272 1328 3416 1383 datis
3465 1328 3533 1382 ad
3563 1343 3655 1382 me

204 1422 285 1474 rite
300 1418 601 1487 conjungit.
628 1417 864 1471 Litteras
896 1416 1180 1487 siquidem
1212 1432 1315 1486 per
1345 1415 1650 1470 Patricium
1668 1416 1855 1471 ﬁlium
1965 1419 2225 1488 gloriosis
2253 1418 2571 1489 designavit
2604 1417 2891 1484 affatibus,
2926 1417 3077 1488 quod
3101 1418 3427 1487 reipublicae
3451 1421 3652 1473 vestra

203 1514 418 1562 nostrum
444 1506 815 1577 spectabilem
848 1506 1035 1559 virum
1058 1510 1173 1559 tua
1206 1504 1565 1575 suscepimus
1583 1505 1851 1573 caritatis,
1965 1509 2289 1578 specialiter
2327 1507 2582 1578 proﬁcit,
2626 1507 2671 1559 si
2721 1506 2966 1576 negotiis
3004 1505 3272 1560 omnibus
3325 1506 3659 1562 orthodoxa

200 1598 248 1651 in
272 1597 450 1668 quibus
481 1612 779 1666 speramus
814 1611 956 1665 opus
994 1595 1230 1664 plenum
1267 1599 1322 1647 et
1358 1593 1656 1665 probabile
1686 1610 1851 1665 repe-
1897 1639 1936 1691 Β
1965 1596 2099 1650 ﬁdei
2141 1612 2307 1649 causa
2350 1599 2742 1666 praeponatur.
2781 1596 2913 1649 Hac
2962 1599 3048 1649 est
3095 1594 3272 1661 enim,
3310 1595 3657 1650 venerabilis

200 1687 305 1752 rire,
335 1690 388 1739 ut
417 1685 563 1739 nihil
594 1689 741 1738 esset
766 1684 918 1755 quod
952 1684 1021 1738 ab
1057 1684 1383 1754 integritate
1416 1683 1652 1737 unitatis
1681 1700 1856 1738 secer—
1898 1683 1934 1691 ”
1968 1687 2303 1755 imperator,
2336 1685 2405 1738 de
2436 1688 2698 1754 suscepto
2728 1683 3119 1738 moderamine
3142 1683 3374 1738 rectoris
3400 1700 3537 1738 cura
3566 1700 3662 1738 sa-

199 1780 344 1829 neret.
375 1775 476 1829 Sed
506 1774 644 1845 quia
671 1774 731 1826 in
758 1774 848 1827 his
880 1773 1017 1844 ipsis
1048 1773 1201 1826 hunc
1230 1772 1522 1844 promittis
1556 1772 1845 1839 affectum,
1966 1774 2205 1841 lubrior,
2242 1780 2305 1827 ut
2334 1775 2455 1843 ejus
2488 1773 2594 1827 sibi
2642 1773 2891 1827 favorem
2932 1788 3035 1843 per
3065 1788 3239 1843 opera
3275 1772 3428 1826 bona
3473 1773 3659 1827 conci-

199 1864 388 1935 quinos
433 1863 499 1917 ad
536 1864 644 1916 hoc
686 1863 838 1932 quod
890 1862 1261 1931 pradiximus
1310 1862 1491 1931 possit
1534 1862 1859 1932 specialiter
1966 1866 2082 1932 liet,
2136 1864 2236 1934 qui
2285 1862 2615 1917 universum
2664 1866 2722 1915 et
2761 1860 2980 1927 tribuit,
3029 1865 3085 1914 et
3133 1860 3281 1937 regit
3328 1860 3659 1931 imperium.

198 1968 482 2024 provocare,
520 1951 770 2005 Domino
793 1955 989 2006 nostro
1026 1968 1220 2021 preces
1247 1951 1615 2017 effundimus,
1648 1956 1713 2005 ut
1736 1951 1857 2021 ipse
1968 1953 2211 2008 Proinde
2244 1968 2331 2005 me
2369 1966 2601 2022 quoque
2633 1954 2689 2003 et
2739 1950 2981 2004 Domino
3010 1954 3205 2003 nostro
3255 1950 3387 2005 Jesu
3438 1949 3661 2005 Christo

198 2044 326 2112 cujus
359 2047 600 2095 etcausa
633 2045 929 2105 tractatur,
950 2040 1215 2093 abstersis
1245 2042 1331 2093 vel
1372 2040 1684 2110 amputatis
1718 2039 1855 2092 uni-
1966 2041 2231 2097 convenit
2261 2040 2607 2111 supplicare,
2641 2044 2701 2093 ut
2735 2040 2833 2110 qui
2868 2039 2935 2093 de
2977 2038 3242 2094 Ecclesia
3273 2055 3391 2094 sua
3420 2054 3660 2094 concor-

195 2131 337 2184 versis
364 2130 664 2197 scandalis,
696 2134 753 2183 et
785 2130 1028 2183 Ecclesia
1059 2146 1161 2183 sua
1194 2129 1297 2183 sub
1343 2146 1455 2182 uno
1489 2144 1775 2183 consensu
1804 2132 1860 2182 et
1968 2132 2061 2187 dia
2091 2136 2336 2185 vestram
2367 2130 2642 2201 pietatem
2670 2129 2923 2199 cogitare
2952 2128 3151 2190 voluit,
3178 2129 3331 2183 hunc
3355 2144 3529 2199 super
3556 2128 3662 2184 hac

196 2220 327 2291 parili
355 2218 514 2273 faciat
551 2219 663 2273 ﬁde
694 2233 981 2272 connexos
1014 2234 1026 2272 ε
1062 2234 1173 2271 nec
1208 2217 1265 2271 in
1306 2218 1699 2272 sacerdotibus
1738 2216 1858 2270 suis
1966 2228 2129 2291 parte
2159 2219 2472 2274 concedere
2494 2218 2762 2288 dignetur
2793 2218 3088 2287 effectum;
3113 2222 3398 2289 quatenus
3432 2222 3662 2287 tempo-

196 2309 469 2379 quidquam
503 2308 752 2377 reperiri
783 2307 1052 2377 patiatur,
1088 2307 1239 2377 quod
1272 2306 1576 2377 cujuslibet
1598 2309 1696 2359 aut
1714 2306 1859 2359 odiis
1967 2311 2123 2365 ribus
2154 2309 2355 2365 vestris
2390 2308 2702 2362 orthodoxa
2739 2307 2850 2363 ﬁde
2902 2306 3173 2378 praditus
3203 2306 3500 2362 universus
3540 2310 3662 2361 ter-

201 2398 425 2467 propriis,
483 2402 590 2450 aut
618 2396 889 2450 inanibus
919 2396 1358 2477 intentionibus,
1390 2401 1489 2449 aut
1533 2394 1860 2449 hominibus
1969 2416 2161 2453 rarum
2186 2398 2339 2452 orbis
2371 2398 2632 2452 exsultet.
2663 2399 2740 2451 De
2775 2397 2863 2451 his
2893 2413 3029 2451 vero
3074 2412 3203 2468 qua
3244 2412 3349 2467 pro
3399 2394 3661 2467 synodali

198 2486 243 2539 in
266 2486 514 2556 injuriam
553 2485 675 2551 Dei,
709 2485 861 2556 quod
893 2486 1053 2539 nefas
1079 2490 1182 2551 est,
1216 2486 1359 2538 velle
1380 2486 1640 2555 placere;
1665 2488 1859 2537 etnon
1967 2487 2412 2559 congregatione
2443 2486 2813 2558 pracepistis,
2848 2486 2986 2558 quid
3032 2484 3157 2540 ﬁeri
3198 2490 3479 2557 oporteat,
3506 2493 3532 2520 ι
3558 2500 3662 2555 per

196 2576 341 2645 magis
370 2576 661 2639 universa,
695 2574 1010 2629 secundum
1040 2574 1273 2627 beatum
1301 2574 1647 2644 apostolum,
1683 2588 1860 2626 sarcu-
1968 2578 2169 2632 fratres
2192 2581 2248 2631 et
2287 2576 2651 2647 coepiscopos
2684 2592 2858 2643 meos,
2894 2576 2993 2647 qui
3024 2591 3270 2647 propere
3308 2575 3659 2646 subsequen-

196 2663 305 2716 laria
331 2668 797 2718 contemnentem
832 2680 867 2715 a
901 2679 999 2733 spe
1045 2679 1162 2716 non
1195 2663 1375 2733 possit
1405 2662 1724 2717 exorbitare
1757 2662 1854 2715 fu-
1968 2672 2080 2735 tur,
2114 2667 2311 2737 gloria
2330 2669 2529 2719 vestra
2552 2664 3179 2719 insinuandamandavi
3213 2681 3225 2719 :
3259 2678 3509 2735 quorum
3532 2677 3658 2733 sug-

193 2756 311 2807 tura.
339 2754 541 2807 [Iortor
570 2757 807 2823 propter
836 2768 1139 2806 commune
1172 2752 1511 2817 remedium,
1546 2752 1729 2805 invito
1747 2767 1854 2821 pro
1968 2756 2245 2824 gestione,
2285 2751 2572 2805 sidivinus
2598 2752 2761 2806 favor
2781 2769 2909 2807 mea
2930 2757 3057 2806 vota
3079 2750 3470 2822 prosequitur,
3495 2764 3659 2804 com-

194 2842 341 2895 salute
380 2842 665 2908 ﬁdelium,
718 2845 955 2911 propter
999 2842 1326 2911 generalem
1364 2842 1575 2895 suadeo
1624 2840 1859 2895 medici-
1967 2841 2252 2912 petentius
2323 2840 2581 2911 poteritis
2656 2841 2920 2894 universa
2974 2855 3338 2909 cognoscere.
3387 2839 3527 2893 Data
3581 2854 3656 2892 vu

193 2947 319 2984 nam.
345 2932 474 2995 Quis
506 2947 765 3002 namque
790 2935 1097 2985 contentus
1130 2935 1214 2984 est
1256 2931 1361 2984 hos
1391 2931 1583 2984 videre
1626 2930 1857 2998 divisos,
1900 2941 1939 2996 ρ
1968 2931 2096 2986 idus
2126 2930 2259 2984 Julii
2294 2930 2470 2999 (anno
2504 2929 2731 2983 Domini
2762 2932 2904 2998 515),
2942 2927 3229 2983 Florentio
3260 2926 3514 2982 consule.

194 3036 401 3091 quorum
432 3024 629 3091 potest
649 3020 868 3073 unitate
900 3019 1161 3089 gloriari!
1203 3020 1357 3074 Unde
1388 3036 1530 3090 opus
1552 3024 1635 3073 est
1664 3020 1859 3076 labore
2629 3019 2999 3075 INDICULL‘S

193 3109 463 3175 communi,
502 3114 573 3163 ut
606 3109 709 3162 hoc
742 3109 893 3179 quod
925 3124 957 3161 a
990 3108 1254 3162 Patribus
1284 3109 1490 3162 nostris
1512 3108 1853 3180 accepimus,
1966 3127 2059 3172 om
2097 3112 2277 3164 unus
2326 3125 2415 3163 nsr
2458 3125 2697 3164 amomo
2750 3125 2814 3163 ET
2867 3122 3187 3163 ronrunaro
3235 3122 3521 3172 EPISCOPIS,
3560 3121 3657 3160 vs-

192 3206 554 3251 conservantes
590 3198 837 3252 secunde
888 3197 999 3251 nisi
1048 3198 1106 3251 in
1157 3198 1277 3265 illo,
1319 3200 1606 3269 possimus
1661 3199 1856 3254 divino
2036 3218 2236 3255 NANTlO
2307 3216 2665 3267 PRESBYTERO,
2746 3215 2921 3253 vrum
2997 3214 3249 3265 macouo,
3321 3213 3385 3251 nr
3460 3212 3659 3251 BILARO

191 3287 603 3356 marejudicio.
2037 3305 2296 3359 NOTARIO,
2359 3306 2579 3345 LEGATIS
2654 3304 2989 3344 APOSTOLICE
3049 3302 3194 3341 SEDIS
3268 3300 3662 3341 consrmrmo-

848 3374 1183 3429 EPISTOLA
2036 3396 2216 3445 POLIM,
2258 3397 2326 3434 AB
2368 3396 2644 3435 HORMISDA
2685 3394 2839 3432 ΡΑΡΑ.

317 3482 595 3519 Ακλετλειι
636 3481 861 3520 AUGUSTI
899 3483 967 3520 an
1008 3482 1320 3522 HORMISDAM
1360 3484 1693 3521 PONTIFICEM.
2036 3469 2311 3539 Cum‘Dei
2344 3467 2627 3540 adjutorio
2660 3471 2717 3521 et
2755 3465 3111 3521 orationibus
3144 3463 3536 3535 apostolorum
3567 3478 3659 3517 ve-

192 3570 468 3645 Congilium
496 3572 809 3645 Ηεναειεκ
844 3573 920 3627 ad
960 3573 1382 3643 componendas
1410 3573 1471 3626 ίη
1519 3572 1763 3645 Scythia
1788 3574 1857 3627 de
1964 3558 2189 3611 nientcs
2220 3558 2279 3611 in
2325 3562 2516 3629 partes
2542 3556 2924 3629 ;Graciarum,
2980 3554 3025 3609 si
3072 3553 3325 3645 episcopi
3374 3552 3661 3645 volneri—nt

240 3642 502 3718 ﬁdeortas
526 3644 876 3718 quaestiones
904 3662 1025 3718 esse
1052 3642 1531 3718 congregandum,
1557 3642 1856 3717 ipsumque
1965 3663 2282 3713 occurrere,
2313 3647 2370 3701 in
2402 3663 2515 3718 qua
2542 3647 2814 3701 deceteos
2856 3643 3224 3699 veneratione
3255 3642 3549 3713 suscipite.
3584 3642 3653 3696 Et

244 3715 580 3783 pontiﬁcem,
614 3718 673 3767 ut
702 3716 777 3768 ad
796 3715 944 3769 illud
974 3716 1229 3783 accedat,
1259 3720 1547 3786 precatur.
1576 3715 1592 3717 “
1754 3715 1774 3717 “

2064 3736 2330 3791 roluerint
2394 3737 2772 3790 secessionem
2800 3751 3022 3805 parare,
3055 3734 3233 3789 nolite
3264 3748 3555 3804 spernere,
3588 3746 3659 3787 ne

241 3822 558 3875 Anastasius
595 3826 886 3891 Augustus
913 3823 1450 3893 Hormisda'papa.
1959 3827 2249 3896 judicetur
2277 3840 2310 3878 a
2350 3825 2508 3877 laicis
2540 3825 2759 3878 nullam
2806 3840 2905 3877 vos
2937 3839 3066 3877 cum
3116 3822 3228 3876 illis
3268 3822 3411 3876 velle
3451 3819 3659 3875 habere

246 3908 511 3963 Omnibus
566 3911 813 3979 negotiis
856 3910 1062 3965 divina
1094 3928 1185 3964 res
1234 3912 1631 3982 praeponenda
1676 3917 1807 3967 sunt
1840 3929 1853 3967 :
1966 3914 2350 3968 concordiam.
2396 3913 2451 3967 Si
2484 3929 2615 3967 vero
2640 3929 2739 3966 vos
2770 3912 2842 3966 ad
2882 3911 3204 3966 convivium
3238 3926 3442 3982 rogare
3473 3908 3661 3963 volue-

185 3994 284 4049 Deo
314 3999 523 4052 etenim
569 4000 996 4069 omnipotente,
1046 4001 1318 4071 propitio,
1355 4001 1771 4071 rempublicam
1803 4007 1861 4057 et
1967 4002 2101 4068 rint,
2152 4002 2363 4056 blanda
2416 4002 2777 4056 excusatione
2836 4018 2931 4055 eos
2989 4001 3290 4068 declinate,
3352 3999 3657 4054 dicentes:

186 4089 609 4141 conservandam
633 4093 687 4141 et
720 4089 1135 4143 meliorandam
1168 4106 1288 4143 esse
1321 4090 1681 4144 conﬁdimus.
1715 4092 1860 4156 Quia
1968 4094 2157 4157 Orate,
2195 4096 2256 4145 ut
2293 4090 2543 4161 primum
2580 4090 2877 4161 mysticam
2931 4090 3087 4144 illam
3123 4105 3381 4143 mensam
3431 4103 3657 4142 merea-

186 4171 331 4242 igitur
357 4176 751 4229 dubitationes
794 4178 1054 4247 quadam
1102 4179 1169 4231 de
1211 4179 1525 4233 orthodoxa
1577 4180 1856 4249 religione
1969 4197 2098 4234 mur
2128 4181 2338 4235 habere
2368 4196 2758 4245 communem,
2784 4183 2839 4233 et
2859 4183 2997 4232 tunc
3013 4178 3122 4232 erit
3139 4177 3306 4231 nobis
3331 4177 3658 4245 istajucun-

185 4260 235 4314 in
262 4262 489 4334 Scythia
521 4266 788 4336 partibus
818 4267 1087 4320 videntur
1117 4284 1237 4321 esse
1278 4272 1596 4335 commota,
1633 4269 1687 4322 id
1722 4286 1855 4340 spe-
1894 4287 1937 4339 Ι)
1970 4270 2116 4324 dior.
2152 4270 2428 4324 Victualia
2472 4286 2605 4323 vero
2647 4274 2704 4322 et
2760 4285 2889 4339 qua
2938 4267 3048 4321 alia
3096 4266 3301 4321 oﬁ‘erre
3350 4263 3656 4328 voluerint,

200 4349 392 4405 c'aliler
430 4354 759 4409 clementia
803 4360 1009 4409 nostra
1031 4357 1265 4426 placuit,
1304 4362 1365 4411 ut
1387 4357 1703 4411 venerabiis
1772 4376 1860 4430 sy-
1975 4364 2213 4429 excepta
2238 4363 2430 4413 tamen
2476 4358 2863 4426 subvectione,
2896 4356 2943 4410 si
2972 4372 3139 4411 causa
3166 4354 3451 4426 poposcit,
3484 4352 3662 4408 nolite

190 4440 341 4493 nodus
386 4443 442 4496 in
494 4443 915 4499 Heracleotana
967 4445 1194 4499 civitate
1254 4446 1567 4516 provincia
1613 4449 1854 4518 Europa
1970 4449 2258 4518 suscipere
2303 4447 2447 4502 :sed
2477 4448 2687 4509 .,taliter
2714 4448 3001 4510 excusate,
3034 4444 3173 4498 nihil
3226 4444 3422 4497 deesse
3472 4441 3661 4497 dicen-

187 4528 493 4595 celebretur,
524 4538 814 4603 quatenus
842 4535 1322 4589 concordantibus
1354 4536 1593 4599 animis,
1618 4541 1673 4590 et
1702 4538 1860 4591 omni
1972 4544 2071 4601 tes,
2098 4541 2391 4606 sperantes
2415 4536 2587 4589 etiam
2620 4540 2683 4589 ut
2712 4535 2936 4588 animos
2964 4550 3095 4587 suos
3142 4531 3304 4586 vobis
3347 4545 3660 4586 accommo-

185 4618 387 4672 veritate
417 4620 680 4675 discussa
723 4639 856 4675 vera
890 4624 1033 4677 ﬁdes
1078 4630 1277 4678 nostra
1319 4626 1476 4678 omni
1509 4626 1632 4679 orbi
1684 4632 1862 4680 terra-
1970 4626 2122 4691 dent,
2157 4625 2253 4679 ubi
2286 4629 2419 4677 sunt
2458 4625 2609 4678 dona
2642 4629 2698 4679 et
2745 4623 2979 4689 divitia,
3012 4626 3069 4676 et
3117 4621 3320 4675 caritas
3350 4625 3408 4675 et
3454 4620 3658 4682 unitas,

182 4716 290 4757 rum
320 4709 682 4763 manifestius
722 4710 1066 4776 innotescat,
1103 4718 1163 4766 ut
1193 4713 1461 4783 deinceps
1495 4715 1652 4768 nulla
1684 4716 1861 4785 possit
1971 4722 2027 4769 et
2058 4714 2337 4786 quidquid
2369 4713 2440 4767 ad
2472 4714 2749 4784 gaudium
2782 4712 3118 4783 religiosum
3136 4714 3356 4765 certum
3388 4713 3474 4764 est
3493 4710 3662 4780 perﬁ-

188 4808 286 4846 esse
327 4796 635 4863 dubitatio,
688 4801 777 4853 vel
828 4801 1128 4855 discordia.
1182 4802 1543 4873 Quapropter
1591 4803 1862 4859 sanctitas
1970 4820 2127 4858 nere.

182 4884 264 4934 tua
286 4899 408 4938 cum
429 4887 648 4957 quibus
671 4888 776 4941 sibi
812 4890 1094 4959 placuerit
1124 4892 1612 4945 reverendissimis
1645 4891 1862 4962 episco-
2041 4896 2182 4949 Cum
2215 4892 2322 4946 ista
2361 4891 2743 4958 ordinatione,
2791 4892 2905 4945 Deo
2939 4890 3214 4962 prOpitio,
3256 4887 3661 4944 Constantino-

188 4970 277 5038 pis,
308 4976 458 5043 quod
495 4978 567 5029 de
614 4977 870 5031 Ecclesiis
918 4979 1024 5032 sub
1071 4980 1159 5032 sui
1205 4979 1506 5039 sacerdotii
1555 4996 1689 5033 cura
1720 4997 1863 5033 con—
1969 4983 2147 5053 polim
2206 4981 2625 5053 pervenientes,
2681 4980 2762 5033 ibi
2832 4980 3099 5040 secedite.
3153 4979 3253 5033 ubi
3310 4976 3663 5033 ordinaverit

187 5057 369 5113 stitutis
392 5062 639 5117 idoneos
678 5070 735 5118 et
772 5066 1078 5120 instructos
1130 5083 1265 5137 erga
1300 5067 1683 5121 orthodoxam
1734 5068 1863 5121 reli-
1970 5070 2447 5126 clementissimus
2477 5070 2819 5140 imperator:
2846 5074 2901 5124 et
2930 5073 3237 5140 antequam
3260 5067 3451 5138 ipsum
3472 5066 3663 5120 videa—

244 5203 535 5285 ‘Quatuor
568 5209 788 5285 legatos
816 5210 872 5263 in
906 5212 1457 5285 sequentisindiculi
1488 5213 1862 5283 inscriptione
1972 5216 2238 5285 majestas
2270 5214 2418 5268 sedis
2467 5214 2797 5283 apostolica
2848 5214 3177 5268 eluderetur
3217 5212 3295 5285 ab;
3330 5212 3477 5285 ipso,
3525 5211 3662 5265 dum

186 5279 486 5354 nominatos
547 5279 722 5354 misit,
763 5298 893 5354 Anon
945 5279 1025 5354 ad
1078 5284 1383 5337 concilium
1428 5279 1859 5354 celebrandum,
1970 5279 2087 5339 non
2108 5286 2176 5339 ad
2201 5286 2373 5339 ﬁdem
2397 5279 2732 5339 catholicam
2757 5285 3181 5350 stabiliendam,
3206 5283 3300 5336 sed
3324 5279 3393 5335 ad
3416 5297 3661 5354 regnum

189 5344 512 5427 sed-tantum
543 5350 619 5403 ad
650 5352 1061 5427 explorandum
1084 5371 1195 5424 qua
1229 5356 1549 5427 intentione
1572 5344 1858 5426 synodum
1971 5357 2451 5423 conﬁrmandum,
2478 5358 2940 5427 Vitalianumqne
2964 5344 3336 5427 avertendum
3368 5344 3663 5427 pontiﬁcia

190 5412 310 5497 ﬁeri
334 5412 807 5497 postulassetfan
842 5424 1012 5497 ﬁdem
1046 5412 1402 5491 catholicam,
1438 5412 1862 5497 proutvpromi-
1971 5430 2306 5481 auctoritate
2340 5412 2691 5482 abuteretur.
2729 5412 2989 5492 Quo‘nam
3023 5412 3658 5497 modoqapudimpera—

192 5492 663 5573 feratpproﬁteri,
681 5494 981 5573 epistolam
1022 5497 1203 5573 sancti
1236 5492 1454 5553 Leonis'
1480 5492 1760 5573 recipere,
1803 5504 1860 5553 et
1973 5505 2159 5554 torem
2191 5515 2248 5573 se
2272 5516 2469 5573 gerere
2501 5500 2794 5561 deberent,
2832 5514 3075 5569 sequens
3106 5492 3389 5549 indiculus
3420 5501 3476 5550 et
3506 5512 3661 5550 com-

192 5554 463 5613 haareticos
509 5554 995 5621 anatbe‘matizare
1034 5572 1266 5636 paratus
1314 5573 1486 5639 esset;
1523 5554 1609 5623 ne.
1648 5554 1859 5624 scilicet
1973 5554 2355 5625 monitoridm
2385 5571 2578 5626 refert.
2606 5572 2730 5627 Ssv.
2768 5554 2972 5625 Simus.
