4038 6170
330 306 439 360 375

341 539 485 595 quos
513 522 695 593 pietas
726 523 848 592 ejus
870 523 1112 577 miserit.
1150 524 1357 577 Postea
1383 528 1576 577 tamen
1616 540 1788 595 quam
1820 524 2029 596 princi-

336 628 473 683 pem
501 610 772 678 videritis,
806 613 852 664 si
883 612 981 682 qui
1017 612 1321 665 orthodoxi
1354 618 1411 665 et
1441 617 1648 666 nostrae
1677 614 2033 668 communio-

339 701 450 767 nis,
478 705 578 755 aut
607 701 795 754 zelum
812 700 1089 753 habentes
1116 700 1348 754 unitatis
1374 718 1469 754 vos
1503 701 1694 756 videre
1729 703 2029 771 voluerint,

341 805 438 844 eos
469 789 575 843 sub
624 789 781 842 omni
828 789 1048 842 cautela
1097 788 1400 858 suscipite;
1453 806 1556 859 per
1601 806 1748 861 quos
1785 792 1931 845 forte
1976 798 2033 845 et

340 878 478 948 quid
504 877 690 949 agitur
722 877 1151 947 deprehendere
1173 878 1449 946 poteritis.
1480 880 1814 933 Praesentati
1838 880 2031 950 itaque

342 964 672 1037 imperatori
718 966 935 1019 litteras
976 966 1251 1035 porrigite
1302 982 1432 1020 cum
1489 967 1590 1019 tali
1638 969 2029 1023 allocutione:

345 1056 563 1111 Salutat
587 1070 681 1107 vos
711 1062 871 1124 pater
899 1059 1122 1124 vester;
1167 1055 1348 1107 Deum
1396 1056 1650 1125 quotidie
1691 1073 1920 1127 rogans,
1980 1063 2037 1112 et

340 1142 850 1199 intercessionibus
925 1146 1253 1197 sanctorum
1321 1145 1711 1214 apostolorum
1770 1147 1922 1200 Petri
1979 1152 2033 1200 et

345 1233 506 1289 Pauli
552 1239 804 1287 vestrum
851 1247 1097 1302 regnum
1135 1234 1568 1297 commendans,
1620 1240 1681 1287 ut
1731 1237 1896 1301 Deus,
1937 1236 2039 1306 qui

343 1323 505 1377 vobis
536 1323 649 1377 tale
692 1320 1046 1376 desiderium
1078 1321 1252 1387 dedit,
1300 1326 1365 1375 ut
1412 1339 1515 1392 pro
1559 1339 1729 1377 causa
1780 1325 2037 1379 Ecclesia:

345 1411 520 1466 mittit
537 1412 902 1465 etconsulere
936 1410 1356 1465 beatitudinem
1387 1412 1568 1482 ipsius
1588 1413 1895 1483 eligeretis,
1914 1415 2037 1485 ipse

347 1505 404 1555 et
432 1500 845 1571 perfectionem
879 1499 1095 1553 tribuat
1134 1500 1464 1555 voluntatis.

356 1578 357 1581 η
417 1590 487 1644 Et
524 1589 568 1642 si
600 1588 863 1654 voluerit,
921 1593 1230 1659 antequam
1266 1589 1488 1644 chartas
1537 1590 1828 1662 suscipiat,
1878 1592 2038 1645 ordi-

350 1694 485 1733 nem
514 1677 817 1748 legationis
847 1693 1177 1747 agnoscere,
1206 1678 1295 1731 his
1318 1680 1503 1733 verbis
1533 1679 1762 1735 utimini
1791 1698 1802 1735 :
1838 1682 2039 1735 Jubete

1774 304 2149 361 HORMlSD/E
2187 305 2383 360 PAPE

334 433 430 501 tis,
457 432 601 488 nulli
654 432 800 488 detis
856 434 928 488 ad
984 450 1079 488 vos
1128 434 1394 489 veniendi
1438 434 1748 501 licentiam,
1809 439 2016 506 praeter
2054 439 2100 490 A
2131 435 2405 506 spondete

3729 314 3824 365 376

2456 453 2469 491 :
2526 439 2595 492 Ut
2639 438 2886 509 synodus
2927 438 3404 493 Chalcedonensis
3455 444 3511 492 et
3568 439 3826 509 epistola:

2137 525 2317 579 sancti
2350 526 2553 580 Leonis
2581 542 2744 597 papae
2775 543 2901 597 qua:
2933 527 3157 598 scripta
3189 532 3324 580 sunt
3374 533 3568 581 contra
3600 528 3824 582 haereti-

2138 629 2231 666 cos
2254 614 2578 668 Nestorium
2610 621 2664 667 et
2696 615 3062 685 Eutychetem
3093 621 3147 669 et
3181 616 3536 681 Dioscorum,
3587 617 3829 669 nullate-

2138 718 2248 756 nus
2295 707 2758 773 corrumpantur.
2805 704 2864 759 Si
2902 704 3137 759 dixerit:
3189 706 3301 759 Nos
3345 705 3627 774 synodum
3676 704 3830 761 Chal-

2140 792 2524 846 cedonensem
2555 798 2610 846 et
2641 793 3085 864 epistolaspapae
3118 793 3321 847 Leonis
3348 798 3402 847 et
3435 794 3756 864 recepimus
3780 799 3833 847 et

2142 886 2420 935 tenemus.
2456 883 2563 935 Vos
2594 898 2724 935 mox
2767 882 2980 952 gratias
3007 883 3177 953 agite,
3213 888 3268 937 et
3297 886 3494 952 pectus
3517 885 3641 954 ejus
3675 899 3834 936 oscu-

2142 970 2363 1037 lamini,
2430 970 2740 1025 dicentes:
2818 971 2980 1026 Modo
3026 971 3401 1041 cognovimus
3460 973 3639 1026 Deum
3714 987 3833 1025 esse

2144 1059 2302 1113 vobis
2332 1060 2672 1130 propitium,
2706 1060 2933 1130 quando
2964 1060 3149 1114 facere
3179 1060 3315 1113 talia
3344 1059 3625 1113 festinatis
3657 1074 3670 1113 :
3705 1060 3834 1131 quia

2142 1148 2251 1202 ista
2283 1154 2369 1201 est
2398 1148 2540 1202 ﬁdes
2570 1148 2868 1214 catholica,
2910 1148 3018 1202 ista
3065 1152 3148 1201 est
3179 1164 3351 1217 quam
3383 1148 3836 1217 praedicaverunt

2145 1235 2405 1304 apostoli,
2454 1237 2574 1290 sine
2630 1253 2743 1307 qua
2808 1238 3000 1290 nullus
3043 1243 3232 1307 potest
3281 1253 3401 1291 esse
3450 1238 3834 1292 orthodoxus:

2144 1324 2314 1379 istam
2346 1325 2511 1379 debet
2532 1327 2890 1380 sacerdotum
2918 1326 3267 1395 generalitas
3298 1331 3510 1392 tenere,
3549 1330 3605 1379 et
3637 1326 3837 1396 praedi-

2146 1415 2328 1468 cando
2359 1431 2604 1469 servare.

2219 1504 2276 1557 Si
2297 1504 2500 1557 dixerit
2533 1521 2544 1557 :
2571 1504 2883 1558 Orthodoxi
2915 1509 3047 1558 sunt
3076 1503 3327 1574 episcopi
3361 1519 3374 1557 :
3416 1503 3485 1557 de
3517 1504 3836 1558 constitutis

2148 1593 2381 1645 Patrum
2414 1608 2528 1645 non
2562 1593 2851 1647 recedunt.
2900 1592 3341 1663 Respondebitis
3375 1608 3387 1645 :
3434 1593 3582 1663 Ergo
3633 1593 3680 1645 si
3718 1609 3838 1646 con-

2154 1681 2348 1734 stituta
2387 1682 2623 1735 Patrum
2675 1686 2991 1746 servantur,
3045 1686 3097 1735 et
3144 1680 3203 1734 in
3255 1682 3411 1734 nullo
3457 1683 3841 1751 corrumpitur

351 1745 906 1838 scripta'suscipere:
946 1767 1003 1821 Si
1034 1767 1243 1821 dixerit
1275 1784 1287 1822 :
1332 1768 1476 1833 Quid
1535 1769 1750 1824 habent
1791 1771 2044 1825 chartae?
2088 1745 2127 1797 Β
2156 1768 2309 1839 quod
2339 1768 2399 1821 in
2422 1775 2615 1823 sancta
2646 1745 3096 1823 Chalcedonensi
3134 1769 3353 1839 synodo
3385 1745 3837 1830 ﬁrmatumest;

354 1856 720 1927 Respondete
754 1872 768 1909 :
800 1856 1020 1910 Salutes
1054 1857 1124 1911 ad
1156 1856 1429 1927 pietatem
1452 1863 1693 1912 vestram
1726 1859 2042 1927 continent,

356 1950 413 1999 et
444 1945 560 1999 Deo
592 1944 807 2015 gratias
846 1950 1043 2015 agunt,
1095 1946 1249 2015 quod
1285 1963 1379 1999 vos
1411 1948 1681 2001 sollicitos
1725 1949 1793 2003 de
1829 1950 2047 2005 unitate

356 2039 711 2104 cognoscunt
757 2035 1015 2088 Ecclesiae
1051 2052 1062 2089 :
1100 2035 1292 2105 legite,
1342 2041 1399 2090 et
1444 2040 1781 2107 agnoscetis.
1829 2040 1894 2091 Et
1924 2039 2050 2093 nul-

355 2122 466 2177 lius
510 2138 696 2177 causa:
745 2124 1101 2178 mentionem
1159 2126 1387 2195 penitus
1443 2126 1688 2192 faciatis,
1737 2127 1847 2180 nisi
1891 2127 2050 2198 prius

359 2216 604 2282 acceptae
631 2212 834 2265 litterae
865 2212 1217 2282 relegantur.
1255 2215 1318 2268 Et
1350 2219 1478 2284 post
1510 2222 1800 2285 susceptas
1832 2216 2050 2271 litteras

360 2304 417 2354 et
446 2300 707 2367 relectas,
740 2300 967 2371 adjicite
1001 2319 1013 2356 :
1044 2303 1182 2356 Nam
1214 2308 1270 2356 et
1301 2304 1372 2357 ad
1395 2304 1740 2359 Vitalianum
1768 2305 2053 2361 famulum

361 2392 615 2443 vestrum
668 2389 825 2443 misit
866 2388 1080 2443 litteras
1130 2391 1229 2460 qui
1274 2396 1502 2462 accepta
1540 2409 1572 2446 a
1610 2394 1820 2463 pietate
1870 2399 2056 2449 vestra

364 2477 537 2549 (sicut
566 2477 686 2549 ipse
709 2477 954 2549 scripsit)
987 2479 1237 2546 licentia,
1270 2496 1399 2534 suos
1431 2481 1501 2535 ad
1549 2488 1768 2550 patrem
1804 2487 2056 2537 vestrum

364 2570 623 2620 sanctum
659 2582 865 2638 papam
893 2568 1156 2621 homines
1184 2569 1508 2623 destinavit.
1534 2570 1640 2624 Sed
1672 2571 1807 2642 quia
1831 2572 2057 2641 justum

366 2659 489 2710 erat
538 2660 602 2709 ut
634 2656 797 2726 prius
831 2657 900 2711 ad
928 2657 1295 2711 clementiam
1332 2664 1574 2712 vestram
1605 2659 1897 2729 dirigeret,
1951 2662 2059 2715 hoc

365 2745 517 2814 fecit,
572 2749 635 2799 ut
684 2745 844 2799 vobis
895 2746 1233 2815 jubentibus
1285 2752 1455 2819 atque
1509 2749 1926 2823 ordinantibus,
1988 2751 2056 2805 ad

369 2850 501 2889 eum
523 2833 753 2904 scripta,
779 2851 908 2905 quae
930 2835 1262 2902 detulimus,
1284 2838 1395 2890 Deo
1410 2837 1659 2908 propitio
1684 2839 2057 2909 perferamus.

441 2923 496 2979 Si
527 2924 839 2994 imperator
865 2924 1097 2994 petierit
1146 2926 1414 2995 epistolas
1446 2944 1479 2980 a
1523 2927 1684 2981 nobis
1726 2927 1795 2981 ad
1829 2928 2060 2982 Vitalia-

371 3028 510 3067 num
542 3012 803 3078 directas,
846 3011 925 3067 sic
953 3014 1422 3083 respondendum
1455 3018 1575 3069 est:
1617 3016 1737 3069 Non
1759 3014 1867 3069 hoc
1896 3016 2062 3070 nobis

368 3105 534 3171 pater
556 3105 743 3154 vester
787 3106 1014 3155 sanctus
1056 3118 1203 3172 papa
1252 3104 1571 3174 praecepit:
1629 3120 1733 3157 nec
1780 3105 1901 3158 sine
1939 3105 2062 3176 jus-

373 3190 532 3242 sione
559 3188 711 3241 illius
743 3189 957 3259 aliquid
988 3206 1291 3259 possumus
1326 3192 1527 3245 facere.
1571 3194 1781 3245 Tamen
1822 3198 1885 3246 ut
1922 3194 2062 3247 scia-

372 3277 443 3330 tis
477 3276 906 3346 simplicitatem
948 3279 1288 3344 litterarum,
1326 3281 1461 3350 quia
1494 3281 1634 3333 nihil
1666 3281 1821 3335 aliud
1852 3282 2066 3335 habent

372 3364 484 3418 nisi
514 3380 709 3434 preces
748 3366 818 3417 ad
865 3365 1138 3435 pietatem
1180 3373 1424 3420 vestram
1459 3367 1723 3434 directas,
1748 3374 1809 3421 ut
1840 3386 2062 3424 accom-

377 3453 619 3508 modetis
648 3454 908 3507 animum
940 3460 1189 3508 vestrum
1223 3471 1327 3525 pro
1364 3457 1580 3510 unitate
1614 3444 1870 3511 Ecclesiae
1903 3459 2067 3529 ;jun-

377 3542 492 3613 gite
526 3541 819 3595 nobiscum
875 3558 1201 3611 personam,
1255 3560 1369 3614 qua
1422 3550 1701 3613 praesente
1762 3546 1981 3600 traditae
2034 3564 2068 3601 a

375 3629 539 3685 nobis
589 3631 792 3684 litteras
832 3631 1179 3701 relegantur.
1232 3632 1290 3686 Si
1331 3649 1461 3686 vero
1506 3633 1708 3688 dixerit
1752 3638 2068 3705 imperator

378 3738 471 3776 eas
501 3738 562 3776 se
606 3721 816 3776 debere
864 3723 1075 3792 legere,
1138 3723 1554 3793 respondebitis
1589 3740 1600 3777 :
1648 3726 1765 3795 jam
1805 3742 1903 3779 vos
1934 3741 2067 3795 sug-

380 3811 645 3883 gessisse,
680 3812 897 3882 iussum
932 3828 1047 3866 non
1078 3812 1250 3867 fuisse
1283 3830 1312 3865 a
1353 3819 1545 3867 sancto
1590 3831 1754 3884 papa.
1812 3814 1872 3869 Si
1914 3815 2071 3868 dixe-

380 3899 456 3953 rit
486 3915 498 3953 :
534 3900 645 3953 Hoc
677 3905 901 3953 tantum
925 3904 1007 3952 est
1024 3901 1175 3971 quod
1208 3900 1265 3954 in
1299 3901 1499 3954 litteris
1533 3901 1858 3955 continetur
1889 3919 1900 3957 :
1936 3918 2069 3972 pos-

379 3992 513 4041 sunt
544 3987 697 4041 enim
734 3993 790 4041 et
821 3987 1102 4041 mandatis
1146 3988 1258 4042 alia
1289 3988 1564 4042 nuntiari.
1591 3991 1743 4044 Tunc
1772 3992 2072 4061 responde-

379 4076 513 4131 bitis
554 4093 567 4131 :
592 4077 752 4132 Absit
777 4092 811 4131 a
839 4077 1186 4131 conscientia
1206 4083 1399 4131 nostra
1432 4094 1443 4131 :
1473 4078 1645 4132 Nobis
1675 4095 1789 4132 non
1820 4085 1905 4133 est
1941 4096 2071 4135 con-

380 4167 622 4221 suetudo
658 4183 669 4220 :
723 4167 832 4221 Nos
875 4182 980 4237 pro
1028 4166 1127 4220 Dei
1167 4183 1336 4220 causa
1375 4168 1651 4232 venimus,
1710 4174 1766 4222 et
1796 4169 1856 4222 in
1889 4171 2071 4223 Deum

379 4256 743 4323 commissuri
773 4255 1008 4309 sumus?
1048 4255 1297 4326 Simplex
1328 4260 1411 4309 est
1441 4257 1615 4310 sancti
1651 4273 1816 4328 papa:
1837 4260 2068 4328 .egatio,

381 4348 438 4400 et
467 4344 733 4400 omnibus
782 4349 915 4397 nota
958 4343 1081 4413 ipsa
1126 4345 1249 4413 ejus
1293 4344 1508 4414 petitio,
1558 4345 1696 4415 ipsa:
1743 4363 1937 4417 preces
1972 4352 2071 4400 :ut

380 4436 688 4489 constituta
709 4436 941 4489 Patrum
973 4449 1087 4487 non
1110 4440 1557 4503 corrumpantur
1583 4453 1594 4488 :
1626 4440 1687 4490 ut
1718 4437 1974 4490 haeretici
2002 4436 2071 4491 de

384 4523 641 4577 Ecclesiis
701 4526 1101 4576 removeantur
1138 4536 1150 4574 :
1192 4526 1401 4591 praeter
1445 4522 1571 4588 ista,
1623 4523 1834 4593 legatio
1881 4530 2076 4579 nostra

381 4609 526 4665 nihil
556 4610 826 4665 continet.

455 4698 514 4754 Si
534 4698 768 4754 dixerit:
803 4698 937 4752 Inde
960 4698 1102 4753 etad
1123 4698 1655 4768 synoduminvitavi
1686 4706 1941 4755 sanctum
1973 4718 2073 4773 pa-

384 4803 537 4856 pam,
574 4792 638 4841 ut
669 4788 715 4840 si
756 4787 893 4858 quid
928 4792 1014 4841 est
1070 4788 1428 4858 ambiguum,
1483 4789 1719 4842 tollatur
1760 4790 1828 4844 de
1860 4792 2068 4845 medio.

386 4875 872 4945 Respondendum
905 4881 989 4930 est
1018 4893 1030 4929 :
1057 4876 1295 4946 Agimus
1325 4878 1438 4931 Deo
1461 4878 1694 4948 gratias,
1728 4884 1781 4932 et
1808 4880 2076 4949 petitioni

384 4964 488 5035 (al.
525 4964 745 5037 pietati)
799 4970 1019 5032 vestrae,
1054 4966 1189 5037 quia
1210 4966 1364 5020 hunc
1406 4984 1504 5020 vos
1548 4968 1813 5021 aifectum
1857 4974 1913 5022 et
1957 4970 2077 5023 ani-

384 5070 545 5108 mum
576 5054 786 5107 habere
812 5055 1227 5122 cognoscimus,
1253 5060 1317 5108 ut
1350 5071 1415 5108 ea
1446 5072 1575 5125 qua:
1604 5074 1634 5108 a
1664 5055 1925 5109 Patribus
1947 5072 2077 5110 con-

386 5142 586 5197 stituta
646 5146 777 5195 sunt
807 5142 1149 5212 generalitas
1181 5148 1412 5196 servet:
1461 5143 1595 5213 quia
1647 5149 1781 5197 tunc
1831 5160 1961 5197 vera
2019 5150 2077 5198 et

386 5237 578 5287 sancta
612 5232 802 5286 unitas
832 5234 1020 5301 potest
1067 5246 1187 5284 esse
1238 5230 1386 5285 inter
1432 5232 1705 5285 Ecclesias
1758 5231 1994 5300 Christi,
2027 5234 2075 5287 si

388 5321 499 5375 Deo
525 5320 851 5391 adjuvante,
894 5318 1001 5373 hoc
1048 5318 1199 5389 quod
1241 5318 1689 5389 praadecessores
1723 5320 1888 5373 vestri
1932 5322 2073 5374 Mar-

382 5410 580 5465 cianus
621 5416 679 5465 et
727 5412 837 5465 Leo
884 5409 1300 5476 custodierunt,
1334 5409 1622 5478 elegeritis
1671 5426 1791 5463 esse
1848 5424 2076 5463 servan-

382 5498 541 5553 dum.
574 5498 632 5555 Si
652 5499 746 5554 ille
777 5499 980 5554 dixerit
1012 5515 1024 5553 :
1068 5499 1205 5563 Quae
1228 5503 1360 5553 sunt
1398 5498 1506 5551 ista
1535 5513 1663 5568 quae
1694 5497 1921 5551 dicitis?
1956 5499 2073 5553 Re-

455 5646 533 5717 (a)
568 5646 709 5702 Edit.
744 5646 928 5709 Rom.,
952 5641 1452 5716 persequulionem
1484 5642 1677 5703 facere
1696 5640 1768 5695 ab
1806 5657 1870 5695 eo
1885 5646 1910 5695 Ξ)

2155 1874 2283 1927 qua:
2324 1874 2491 1910 causa
2541 1863 2641 1921 est,
2682 1863 2905 1911 tantum
2942 1858 3089 1911 inter
3119 1858 3392 1911 Ecclesias
3437 1858 3690 1928 partium
3718 1859 3837 1911 ista-

2156 1961 2289 1999 rum
2331 1962 2451 2000 esse
2506 1946 2839 2000 discordiae?
2890 1947 2984 1999 Vel
3033 1962 3159 2016 quae
3216 1962 3385 1999 causa
3430 1946 3584 2012 facit,
3636 1948 3696 1999 in
3739 1961 3841 1999 uno

2159 2035 2408 2090 Orientis
2434 2035 2727 2106 episcopos
2754 2051 2871 2089 non
2890 2034 3255 2088 consentire?
3281 2035 3336 2089 Si
3375 2035 3583 2089 dixerit
3616 2051 3628 2089 :
3662 2036 3839 2099 Quieti

2159 2128 2322 2176 erant
2364 2124 2636 2193 episcopi,
2683 2125 2842 2177 nulla
2882 2124 3030 2177 inter
3078 2124 3233 2193 ipsos
3274 2124 3559 2178 discordia
3592 2125 3841 2177 versaba-

2161 2218 2253 2267 tur
2291 2229 2303 2267 :
2346 2213 2726 2283 praedecessor
2757 2213 2939 2265 sancti
2982 2229 3143 2282 papae
3177 2213 3399 2266 animos
3427 2229 3631 2266 eorum
3670 2212 3842 2266 missis

2161 2301 2364 2355 litteris
2394 2301 2673 2368 excitavit,
2711 2306 2767 2354 et
2786 2302 2857 2354 ad
2887 2299 3285 2354 confusionem
3328 2300 3693 2353 excitandam
3722 2314 3840 2369 per-

2163 2389 2337 2443 duxit.
2375 2390 2859 2459 Respondendum
2891 2405 2902 2442 :
2940 2389 3173 2442 Litteras
3214 2404 3355 2458 quas
3394 2395 3605 2441 sanctae
3644 2404 3841 2441 memo-

2162 2479 2264 2532 riae
2294 2479 2667 2550 Symmachus
2707 2478 3029 2543 destinavit,
3080 2493 3199 2548 prae
3245 2477 3509 2531 manibus
3552 2479 3839 2532 habemus.

2164 2566 2222 2621 Si
2253 2573 2412 2620 extra
2441 2567 2565 2621 haec
2592 2583 2720 2637 quae
2769 2567 2949 2637 pietas
2994 2572 3177 2619 vestra
3209 2565 3373 2633 dixit,
3406 2567 3511 2620 hoc
3541 2573 3649 2633 est,
3690 2566 3844 2620 Chal-

2166 2656 2485 2710 cedonensc
2516 2656 2823 2709 concilium
2854 2671 3081 2725 sequor,
3123 2654 3395 2724 epistolas
3445 2671 3611 2726 papa:
3660 2654 3843 2709 Leonis

2167 2744 2428 2812 admitto,
2461 2744 2615 2798 aliud
2645 2743 3035 2814 nequidquam
3060 2743 3360 2796 continent
3386 2742 3495 2795 nisi
3512 2744 3842 2797 exhortatio-

2172 2850 2306 2887 nem
2346 2840 2409 2887 ut
2454 2833 2564 2901 ista
2600 2837 2927 2899 serventur;
2986 2832 3281 2902 quomodo
3330 2847 3529 2886 verum
3578 2837 3665 2886 est
3708 2831 3841 2903 quod

2170 2940 2273 2993 per
2301 2923 2489 2993 ipsum
2522 2927 2603 2975 est
2628 2927 2897 2992 generata
2926 2920 3226 2975 confusio?
3271 2923 3342 2974 At
3375 2920 3420 2973 si
3467 2922 3574 2974 hoc
3604 2922 3843 2974 contine-

2103 3051 2143 3105 Ο
2172 3018 2267 3067 tur
2295 3013 2356 3066 in
2392 3011 2618 3078 litteris,
2650 3011 2804 3081 quod
2844 3016 2899 3063 et
2926 3016 3089 3080 pater
3125 3015 3310 3063 vester
3342 3015 3552 3079 sperat,
3587 3017 3645 3063 et
3684 3010 3846 3080 pietas

2174 3107 2360 3156 vestra
2387 3101 2699 3165 consentit;
2750 3099 2890 3170 quid
2934 3100 3030 3152 ille
3074 3098 3242 3151 fecit?
3298 3098 3435 3169 quid
3494 3100 3654 3152 enim
3697 3098 3752 3152 in
3788 3114 3846 3150 eo

2172 3191 2431 3245 videatur
2457 3207 2577 3243 esse
2607 3188 2928 3259 culpabile?
2964 3189 3058 3241 His
3094 3188 3323 3257 adjicite
3362 3204 3559 3257 preces
3592 3194 3650 3241 et
3683 3188 3844 3254 lacry-

2173 3296 2296 3333 mas
2348 3295 2361 3333 :
2406 3284 2670 3349 rogantes
2732 3295 2743 3331 :
2805 3278 3043 3331 Domine
3104 3276 3438 3346 imperator,
3505 3277 3847 3330 considerate

2175 3370 2403 3423 Deum:
2468 3369 2660 3439 ponite
2715 3373 2845 3420 ante
2893 3368 3083 3420 oculos
3138 3372 3350 3419 vestros
3417 3366 3683 3419 futurum
3738 3365 3844 3433 ejus

2168 3458 2473 3528 judicium.
2509 3458 2698 3512 Sancti
2725 3459 2941 3521 Patres,
2974 3456 3074 3525 qui
3098 3455 3205 3507 ista
3235 3454 3682 3520 constituerunt,
3714 3454 3844 3507 beati

2175 3547 2416 3616 apostoli
2452 3547 2624 3599 tidem
2668 3546 2845 3600 secuti
2888 3552 3042 3610 sunt,
3087 3559 3190 3613 per
3242 3559 3414 3613 quam
3457 3543 3736 3597 aediﬁcata
3781 3548 3851 3595 eet

2178 3635 2424 3688 Ecclesia
2450 3634 2680 3689 Christi.

2248 3723 2305 3777 Si
2352 3724 2666 3792 imperator
2717 3723 2964 3777 dixerit:
3014 3721 3177 3785 Quod
3235 3737 3327 3775 me
3386 3721 3556 3774 vultis
3616 3722 3704 3792 (a)
3766 3734 3853 3789 per

2178 3812 2527 3866 locutionem
2559 3813 3056 3882 (prosecutionem,
3102 3826 3203 3880 per
3250 3810 3611 3879 solutionem)
3662 3811 3848 3867 facere.

2180 3902 2383 3956 habete
2416 3918 2429 3955 :
2463 3904 2597 3956 Ecce
2628 3902 3223 3966 mihicommunicate,
3258 3901 3358 3969 qui
3389 3901 3675 3969 synodum
3707 3898 3851 3953 Chal-

2178 3992 2557 4046 cedonensem
2603 3991 2831 4060 recipio,
2888 3995 2943 4043 et
2970 3990 3239 4060 epistolas
3290 4004 3451 4059 papae
3486 3988 3693 4042 Leonis
3743 4002 3850 4039 aui-

2178 4083 2437 4151 plector:
2482 4082 2639 4134 Nunc
2688 4079 3104 4133 communicate
3158 4080 3316 4132 mihi.
3391 4077 3851 4147 Respondenduni

2181 4174 2265 4225 est
2302 4187 2313 4224 :
2345 4173 2465 4235 Quo
2498 4171 2697 4224 ordine
2752 4170 2930 4240 pietas
2976 4175 3158 4222 vestra
3195 4167 3604 4221 communicari
3643 4167 3747 4220 sibi
3774 4165 3855 4218 dc-

2181 4260 2428 4314 siderat?
2454 4261 2564 4313 Nec
2598 4276 2699 4312 nos
2737 4259 3139 4329 prtedicantem
3175 4258 3282 4309 ista
3312 4257 3583 4326 pietatem
3626 4259 3851 4309 vestram

2186 4350 2449 4413 vitamus,
2497 4350 2649 4419 quod
2696 4349 2906 4403 scimus
2952 4349 3129 4401 Deum
3188 4347 3411 4411 timere,
3457 4350 3512 4399 et
3555 4346 3855 4414 gaudemus

2186 4437 2321 4506 quia
2359 4442 2585 4505 gratum
2633 4436 2789 4489 vobis
2848 4440 2933 4489 est
2977 4437 3205 4488 Patrum
3264 4433 3574 4487 constituta
3625 4445 3853 4485 servare.

2184 4525 2546 4579 Fiducialiter
2592 4541 2730 4593 ergo
2765 4539 3057 4592 rogamus,
3109 4527 3171 4575 ut
3206 4538 3309 4590 per
3360 4536 3456 4574 vos
3500 4519 3557 4573 in
3594 4521 3857 4573 unitatem

2182 4619 2497 4668 revertatur
2530 4613 2788 4667 Ecclesia.
2843 4611 3031 4666 Sciant
3071 4626 3268 4663 omnes
3312 4609 3564 4679 episcOpi
3606 4608 3857 4662 volunta-

2184 4708 2298 4757 tem
2327 4708 2591 4768 vestram,
2643 4707 2697 4755 et
2738 4700 2873 4771 quia
2916 4700 3198 4770 synodum
3250 4698 3765 4751 Chalcedonensem
3812 4696 3859 4746 et

2183 4792 2450 4860 epistolas
2481 4807 2642 4860 papas
2675 4790 2874 4843 Leonis
2906 4788 3160 4854 servatis,
3208 4789 3295 4840 vel
3326 4786 3635 4857 apostolica
3664 4783 3855 4839 consti-

2182 4886 2324 4934 tuta.
2360 4880 2415 4935 Si
2447 4880 2654 4933 dixerit
2680 4896 2691 4933 :
2720 4880 2841 4942 Quo
2873 4877 3076 4932 ordine
3108 4876 3369 4930 facienda
3398 4883 3531 4928 sunt
3553 4876 3672 4928 haec
3700 4877 3860 4926 osten-

2182 4971 2314 5023 dere
2346 4974 2610 5037 oportere
2644 4984 2656 5021 :
2696 4970 2905 5021 lterum
2941 4982 3135 5035 preces
3171 4965 3435 5018 adhibete
3468 4980 3595 5017 cum
3640 4959 3857 5016 humili-

2182 5062 2318 5126 tate,
2352 5059 2602 5111 dicentes
2635 5073 2647 5109 :
2690 5059 2853 5111 Pater
2880 5062 3064 5108 vester
3107 5053 3334 5123 scripsit
3385 5051 3664 5121 episcopis
3700 5062 3857 5117 gene-

2183 5149 2399 5201 raliter.
2450 5146 2678 5214 Jungite
2732 5145 2820 5198 his
2876 5144 3080 5197 litteris
3129 5158 3318 5195 sacras
3380 5133 3625 5207 vestras;
3662 5135 3858 5206 signiti-

2183 5242 2378 5290 cantes
2411 5236 2516 5287 hoc
2550 5251 2643 5287 vos
2666 5234 2953 5287 vindicare
2991 5232 3269 5299 (indicare
3296 5230 3385 5283 vel
3408 5228 3685 5297 judicare)
3720 5221 3857 5295 quod

2183 5327 2345 5378 sedes
2392 5323 2700 5394 apostolica
2742 5322 3012 5393 praedicat
3044 5338 3056 5374 :
3109 5328 3165 5374 et
3195 5327 3332 5373 tunc
3376 5318 3475 5389 qui
3513 5321 3645 5371 sunt
3673 5315 3856 5369 ortho-

2184 5415 2334 5479 doxi,
2368 5415 2437 5468 de
2468 5413 2683 5466 unitate
2717 5411 2867 5465 sedis
2899 5411 3227 5480 apostolicae
3248 5408 3485 5462 minime
3512 5408 3855 5475 separentur.

2185 5508 2243 5557 et
2282 5503 2381 5572 qui
2410 5502 2497 5555 his
2528 5506 2661 5555 sunt
2690 5499 2959 5553 contrarii
3008 5502 3443 5568 cognoscantur.
3480 5494 3693 5558 Quibus
3723 5488 3857 5543 ordi-
