3998 6172
204 292 301 341 37‘7
1516 286 1867 343 EPISTOLAS
1904 287 1989 343 ET
2029 287 2382 343 DECRETA.

3598 292 3701 344 378

201 418 371 481 natis,
412 423 646 487 paratus
677 421 762 471 est
781 422 945 488 pater
976 422 1159 471 vester
1188 418 1384 487 etiam,
1415 418 1462 472 si
1497 434 1641 488 opus
1694 419 1886 489 fuerit,
1926 424 1970 476 Α
2000 421 2068 475 de
2100 421 2299 474 vestris
2328 421 2649 491 perferente
2680 437 2783 492 per
2808 422 3149 492 provincias,
3184 439 3299 477 una
3317 438 3449 478 cum
3498 439 3693 495 perso-

202 524 363 562 suam
392 508 826 561 accommodare
853 506 1237 575 praesentiam,
1271 512 1329 561 et
1382 508 1662 578 quidquid
1722 524 1895 578 expe-

204 598 300 663 dit,
325 597 563 651 servatis
606 598 838 649 Patrum
897 596 1233 661 constitutis,
1266 612 1367 666 pro
1411 597 1740 667 integritate
1791 598 1892 653 Ec-

204 686 387 740 clesia:
420 702 539 739 non
570 701 802 755 negare.

270 775 326 829 Si
349 775 563 829 dixerit
593 775 949 843 imperator:
994 777 1140 829 Bene
1181 775 1305 841 ista,
1341 775 1613 847 suscipite
1659 777 1893 832 interim

205 868 413 916 nostrae
459 862 704 916 civitatis
749 863 1099 932 episcopum.
1159 864 1373 918 Iterum
1420 880 1615 934 preces
1642 866 1890 936 jungite,

202 952 504 1007 humiliter
533 952 787 1006 dicentes
820 970 832 1007 :
869 952 1110 1007 Domine
1137 952 1468 1023 imperator,
1504 971 1703 1025 pacem
1736 956 1893 1010 veni-

201 1055 325 1092 mus
352 1056 486 1093 cum
519 1040 618 1093 Dei
658 1040 966 1110 adjutorio,
1025 1041 1183 1095 vobis
1230 1042 1618 1097 adnitentibus
1653 1049 1706 1098 et
1757 1061 1898 1115 prie-

202 1129 506 1193 stantibus,
571 1131 775 1195 facere,
859 1132 1400 1185 etcontentionem
1482 1132 1896 1204 (intentionem)

200 1217 389 1286 sopire
422 1218 485 1270 in
516 1217 744 1271 civitate
774 1224 977 1272 vestra.
1014 1220 1090 1273 De
1140 1219 1361 1273 duabus
1393 1226 1477 1275 est
1506 1223 1767 1292 personis
1810 1223 1898 1276 in-

199 1307 379 1360 tentio
409 1323 423 1360 :
457 1306 569 1361 ista
597 1323 765 1361 causa
797 1308 1094 1378 proprium
1118 1325 1348 1364 cursum
1379 1311 1587 1366 habet:
1644 1313 1897 1366 Genera-

198 1394 323 1448 litas
348 1396 754 1465 episcoporum
795 1397 955 1466 prius
983 1398 1281 1452 ordinetur
1308 1415 1320 1453 :
1355 1400 1455 1453 ﬁat
1494 1417 1607 1455 una
1638 1418 1898 1456 commn-

197 1482 291 1536 nio
339 1484 661 1537 catholica:
720 1490 775 1538 et
826 1487 1086 1556 sequenti
1132 1488 1255 1541 loco
1277 1488 1346 1542 de
1388 1488 1533 1555 istis,
1561 1491 1646 1544 vel
1706 1491 1751 1544 si
1800 1491 1899 1562 qui

196 1579 329 1627 sunt
358 1574 458 1628 alii
494 1580 654 1628 extra
684 1576 957 1629 Ecclesias
984 1594 1135 1642 suas,
1170 1586 1303 1631 tunc
1334 1579 1900 1651 diligentiusipotest

196 1679 367 1716 causa
406 1664 691 1733 cognosci.
731 1665 789 1719 Si
860 1666 1065 1719 dixerit
1121 1668 1432 1736 imperator
1466 1685 1478 1722 :
1530 1671 1607 1723 De
1648 1670 1898 1725 Macedo-

196 1750 289 1804 nio
322 1752 517 1804 dicitis
555 1770 567 1804 :
598 1752 859 1822 intelligo
889 1754 1264 1809 subtilitatem
1296 1762 1539 1810 vestram
1566 1775 1577 1811 :
1604 1759 1900 1813 haereticus

198 1846 324 1893 est:
390 1842 553 1894 nulla
600 1842 821 1895 ratione
872 1843 1125 1897 revocari
1200 1850 1406 1914 potest.
1470 1848 1841 1917 Respondetis
1884 1865 1896 1902 :

200 1931 322 1993 Nos,
359 1929 597 1983 domine
628 1931 955 2000 imperator,
990 1933 1212 1986 nullum
1260 1936 1637 2003 personaliter
1678 1937 1901 1991 indica-

199 2036 346 2072 mus.
395 2020 539 2072 Etsi
572 2019 756 2089 pietas
790 2025 975 2073 vestra
998 2022 1336 2089 consideret,
1391 2025 1577 2093 magis
1616 2041 1720 2095 pro
1776 2026 1899 2079 ani-

198 2124 292 2161 ma
346 2112 535 2161 vestra
590 2113 646 2161 et
697 2109 971 2178 opinione
1019 2111 1333 2180 loquimur,
1387 2118 1450 2165 ut
1484 2112 1557 2166 sit
1603 2114 1895 2183 discussio,

201 2201 257 2249 et
312 2195 361 2248 si
418 2195 725 2249 haereticus
776 2200 878 2262 est,
926 2196 1142 2266 judicio
1206 2205 1602 2268 cognoscatur,
1667 2208 1731 2256 ut
1783 2219 1900 2257 non

199 2284 302 2337 sub
332 2284 609 2354 opinione
640 2284 947 2338 orthodoxi
972 2285 1182 2354 injuste
1215 2287 1434 2342 dicatur
1465 2305 1790 2359 oppressus.

271 2373 327 2426 Si
356 2373 567 2427 dixerit
585 2374 900 2443 imperator
932 2390 944 2427 :
973 2374 1117 2437 Quid
1152 2375 1315 2429 vultis
1335 2376 1361 2429 ?
1407 2378 1581 2432 modo
1633 2380 1798 2435 dicite
1828 2380 1898 2436 de

196 2462 412 2531 synodo
438 2462 914 2528 Chalcedonensi,
962 2464 1161 2517 dicetis
1212 2469 1269 2518 et
1316 2464 1386 2519 de
1439 2467 1695 2536 epistolis
1734 2485 1899 2538 papa;

195 2550 433 2604 Leonis:
464 2552 598 2604 Ecce
632 2552 732 2622 qui
764 2552 860 2605 ille
892 2557 977 2606 est
1010 2553 1173 2607 istius
1207 2553 1451 2608 civitatis
1484 2555 1786 2626 episcopus
1825 2558 1897 2613 ad

194 2639 304 2691 ista
331 2639 643 2694 consentit.
710 2641 1194 2711 Respondendum
1240 2646 1324 2697 est
1356 2660 1368 2697 :
1404 2643 1464 2697 Si
1493 2643 1573 2697 ita
1628 2646 1893 2714 custodit,

193 2729 253 2781 in
275 2728 705 2782 examinatione
728 2745 911 2783 causa:
927 2746 1059 2783 eum
1115 2731 1312 2801 juvare
1347 2732 1475 2802 plus
1504 2738 1810 2802 poterunt:
1842 2742 1899 2790 et

195 2817 332 2887 quia
362 2834 529 2870 servo
561 2822 744 2871 vestro
794 2818 1071 2872 Vitaliano
1118 2820 1392 2889 magistro
1427 2820 1676 2874 militum
1724 2822 1896 2876 talem

195 2907 433 2962 dedistis
458 2905 771 2969 licentiam,
806 2911 870 2960 ut
898 2910 944 2960 si
970 2912 1220 2977 speraret
1256 2924 1288 2960 a
1345 2908 1673 2962 beatissimo
1722 2926 1891 2980 papa,

2002 510 2090 563 nis
2121 527 2261 581 quas
2287 510 2596 579 imperator
2620 512 2974 582 deputaverit
2995 512 3276 567 destinate
3306 529 3317 566 :
3345 518 3408 566 ut
3436 512 3514 566 sic
3554 530 3687 566 eum

2003 615 2222 653 servare
2280 599 2735 654 Chalcedoneuse
2806 600 3111 655 concilium
3182 606 3238 654 et
3301 602 3573 671 epistolas
3631 602 3686 653 S.

2005 687 2204 741 Leonis
2226 704 2389 758 papae
2422 688 2687 742 omnibus
2720 689 3055 743 innotescat.
3090 688 3307 752 Quibus
3359 690 3438 742 ita
3494 705 3692 759 proce—

2001 776 2289 841 dentibus,
2311 776 2381 829 ad
2414 792 2514 829 nos
2536 778 2594 829 in
2621 776 2824 829 Christi
2849 776 3031 846 signo,
3057 779 3120 828 ut
3152 777 3456 829 adventum
3488 792 3692 847 procu-

2003 881 2216 932 remus,
2242 865 2450 935 scripta
2483 864 2729 935 dirigite.
3354 874 3359 879 '

2076 956 2355 1008 Praeterea
2379 960 2463 1007 est
2487 954 2839 1007 consuetudo
2870 969 2970 1023 per
3014 953 3345 1023 episcopum
3407 954 3655 1008 Constau
3675 986 3690 990 —

2002 1043 2450 1114 tinopolitanum
2483 1060 2680 1096 omnes
2713 1043 3045 1112 imperatori
3098 1044 3396 1113 episcopos
3445 1059 3695 1112 praesenr

2005 1131 2159 1186 tari:
2224 1132 2271 1184 si
2336 1132 2438 1184 hoc
2489 1131 2719 1185 illorum
2777 1132 3013 1185 callidus
3068 1136 3338 1185 tractatus
3394 1131 3696 1189 invenerit.

2006 1221 2319 1275 volentium
2381 1222 2625 1275 formam
2694 1221 2995 1291 legationis
3062 1236 3386 1289 agnoscere,
3456 1225 3521 1274 ut
3569 1236 3694 1274 cuni

2007 1310 2329 1375 Timotheo,
2359 1310 2656 1380 quimodo
2711 1310 2936 1364 videtur
2981 1309 3695 1379 ,Constantinopolitanani

2007 1399 2326 1468 gubernare
2352 1398 2674 1466 Ecclesiam,
2707 1398 3113 1468 imperatorem
3138 1397 3377 1452 videatis
3410 1397 3525 1464 ;sic
3558 1397 3696 1451 faci-

2008 1491 2083 1554 te,
2131 1492 2195 1540 ut
2246 1487 2294 1540 si
2342 1492 2473 1541 ante
2523 1487 2889 1558 agnoveritis,
2942 1502 3115 1557 quam
3177 1487 3244 1540 ad
3287 1487 3695 1555 imperatorem

2007 1575 2432 1645 ingrediauiini,
2466 1576 2575 1630 ista
2605 1576 2835 1645 disponi
2860 1592 2961 1647 per
2991 1576 3237 1645 aliquos,
3263 1575 3504 1629 necdum
3558 1590 3699 1644 prae-

2009 1665 2236 1729 sentati,
2271 1666 2438 1719 dicite
2473 1682 2485 1719 :
2526 1666 2782 1719 Mandata
2841 1665 2977 1719 talia
3033 1664 3199 1718 nobis
3259 1664 3414 1718 dedit
3452 1668 3510 1718 et
3549 1680 3695 1734 pree-

2009 1758 2173 1823 cepta
2194 1759 2358 1823 pater
2383 1753 2609 1824 pietatis
2641 1759 2859 1819 vestrm,
2895 1759 2959 1807 ut
2998 1754 3121 1807 sine
3153 1753 3346 1823 aliquo
3398 1751 3701 1822 episcopo—

2008 1859 2136 1895 rum
2173 1847 2416 1895 vestram
2448 1843 2811 1896 clementiam
2841 1842 3150 1896 videamus.
3188 1843 3335 1913 Ergo
3388 1842 3560 1913 agite,
3599 1842 3696 1895 do-

2008 1948 2111 1986 nec
2139 1948 2197 1985 se
2230 1932 2297 1985 ab
2332 1933 2435 1985 hac
2466 1933 2881 1986 consuetudine
2906 1932 3026 2002 ipse
3059 1931 3385 1985 removerit.

2079 2020 2242 2083 Quod
2263 2021 2308 2073 si
2339 2019 2573 2073 omnino
2606 2020 2875 2083 noluerit,
2915 2025 3012 2074 aut
3036 2020 3082 2072 si
3113 2020 3364 2090 captiose
3393 2019 3701 2090 contigerit

2008 2113 2074 2163 ut
2104 2114 2231 2163 ante
2267 2110 2669 2179 imperatorem
2694 2110 2993 2180 inopinate
3023 2110 3389 2164 Timotheum
3436 2109 3696 2169 videatis,

2007 2198 2088 2251 ita
2111 2198 2397 2270 suggerite
2421 2214 2433 2252 :
2470 2198 2771 2269 Praecipiat
2796 2199 2984 2268 pietas
3004 2204 3188 2252 vestra
3214 2198 3382 2252 nobis
3431 2198 3567 2253 dare
3619 2213 3701 2251 se-

2007 2292 2245 2355 cretum,
2272 2292 2331 2341 ut
2348 2303 2542 2339 causas
2564 2302 2664 2356 pro
2710 2286 2918 2358 quibus
2976 2287 3136 2341 missi
3169 2304 3387 2353 sumus,
3446 2303 3697 2357 expona-

2005 2392 2153 2429 mus.
2189 2375 2244 2429 Si
2273 2374 2478 2429 dixerit
2502 2391 2513 2428 :
2548 2375 2748 2442 Dicite,
2769 2392 2894 2430 ecce
2917 2382 3048 2429 ante
3070 2376 3278 2447 ipsum,
3307 2374 3696 2445 respondetis:

2006 2464 2128 2516 Non
2170 2463 2440 2532 injuriam
2465 2464 2739 2517 facimus:
2774 2464 2871 2518 sed
2904 2465 3056 2535 quod
3082 2464 3151 2518 ad
3184 2480 3381 2518 causas
3425 2464 3697 2534 pertinet,

2005 2552 2179 2606 etiam
2216 2552 2392 2622 ipsius
2449 2551 2702 2606 continet
2750 2554 2957 2624 legatio
3004 2558 3196 2607 nostra
3254 2568 3587 2623 personam,
3646 2558 3699 2605 et

2005 2641 2466 2711 suggestionibus
2495 2641 2706 2695 nostris
2753 2658 3007 2713 praesens
3062 2659 3182 2696 esse
3218 2658 3335 2696 non
3374 2647 3580 2712 potest.
3634 2642 3700 2695 Et

2005 2729 2161 2781 nulla
2193 2729 2412 2782 ratione
2445 2746 2510 2782 eo
2541 2736 2823 2798 praesente
2837 2730 3053 2801 aliquid
3079 2730 3355 2799 allegetis,
3382 2730 3477 2783 sed
3501 2744 3689 2799 egres-

2005 2833 2087 2884 so,
2116 2817 2491 2886 delegationis
2523 2823 2741 2871 textum
2774 2820 3005 2873 exerite.
3040 2820 3343 2873 Hactenus
3388 2816 3696 2884 indiculus,

2002 2906 2119 2960 sive
2149 2906 2297 2975 quod
2318 2905 2512 2959 dicunt
2532 2907 3025 2986 commoni{orium
3051 2924 3063 2959 ι
3087 2910 3401 2977 sequuntur
3415 2908 3548 2978 post
3574 2920 3699 2961 eum

198 3002 256 3050 ut
286 3013 393 3066 pro
426 2994 615 3049 causis
640 2995 846 3048 talibus
879 2996 1028 3065 apud
1060 3012 1193 3049 eum
1220 2995 1570 3051 discussione
1602 3013 1786 3052 causae
1809 2999 1896 3051 his
1937 2976 1975 3030 Ο
2005 2994 2355 3049 assertiones
2388 2994 2768 3066 singularum,
2790 2979 2852 3048 in
2883 2996 3027 3048 hunc
3043 2995 3291 3049 modum.

196 3084 487 3156 personis,
515 3084 727 3153 quibus
760 3084 828 3137 de
858 3084 983 3137 loco
1002 3087 1185 3154 potest
1205 3100 1324 3138 esse
1358 3084 1623 3153 intentio,
1673 3087 1897 3157 integra

199 3175 470 3228 universa
502 3177 814 3226 serventur.
835 3172 913 3241 ,Si
960 3174 1272 3242 imperator
1330 3174 1538 3227 dixerit
1568 3191 1579 3228 :
1615 3174 1747 3230 Sine
1772 3177 1895 3247 epi-

198 3281 371 3333 scOpo
396 3262 571 3316 debet
599 3278 719 3315 esse
750 3261 945 3315 civitas
979 3278 1105 3315 mea
1134 3261 1161 3315 ?
1193 3263 1304 3316 Hoc
1357 3264 1514 3317 vobis
1573 3265 1773 3333 placet,
1833 3270 1897 3319 ut

197 3354 294 3406 ubi
328 3368 439 3421 ego
464 3368 689 3416 maneo,
716 3351 1013 3421 episcOpus
1044 3367 1161 3405 non
1192 3351 1263 3404 sit
1288 3351 1314 3405 ?
1372 3352 1853 3421 Respondendum
1879 3370 1891 3407 :

199 3440 583 3494 Praediximus
611 3440 852 3492 duarum
912 3455 1287 3507 personarum
1337 3439 1719 3495 intentionem
1774 3456 1895 3495 esse

196 3527 253 3581 in
286 3528 397 3579 ista
419 3526 668 3579 civitate.
704 3524 865 3589 Quod
897 3526 967 3579 ad
1024 3541 1271 3580 canones
1304 3527 1573 3597 pertinet,
1614 3528 1733 3598 jam
1766 3532 1895 3582 ante

196 3614 646 3686 suggessimus:
704 3629 947 3666 canones
997 3613 1235 3679 solvere,
1307 3614 1699 3684 irreligioucm
1741 3632 1894 3670 com-

197 3706 427 3757 mittere
455 3702 749 3755 est.ltlulta
780 3707 914 3755 sunt
961 3703 1235 3770 remedia,
1284 3704 1461 3758 multa
1506 3704 1752 3772 inventa,
1794 3721 1896 3775 per

196 3810 325 3863 quae
344 3792 534 3862 pietas
554 3796 737 3844 vestra
765 3791 886 3845 sine
913 3792 1319 3846 communione
1352 3809 1471 3846 esse
1527 3810 1643 3846 non
1694 3795 1891 3863 possit,

196 3888 245 3936 et
297 3882 529 3951 integra
574 3880 926 3950 judiciorum
960 3881 1146 3935 forma
1180 3887 1453 3935 servetur.
1515 3883 1573 3936 Si
1644 3882 1893 3937 dixerit:

193 3972 329 4035 Quae
355 3975 493 4024 sunt
523 3971 627 4023 ista
657 3969 950 4023 remedia?
990 3970 1404 4041 Respondetis:
1468 3971 1592 4025 Non
1649 3988 1681 4025 a
1729 3971 1894 4025 nobis

195 4060 421 4114 noviter
451 4060 687 4113 inventa
719 4075 731 4113 :
766 4058 1050 4129 Sospensa
1076 4076 1245 4113 causa
1292 4061 1361 4114 de
1419 4059 1543 4113 aliis
1591 4060 1894 4131 episcopis,

194 4166 445 4219 persona
469 4165 602 4219 quas
635 4148 918 4202 consentit
950 4148 1286 4202 confessioni
1318 4149 1545 4220 pietatis
1592 4153 1792 4202 vestrae
1840 4155 1897 4203 et

194 4238 526 4293 constitutis
550 4238 698 4291 sedis
722 4237 1069 4307 apostolicae,
1110 4238 1342 4291 interim
1374 4254 1553 4308 usque
1588 4238 1657 4291 ad
1720 4254 1889 4292 even-

2354 3082 2617 3153 Capitula
2647 3081 3008 3154 singularum
3027 3099 3354 3136 causarum.

2082 3172 2148 3225 Ut
2187 3172 2439 3243 synodus
2469 3172 2945 3226 Chalcedonensis
2996 3176 3053 3225 et
3082 3171 3341 3240 epistolae
3403 3170 3457 3225 S.
3495 3171 3696 3225 Leonis

2005 3276 2170 3331 papa:
2230 3266 2542 3314 serventur.
2625 3262 2805 3331 thue
2857 3260 3333 3314 clementissimus
3385 3260 3697 3331 imperator

2005 3350 2367 3403 consentiens
2396 3350 2598 3403 debeat
2652 3350 2879 3420 pietatis
2912 3366 3028 3403 sua:
3083 3365 3241 3402 sacra
3283 3350 3575 3419 generalia
3630 3349 3697 3403 ad

2008 3438 2273 3492 univeros
2316 3439 2612 3509 episcopos
2668 3439 2975 3505 destinare,
3036 3438 3094 3492 in
3142 3438 3350 3509 quibus
3412 3438 3699 3509 signiﬁcet

2006 3527 2277 3599 praedicta
2305 3544 2362 3582 se
2390 3533 2445 3582 et
2466 3528 2694 3582 credere
2717 3532 2772 3581 et
2794 3528 3099 3581 vindicare.

2077 3616 2509 3670 Consentientes
2560 3618 2731 3671 etiam
2775 3616 3058 3687 iepiscopi,
3108 3616 3170 3669 in
3225 3615 3493 3681 Ecclesia,
3549 3630 3695 3686 pras-

2005 3708 2162 3758 sente
2229 3706 2394 3776 plebe
2446 3706 2786 3773 Christiana,
2838 3705 2960 3759 haec
3024 3704 3335 3775 praedicare
3367 3704 3694 3759 ‘debeant:

2005 3794 2287 3863 Amplecti
2313 3810 2370 3846 se
2404 3799 2655 3848 sanctam
2687 3794 2861 3847 ﬁdem
2897 3793 3433 3854 Chalcedonensem,
3497 3796 3552 3847 et
3574 3791 3696 3862 epi-

2006 3884 2178 3935 stolas
2197 3882 2252 3936 S.
2279 3883 2477 3936 Leonis
2498 3899 2683 3953 papa,
2706 3899 2845 3952 quas
2869 3882 3097 3953 scripsit
3152 3888 3351 3937 contra
3398 3881 3699 3936 haereticos

2006 3970 2331 4026 Nestorium
2367 3972 2808 4042 etEutychetem
2832 3976 2885 4024 et
2922 3971 3274 4037 Dioscorum,
3300 3972 3396 4025 sed
3459 3974 3514 4024 et
3563 3985 3696 4025 con-

2005 4064 2092 4115 tra
2115 4075 2384 4130 sequaces
2435 4075 2657 4125 eorum,
2715 4058 3079 4113 Timotheum
3114 4060 3392 4126 Ailurum,
3440 4061 3694 4124 Petrum,

2005 4150 2088 4203 vel
2123 4152 2320 4202 contra
2347 4163 2441 4201 eos
2478 4148 2578 4219 qui
2608 4148 2668 4201 in
2723 4148 2846 4217 ipsa
2896 4163 3065 4201 causa
3116 4151 3387 4202 tenentur
3443 4146 3697 4213 obnoxii,

2004 4237 2175 4292 simul
2197 4237 2370 4291 etiam
2397 4241 2452 4291 et
2475 4236 2764 4301 Acacium,
2815 4236 2912 4306 qui
2943 4236 3234 4306 quondam
3289 4233 3692 4289 Constantino-

194 4334 318 4382 tum
342 4327 717 4397 cognitionis,
747 4329 938 4379 teneat
998 4326 1187 4380 locum
1271 4326 1889 4396 Constantinopolitani
1930 4347 1971 4400 ο
1997 4327 2261 4397 politanze
2289 4325 2543 4380 Ecclesiae
2564 4325 2671 4379 fuit
2701 4326 3021 4395 episcopus,
3050 4325 3147 4379 sed
3178 4330 3233 4378 et
3258 4326 3493 4378 Petrum
3517 4321 3690 4376 etiam

197 4416 533 4482 sacerdotis,
571 4415 619 4467 si
666 4430 795 4467 cum
834 4415 928 4468 Dei
979 4415 1262 4484 adjutorio
1312 4415 1567 4485 episcopi
1608 4415 1897 4469 voluerint

198 4523 250 4561 se
300 4503 745 4559 accommodare
810 4502 930 4556 sedi
984 4503 1331 4572 apostolicae.
1390 4503 1617 4557 Habetis
1674 4508 1895 4557 textum

196 4596 381 4651 libelli
415 4595 475 4647 in
510 4591 732 4646 scriniis
763 4592 1021 4645 Ecclesiae
1083 4592 1323 4659 editum,
1378 4593 1539 4662 juxta
1588 4609 1759 4662 quem
1791 4594 1897 4647 de-

200 4685 369 4739 beant
400 4682 683 4753 proﬁteri.

262 4774 321 4828 Si
351 4779 551 4826 tamen
583 4774 781 4823 contra
802 4768 944 4822 alios
974 4768 1269 4839 episcopos
1318 4768 1626 4823 catholicos
1680 4768 1897 4823 fuerint

197 4862 337 4915 data:
394 4860 717 4930 petitiones,
762 4872 1112 4927 magnopere
1168 4862 1365 4911 contra
1430 4858 1578 4923 illos,
1632 4858 1750 4929 qui:
1776 4859 1895 4912 sine

198 4948 543 5003 verecundia
600 4946 1124 5001 Chalcedonensem
1178 4947 1454 5016 synodum
1512 4946 1894 5000 anathemati-

200 5043 346 5102 zant,
378 5042 435 5089 et
468 5034 737 5106 epistolas
769 5049 884 5087 non
909 5034 1195 5104 recipiunt
1252 5035 1425 5087 sancti
1472 5035 1673 5089 Leonis
1708 5052 1891 5105 papae,

201 5127 504 5196 petitiones
534 5123 827 5191 suscipite,
843 5138 1071 5176 causam
1086 5128 1278 5176 tamen
1302 5123 1360 5176 in
1390 5123 1547 5177 sedis'
1566 5125 1895 5194 apostolicae

200 5220 483 5268 reservate
518 5212 765 5277 iudicio;
801 5217 863 5264 ut
892 5216 946 5264 et
974 5228 1135 5282 spem
1165 5212 1233 5266 de
1287 5212 1572 5265 audientia
1632 5212 1796 5282 detis,
1841 5217 1897 5266 et

204 5308 388 5357 tamen
427 5302 591 5356 nobis
612 5299 803 5355 debita
824 5306 1143 5354 reservetur
1197 5301 1521 5354 auctoritas.
1585 5301 1641 5355 Si
1701 5305 1896 5356 tamen

206 5392 514 5462 imperator
549 5390 949 5444 serenissimus
1005 5395 1185 5443 totum
1245 5406 1302 5443 se
1370 5390 1698 5459 promiserit
1774 5407 1894 5445 esse

206 5481 506 5547 facturum,
532 5483 757 5533 tantum
792 5484 853 5531 ut
882 5482 1134 5532 nostram
1161 5479 1521 5549 praesentiam
1568 5495 1892 5534 accommo-

207 5570 417 5637 demus,
448 5568 635 5624 modis
668 5567 933 5622 omnibus
952 5568 1108 5638 prius
1125 5584 1341 5621 sacram
1363 5567 1537 5638 ipsius
1564 5585 1667 5638 per
1684 5569 1895 5639 episco-

208 5673 306 5726 pos
327 5666 385 5715 et
405 5674 513 5730 per
541 5658 659 5727 (Ed.
682 5658 844 5711 Rom.
867 5656 957 5711 vel
978 5660 1104 5728 per)
1137 5655 1437 5727 epistolam
1458 5663 1722 5724 vestram,
1774 5672 1888 5711 uno

2004 4415 2428 4469 Antiochenam
2478 4415 3025 4468 auathematizantes
3082 4428 3212 4465 cum
3251 4410 3415 4465 sociis
3470 4425 3693 4464 eorum.

2006 4506 2136 4559 Haec
2163 4521 2339 4559 manu
2364 4504 2617 4575 propria,
2643 4502 3016 4574 praesentibus
3042 4501 3235 4555 electis
3281 4498 3699 4554 venerabilibus

2006 4593 2161 4659 viris,
2222 4594 2554 4661 scribentes,
2616 4592 2827 4646 faciant
2876 4590 3189 4644 secundum
3243 4594 3463 4644 textum
3501 4588 3683 4644 libelli

2006 4696 2177 4752 quem
2200 4697 2301 4751 per
2331 4682 2619 4735 notarium
2652 4685 2909 4734 nostrum
2942 4676 3242 4732 edidimus.

2074 4770 2137 4823 In
2187 4769 2448 4823 exsilium
2498 4767 2953 4838 deportatoslpro
3006 4783 3173 4820 causa
3220 4766 3600 4821 ecclesiastica
3623 4765 3693 4819 ad

2006 4858 2358 4913 audientiam
2385 4858 2532 4911 sedis
2562 4857 2889 4926 apostolicae
2916 4857 3285 4925 revocandos,
3310 4861 3375 4911 ut
3414 4856 3695 4927 judicium

2004 4953 2061 5001 et
2092 4964 2222 5001 vera
2251 4945 2594 5000 examinatio
2625 4946 2695 4999 de
2726 4945 2813 4998 his
2845 4945 3022 5015 possit.
3055 4945 3252 4999 haberi
3285 4961 3299 4999 :
3331 4946 3410 5000 ita
3442 4952 3503 4999 ut
3529 4960 3696 4999 causa

2005 5053 2205 5090 eorum
2230 5035 2603 5106 inquisitione
2636 5035 2857 5104 integre
2888 5040 3229 5097 reservetur,

2075 5126 2128 5180 Si
2157 5124 2254 5195 qui
2287 5134 2429 5177 vero'
2451 5140 2618 5177 sacra:
2659 5124 2776 5178 sedi
2808 5124 3138 5193 apostolicae
3186 5121 3693 5187 communicantes,

2003 5214 2337 5268 catholicam
2369 5213 2540 5266 fidem
2572 5213 2950 5283 praedicantes
2980 5218 3150 5282 atque
3174 5217 3479 5282 sequentes
3511 5209 3697 5280 fugati

2004 5308 2155 5366 sunt,
2188 5301 2277 5354 vel
2309 5302 2369 5354 in
2392 5301 2589 5355 exsilio
2651 5301 3002 5364 detinentur,
3049 5301 3152 5354 hos
3188 5301 3408 5371 justum
3464 5302 3544 5351 est
3566 5300 3696 5352 ante

2003 5390 2195 5445 omnia
2222 5390 2494 5444 revocari.

2074 5480 2355 5533 Praeterea
2385 5495 2513 5550 qua:
2539 5479 2740 5549 legatis
2768 5479 2917 5533 inter
2958 5478 3179 5547 reliqua
3218 5474 3594 5545 injunximus,
3635 5478 3699 5529 ut

2003 5570 2050 5622 si
2080 5568 2386 5637 contigerit
2411 5568 2630 5621 libellos
2690 5567 2903 5637 porrigi
2942 5566 3211 5619 adversus
3250 5563 3545 5635 episcopos
3593 5563 3696 5635 qui

2004 5658 2285 5727 persecuti
2317 5662 2453 5711 sunt
2478 5656 2799 5719 catholicos,
2836 5655 2905 5707 de
2940 5653 3027 5706 his
3071 5652 3356 5721 judicium
3409 5652 3529 5706 sedi
3562 5669 3695 5721 apo-
