4038 6170
375 205 479 257 379

1806 200 1849 255 Η
1858 199 2190 255 ΟΡιΜΙδΒίΕ
2230 199 2429 254 PAPE

3774 196 3881 250 380

377 333 588 389 stolica
618 337 959 402 reservatur,
1001 339 1066 388 ut
1120 333 1267 389 circa
1315 348 1411 388 eos
1448 332 1904 388 venerandorum
1957 335 2060 388 Pa-
2101 333 2141 386 A
2174 332 2526 386 connexione
2555 330 2922 396 substantia;
2958 332 3015 384 et
3042 328 3089 383 si
3112 328 3173 383 in
3200 328 3457 400 utrisque
3497 327 3720 382 naturis
3766 342 3876 397 pro

378 426 529 477 trum
560 423 781 494 possint
813 424 1123 477 constituta
1169 423 1403 489 servari,
1436 437 1540 493 per
1586 438 1715 493 qua
1766 420 2069 476 adiﬁcatio

378 510 737 584 generalitati
770 509 1083 584 proveniat.

998 614 1330 670 EPISTOLA
1370 616 1431 669 V.

500 724 574 763 AD
621 719 1026 761 ANASTASIUM
1076 718 1541 760 IMPERATOREM
1593 717 1958 758 AUGUSTUM.

380 799 603 853 Novum
633 812 751 850 esse
781 799 1093 850 Romanum
1142 793 1465 865 pontiﬁcem
1490 793 1562 847 ab
1595 792 1941 862 imperatore
1995 791 2072 847 ad

448 868 747 923 concilium
778 868 991 927 vocari,
1013 883 1075 920 se
1087 864 1277 919 tamen
1299 865 1539 924 iturum,
1564 867 1617 917 si
1635 864 2071 919 Chalcedonen—

447 940 529 994 sis
547 937 775 993 concilii
803 938 1035 993 decreta
1050 953 1162 991 non
1186 939 1517 990 revocentur
1534 935 1597 989 in
1636 935 1887 989 dubium.

451 1045 751 1101 Hormisda
782 1045 1083 1115 episcopus
1109 1045 1410 1097 Anastasio
1436 1046 1714 1113 Augusto.

451 1136 599 1189 Bene
623 1139 794 1205 atque
826 1134 1049 1187 utiliter
1080 1134 1354 1187 serenitas
1376 1138 1561 1186 vestra
1607 1148 1802 1186 curam
1858 1131 2070 1203 princi-

378 1223 523 1295 palis
551 1223 849 1290 acuminis,
879 1240 998 1276 non
1024 1226 1247 1276 tantum
1285 1222 1341 1276 in
1387 1221 1841 1276 administrando
1880 1220 2070 1291 reipu-

378 1314 538 1369 blica
571 1318 791 1367 exercet
825 1314 1034 1379 ofﬁcio,
1096 1314 1193 1367 sed
1251 1313 1584 1367 melioribus
1639 1329 1765 1366 eam
1806 1312 2073 1366 nobilitat

379 1402 674 1470 institutis,
701 1408 754 1455 et
784 1419 885 1473 per
917 1418 1115 1457 curam
1141 1402 1597 1472 redintegranda
1620 1401 1852 1455 unitatis
1879 1406 2072 1455 aucto-

379 1508 501 1546 rem
534 1492 843 1545 venerandi
874 1492 1059 1562 placat
1098 1492 1346 1562 imperii.
1405 1491 1553 1544 Certi
1618 1495 1753 1543 sunt
1783 1490 1938 1543 enim
2000 1490 2069 1544 de

379 1581 558 1634 tutela
588 1586 883 1651 regnante,
914 1581 960 1633 si
994 1580 1109 1634 ulla
1140 1580 1346 1634 iisdem
1402 1578 1841 1649 prasidentibus
1879 1579 2064 1633 Eccle-

381 1669 476 1722 sia
508 1670 732 1723 castitas
766 1669 1094 1739 importuna
1129 1669 1341 1723 diaboli
1371 1668 1774 1723 commixtione
1822 1669 2071 1722 macule-

381 1761 493 1811 tur.
521 1758 680 1812 Unde
712 1758 863 1811 enim
898 1763 1082 1829 potest
1109 1758 1253 1823 ﬁeri,
1298 1762 1359 1811 ut
1389 1759 1599 1812 nitidas
1636 1774 1742 1827 pro
1796 1756 2077 1828 principi-

380 1847 485 1901 bus
504 1848 572 1900 ad
616 1849 791 1901 Deum
816 1853 1073 1901 nostrum
1100 1864 1297 1918 preces
1326 1848 1551 1918 dirigat,
1592 1847 1637 1899 si
1671 1847 1741 1900 sit
1791 1847 2078 1901 lethaliter

381 1937 630 2006 populus
670 1936 909 2006 perﬁdia
953 1936 1302 2007 corruptus?
1354 1938 1495 1990 Nam
1548 1936 1694 1990 sicut
1742 1940 1871 1989 ante
1928 1936 2078 1989 bona

384 2025 579 2079 omnia
608 2030 692 2079 est
718 2026 969 2095 perfecta
992 2026 1155 2096 juxta
1192 2028 1371 2081 Deum
1404 2026 1462 2079 in
1520 2024 1964 2095 imperatoribus
1995 2040 2078 2077 sa-

382 2112 619 2182 pientia,
653 2113 731 2166 ita
762 2113 831 2166 de
860 2113 1106 2167 sacrario
1134 2114 1485 2167 mundorum
1518 2117 1814 2183 pectorum
1864 2128 1967 2182 pro
1988 2112 2077 2166 his

382 2200 725 2272 supplicatio
751 2202 921 2256 debet
952 2206 1007 2256 et
1046 2203 1200 2257 ﬁdeli
1232 2202 1558 2256 animarum
1590 2202 1848 2255 ubertate
1884 2217 2077 2271 proce-

381 2288 531 2343 dere.
560 2290 722 2342 Nulla
744 2288 923 2354 vobis,
976 2288 1380 2341 sublimissime
1428 2287 1681 2349 domine,
1740 2287 2072 2356 triumpho—

383 2393 509 2430 rum
546 2377 783 2430 materia
814 2378 1026 2447 poterit
1049 2393 1169 2430 esse
1190 2376 1523 2447 jucundior,
1555 2392 1727 2447 quam
1761 2376 1831 2431 de
1873 2376 2073 2447 subju-

384 2465 615 2537 gatione
642 2466 919 2535 perﬁdia.

457 2557 571 2609 Hoc
637 2555 808 2609 etiam
873 2554 1236 2621 ﬁducialiter,
1311 2558 1367 2607 et
1422 2569 1526 2624 pro
1572 2552 2076 2607 commissi'nobis

384 2643 557 2698 ofﬁcii
593 2644 969 2715 prarogativa
1027 2642 1431 2713 suggerimus;
1485 2642 1621 2713 quia
1670 2658 1851 2713 prope
1903 2646 1985 2695 est
2013 2646 2078 2696 ut

385 2748 551 2786 suum
588 2733 945 2802 splendorem
970 2732 1158 2785 aliena
1190 2732 1439 2800 patiatur
1488 2731 1637 2784 nube
1687 2730 1911 2797 fuscari,
1977 2731 2075 2801 qui

384 2838 511 2875 cum
544 2822 655 2874 Deo
686 2822 974 2874 tribuente
1008 2836 1272 2875 amovere
1306 2820 1503 2890 possit,
1542 2820 1599 2873 in
1630 2819 1871 2873 subditis
1920 2824 2072 2873 tene-

385 2909 514 2962 bras
545 2925 778 2963 manere
802 2908 1086 2979 permittit
1116 2924 1394 2961 errorum.
1454 2909 1597 2975 Ergo
1646 2907 1780 2977 quia
1812 2924 2077 2961 mansue-
2118 2905 2158 2959 C

384 2997 522 3051 tudo
552 3002 735 3051 vestra
768 2998 1019 3051 futuram
1071 2996 1348 3067 synodum
1408 2996 1635 3067 scriptis
1688 2996 2079 3049 sacratissimis

384 3086 603 3153 indixit,
630 3086 720 3139 cui
752 3102 855 3139 nos
886 3086 1157 3139 interesse
1192 3084 1398 3138 debere
1428 3085 1627 3139 iisdem
1664 3085 1889 3155 paginis
1938 3088 2076 3150 Deo,

382 3178 447 3227 ut
478 3174 781 3239 credimus,
820 3174 925 3226 sibi
952 3173 1268 3244 imperante
1296 3174 1669 3237 commonuit,
1741 3174 2077 3243 gaudemus,

384 3262 623 3315 scientes
655 3262 931 3331 quoniam
974 3262 1321 3315 directarum
1343 3262 1622 3314 mentium
1647 3266 1748 3324 est,
1783 3263 2081 3316 venerabi-

386 3350 451 3403 lis
472 3351 730 3403 Ecclesia
766 3351 1073 3419 magistros
1105 3354 1389 3419 expetere.
1427 3350 1544 3423 soli
1594 3350 1747 3403 enim
1791 3351 2081 3405 declinant

383 3454 621 3493 examen
644 3439 1026 3505 conscientia,
1056 3480 1068 3503 ,
1102 3439 1199 3509 qui
1224 3439 1351 3491 vita
1386 3443 1518 3491 sunt
1548 3454 1665 3491 non
1715 3440 2077 3494 continentis.

386 3529 529 3581 Nam
554 3532 611 3581 et
642 3527 839 3582 feriato
869 3543 964 3580 ore
1001 3528 1367 3595 splendorem
1388 3527 1551 3579 bona
1580 3528 1889 3582 voluntatis
1904 3545 2081 3582 enun-

384 3615 506 3681 tiat,
542 3616 636 3686 qui
678 3632 781 3685 per
810 3616 1185 3685 apostolicam
1219 3616 1763 3686 immaculatamque
1810 3617 1984 3671 ﬁdem
2027 3624 2081 3671 et

384 3720 488 3775 per
536 3710 926 3774 competentes
986 3704 1391 3775 praedicatores
1473 3709 1589 3773 autl
1646 3706 1975 3760 conﬁrmari
2024 3722 2081 3761 se

388 3798 564 3864 optat,
598 3798 695 3847 aut
728 3793 954 3863 corrigi.
1011 3795 1416 3846 Verumtamen
1448 3793 1575 3846 licet
1622 3793 1681 3846 in
1712 3794 1801 3847 his
1858 3796 2081 3848 nullum

386 3882 578 3935 saculi
610 3882 981 3952 pracedentis
1009 3882 1208 3936 cxistat
1230 3882 1578 3952 exemplum,
1614 3898 1800 3952 neque
1843 3885 2081 3937 senioris

388 3971 516 4025 facti
545 3972 791 4043 qualitas
817 3976 915 4024 aut
943 3972 1244 4024 commissa
1275 3971 1458 4039 libris,
1515 3976 1612 4025 aut
1656 3973 1947 4026 memoriis
1985 3974 2081 4027 in-

386 4064 535 4113 serta
565 4065 865 4125 teneatur;
902 4059 1042 4113 nihil
1071 4059 1140 4113 ad
1181 4076 1301 4126 nos,
1336 4060 1545 4130 quibus
1592 4061 1755 4114 dulce
1786 4066 1870 4116 est
1917 4063 2085 4116 bene-

2178 427 2384 477 nostra
2416 420 2827 491 redemptionis
2873 420 3174 473 dilectione
3220 418 3428 473 Christi
3461 420 3589 472 Jesu
3640 417 3875 471 Domini

2178 512 2357 566 nostri
2422 528 2668 582 persona
2725 526 2839 563 una
2893 515 2995 576 est,
3066 510 3385 563 aditicante
3446 508 3867 577 mysterio......

2178 601 2533 655 restitutione
2562 604 2802 653 mortem
2834 598 3024 652 subire
3054 598 3335 669 potuisset
3361 598 3694 650 natura.....
3762 596 3877 649 fra-

2178 690 2455 761 gilitatem
2485 689 2726 743 caelestis
2754 688 2981 758 imperii
3016 688 3257 741 valuerit
3314 686 3523 740 virtute
3575 700 3869 755 reparare.

2177 782 2263 835 vel
2288 781 2366 834 ita
2390 796 2493 850 pro
2545 779 2763 832 unitate
2806 794 3064 849 persona
3123 783 3179 832 et
3223 778 3498 831 Dominus
3558 776 3879 845 majestati.

2179 871 2572 929 cruciﬁxus.et
2597 869 2770 922 Filius
2804 869 3049 921 hominis
3094 868 3364 922 credatur
3417 866 3781 921 descendisse
3814 866 3879 918 dc

2179 962 2339 1015 calo.
2373 959 2695 1030 Eutychetis
2720 974 2951 1028 quoque
2984 957 3307 1027 ignorantia
3332 956 3661 1010 divinorum
3701 955 3881 1008 bono-

2180 1066 2309 1104 rum
2338 1050 2619 1113 omnium,
2652 1056 2706 1101 et
2734 1047 2857 1118 ipso
2897 1063 3025 1100 cum
3059 1046 3222 1099 sociis
3243 1045 3574 1100 detestando
3608 1044 3733 1113 jam
3778 1059 3871 1097 no

2179 1139 2335 1193 mine
2380 1138 2677 1192 abdicetur
2721 1137 3028 1201 hebetudo,
3089 1135 3187 1205 qui
3241 1136 3420 1188 Deum
3469 1138 3524 1187 et
3565 1132 3877 1186 Dominum

2180 1234 2443 1282 nostrum
2475 1229 2665 1281 Jesum
2687 1226 2975 1281 Christum
3012 1224 3257 1295 ﬁguram
3290 1228 3512 1277 tantum
3541 1223 3734 1276 carnis
3777 1222 3875 1275 ha-

2177 1317 2366 1371 buisse
2387 1320 2622 1370 testatus
2649 1321 2752 1381 est,
2783 1319 2837 1368 et
2866 1319 3078 1368 nostra
3106 1314 3401 1367 veritatem
3448 1328 3563 1365 non
3601 1311 3878 1365 habuisse

2180 1406 2533 1470 substantia,
2592 1404 2852 1458 nesciens
2882 1404 2950 1457 de
3010 1420 3124 1474 quo
3174 1402 3522 1474 promissum
3569 1402 3674 1454 sit:
3744 1399 3877 1470 quia

2178 1496 2453 1550 videbunt
2482 1498 2872 1566 persecutores
2940 1494 3061 1562 ejus
3110 1492 3167 1545 in
3235 1507 3405 1562 quem
3452 1494 3879 1560 pugnaverunt.

2114 1615 2152 1668 Β
2180 1587 2265 1639 Ita
2290 1585 2443 1639 enim
2477 1584 2537 1637 in
2567 1601 2683 1637 una
2714 1583 3030 1652 eademque
3054 1597 3299 1652 persona
3330 1580 3580 1651 persistit
3630 1583 3881 1648 utraque

2186 1677 2409 1737 natura,
2452 1677 2516 1725 ut
2548 1674 2696 1725 Deus
2731 1676 2901 1741 atque
2941 1671 3116 1724 homo
3166 1686 3315 1723 unus
3362 1669 3461 1722 Dei
3504 1668 3681 1721 Filius
3720 1668 3880 1720 Jesns

2186 1763 2439 1817 Christus
2468 1759 2727 1816 ﬁdelium
2748 1761 3014 1814 cordibus
3048 1762 3304 1830 apparet.
3354 1757 3501 1822 Quid
3550 1756 3711 1809 enim
3745 1771 3879 1826 qua-

2188 1852 2449 1921 draginta
2497 1851 2719 1904 dierum
2769 1854 2897 1920 post
2936 1847 3416 1903 resurrectionem
3463 1846 3698 1901 Domini
3754 1860 3878 1898 cum

2184 1940 2875 1994 hominibusconviventis
2901 1944 2957 1992 et
2975 1936 3363 1992 convescentis
3387 1936 3503 2006 egit
3530 1934 3883 2007 praesentia?

2187 2030 2303 2084 Nisi
2333 2030 2389 2083 in
2418 2030 2540 2083 istis
2563 2028 2808 2099 negotiis
2840 2028 3094 2095 illorum,
3127 2027 3228 2098 qui
3262 2027 3555 2080 veritatem
3574 2024 3769 2079 carnis
3790 2039 3881 2077 ne-

2186 2119 2373 2189 gaturi
2409 2124 2590 2184 erant,
2624 2117 2908 2171 seniorem
2933 2117 3143 2170 faceret
3164 2119 3388 2170 atatem
3413 2113 3732 2169 curationis
3766 2128 3879 2166 esse

2184 2224 2357 2279 quam
2381 2207 2651 2261 vulneris.
2711 2206 2800 2261 Sic
2844 2206 2995 2259 enim
3045 2204 3189 2259 dixit
3218 2205 3287 2259 ad
3345 2203 3690 2274 discipulos:
3745 2199 3881 2266 Quid

2182 2296 2449 2363 cogitatis
2468 2296 2531 2351 in
2555 2294 2816 2349 cordibus
2847 2292 3096 2348 vestris?
3134 2293 3374 2363 Palpate
3420 2300 3475 2345 et
3502 2290 3691 2347 videte
3747 2288 3876 2359 quia

2182 2386 2425 2457 spiritus
2452 2402 2684 2439 carnem
2715 2388 2765 2437 et
2794 2400 2925 2437 ossa
2968 2399 3080 2436 non
3129 2382 3317 2447 habet,
3364 2382 3512 2436 sicut
3554 2396 3639 2434 me
3678 2378 3879 2434 videtis

2184 2476 2563 2545 habere(Luc.
2600 2492 2749 2542 xxxv,
2800 2474 2979 2527 Joan.
3041 2474 3369 2542 xx).Neque
3421 2471 3616 2524 fuisset
3667 2473 3872 2539 myste-

2183 2564 2527 2634 rium,quod
2560 2564 2719 2617 ostiis
2746 2562 2816 2616 ad
2846 2577 2940 2615 eos
2963 2560 3170 2613 clausis
3201 2560 3489 2630 ingressus
3520 2563 3618 2621 est,
3652 2558 3702 2611 si
3736 2558 3872 2610 inte-

2186 2653 2447 2721 gritatem
2464 2652 2702 2706 humani
2733 2655 2988 2724 corporis
3023 2665 3139 2705 non
3170 2652 3434 2705 habebat.
3479 2651 3788 2703 Possumus
3814 2661 3872 2698 ex

2183 2741 2290 2795 hoc
2312 2742 2460 2795 dono
2491 2742 2648 2795 verbi
2671 2745 3085 2813 pracedentem
3122 2742 3347 2813 longius
3378 2738 3634 2809 proferre
3666 2752 3875 2789 sermo-

2182 2846 2315 2884 nem
2350 2847 2361 2883 :
2392 2831 2483 2884 sed
2515 2831 2651 2883 satis
2681 2848 2799 2884 esse
2832 2833 3115 2887 credimus
3139 2848 3239 2902 per
3256 2829 3561 2884 Dominum
3612 2829 3872 2879 nostrum

2189 2920 2427 2973 erudita
2458 2920 2771 2975 clementia
2790 2927 2987 2975 vestrae
3039 2921 3247 2975 strictis
3294 2918 3617 2988 supplicare
3670 2929 3875 2984 sugge-

2189 3008 2493 3074 stionibus,
2521 3013 2813 3078 sperantes
2845 3015 2906 3063 ut
2939 3010 3193 3063 laborem
3219 3021 3529 3076 curamque
3574 3001 3877 3074 pastoralis

2189 3097 2381 3162 ofﬁcii,
2415 3097 2828 3151 venerabilium
2862 3099 3346 3169 praedecessorum
3382 3099 3701 3148 vestrorum
3741 3092 3875 3144 Mar-

2188 3184 2335 3237 ciani
2367 3189 2423 3237 et
2456 3185 2655 3239 Leonis
2677 3186 2922 3241 formam
2952 3187 3152 3253 secuti,
3202 3186 3374 3239 etiam
3417 3182 3727 3253 principali
3789 3196 3877 3249 po-

2188 3274 2382 3327 tentia
2407 3274 2847 3344 participatione
2882 3276 3145 3330 fulciatis.
3184 3274 3474 3329 Habebitis
3520 3274 3635 3325 Deo
3691 3268 3873 3341 propi-

2188 3361 2266 3414 tio
2309 3378 2463 3432 spem
2520 3363 2589 3415 de
2640 3364 2890 3417 victoriis
2949 3381 3062 3418 non
3116 3365 3421 3434 jacentem,
3465 3361 3511 3414 si
3568 3355 3875 3429 pontiﬁcali

2188 3456 2383 3504 contra
2414 3451 2627 3505 diaboli
2671 3453 3072 3523 subreptiones
3120 3452 3520 3523 congressione
3544 3448 3783 3519 paciﬁca
3812 3446 3874 3499 ad

2188 3539 2595 3593 decertandum
2627 3540 3064 3595 instructionem
3129 3542 3423 3595 muniatis.
3488 3540 3792 3607 Nunquam
3824 3535 3876 3587 in

2188 3633 2511 3682 sanctarum
2547 3630 2926 3685 Ecclesiarum
2973 3632 3254 3685 memoria
3293 3628 3540 3683 Dioscori
3591 3624 3876 3698 participis

2192 3718 2537 3786 Eutychetis,
2572 3718 2853 3772 Timothei
2912 3725 2967 3774 et
3025 3720 3197 3785 Petri,
3256 3718 3675 3790 parricidarum
3732 3729 3875 3769 com-

2189 3806 2531 3859 memoratio
2593 3808 2931 3862 reviviscat:
2990 3814 3246 3862 servetur
3284 3808 3353 3860 ab
3398 3806 3665 3860 omnibus
3710 3803 3872 3856 susci-

2189 3894 2413 3963 pienda
2450 3894 2920 3949 Chalcedonensis
2951 3898 3173 3966 synodi,
3199 3899 3313 3951 Deo
3334 3912 3435 3967 per
3456 3911 3553 3947 vos
3586 3897 3873 3962 operante,

2190 3982 2479 4035 difﬁuitio.
2510 3983 2741 4037 Aeacius
2766 3986 2915 4039 Petri
2946 3986 3315 4039 tenebrarum
3350 3984 3451 4038 ﬁlii
3475 3981 3874 4035 communione

2188 4071 2440 4140 pollutus
2463 4072 2667 4125 habeat
2693 4074 3018 4144 participes,
3054 4091 3198 4146 quos
3231 4074 3441 4145 delegit
3476 4090 3488 4126 :
3549 4071 3651 4142 qui
3709 4070 3873 4123 etiam

386 4148 514 4203 ﬁcio
544 4148 667 4213 Dei,
692 4149 901 4219 pietate
943 4154 1126 4202 vestra
1156 4149 1454 4216 invitante,
1518 4149 1785 4203 inchoare
1822 4152 2075 4213 meliora,
2118 4187 2161 4240 Β
2193 4158 2345 4212 inter
2375 4178 2503 4214 suos
2548 4178 2827 4227 excessus,
2887 4181 2990 4217 nec
3048 4165 3117 4218 de
3177 4166 3341 4217 Petro
3399 4162 3776 4226 Antiocheno,
3829 4161 3879 4211 et

387 4239 577 4293 ethoc
618 4238 770 4309 quod
803 4254 915 4291 non
944 4238 1267 4307 accepimus
1299 4254 1331 4291 a
1378 4239 1715 4308 parentibus
1768 4245 1884 4292 tam
1942 4240 2081 4293 clari

386 4328 574 4399 operis
590 4327 914 4403 institutum
936 4327 1102 4380 nobis
1124 4327 1568 4397 ipsisimponere
1590 4343 1601 4392 ;
1623 4328 1757 4396 quia
1776 4333 1959 4381 totum
1978 4344 2080 4399 pro

386 4418 873 4487 rediutegratione
928 4416 1185 4493 ﬁdei_et
1258 4416 1605 4469 Eclesiarum
1671 4432 1809 4484 pace
1874 4417 2078 4483 facere,

385 4506 630 4559 libenter
658 4504 1059 4575 amplectimur
1086 4521 1098 4557 ε
1124 4505 1169 4557 si
1191 4510 1382 4558 tamen
1414 4504 1697 4573 majorum
1751 4510 2080 4560 nostrorum

388 4594 682 4657 difﬁnitio,
739 4597 793 4645 et
836 4597 1164 4647 sanctorum
1242 4595 1475 4646 Patrum
1533 4593 1592 4645 in
1643 4593 1759 4645 suis
1802 4594 2083 4649 radicibus

388 4682 725 4735 inconcussa
756 4687 1094 4749 permaneat
1127 4697 1139 4735 :
1173 4682 1219 4735 si
1251 4682 1767 4735 anathematizetur
1789 4684 2083 4737 Nestorius

388 4769 905 4839 cumparticipibus
921 4771 1058 4835 suis,
1084 4771 1183 4840 qui
1206 4786 1485 4824 evacuans
1499 4770 1706 4823 divina
1730 4778 2084 4826 sacramenta

389 4862 626 4920 natura,
665 4857 888 4910 beatam
923 4858 1201 4927 virginem
1226 4859 1462 4911 Mariam
1494 4859 1898 4913 nudihominis
1929 4877 2085 4914 men-

392 4946 529 5000 titur
554 4962 671 4999 esse
707 4945 1043 5016 genitricem
1070 4964 1082 5013 ;
1120 4947 1332 5001 oblitus
1361 4948 1635 5017 angelica
1691 4950 2081 5003 annuntiatio-

393 5032 499 5099 nis,
530 5048 634 5103 per
682 5048 855 5103 quam
913 5033 1129 5086 mundo
1186 5033 1454 5099 innotuit,
1510 5036 1647 5105 quia
1693 5036 1848 5106 quod
1896 5053 1961 5090 ex
2020 5054 2085 5092 ea

394 5125 724 5175 nasceretur
772 5121 1091 5175 vocandum
1156 5127 1303 5176 esset
1358 5128 1639 5190 sanctum,
1728 5124 1899 5178 Filius
1961 5126 2080 5180 Dei.

395 5209 648 5262 Facessat
674 5209 985 5278 impiorum
1019 5215 1134 5263 tam
1162 5212 1572 5264 contumeliosa
1605 5211 1663 5264 in
1690 5213 1800 5265 Deo
1846 5214 2084 5267 honori-

392 5296 664 5351 ﬁcentia:
725 5298 997 5367 quoniam
1055 5298 1133 5352 sic
1178 5304 1261 5353 est
1290 5300 1347 5352 in
1381 5304 1538 5353 utero
1578 5300 1815 5369 virginis
1855 5310 2087 5371 operata

393 5385 677 5447 divinitas,
705 5390 767 5438 ut
796 5402 866 5439 ex
895 5403 961 5440 ea
985 5386 1175 5441 unitas
1197 5387 1275 5440 ibi
1304 5388 1639 5456 procederet
1698 5390 1905 5458 carnis,
1962 5392 2085 5445 aui-

398 5488 621 5547 maque
639 5472 947 5541 humana;
980 5475 1230 5528 increata
1262 5474 1518 5545 quidem,
1558 5476 1656 5530 sed
1688 5492 1805 5532 non
1854 5479 2088 5534 confusa

2192 4248 2563 4317 complicibus
2590 4250 2716 4318 ejus
2749 4252 2994 4304 nitidum
3020 4268 3077 4303 se
3100 4268 3220 4323 esse
3252 4266 3553 4320 perpessus
3602 4254 3708 4301 est.
3759 4249 3875 4302 Ces-

2189 4342 2314 4389 sent
2346 4337 2641 4391 maledicta
2673 4339 2784 4408 piis
2802 4346 3008 4393 sancta
3040 4340 3455 4394 recordationis
3488 4354 3649 4409 papa
3687 4335 3877 4392 Leonis

2187 4421 2409 4491 ingesta
2438 4424 2822 4494 dogmatibus,
2878 4444 3006 4498 qua
3067 4430 3215 4481 solos
3255 4428 3485 4498 quidem
3542 4427 3638 4478 illo
3664 4426 3725 4478 in
3773 4422 3878 4477 suis

2190 4518 2454 4565 manente
2485 4514 2735 4581 puniunt
2760 4516 3101 4587 irrogantes.
3128 4519 3190 4570 ln
3225 4517 3312 4569 his
3345 4532 3473 4585 qua
3527 4514 3747 4585 prafati
3801 4527 3879 4563 su-

2190 4615 2337 4663 mus,
2368 4601 2813 4657 sollicitudinem
2844 4605 3017 4657 vestri
3050 4605 3392 4658 advocemus
3418 4603 3643 4673 imperii
3676 4619 3688 4655 :
3723 4604 3877 4672 pote-

2187 4688 2263 4741 rit
2288 4688 2442 4742 enim
2473 4690 2656 4759 pietas
2682 4698 2886 4760 vestra,
2910 4693 3015 4747 hoc
3047 4694 3395 4760 custodiens,
3430 4693 3617 4762 apices
3654 4697 3713 4745 et
3771 4704 3876 4743 sce-

2189 4781 2319 4845 ptra
2345 4793 2447 4829 sua
2480 4784 2605 4846 post
2636 4782 2845 4834 multos
2866 4798 3047 4834 annos
3077 4783 3146 4836 ad
3196 4782 3349 4836 aliud
3407 4782 3677 4833 saculum
3715 4777 3879 4849 possi-

2195 4863 2329 4916 dere
2363 4867 2654 4919 translata.
2691 4868 2968 4938 Suscipite
2998 4885 3193 4940 preces
3208 4876 3431 4923 nostras
3448 4866 3878 4939 perEnnodium

2195 4956 2364 5022 atque
2401 4954 2773 5011 Fortunatam
2800 4956 3001 5010 fratres
3023 4964 3077 5011 et
3101 4959 3471 5029 coepiscopos
3501 4963 3743 5023 nostros,
3785 4968 3879 5008 nec

2193 5056 2306 5093 non
2330 5042 2670 5097 Venantium
2712 5046 3131 5117 presbyterum,
3168 5052 3338 5118 atque
3401 5048 3639 5100 Vitalem
3692 5046 3878 5100 diaco-

2194 5145 2356 5196 num,
2386 5130 2744 5187 velHilarum
2774 5135 3084 5202 notarium,
3131 5136 3282 5189 ﬁlios
3342 5142 3581 5200 nostros,
3642 5146 3876 5204 quorum

2196 5218 2345 5285 apud
2375 5234 2479 5271 nos
2512 5220 2650 5273 ﬁdes
2672 5222 2731 5274 in
2766 5224 2863 5276 Dei
2898 5223 3104 5277 timore
3146 5224 3514 5293 studiumque
3563 5220 3876 5292 perclaruit,

2194 5320 2298 5374 pro
2320 5311 2503 5359 vestro
2534 5324 2727 5363 amore
2768 5312 3147 5374 transmissas,
3184 5318 3241 5365 et
3282 5311 3567 5382 placidam
3617 5311 3733 5362 vice
3758 5301 3876 5359 ino-

2195 5398 2313 5446 stra
2335 5396 2854 5465 supplicationibus
2870 5400 3270 5453 conscientiam
3294 5399 3731 5453 accommodate.
3758 5396 3878 5464 Spe-

2198 5497 2393 5537 ramus
2424 5486 2600 5552 enim,
2620 5486 2764 5541 etde
2805 5489 2920 5543 Deo
2940 5489 3215 5545 habentes
3238 5489 3523 5554 fiduciam,
3553 5488 3878 5559 pollicemur
