3998 6172
183 244 269 297 381
1470 246 1819 305 EPISTOLAZ
1859 250 1948 307 ET
1987 250 2336 310 DECRETA.

3547 253 3651 309 382

182 372 373 463 studia,
401 387 529 443 qua:
561 389 593 427 a
620 374 782 429 vobis
824 391 974 431 verae
1022 377 1287 449 religioni
1318 378 1579 451 impensa
1607 381 1840 449 fuerint,
1881 388 1927 441 A
1952 383 2322 455 impiissimos
2381 387 2703 443 Nestorium
2751 394 2923 462 atque
2979 392 3343 463 Eutychetem
3402 391 3649 446 vitamus

185 462 288 515 sine
320 462 681 517 retributione
716 470 773 518 et
803 466 1042 535 praemio
1073 484 1189 521 non
1220 468 1431 523 futura.
1468 470 1608 525 Data
1636 487 1696 527 Ill
1720 471 1848 528 idus

183 550 422 621 Augusti,
459 552 746 607 Florentio
777 555 837 608 V.
880 556 939 609 D.
967 558 1220 611 consule.

809 653 831 679 ⁸
862 644 1200 701 EPISTOLA

243 753 511 793 ANASTASH
546 754 899 795 IMPERATORIS
956 759 1025 797 AD
1084 759 1405 799 HORHISDAM
1458 762 1557 801 PER
1616 762 1852 803 LEGATOS

579 844 759 885 SEDIS
792 847 1197 889 APOSTOLICE
1241 850 1454 890 MISSA.

184 934 521 990 Ca/holicam
542 936 720 1003 ﬁdem
764 940 1093 1007 pro/fletur:
1137 942 1598 999 Chalcedonensis
1625 945 1857 1001 concilii

239 1007 450 1059 decreta
509 1009 794 1063 servanda
826 1027 839 1065 :
872 1013 1147 1067 Acacium
1177 1014 1253 1067 ad
1276 1014 1524 1069 tollenda
1568 1017 1852 1073 scandala

242 1092 348 1131 non
373 1077 787 1148 damnandum,
819 1084 875 1135 et
895 1083 963 1136 de
976 1100 1118 1154 pace
1151 1085 1532 1157 cogitandum.

185 1185 504 1254 Exemplum
536 1202 707 1241 sacrae
738 1190 1020 1243 Anastasii
1066 1193 1307 1261 Augusti
1340 1193 1653 1249 Hormisdaa
1698 1209 1857 1267 papa:

243 1291 337 1346 per
359 1275 683 1329 Eunodium
704 1282 758 1331 et
782 1279 1155 1333 Fortunatum
1180 1281 1495 1354 episcopos,
1516 1286 1854 1341 Venantium

240 1364 653 1435 presbyterum,
685 1367 925 1422 Vitalem
954 1369 1255 1425 diaconum
1304 1378 1359 1427 et
1400 1373 1657 1430 Hilarum
1689 1380 1853 1431 nota-

245 1470 405 1507 I'lllm.

244 1544 451 1596 Gratias
483 1546 863 1616 omnipotenti
892 1550 1005 1603 Deo
1048 1550 1365 1619 referimus,
1403 1553 1557 1622 quod
1589 1555 1858 1610 sanctitas

188 1638 347 1685 vestra
376 1634 697 1705 disciplinis
731 1638 1049 1692 caelestibus
1084 1640 1365 1707 instituta,
1410 1642 1553 1695 sicut
1592 1646 1855 1714 poposci-

185 1738 310 1785 mus,
340 1723 557 1794 legatos
585 1725 738 1792 ﬁdei,
770 1728 1095 1782 Enuodium
1130 1734 1183 1783 et
1218 1731 1592 1785 Fortunatum
1624 1751 1857 1789 venera-

180 1811 303 1864 biles
334 1813 655 1884 episcopos,
680 1815 777 1869 sed
811 1817 981 1870 etiam
1010 1818 1158 1871 viros
1179 1819 1479 1889 religiosos
1513 1823 1857 1879 Venantium

177 1900 578 1972 presbyterum,
636 1905 875 1959 Vitalem
934 1907 1261 1974 diaconum,
1299 1915 1356 1963 et
1402 1911 1656 1966 Hilarum
1688 1919 1858 1968 nota—

177 1990 326 2055 rium,
373 1993 576 2061 quales
616 1995 886 2063 poscebat
924 2013 1105 2050 causae
1146 1997 1485 2067 sublimitas,
1515 1999 1858 2069 destinavit;

178 2078 260 2149 qui
287 2080 502 2150 negotii
532 2083 989 2152 magnitudinem
1021 2085 1261 2156 implere
1305 2093 1553 2157 possent,
1589 2090 1859 2144 ecclesia-

175 2168 279 2221 stici
330 2170 454 2223 luce
513 2173 814 2238 sermonis,
885 2174 1099 2245 quique
1171 2181 1444 2247 operante
1502 2180 1615 2231 Deo
1665 2179 1860 2234 omnia

180 2258 438 2313 subtiliter
475 2264 833 2332 requirentes
867 2279 991 2333 quae
1022 2264 1092 2317 ad
1121 2271 1335 2319 rectam
1380 2269 1435 2318 et
1472 2283 1664 2321 veram
1698 2268 1859 2323 Chri-

183 2350 483 2405 stianorum
527 2350 816 2421 pertinent
856 2352 1048 2421 ﬁdem,
1081 2358 1137 2408 et
1167 2354 1294 2423 ipsi,
1339 2355 1483 2409 sicut
1510 2356 1720 2425 decuit,
1756 2358 1857 2412 de-

184 2439 471 2507 clararunt,
510 2444 565 2495 et
611 2457 645 2493 a
697 2440 881 2505 nobis,
925 2442 1067 2495 sicut
1123 2445 1406 2513 oportuit,
1462 2451 1855 2516 agnoverunt:

182 2530 297 2599 quia
322 2547 429 2583 una
464 2536 557 2584 est
587 2530 829 2584 Ecclesia
873 2530 991 2597 Dei,
1036 2533 1364 2601 apostolicis
1391 2534 1603 2605 ubique
1635 2535 1861 2590 ﬁrmata

183 2618 449 2673 doctrinis.
524 2619 682 2673 Unde
715 2619 839 2689 quis
872 2619 1081 2674 audeat
1115 2621 1184 2675 de
1244 2622 1471 2676 Domini
1502 2624 1683 2678 nostri
1728 2626 1858 2680 Jesu

183 2706 363 2762 Christi
408 2708 815 2762 incarnatione
866 2710 1028 2763 aliter
1072 2727 1245 2780 quam
1276 2711 1445 2766 habet
1482 2713 1691 2768 veritas
1736 2714 1860 2785 ipsa

181 2797 385 2863 sentire,
427 2796 549 2851 nisi
578 2801 641 2850 ut
683 2796 1023 2852 conﬁteatur
1057 2802 1337 2870 aequalem
1370 2806 1426 2855 et
1480 2803 1857 2858 consubstan-

180 2882 349 2937 tialem
395 2884 589 2938 Patris
651 2884 874 2953 Filium,
930 2886 1125 2940 salutis
1184 2893 1388 2943 nostrae
1450 2906 1638 2959 causa,
1696 2893 1858 2960 juxta

1964 475 2178 545 pariter
2201 478 2257 530 et
2282 476 2600 531 horremus.
2636 480 2842 533 Eorum
2872 482 3313 536 condemnantes
3335 486 3390 535 et
3412 482 3649 536 anathe-

1967 566 2301 620 matizantes
2341 572 2398 620 et
2455 584 2729 637 personas
2772 575 2827 623 et
2872 571 3157 641 dogmata,
3222 572 3652 626 detestabilibus

1967 655 2275 725 sacrilegiis
2305 658 2710 727 comparanda,
2760 660 2856 729 qui
2888 660 3367 730 dispensationem
3400 661 3649 715 divinam

1966 748 2023 797 et
2050 744 2317 799 humana:
2346 748 2601 801 remedia
2630 748 3000 817 inﬁrmitatis,
3021 750 3283 803 similiter
3305 755 3404 804 aut
3431 750 3652 803 nescire

1967 833 2288 903 voluerunt,
2317 840 2415 888 aut
2446 837 2672 906 cognita
2701 836 3115 906 blasphemare.
3151 837 3282 891 Tale
3304 838 3481 907 igitur
3510 839 3653 891 circa

1968 923 2136 977 ﬁdem
2162 925 2479 978 clementiae
2504 930 2711 978 nostrae
2742 926 3099 995 propositum
3131 942 3387 979 summus
3416 928 3561 980 Deus
3584 926 3652 979 ab

1969 1014 2201 1067 exordio
2232 1014 2362 1067 vitae
2394 1014 2652 1068 sensibus
2685 1014 2888 1067 nostris
2908 1014 3145 1067 immisit
3173 1030 3184 1068 :
3224 1014 3375 1068 unde
3397 1018 3452 1067 et
3471 1015 3653 1084 impe-

1969 1103 2121 1157 rium
2171 1108 2426 1157 nostrum
2477 1103 2761 1156 credimus
2818 1103 3108 1157 custodiri.
3162 1103 3434 1157 Miramur
3462 1107 3652 1156 autem

1967 1194 2343 1265 quamobrem
2376 1193 2444 1246 de
2476 1193 2819 1247 beatissimis
2860 1193 3139 1259 Patribus,
3191 1193 3291 1262 qui
3322 1192 3380 1245 in
3414 1192 3652 1247 Chalce-

1967 1278 2111 1332 done
2159 1286 2563 1347 convenerunt,
2617 1280 2809 1351 aliqua
2858 1280 3022 1334 nobis
3074 1281 3317 1335 scribere
3374 1280 3651 1349 voluistis,

1965 1368 2101 1422 dum
2130 1385 2198 1422 ea
2220 1385 2348 1439 quas
2380 1369 2448 1423 ab
2472 1370 2555 1422 his
2576 1370 2801 1424 fuerant
2830 1370 3140 1424 constituta
3172 1371 3652 1440 przedecessorum

1968 1463 2297 1511 nostrorum
2346 1459 2761 1528 multiplicibus
2817 1460 3056 1513 decretis
3096 1460 3432 1513 confirmata
3490 1460 3653 1515 mon-

1969 1552 2239 1601 strantur.
2298 1546 2363 1600 Et
2393 1564 2520 1601 cum
2556 1532 2658 1601 nec
2706 1548 2817 1601 alia
2848 1549 3096 1614 synodus
3152 1549 3301 1602 facta
3330 1548 3521 1616 fuerit,
3556 1565 3659 1617 per

1973 1653 2144 1706 quam
2179 1653 2307 1706 qum
2335 1637 2405 1690 ab
2438 1638 2535 1690 illa
2553 1637 2828 1707 disposita
2853 1642 2985 1690 sunt
3006 1638 3380 1691 redderentur
3406 1637 3654 1701 inﬁrma,

1974 1742 2079 1780 nec
2128 1726 2215 1781 lex
2245 1744 2277 1780 a
2335 1726 2497 1781 nobis
2551 1727 2907 1797 processerit,
2973 1727 3136 1796 cujus
3168 1726 3414 1780 novitate
3444 1731 3656 1780 statuta

1964 1814 2191 1883 preefati
2223 1814 2563 1884 episcopalis
2592 1814 2816 1869 concilii
2847 1812 3221 1879 solverentur,
3256 1812 3502 1867 maxime
3528 1827 3657 1865 cum

1964 1902 2088 1973 ipsa
2125 1904 2374 1974 synodus
2410 1904 2620 1958 dixerit
2652 1904 2957 1958 anathema
2996 1919 3118 1958 esse
3156 1903 3383 1965 debere,
3416 1900 3654 1972 quicun-

1966 2008 2076 2064 que
2108 1994 2279 2047 aliam
2312 1993 2485 2047 ﬁdem
2516 2010 2687 2063 quam
2722 1995 2874 2063 apud
2907 1993 3153 2047 Nicaeam
3192 1992 3432 2045 trecenti
3464 1991 3659 2044 decem

1967 2086 2023 2136 et
2069 2090 2193 2135 octo
2248 2083 2601 2136 venerabiles
2634 2084 2826 2137 Patres
2866 2082 3287 2137 constituerunt
3340 2080 3541 2135 docere
3573 2081 3656 2134 vel

1966 2170 2273 2225 immutare
2304 2171 2564 2238 voluerit,
2599 2172 2668 2225 ad
2695 2169 2817 2225 'hoc
2847 2170 3017 2225 etiam
3054 2188 3170 2238 eos,
3205 2186 3346 2241 quos
3394 2167 3658 2239 superius

1967 2260 2525 2331 comprehendimus,
2577 2260 2634 2315 id
2689 2265 2773 2315 est
2829 2260 3154 2315 Nestorium
3206 2266 3262 2314 et
3292 2258 3653 2330 Eutychetem

1967 2350 2402 2418 damnaverunt,
2437 2366 2580 2420 quos
2603 2366 2708 2404 nos
2729 2366 2959 2421 quoque
2990 2351 3350 2405 damnamus.
3378 2350 3518 2402 Nam
3548 2363 3652 2417 pro

1967 2439 2072 2493 hac
2119 2455 2287 2492 causa
2332 2444 2669 2493 attestantur
2699 2440 2863 2493 nobis
2898 2440 3070 2493 etiam
3110 2438 3317 2492 divinm
3356 2438 3558 2491 litterae
3585 2436 3657 2489 ad

1966 2529 2389 2594 Alexandriam,
2421 2545 2536 2583 non
2591 2530 2786 2595 semel,
2837 2530 2935 2583 sed
2991 2528 3279 2582 multoties
3337 2526 3654 2581 destinate.

1966 2620 2072 2671 Per
2102 2635 2241 2689 quas
2270 2618 2716 2689 objurgavimus,
2737 2635 2838 2673 cur
2859 2619 2966 2672 sibi
2985 2634 3101 2671 non
3126 2617 3476 2671 arbitrentur
3492 2631 3657 2686 posse

1968 2708 2225 2761 sufficere
2285 2708 2560 2761 directam
2620 2708 2751 2761 ﬁdei
2809 2707 3148 2773 doctrinam,
3209 2705 3539 2760 recedentes
3588 2702 3658 2757 81)

1966 2796 2325 2850 anathemate
2384 2796 2864 2851 Chalcedonensis
2914 2796 3114 2866 synodi
3181 2796 3266 2848 vel
3320 2792 3654 2848 venerandae

1967 2886 2263 2939 memorias
2293 2886 2496 2940 Leonis
2517 2885 2785 2956 episcopi.
2814 2885 2972 2939 Unde
2994 2900 3108 2937 non
3130 2900 3371 2953 parvum
3402 2880 3653 2935 studium

183 2974 666 3029 annuutiationem
686 2976 1033 3045 archangeli,
1058 2976 1117 3030 in
1145 2982 1308 3031 utero
1338 2979 1595 3051 virginis,
1628 2997 1855 3036 carnem
1898 2988 1937 3043 C
1966 2976 2118 3045 apud
2151 2992 2275 3041 nos,
2305 2981 2362 3030 et
2390 2976 2631 3028 intentio
2681 2976 2740 3028 in
2786 2974 3059 3043 praesenti
3090 2988 3321 3043 quoque
3360 2970 3651 3042 perdurat,

186 3078 240 3117 ex
267 3064 455 3118 eadem
495 3065 868 3131 assumendo,
907 3065 1203 3120 hominem
1238 3068 1446 3121 factum
1468 3069 1494 3122 ?
1526 3073 1580 3123 et
1610 3070 1753 3124 sicut
1780 3072 1859 3126 ait

184 3154 475 3221 Apostolus.
540 3152 606 3206 in
669 3152 859 3207 servili
905 3154 1111 3221 forma,
1153 3160 1215 3210 ut
1272 3173 1495 3211 crucem
1543 3176 1644 3229 pro
1694 3160 1857 3214 nobis

187 3256 328 3295 carne
358 3243 695 3312 susciperet.
732 3244 811 3297 De
844 3259 957 3313 quo
987 3244 1183 3297 beatus
1218 3236 1414 3299 Petru‘s
1436 3248 1724 3318 apostolus
1753 3250 1858 3304 Ju-

185 3329 298 3383 dais
315 3331 472 3385 dicit:
503 3331 624 3385 Vos
640 3331 867 3401 pelislis
885 3332 1039 3387 vobis
1050 3332 1267 3388 dimitti
1284 3334 1465 3389 virum
1485 3335 1855 3405 homicidam,

186 3422 447 3475 auctorem
476 3436 621 3475 vero
640 3421 764 3476 1:in
782 3421 1169 3490 linter/“coistis.
1197 3424 1275 3477 De
1308 3440 1422 3495 quo
1453 3424 1625 3480 etiam
1648 3426 1861 3498 legitur

186 3506 234 3559 in
261 3509 423 3563 Paulo
454 3511 719 3580 apostolo
746 3528 757 3564 :
785 3513 987 3566 Factus
1012 3511 1278 3567 obediens
1298 3530 1472 3585 usque
1492 3515 1568 3568 ad
1595 3519 1859 3586 mortem,

186 3604 399 3653 mortem
428 3602 631 3653 autem
652 3600 855 3655 crucis.
883 3602 1233 3657 Conﬁtemur
1258 3604 1411 3657 enim
1438 3606 1589 3675 quod
1612 3606 1857 3675 genitrix

188 3685 269 3739 Dei
298 3687 456 3741 beata
490 3688 657 3757 virgo
688 3690 855 3743 Maria
886 3690 946 3745 in
972 3708 1102 3745 vera
1132 3709 1299 3745 carne
1327 3697 1382 3746 et
1398 3693 1591 3747 anima
1612 3695 1861 3748 rationa-

185 3775 266 3829 bili
298 3776 730 3847 etintelligibili
786 3780 950 3833 nobis
1001 3781 1179 3835 Deum
1228 3782 1452 3853 peperit
1498 3784 1857 3853 salvatorem,

186 3881 333 3936 quem
364 3865 710 3920 homousion
745 3868 855 3922 Deo
896 3869 1043 3923 Patri
1092 3874 1146 3923 et
1194 3870 1430 3940 Spiritui
1484 3876 1698 3939 sancto,
1732 3878 1860 3927 ante

185 3955 366 4009 saecula
419 3957 699 4011 eumdem
746 3958 906 4012 nobis
956 3974 1183 4030 quoque
1228 3960 1591 4027 homousion,
1625 3967 1862 4032 propter

184 4056 387 4116 peccata
413 4054 619 4105 nostra
652 4049 710 4102 in
751 4048 863 4102 fine
894 4052 1222 4120 temporum
1246 4049 1530 4103 credimus
1574 4056 1631 4105 et
1662 4051 1863 4121 proba~

186 4152 292 4191 mus
319 4140 491 4195 fuisse
521 4137 916 4211 progenitum,
966 4138 1112 4191 sicut
1152 4139 1433 4209 propheta
1467 4138 1639 4193 David
1684 4140 1856 4194 dicit:

184 4228 256 4281 De
280 4233 467 4284 ventre
496 4226 712 4283 matris
740 4243 869 4282 mea:
900 4231 1045 4282 Deus
1070 4244 1229 4281 meus
1256 4244 1317 4281 es
1349 4231 1409 4280 tu
1466 4228 1664 4299 (Psal.,
1720 4228 1858 4297 xxi).

1968 3069 2249 3135 quatenus
2298 3080 2331 3117 a
2370 3062 2659 3134 superﬂuo
2693 3062 3053 3116 anathemate
3097 3061 3326 3115 eosdem
3374 3058 3656 3130 possimus

1968 3154 2315 3220 abstrahere,
2341 3158 2395 3207 et
2415 3159 2618 3207 sanctae
2651 3152 2910 3207 Ecclesiae
2939 3150 3249 3206 universali
3279 3150 3650 3219 conjungere.

1965 3246 2045 3299 De
2068 3244 2316 3314 capitulo
2354 3258 2487 3296 vero
2520 3242 2672 3313 quod
2703 3242 2890 3295 solum
2922 3240 3156 3295 videtur
3185 3254 3305 3293 esse
3338 3236 3653 3304 residuum,

1967 3336 2162 3386 nostra
2190 3332 2453 3385 voluntas
2472 3330 2740 3401 petitioni
2770 3335 2969 3384 vestrae
3000 3329 3235 3383 fortasse
3264 3330 3501 3398 propter
3529 3323 3656 3378 uni-

1967 3427 2141 3476 tatem
2183 3421 2555 3475 Ecclesiarum
2594 3424 2953 3487 convenerat,
3016 3418 3127 3472 nisi
3170 3416 3283 3471 alia
3312 3413 3655 3469 venerabili-

1966 3512 2072 3566 bus
2105 3512 2359 3565 Ecclesiis
2401 3525 2469 3563 ex
2516 3510 2621 3564 hoc
2652 3510 2932 3563 removeri
2978 3507 3243 3562 scandala
3273 3505 3653 3559 crederemus.

1966 3601 2125 3655 Nunc
2178 3600 2445 3654 universa
2474 3616 2603 3671 qua:
2636 3598 2750 3653 sint
2812 3598 3067 3653 facienda
3110 3594 3466 3667 perpendite,
3519 3591 3655 3663 quia

1968 3705 2138 3760 grave
2172 3706 2291 3743 esse
2322 3689 2625 3743 clementia
2680 3692 2876 3742 nostra
2918 3686 3138 3757 judicat
3164 3686 3231 3740 de
3262 3682 3513 3740 Ecclesia
3558 3695 3655 3735 ve-

1968 3778 2207 3833 nerabili
2282 3783 2516 3849 propter
2592 3781 2848 3831 mortuos
2896 3776 3048 3830 vivos
3097 3772 3325 3844 expelli,
3377 3787 3482 3826 nec
3534 3769 3657 3823 sine

1966 3868 2145 3920 multa
2180 3866 2458 3922 effusione
2512 3865 2751 3919 humani
2807 3863 3104 3935 sanguinis
3136 3863 3345 3916 scimus
3397 3874 3560 3931 posse
3591 3872 3658 3911 ea

1969 3972 2098 4026 quae
2156 3971 2328 4025 super
2374 3955 2482 4008 hoc
2540 3953 2785 4007 scribitis
2831 3952 3121 4007 ordinari:
3160 3950 3354 4004 omnia
3396 3953 3591 4004 tamen
3622 3962 3656 4000 a

1971 4046 2084 4099 Deo
2120 4048 2431 4114 sperantes,
2466 4058 2569 4112 per
2598 4042 2905 4096 concilium
2940 4041 3143 4095 melius
3174 4056 3340 4109 agere
3377 4035 3655 4109 poteritis,

1969 4150 2143 4205 quam
2176 4133 2244 4187 ab
2271 4132 2359 4186 his
2384 4130 2734 4197 hominibus,
2762 4129 2859 4200 qui
2885 4136 3118 4200 propter
3142 4143 3362 4182 errores
3379 4142 3508 4180 suos
3530 4140 3658 4195 pro-

1968 4222 2180 4276 vincias
2202 4224 2617 4290 percurrentes,
2652 4218 2946 4271 inimicam
2995 4214 3317 4284 Evangeliis
3361 4213 3573 4269 sanctis
3603 4214 3659 4267 et

184 4315 299 4378 Quze
330 4324 525 4372 tamen
580 4319 664 4370 ita
716 4317 837 4369 sine
896 4316 1119 4370 defectu
1167 4317 1255 4370 vel
1304 4317 1634 4371 confusione
1683 4318 1861 4372 nostri
1899 4346 1942 4399 D
1972 4311 2232 4367 Ecclesiis
2262 4310 2460 4365 volunt
2490 4326 2608 4363 esse
2656 4307 3017 4363 discordiam.
3054 4307 3197 4399 Ergo
3228 4307 3292 4357 ut
3321 4303 3394 4357 sit
3430 4303 3657 4399 placens

184 4409 417 4476 corporis
448 4412 535 4461 est
567 4409 858 4474 assumpta
882 4410 1078 4458 nostra
1109 4404 1441 4473 substantia,
1476 4411 1538 4459 ut
1568 4406 1629 4459 in
1661 4408 1861 4460 eadem

186 4508 333 4549 carne
374 4497 473 4549 Dei
510 4496 689 4550 Filius
752 4494 1032 4548 mundum
1088 4495 1515 4547 examinaturus
1574 4494 1859 4564 adveniat,

187 4585 343 4637 oculis
368 4585 634 4639 omnium
666 4584 967 4637 vulnerum
1001 4586 1056 4637 et
1084 4583 1374 4637 clavorum
1414 4583 1621 4637 indicia
1648 4601 1859 4655 reprae-

188 4678 414 4741 sentans,
450 4674 601 4727 sicut
627 4673 900 4742 scriptum
931 4678 1016 4725 est
1040 4692 1050 4725 :
1077 4673 1157 4726 Ει
1186 4671 1452 4728 videbunt
1482 4671 1541 4725 in
1572 4690 1737 4743 quem
1760 4691 1863 4745 pu-

183 4766 445 4833 pugerunt
510 4764 707 4833 (Apoc.
738 4761 794 4831 1).
829 4760 969 4815 Cum
1015 4761 1282 4815 omnibus
1321 4761 1493 4815 etiam
1524 4762 1850 4816 orthodoxis

248 4931 265 4955 ³
303 4924 426 4977 Haec
450 4922 693 4993 epistola
720 4937 849 4975 cum
883 4921 1225 4992 quibusdam
1258 4921 1633 4993 sequentibus
1654 4920 1862 4992 scripta

189 4996 261 5063 est
288 4994 353 5046 ab
379 4992 678 5047 Anastasio
702 4992 1044 5062 imperatore
1068 5008 1220 5045 anno
1244 4992 1465 5046 Domini
1485 4996 1606 5058 5’16,
1633 4994 1861 5063 quando

188 5062 321 5115 edita
349 5065 644 5118 catholicas
694 5066 823 5117 lidei
873 5064 1224 5132 professione
1256 5080 1313 5117 se
1354 5062 1697 5117 catholicum
1741 5080 1861 5116 esse

191 5134 474 5198 simulavit,
503 5142 568 5189 ut
598 5136 809 5188 scilicet
839 5134 941 5188 hac
971 5140 1112 5199 arte,
1158 5135 1355 5203 populi
1394 5134 1584 5187 favore
1614 5138 1856 5205 captato,

191 5210 383 5258 metum
408 5207 675 5259 Vitaliani
707 5213 1009 5258 excuteret.
1043 5206 1274 5261 Addidit
1302 5205 1691 5258 reverentibus
1714 5206 1862 5258 sedis

192 5278 496 5347 apostolica:
534 5278 730 5346 legatis
760 5277 1191 5347 Theopompum
1224 5280 1281 5329 et
1319 5276 1710 5347 Severianum,
1763 5276 1861 5328 ho-

192 5346 355 5399 mines
386 5344 965 5417 laicosfquibuscum
1004 5344 1072 5401 de
1104 5348 1272 5400 rebus
1302 5344 1694 5399 ecclesiasticis
1725 5363 1860 5415 age-

196 5421 351 5467 retur.
373 5420 743 5471 Anastasium
775 5419 862 5471 his
903 5418 1105 5471 litteris
1139 5417 1473 5470 catholicam
1506 5419 1677 5470 ﬁdem
1706 5424 1857 5471 vete-

195 5488 385 5560 ratorie
428 5495 485 5541 et
514 5505 616 5560 per
647 5505 930 5542 summam
962 5489 1331 5543 calliditatem
1366 5489 1682 5557 professum
1703 5504 1855 5560 esse,

198 5555 534 5629 eademque'
569 5559 803 5613 fallendi
880 5565 997 5613 arte
1060 5555 1497 5614 Chacedonense
1556 5559 1860 5613 concilium

197 5629 543 5698 approbasse,
568 5646 636 5687 ex
669 5630 756 5685 his
784 5646 913 5703 quae
959 5631 1221 5703 superius
1265 5630 1335 5685 de
1364 5629 1487 5701 ipso
1517 5630 1727 5700 scripta
1756 5630 1859 5685 ha-

1971 4417 2249 4471 supernm
2293 4398 2576 4469 majestati
2628 4396 3008 4451 Ecclesiarum
3063 4393 3271 4458 unitas,
3326 4389 3655 4461 providete:

1971 4490 2105 4562 quia
2155 4490 2293 4560 quid
2325 4488 2487 4542 nobis
2521 4488 2579 4541 in
2618 4487 2699 4540 eis
2739 4502 2866 4556 qua:
2916 4482 3135 4554 praefati
3178 4495 3377 4535 sumus
3415 4477 3655 4546 obsistit,

1970 4580 2321 4651 ignoramus,
2375 4578 2421 4631 si
2464 4578 2607 4631 bene
2649 4592 2747 4629 nos
2810 4573 3018 4643 arguit.
3056 4574 3162 4626 Per
3219 4568 3413 4624 omnia
3466 4571 3659 4622 tamen

1968 4668 2277 4724 voluntatis
2324 4673 2531 4721 nostrae
2598 4664 2906 4736 puritatem
2952 4662 3271 4731 legatorum
3332 4660 3659 4712 nostrorum

1969 4757 2229 4830 poteritis
2274 4756 2593 4811 narratione
2640 4766 2999 4825 cognoscere.
3052 4749 3307 4804 Petimus
3352 4751 3544 4801 autem
3599 4747 3663 4797 nt

1968 4920 2196 4985 bentur,
2230 4921 2286 4971 et
2323 4932 2451 4987 quas
2481 4915 2550 4969 de
2584 4914 2785 4987 eodem
2818 4912 3146 4987 scribentur
3170 4906 3659 4987 inframanifeste

1968 4981 2408 5045 demonstratur.
2472 4986 2663 5056 Legati
2720 5000 2864 5055 quos
2920 4981 3584 5056 misitfuerunt_alieni
3627 4992 3656 5029 a

1969 5061 2246 5114 catholica
2283 5048 2585 5132 religione“,
2622 5048 3061 5132 defensoresque
3093 5053 3323 5132 haeresis
3354 5048 3661 5132 Eutychia:

1968 5149 2093 5195 nm;
2137 5120 2707 5199 ideoquevpraecipue
2741 5120 2984 5199 Romani
3010 5128 3307 5199 venerunt,
3344 5126 3405 5174 ut
3438 5120 3507 5191 (si
3534 5120 3662 5199 ﬁeri

1968 5193 2268 5273 potuisset)
2286 5193 2484 5270 ipsum
2517 5193 2874 5273 llo-rmisdam
2909 5198 2979 5273 ad
3011 5213 3138 5249 suas
3176 5196 3432 5273 ipsorum
3466 5193 3661 5273 partes

1969 5256 2337 5327 adducerent:
2376 5275 2445 5324 At
2478 5271 2572 5324 ubi
2606 5271 2727 5323 haec
2767 5268 2909 5321 adeo
2939 5256 3323 5335 inexspectata
3358 5256 3663 5337 Hor‘misda

1969 5344 2268 5412 comperit,
2304 5344 2521 5411 legatos
2575 5356 2633 5393 re
2681 5340 2906 5412 infecta»
2931 5339 2998 5412 ad
3031 5329 3437 5412 imperatorem
3475 5329 3662 5412 redire

1963 5402 2167 5486 jussit;
2192 5402 2310 5483 jam
2341 5402 2409 5465 de
2450 5411 2729 5486 Anastasii
2776 5409 3035 5486 perﬁdia,
3067 5402 3163 5486 diu
3192 5406 3421 5486 pigrum
3450 5402 3663 5486 verbo:-

1970 5476 2098 5539 rum
2150 5476 2679 5557 irivolupcroivelata,
2724 5476 3168 5557 certiorfactus.
3228 5476 3354 5557 Haec
3403 5478 3663 5557 cqnstant

1969 5557 2117 5612 infra
2150 5572 2217 5611 ex
2264 5555 2505 5626 epistola
2544 5552 2854 5609 Hormisdar
2900 5550 2971 5604 ad
3001 5548 3251 5603 Avitum.
3288 5548 3415 5603 Sav.
3448 5547 3657 5607 Bimus.
