4038 6170
370 280 471 332 383

1812 274 2187 333 HOBMISDE
2225 276 2424 333 PAPAE

3753 282 3853 335 384

370 429 474 484 pro
525 413 689 469 nobis
736 416 1083 485 apostolatus
1112 417 1296 469 vester
1333 428 1496 468 orare
1544 412 1848 484 dignetur:
1910 412 2064 482 quod
2100 413 2149 466 A
2178 416 2545 487 commendat
2588 415 2851 471 intentio.
2912 416 3231 470 Prudentias
3288 416 3569 487 siquidem
3616 416 3854 487 speciale

363 519 463 558 vos
511 504 710 558 libenti
741 504 934 558 animo
998 504 1201 571 facere,
1269 504 1373 558 hac
1420 503 1743 573 poterimus
1814 502 2061 557 maxime

369 594 586 647 ratione
634 608 997 664 cognoscere,
1055 592 1099 646 si
1159 592 1468 663 perfectam
1540 592 1707 647 nobis
1780 591 2061 646 unitatem

367 681 743 736 Ecclesiarum
780 681 1047 752 dignatus
1077 680 1250 735 fuerit
1281 682 1448 747 Deus,
1498 680 1656 735 vobis
1705 680 2062 752 disponenti-

364 769 490 835 bus,
524 770 884 823 condonare:
937 770 1091 823 illam
1122 771 1277 823 enim
1311 786 1416 823 vox
1448 770 1550 823 Dei
1580 785 1850 841 magnam
1890 770 2063 824 bene—

366 858 675 912 dictionem
728 858 1096 928 diligentibus
1127 874 1186 912 se
1235 859 1525 912 mandavit
1582 862 1753 929 atque
1809 858 2059 926 donavit,

366 963 481 1017 qua
502 947 843 1001 declaravit:
882 948 1089 1003 Pacem
1120 964 1309 1002 meam
1337 947 1407 1002 do
1430 947 1604 1015 vobis,
1641 964 1843 1019 pacem
1873 963 2062 1002 meam

365 1034 593 1090 dimitto
616 1035 771 1091 vobis
793 1036 991 1107 (Joan.
1015 1037 1155 1107 xw).

1048 1123 1290 1179 EPISTO
1300 1126 1387 1178 LA

368 1228 1320 1269 ANASTASIIIMPERATORHSAD
1368 1227 1753 1269 HORMISDAM
1818 1226 2055 1267 PAPAM.

372 1302 797 1380 Theopompum
838 1304 892 1355 et
922 1300 1577 1380 ἔςεξυιξτςὶαητινηλιοῃπίηεβυ
1617 1300 1815 1367 laicos,
1841 1301 2062 1380 legatos

432 1372 691 1444 pontiﬁci
720 1373 797 1426 ad
836 1372 1215 1427 salutationis
1248 1372 1525 1441 ofﬁcium.
1561 1379 1617 1429 et
1641 1388 1846 1444 pacem
1865 1372 2055 1426 conci-

439 1443 702 1498 liandam
731 1443 927 1497 mittit.

433 1533 759 1586 Anastasius
811 1534 1096 1602 Augustus
1144 1532 1461 1588 [Iormisdee
1513 1549 1677 1604 papa:
1726 1549 1829 1603 per
1876 1534 2057 1588 Theo-

363 1636 644 1689 pompum
675 1624 731 1675 et
760 1620 1128 1674 Severianum
1150 1620 1299 1674 viros
1327 1620 1688 1676 clarissimos.

435 1708 641 1764 Omnia
672 1725 800 1778 quae
832 1708 1156 1779 benignitas
1176 1710 1502 1780 conceperit
1534 1710 1879 1778 animorum,
1907 1710 2058 1766 dulci
2097 1716 2137 1768 Β

364 1797 585 1851 ambitu
606 1802 660 1851 et
681 1798 1048 1852 festinatione
1075 1798 1351 1852 laudabili
1369 1803 1764 1869 propagentur
1789 1819 1803 1867 ;
1822 1815 1928 1853 nec
1948 1801 2056 1854 sibi

364 1888 623 1957 requiem
681 1892 888 1957 putant
926 1904 1092 1956 posse
1124 1888 1402 1958 praestari,
1437 1888 1618 1942 donec
1672 1889 1745 1942 ad
1792 1889 2051 1943 affectum

365 1975 806 2031 saluberrimum
838 1976 1159 2031 desiderata
1190 1977 1584 2045 perduxerint.
1634 1979 1699 2031 Et
1730 1982 1865 2031 tunc
1895 1994 2053 2049 quaa-

365 2067 497 2120 dam
530 2064 708 2135 ipsius
735 2065 1116 2119 festinationis
1173 2065 1237 2120 ﬁt
1286 2065 1532 2136 requies,
1583 2066 1718 2119 dum
1753 2067 2059 2137 contigerit

364 2171 492 2225 spes
518 2158 802 2208 votorum.
861 2155 1022 2218 Quod
1055 2154 1115 2208 in
1163 2155 1430 2226 praesenti
1480 2172 1585 2209 nos
1633 2160 1787 2209 certa
1834 2156 2056 2212 ratione

364 2243 725 2313 pertulimus,
759 2244 937 2298 donec
966 2244 1206 2298 cwlestis
1235 2245 1394 2298 favor
1437 2248 1494 2298 et
1534 2249 1745 2298 nostra:
1791 2245 2057 2315 petitioni

364 2332 645 2399 auditum,
679 2336 736 2386 et
766 2336 966 2387 vestrm
994 2333 1386 2402 promissionis
1430 2349 1695 2388 serenum
1723 2334 1896 2388 donet
1926 2335 2056 2389 effe-

362 2425 537 2475 ctum.
573 2422 718 2492 Ergo
769 2421 905 2492 quia
962 2422 1049 2475 vel
1105 2422 1359 2476 maxima
1388 2422 1609 2477 itineris
1647 2424 1967 2494 longitudo,
2002 2429 2058 2479 et

364 2510 513 2563 ultra
536 2509 769 2563 solitum
800 2526 1018 2564 morem
1044 2509 1307 2564 hiemalis
1338 2511 1632 2580 asperitas,
1668 2512 1822 2582 quod
1876 2518 2051 2583 opta-

362 2598 586 2665 bamus,
642 2598 808 2651 nobis
861 2598 994 2652 fecit
1038 2599 1342 2666 incertum,
1375 2599 1608 2653 interim
1651 2600 1805 2654 intra
1833 2603 2055 2657 animos

362 2685 676 2740 desiderata
707 2687 1172 2756 compressimus,
1213 2688 1490 2742 beneficia
1520 2688 1710 2742 divina
1742 2694 2051 2760 captantes,

364 2791 493 2845 quas
541 2775 707 2828 bona:
761 2776 944 2829 exitus
999 2776 1081 2829 rei
1116 2793 1218 2830 sua
1274 2777 1715 2847 interpositione
1764 2779 2053 2835 decidunt.

357 2866 740 2931 Agnoscentes
769 2863 943 2933 igitur
973 2865 1125 2934 quod
1167 2866 1290 2935 ejus
1323 2866 1570 2936 primam
1616 2866 1778 2920 nobis
1809 2868 2053 2938 gratiam

358 2952 717 3018 condonavit,
752 2958 815 3006 ut
846 2953 1019 3011 missa
1050 2954 1118 3008 ad
1147 2970 1252 3008 nos
1293 2955 1502 3025 legatio
1532 2955 1603 3009 ad
1633 2954 2051 3011 beatitudinem
2093 2991 2134 3046 Ο

359 3044 513 3093 tuam
558 3040 799 3095 feliciter
827 3047 1131 3110 remearet,
1182 3044 1251 3097 ad
1284 3044 1594 3098 secundam
1645 3045 2047 3113 processimus,

361 3133 423 3181 ut
450 3129 796 3197 dirigeretur
826 3147 858 3183 a
892 3131 1059 3184 nobis
1090 3131 1371 3200 promissa
1392 3132 1624 3202 legatio,
1659 3149 1763 3202 per
1791 3150 1966 3204 quam
1997 3139 2052 3189 et

358 3217 828 3271 commemoratio
877 3219 1042 3271 fieret
1071 3235 1270 3272 eorum
1319 3237 1445 3289 quae
1500 3237 1630 3274 cum
1678 3223 2052 3277 sanctissimis

358 3304 492 3357 viris
542 3305 714 3374 longa
773 3305 1187 3360 deliberatione
1218 3309 1586 3376 contulimus,
1648 3315 1703 3363 et
1746 3309 1903 3377 inde,
1939 3312 2050 3364 Deo

358 3391 608 3461 auspice,
640 3397 758 3445 tam
788 3398 994 3445 nostra:
1049 3392 1363 3462 petitionis,
1397 3411 1572 3464 quam
1604 3400 1802 3450 vestrae
1828 3398 2047 3467 gratias,

357 3479 432 3532 ad
451 3479 741 3549 integrum
773 3480 866 3533 lux
888 3494 1087 3534 serena
1114 3482 1501 3550 resplendeat,
1536 3489 1591 3538 et
1621 3485 1726 3538 toti
1752 3486 1875 3539 orbi
1904 3503 2050 3557 gau-

357 3566 453 3621 dia
511 3572 833 3637 exspectata
887 3569 1190 3623 donentur.
1252 3571 1826 3628 Commemorationis
1857 3575 2051 3646 itaque

270 3660 273 3661 ⁷
355 3656 501 3721 loco,
547 3661 603 3709 et
652 3656 1007 3710 salutationis
1058 3657 1339 3713 honorem
1379 3660 1695 3726 reddendo,
1728 3663 2049 3734 Theopom-

356 3760 495 3813 pum
526 3745 706 3799 virum
732 3745 1037 3814 illustrem,
1064 3747 1331 3802 comitem
1370 3740 1838 3821 domesticorum,
1875 3770 2043 3824 agen-

356 3838 472 3886 tem
495 3832 639 3885 sacri
668 3832 848 3887 nostri
869 3834 1070 3903 palatii
1093 3835 1368 3903 scholam,
1388 3836 1615 3892 fidelem
1639 3840 1805 3893 nobis
1835 3842 1920 3894 vel
1945 3857 2048 3911 pro

356 3922 474 3975 suis
504 3922 780 3989 moribus,
813 3924 899 3977 vel
941 3940 1043 3994 pro
1080 3924 1206 3995 ipsa
1245 3924 1539 3980 affectione
1569 3928 1804 3997 genitali
1836 3936 2048 3985 nostrae

354 4009 682 4081 provinciae,
735 4012 829 4066 sed
879 4018 935 4066 et
979 4012 1346 4068 Severianum
1416 4014 1603 4069 virum
1669 4018 2048 4073 clarissimum

350 4098 621 4153 comitem
652 4100 796 4153 sacri
839 4101 1016 4155 nostri
1064 4103 1380 4157 consistorii
1420 4105 1490 4158 ad
1539 4110 1783 4160 vestram
1833 4108 2045 4163 direxi-

353 4203 482 4243 mus
499 4190 876 4256 sanctitatem,
897 4190 998 4260 qui
1020 4192 1283 4246 ordinem
1302 4193 1626 4249 litterarum
1650 4197 1883 4265 propria
1909 4214 2044 4251 voce

351 4283 644 4345 testantes,
679 4279 750 4332 ad
786 4280 1135 4334 celeritatem
1193 4288 1513 4351 exspectata
1552 4292 1879 4353 provocent,
1917 4302 2043 4352 quae

352 4366 523 4420 etiam
555 4367 769 4421 caelesti
800 4367 1203 4422 misericordiae
1242 4370 1530 4424 credimus
1573 4372 1871 4440 placuisse.
1907 4376 2045 4428 Data

348 4468 461 4506 xvu
494 4454 596 4506 cal.
629 4454 914 4523 Augustas
954 4456 1462 4525 Constantinopoli,
1501 4460 1664 4512 Petro
1690 4458 1809 4513 viro
1849 4460 2044 4514 claris-

351 4542 497 4594 simo
524 4544 756 4597 consule
787 4547 960 4612 (anno
994 4544 1222 4598 Domini
1245 4545 1395 4615 516).

964 4634 1295 4689 EPISTOLA
1336 4635 1420 4688 Vl.

730 4737 805 4775 AD
851 4736 1266 4778 ANASTASIUM
1315 4738 1675 4779 AUGUSTUM.

351 4805 579 4882 Fraude
599 4810 907 4882 Anastasii
926 4810 1300 4882 imperatoris
1313 4812 1561 4867 nondum
1580 4814 1824 4881 detecta,
1845 4815 2048 4870 laudat

420 4877 545 4956 ejus
554 4878 803 4956 studium
815 4877 1035 4956 depace
1045 4882 1735 4956 cqnsiliandannonetque
1746 4890 1807 4939 ut
1815 4877 2048 4942 tandem

418 4948 713 5072 dpmnatis
750 4948 1053 5007 haeresibus
1077 4953 1347 5009 Ecclesia
1383 4954 1575 5010 unitas
1606 4948 1881 5012 sbrtiatur
1909 4959 2047 5029 σθε-

420 5035 451 5072 ο
478 5036 592 5072 um.

420 5035 592 5074 ﬂWﬂL

423 5108 727 5164 Hormisda
750 5111 1047 5166 Anastasio
1089 5114 1346 5185 Augusto
1378 5131 1480 5187 per
1521 5117 1957 5188 Theopompum
1993 5123 2047 5173 et

352 5198 739 5254 Severianum.

422 5288 729 5342 Sollicitari
754 5289 1011 5343 animum
1049 5296 1235 5360 tuum,
1261 5293 1705 5349 clementissime
1732 5296 2044 5367 imperator

352 5376 651 5431 ambitiosa
682 5378 948 5431 aviditate
971 5394 1406 5448 commemoras,
1441 5382 1619 5437 donec
1648 5389 1888 5454 speratae
1915 5387 2045 5440 uni-

351 5464 483 5517 tatis
518 5465 927 5537 redintegratio
961 5472 1153 5538 optata
1203 5469 1515 5541 contingat.
1552 5472 1705 5526 Bona
1735 5478 1868 5530 sunt
1896 5476 2043 5529 desi-

354 5552 515 5607 deria
544 5554 760 5623 salutis,
812 5561 869 5611 et
907 5555 1212 5613 laudabilis
1263 5574 1390 5630 qua:
1442 5577 1500 5615 se
1547 5561 1878 5631 hujusmodi
1932 5568 2047 5621 Deo

2171 504 2578 559 documentum
2610 509 2711 572 est,
2744 521 2874 559 cum
2893 505 2947 559 id
2973 505 3125 576 quod
3156 504 3263 559 sibi
3286 505 3425 559 utile
3454 506 3650 573 credit,
3680 506 3852 576 impa-

2170 592 2381 647 tienter
2408 593 2667 665 inquirit.
2708 596 2848 648 Nam
2896 595 3030 648 siin
3077 611 3384 665 corporum
3434 594 3648 649 morbis
3685 595 3852 649 noxia

2170 686 2255 736 est
2284 683 2447 737 tarda
2472 684 2709 750 curatio,
2745 689 2957 755 quanto
2988 683 3169 754 magis
3201 684 3258 737 in
3289 684 3465 737 salute
3498 684 3705 738 animze
3736 700 3855 754 grs-

2169 771 2293 825 vius
2336 778 2420 826 est
2455 773 2723 827 ferendus
2754 773 3143 827 remediorum
3182 773 3438 827 fidelium
3470 772 3651 827 serior
3681 790 3854 845 appe-

2170 863 2307 914 titus
2330 862 2357 915 ?
2386 877 2512 915 cum
2536 878 2878 916 moneamur
2897 863 3293 932 spiritualibus
3315 863 3615 930 institutis,
3642 878 3713 917 ne
3736 880 3853 934 qua

2169 950 2438 1019 prodesse
2475 956 2716 1021 possunt
2744 952 2804 1006 in
2849 952 3001 1006 diem
3033 957 3325 1023 posterum
3358 952 3713 1020 differantur,
3750 952 3855 1006 cla-

2169 1043 2359 1092 mante
2390 1040 2811 1109 sapientissimo
2849 1040 3186 1095 Salomone:
3247 1043 3340 1097 Ne
3372 1042 3563 1095 tardes
3606 1043 3855 1095 converti

2167 1126 2244 1180 ad
2274 1125 2598 1195 Dominum,
2630 1130 2684 1181 et
2706 1144 2777 1182 ne
2804 1127 3041 1197 diﬂems
3059 1129 3128 1182 de
3153 1128 3242 1182 die
3262 1127 3319 1182 in
3351 1129 3499 1182 diem
3523 1129 3722 1200 (Eccli.
3755 1130 3807 1199 v)
3841 1148 3851 1182 :

2169 1216 2305 1281 quia
2341 1215 2487 1270 sicut
2517 1216 2575 1270 in
2608 1216 2824 1271 incerto
2869 1215 2998 1270 vita:
3052 1221 3330 1287 tempora,
3366 1217 3443 1271 ita
3473 1218 3533 1271 in
3576 1222 3700 1272 tuto
3737 1218 3857 1271 ani-

2169 1321 2277 1359 mae
2334 1305 2599 1360 convenit
2637 1322 2757 1360 esse
2808 1306 3080 1373 remedia,
3144 1312 3206 1359 ut
3264 1306 3438 1360 intret
3490 1307 3549 1360 in
3582 1308 3852 1377 gaudium

2167 1394 2387 1448 domini
2427 1394 2535 1462 sui,
2570 1411 2742 1467 quem
2790 1396 3024 1450 veniens
3055 1395 3324 1450 dominus
3357 1412 3422 1449 ea
3444 1413 3568 1467 quae
3600 1397 3711 1451 sibi
3733 1398 3855 1468 pla—

2167 1488 2297 1537 cent
2326 1485 2605 1538 invenerit
2636 1485 2883 1555 operari.
2921 1484 3075 1539 Unde
3107 1490 3162 1539 et
3191 1486 3371 1539 fateor
3402 1501 3493 1539 me
3540 1485 3714 1540 fuisse
3747 1486 3851 1540 mi-

2166 1575 2374 1639 ratum,
2408 1589 2508 1626 cur
2541 1574 2740 1628 tandiu
2794 1574 3003 1645 legatio
3046 1574 3329 1645 promissa
3362 1574 3690 1643 tardaverit,
3728 1591 3852 1629 cum

2166 1661 2425 1715 facienda
2456 1661 2561 1715 ista
2594 1662 2728 1725 sint,
2777 1666 2841 1716 ut
2890 1679 3066 1732 regna
3114 1663 3362 1717 coelestia
3401 1662 3716 1733 rapiantur.
3756 1665 3854 1718 Ve-

2168 1755 2491 1804 rumtamen
2522 1750 2823 1804 instinctus
2870 1750 3011 1821 ipse,
3065 1767 3236 1821 quem
3268 1752 3722 1805 mansuetudinis
3764 1768 3852 1806 ve-

2167 1842 2297 1892 strae
2325 1840 2572 1893 declarat
2605 1839 2943 1910 alloquium,
2975 1856 3133 1911 spem
3166 1857 3429 1910 supernae
3454 1840 3854 1895 misericordia:

2163 1928 2487 1997 pollicetur.
2534 1930 2787 1998 Desuper
2828 1933 2914 1982 est
2971 1929 3123 1983 enim
3186 1934 3241 1983 et
3274 1929 3462 1999 ipsum
3499 1931 3642 1984 velle
3702 1931 3853 2001 quod

2165 2016 2382 2069 bonum
2441 2021 2541 2070 est.
2591 2017 2822 2070 Confido
2854 2021 3046 2070 autem
3102 2018 3376 2088 quoniam
3424 2018 3523 2088 qui
3580 2018 3755 2089 cmpit
3802 2019 3854 2073 in

2164 2105 2324 2159 vobis
2355 2122 2499 2175 opus
2521 2105 2739 2159 bonum
2774 2106 3031 2176 perficiet
3053 2122 3235 2178 usque
3267 2106 3325 2160 in
3364 2107 3558 2161 finem.
3581 2109 3733 2178 Ergo
3754 2108 3854 2161 vim

2164 2195 2254 2249 cui
2282 2194 2530 2265 coepistis
2582 2194 2842 2261 insistite,
2898 2198 2954 2249 et
2984 2196 3186 2264 spretis
3239 2197 3554 2250 errantium
3600 2197 3852 2256 lubricis.

2164 2283 2462 2337 nobiscum
2494 2299 2665 2352 supra
2695 2286 2917 2353 petram
2949 2283 3188 2338 solidam
3214 2288 3400 2339 tenete
3431 2286 3687 2355 vestigia.
3740 2286 3854 2340 Tali

2165 2372 2345 2427 crevit
2366 2371 2607 2425 Ecclesia
2640 2376 2834 2425 sancta
2865 2388 3166 2439 consensu,
3198 2374 3348 2445 quod
3381 2374 3469 2428 his
3491 2375 3675 2429 verbis
3716 2392 3852 2444 apo-

2165 2461 2495 2515 stolicorum
2542 2466 2771 2514 actuum
2836 2465 3077 2515 testatur
3128 2462 3404 2517 historia:
3468 2463 3854 2518 Multitudinis

2160 2549 2507 2605 credentium
2530 2555 2657 2604 erat
2675 2567 2773 2605 cor
2792 2566 2993 2618 unum,
3017 2554 3071 2605 et
3090 2551 3290 2606 anima
3309 2569 3423 2606 una
3439 2553 3455 2623 (
3470 2557 3591 2609 Act.
3616 2554 3695 2623 Iv)
3715 2555 3853 2607 Nam

2165 2639 2647 2709 quemadmodum
2703 2640 2962 2693 connecti
3024 2644 3295 2709 poterunt
3346 2643 3540 2711 gratim
3595 2643 3853 2710 vinculis,

2165 2742 2411 2798 quorum
2443 2727 2652 2780 distant
2685 2728 2854 2781 corda
2884 2729 3180 2782 sententiis
3205 2729 3232 2784 ἢ
3264 2731 3387 2797 Fac,
3423 2730 3654 2783 domine
3677 2730 3856 2799 impe-

2163 2819 2340 2881 rator,
2373 2816 2637 2870 effectum
2671 2832 2863 2870 rerum
2893 2817 3065 2871 fidem
3097 2819 3340 2888 probare
3375 2819 3698 2873 verborum.
3738 2820 3857 2873 Non

2165 2904 2321 2957 enim
2349 2905 2712 2959 sermonibus
2751 2911 3171 2976 cognoscuntur
3198 2907 3497 2961 hominum
3530 2908 3716 2974 corda,
3754 2908 3850 2961 sed

2164 2993 2475 3048 effectibus.
2512 2995 2653 3048 Cum
2685 2998 2741 3049 et
2783 2995 3069 3049 Abraham
3117 3001 3278 3066 pater
3317 3002 3503 3050 noster
3542 3013 3656 3050 non
3702 2998 3859 3050 nuda

2158 3084 2275 3137 Deo
2305 3083 2438 3145 fide.
2499 3084 2593 3136 sed
2642 3100 2812 3153 opere
2857 3085 3030 3138 fidem
3086 3087 3526 3140 commendante
3555 3086 3852 3157 placuerit.

2161 3172 2322 3226 Unde
2352 3173 2437 3226 vel
2476 3172 3037 3243 prodispensatione
3064 3174 3209 3228 mihi
3238 3175 3469 3242 credita,
3505 3176 3592 3228 vel
3622 3176 3855 3246 pietatis

2157 3265 2359 3314 vestrae
2404 3260 2549 3315 circa
2580 3277 2671 3314 me
2717 3261 3074 3332 benignitate
3124 3280 3426 3333 perpensa,
3481 3264 3714 3319 domine
3750 3264 3853 3331 ﬁli,

2160 3350 2359 3403 hortor
2385 3354 2440 3402 et
2471 3350 2752 3420 supplico,
2785 3354 2847 3403 ut
2874 3351 3129 3405 studium
3160 3353 3333 3421 pacis,
3389 3352 3542 3423 quod
3575 3369 3680 3423 per
3710 3352 3851 3407 scri-

2158 3443 2254 3509 pta
2272 3437 2573 3508 prmfertis,
2592 3439 2659 3492 ad
2681 3440 3073 3509 componenda
3090 3440 3408 3507 nobiscum,
3432 3442 3694 3510 adjutore
3716 3442 3852 3508 Deo,

2158 3527 2315 3581 eain
2362 3527 2473 3594 his,
2528 3527 2735 3598 quibus
2775 3528 3038 3583 laborant
3068 3530 3347 3598 Ecclesiae,
3409 3530 3684 3598 dirigatis,
3717 3531 3854 3601 quia

2157 3616 2469 3669 secundum
2495 3617 2867 3686 prophetam:
2904 3619 3029 3672 Pila:
3056 3618 3242 3672 multa
3266 3618 3634 3688 diligentibus
3650 3636 3859 3674 nomen

2158 3708 2337 3771 tuum,
2366 3709 2423 3758 et
2451 3721 2563 3759 non
2591 3708 2676 3759 est
2722 3704 2847 3758 illis
2891 3706 3232 3761 scandalum
3262 3708 3444 3778 (Psal.
3491 3708 3696 3778 cxvm).
3732 3710 3856 3762 Non

2157 3799 2290 3847 sunt
2337 3793 2626 3864 incognita
2658 3794 2810 3863 apud
2871 3796 3371 3850 mansuetudinem
3422 3801 3665 3850 vestram
3720 3814 3851 3868 quae

2155 3899 2258 3937 nos
2288 3883 2359 3936 ab
2390 3899 2475 3948 ea,
2528 3900 2698 3953 quam
2746 3884 3139 3955 redintegrare
3187 3885 3467 3954 cupimus,
3522 3885 3744 3937 unitate
3777 3885 3856 3939 di-

2155 3976 2438 4025 scernant.
2476 3973 2611 4025 Date
2642 3988 2893 4043 operam,
2926 3974 3292 4028 utlaudando
3321 3990 3448 4044 quas.
3472 3973 3850 4044 profitemini,

2154 4060 2551 4130 compleantur
2580 4061 2803 4114 effectu.
2856 4063 2920 4115 Et
2970 4063 3232 4133 apostoli,
3284 4064 3444 4130 cujus
3489 4064 3855 4116 communio-

2154 4164 2286 4201 nem
2334 4149 2566 4203 creditis
2621 4151 3027 4220 expetendam,
3083 4151 3214 4204 totis
3263 4152 3475 4205 viribus
3538 4152 3855 4222 sequimini

2156 4237 2536 4308 disciplinam.
2588 4239 2648 4291 In
2703 4243 2885 4293 totum
2939 4240 3165 4309 perdita
3213 4241 3517 4293 noxiorum
3571 4241 3853 4294 declinate

2083 4340 2126 4393 ι)
2157 4326 2417 4395 contagia
2446 4343 2458 4392 ;
2484 4326 2723 4380 scientes
2747 4343 2865 4381 non
2891 4328 3099 4382 habere
3130 4345 3257 4381 cum
3310 4328 3593 4399 religiosis
3641 4329 3855 4399 impios

2156 4416 2497 4483 portionem,
2536 4432 2637 4469 nec
2669 4417 2848 4470 ullum
2879 4417 3010 4470 fidei
3040 4433 3169 4470 cum
3197 4417 3439 4487 perfidia
3471 4433 3591 4470 esse
3623 4434 3856 4471 consor-

2156 4503 2319 4556 tium.
2345 4504 2715 4574 Consequens
2728 4510 2810 4559 est
2829 4511 2888 4558 ut
2905 4506 3002 4574 qui
3027 4521 3282 4559 errorum
3307 4507 3619 4559 detestatur
3639 4506 3851 4575 princi-

2154 4607 2275 4661 pes,
2311 4592 2496 4646 oderit
2528 4597 2848 4647 sectatores.
2890 4595 3251 4648 Exsecrabile
3282 4595 3561 4648 habeatur
3595 4596 3652 4648 in
3685 4596 3851 4661 flore,

2155 4680 2304 4751 quod
2335 4681 2641 4735 damnatur
2686 4682 2745 4736 in
2796 4683 3033 4737 semine.
3093 4682 3301 4739 Oﬂ'erte
3332 4684 3439 4738 hoc
3470 4700 3681 4737 munus
3714 4686 3851 4747 Deo,

2153 4785 2259 4839 pro
2286 4769 2506 4832 vestris,
2539 4785 2758 4839 precor,
2793 4771 2990 4825 offerte
3022 4774 3376 4841 temporibus
3400 4789 3411 4825 :
3435 4773 3554 4842 jam
3579 4773 3679 4827 diu
3709 4774 3858 4827 hanc

2155 4874 2188 4911 a
2220 4857 2377 4911 vobis
2408 4858 2654 4912 hostiam
2704 4876 2807 4928 pro
2838 4861 3012 4913 tantis
3054 4876 3181 4930 qua:
3215 4862 3375 4914 vobis
3414 4862 3656 4915 contulit
3686 4862 3861 4915 Chri-

2154 4950 2273 4999 stus
2327 4947 2617 5001 beneficiis
2669 4954 2980 5018 exspectat.
3018 4949 3164 5012 Quid
3197 4967 3342 5018 opus
3374 4956 3458 5003 est
3503 4951 3655 5021 apud
3692 4952 3862 5003 illum

2154 5049 2349 5105 preces
2397 5035 2690 5099 adhibere,
2745 5037 2845 5107 qui
2896 5038 3224 5108 supplicat?
3269 5040 3377 5091 Vos
3425 5040 3645 5091 senatui
3694 5039 3860 5092 urbis

2154 5124 2370 5188 Romae,
2407 5128 2580 5178 utme
2613 5125 2682 5178 ad
2733 5142 2929 5195 pacem
2966 5127 3308 5193 hortaretur,
3370 5127 3690 5197 injungitis.
3740 5129 3861 5199 Ego

2156 5229 2270 5266 non
2302 5213 2486 5266 solum
2531 5229 2659 5266 cum
2703 5214 2789 5267 his
2830 5215 2897 5268 ad
2931 5231 3029 5268 vos
3062 5215 3489 5285 supplicationis
3515 5217 3685 5270 verba
3719 5234 3853 5270 con-

2155 5305 2334 5361 verto,
2382 5301 2477 5354 sed
2529 5301 2779 5371 vestigiis
2824 5303 3021 5356 vestris
3077 5320 3181 5373 pro
3230 5305 3534 5358 universali
3584 5306 3865 5358 advolvor

2156 5389 2418 5443 Ecclesia.
2477 5391 2683 5444 Audite
2740 5406 2825 5445 me
2856 5407 2960 5461 pro
3003 5392 3224 5447 Christo
3281 5393 3563 5463 legatione
3606 5393 3860 5463 fungen-

2155 5482 2314 5532 tem:
2376 5495 2487 5533 non
2545 5480 2845 5549 patiamini
2909 5481 2978 5534 ab
3036 5481 3312 5553 improbis
3362 5482 3594 5536 canibus
3649 5484 3861 5537 Christi

2157 5568 2417 5623 membra
2462 5567 2749 5638 discerpi:
2805 5585 2934 5641 quae
2981 5570 3323 5626 insanabilia
3354 5571 3577 5638 videtis,
3622 5571 3859 5625 abscin-
