4038 6170
207 255 315 307 385

208 473 339 526 lidis
376 472 689 542 conjuncta
735 470 1114 542 quatiuntur?
1167 472 1397 527 Servate
1450 473 1710 527 ordinem
1740 488 1914 543 quem

210 560 402 613 unitas
436 561 561 630 ipsa
590 558 863 630 praeﬂuit,
897 565 954 614 et
969 576 1167 631 pacem
1196 561 1433 629 mundo,
1458 577 1631 632 quam
1662 562 1912 632 poscitis,

206 647 454 703 reddite.
492 650 622 702 Haec
653 652 708 702 et
751 649 856 703 sub
898 650 1169 719 praesenti
1200 650 1498 704 occasione
1546 651 1810 720 deposco,
1861 655 1917 705 et

211 753 447 791 rursum
478 754 545 790 ac
577 737 786 806 saepius
817 738 1141 807 supplicare
1171 739 1402 805 curabo,
1434 756 1668 810 sperans
1693 739 1913 810 impor-

211 827 523 881 tunitatem
552 828 697 879 hanc
725 843 913 880 meam
937 832 994 881 et
1024 829 1140 881 Deo
1162 844 1282 882 esse
1304 829 1664 899 placituram,
1690 835 1747 883 et
1763 829 1917 900 apud

218 932 309 969 vos
340 931 579 986 quoque
606 932 710 986 per
747 917 1007 970 assiduas
1046 918 1374 986 petitiones,
1415 918 1695 988 quoniam
1725 918 1782 972 id
1804 935 1908 972 nos

222 1004 501 1059 Dominus
531 1004 745 1070 docuit,
780 1020 1017 1059 vacuam
1062 1021 1181 1059 non
1211 1006 1486 1061 futuram.
1521 1007 1663 1061 Data
1719 1007 1915 1061 Romae

226 1094 394 1162 (anno
418 1092 654 1146 Domini
684 1094 832 1163 516).

906 1251 1243 1309 EPISTOLA

228 1392 500 1430 ANASTASII
550 1393 616 1429 AD
670 1393 913 1431 εεΝΑτωί
965 1393 1117 1432 URBIS
1164 1392 1345 1445 ΒΟΜᾸΞ,
1399 1394 1496 1435 PER
1536 1376 1913 1447 ξἸἪΕΟΡΟΗΡΗΙ

551 1482 615 1519 ΕΤ
653 1481 994 1520 εενειιιΑΝωί
1034 1482 1190 1520 VIROS
1220 1481 1578 1521 CLARISSIMOS.

394 1590 739 1649 Ponti/icem
770 1593 825 1644 et
848 1607 1036 1663 regem
1066 1591 1143 1645 ad
1168 1608 1376 1662 pacem
1405 1591 1732 1645 hortandos.

290 1728 313 1756 ι
338 1715 664 1784 Imperator
694 1715 881 1769 Caesar
918 1716 1140 1770 Flavius
1188 1717 1519 1770 Anastasius
1566 1715 1717 1786 pius,
1760 1715 1913 1783 felix,

230 1804 421 1872 victor,
451 1819 685 1874 semper
732 1811 1029 1873 angustus,
1076 1805 1391 1859 Germanus
1436 1805 1701 1875 inclytus,
1740 1806 1919 1859 Fran-

230 1891 369 1945 cicus
418 1892 689 1962 inclytus,
739 1892 1084 1947 Sarmaticus
1138 1894 1405 1963 inclytus,
1464 1898 1627 1963 pater
1693 1893 1915 1963 patrias,

231 1981 678 2049 proconsulibus,
713 1981 1062 2049 consulibus,
1104 1982 1464 2052 praetoribus,
1504 1982 1750 2036 tribunis
1790 1982 1916 2052 ple-

230 2070 324 2135 bis,
356 2070 703 2141 senatuique
734 2087 837 2123 suo
870 2070 1111 2124 salutem
1142 2072 1296 2124 dicit.

294 2157 352 2211 Si
406 2175 506 2212 vos
564 2158 847 2229 liberique
902 2160 1077 2213 vestri
1134 2160 1352 2226 valetis,
1411 2160 1558 2214 bene
1616 2163 1754 2214 est:
1814 2175 1919 2229 ego

229 2247 617 2318 exercitusque
707 2265 871 2303 meus
940 2250 1213 2303 valemus.
1297 2248 1573 2313 Quotiens
1659 2247 1920 2319 utrisque

230 2337 466 2407 publicis
508 2338 683 2391 rebus
729 2354 1008 2408 prospera
1072 2339 1365 2392 voluntate
1411 2338 1748 2405 consulitur,
1802 2354 1921 2392 non

225 2427 402 2480 solum
470 2427 812 2495 exhortatio,
864 2427 960 2481 sed
1019 2428 1335 2497 postulatio
1392 2444 1622 2498 quoque
1671 2428 1922 2482 creditur

222 2517 589 2581 conveniens,
624 2521 685 2569 ut
719 2517 941 2570 duabus
970 2517 1030 2569 in
1063 2532 1241 2570 unum
1275 2517 1747 2572 concurrentibus
1785 2533 1919 2571 cau-

222 2606 291 2658 sis
319 2606 555 2659 animus
604 2605 894 2673 incitatus,
930 2606 1082 2676 quod
1126 2607 1261 2660 felix
1293 2612 1350 2660 et
1394 2607 1614 2660 bonum
1661 2607 1921 2677 partibus

222 2694 308 2762 sit,
343 2696 536 2748 valeat
566 2694 827 2765 adipisci.
875 2695 935 2749 Si
974 2695 1188 2749 etenim
1221 2694 1477 2750 Christus
1511 2697 1658 2749 Deus
1706 2700 1761 2749 et
1808 2697 1922 2750 Do-

223 2784 409 2837 minus
473 2789 684 2850 noster,
740 2789 799 2837 et
858 2801 961 2854 per
1010 2784 1377 2839 mitissimam
1436 2785 1812 2851 voluntatem,
1868 2787 1923 2838 et

221 2876 535 2944 quamdam
570 2873 1016 2944 dispensationis
1035 2873 1377 2943 petitionem
1417 2890 1520 2927 nos
1551 2872 1835 2927 revocavit
1851 2873 1921 2927 ad

1529 253 1873 309 EPISTOLzE
1910 255 2000 310 ET
2036 255 2351 311 DECRETA
2364 297 2377 311 .

207 386 347 447 dite,
384 387 443 436 et
473 399 603 453 qua:
636 398 809 452 aegra,
843 386 1058 436 curate.
1103 382 1218 438 Cur
1253 398 1381 454 qum
1422 399 1559 438 sana
1589 389 1721 438 sunt
1750 385 1915 438 inva-
1952 388 1999 440 A

3610 261 3713 312 386

2652 387 3092 443 BESCRIPTUM

2024 493 2255 531 SENA'I‘US
2313 492 2469 531 URBIS
2517 492 2681 531 1101ίῶ
2758 494 2825 531 AD
2872 494 3205 533 ANASTASIUM
3263 495 3550 533 AUGUSTUM
3610 495 3712 534 PER

2162 580 2522 619 THEOPOMPUM
2553 581 2616 618 ET
2646 582 2989 620 SEVERIANUH
3022 582 3173 620 VIROS
3204 583 3564 622 CLARISSIMOS.

2023 653 2359 722 Ponti/icem
2408 671 2635 779 semper
2693 653 2857 725 pacis
2901 655 3090 721 fuisse
3136 656 3472 723 studiosum,
3530 673 3710 727 quam

2210 726 2458 779 vendere
2484 743 2518 779 α
2590 726 2794 779 Acacii
2829 726 3199 779 damnatione
3238 729 3510 779 fatentur.

2208 726 2458 797 pendere
2484 726 2557 780 ab
2590 726 2794 782 Acacii
2829 726 3199 781 damnatione
3221 729 3510 797 fatentur.

2094 831 2150 886 Si
2180 832 2367 903 prima
2401 848 2627 902 semper
2665 838 2768 899 est,
2816 834 3131 902 imperator
3180 834 3405 900 invicte,
3438 851 3472 887 a
3500 850 3705 905 regen-

2023 921 2176 975 tibus
2207 921 2554 993 supplicium
2591 926 2843 991 spectata
2872 923 3118 988 devotio,
3164 924 3213 976 si
3244 924 3361 977 sola
3392 923 3576 993 gratia
3607 924 3709 978 do-

2021 1011 2311 1065 minorum
2341 1011 2679 1064 conciliatur
2699 1011 3006 1082 obsequio;
3028 1012 3418 1066 indubitanter
3444 1028 3711 1082 agnosces

2024 1116 2197 1155 sacras
2215 1100 2487 1170 jussionis
2527 1100 2755 1154 oracula
2787 1105 2998 1170 quanta
3028 1105 3256 1154 senatus
3301 1101 3469 1154 vestri
3500 1101 3714 1154 fuerint

2024 1191 2408 1260 gratulatione
2432 1196 2712 1259 suscepta,
2750 1189 2994 1242 maxime
3024 1205 3154 1242 cum
3186 1189 3253 1242 ad
3280 1188 3382 1242 hos
3412 1194 3467 1243 et
3486 1189 3713 1242 animus

2026 1279 2245 1333 domini
2277 1279 2460 1332 nostri
2492 1264 2850 1331 invictissimi
2881 1279 3030 1346 regis
3058 1278 3393 1332 Theodorici
3422 1278 3526 1331 filii
3543 1278 3715 1332 vestri

2026 1368 2427 1421 mandatorum
2498 1373 2821 1421 vestrorum
2900 1366 3283 1420 obedientiam
3332 1366 3714 1437 praecipientis

2027 1456 2336 1521 accederet,
2383 1460 2440 1509 et
2483 1455 2731 1509 sciamus
2776 1472 2947 1525 super
2985 1455 3177 1508 omnia
3222 1455 3497 1509 beneficia
3532 1460 3716 1509 vestra

2025 1549 2159 1597 tunc
2189 1543 2371 1612 magis
2418 1558 2522 1596 nos
2570 1542 2735 1611 erigi,
2786 1558 2915 1595 cum
2955 1542 3162 1611 dignos
3207 1542 3459 1609 creditis,
3507 1543 3715 1613 quibus

1959 1668 1998 1722 Β
2030 1631 2233 1685 debeat
2280 1631 2571 1699 imperari.
2620 1631 2746 1684 Mox
2797 1630 2974 1700 igitur
2999 1646 3169 1683 sacrae
3219 1631 3406 1684 studio
3439 1630 3716 1700 jussionis

2029 1719 2362 1789 implendas,
2399 1720 2801 1775 beatissimum
2828 1735 3033 1790 papam
3078 1719 3436 1773 Hormisdam
3467 1719 3714 1773 credidi-

2031 1825 2158 1863 mus
2199 1808 2668 1878 deprecandum:
2712 1808 2779 1862 de
2827 1824 2940 1878 quo
2968 1824 3174 1878 parum
3215 1813 3300 1862 est
3328 1808 3536 1877 dicere,
3580 1807 3717 1879 quia

2028 1902 2157 1952 vota
2206 1898 2655 1968 supplicantium
2722 1896 3079 1967 benignitate
3139 1897 3457 1967 praecessit;
3516 1897 3610 1952 sed
3660 1902 3718 1951 et

2029 1988 2330 2042 nobiscum
2363 2003 2493 2041 suas
2544 2002 2763 2057 preces,
2806 1992 2868 2039 ut
2911 1986 3065 2055 quod
3103 1986 3415 2040 hortamini
3464 1986 3583 2054 ﬁat,
3616 1986 3716 2040 ad-

2023 2077 2236 2147 junxit,
2311 2075 2652 2145 evangelicis
2728 2076 3081 2129 voluntatem
3145 2091 3307 2128 suam
3374 2074 3720 2129 testimoniis

2029 2166 2356 2232 asserendo,
2398 2164 2703 2218 ostendens
2736 2164 3022 2217 mundum
3065 2179 3238 2233 supra
3281 2163 3716 2218 multitudinem

2029 2262 2393 2325 peccatorum
2439 2269 2674 2307 suorum
2722 2253 2999 2307 scandalis
3042 2253 3171 2323 plus
3205 2256 3525 2323 gravatum,
3576 2252 3716 2307 dum

2029 2358 2137 2396 vox
2158 2342 2229 2395 sit
2248 2342 2352 2397 ista
2372 2341 2661 2396 dominica
2685 2358 2697 2394 :
2739 2341 2834 2395 Va:
2857 2340 3068 2395 mundo
3095 2357 3133 2395 a
3159 2339 3460 2395 scandalis
3480 2340 3716 2411 (Matth.

2029 2431 2202 2501 xvni).
2256 2432 2320 2485 Et
2364 2431 2539 2495 idem,
2590 2434 2857 2500 oportere
2896 2429 3160 2484 homines
3209 2428 3721 2483 scandalizantium

2029 2523 2218 2588 partes
2261 2519 2651 2573 membrorum
2701 2518 3053 2584 abscindere,
3085 2534 3258 2589 quam
3306 2518 3461 2572 utin
3502 2518 3719 2589 ignem,

2028 2623 2143 2661 non
2174 2607 2557 2662 renuntiando
2600 2607 2900 2674 scandalis,
2937 2608 3240 2661 mittantur
3269 2612 3571 2661 aeternum.
3607 2606 3719 2662 Sed

2031 2702 2087 2751 et
2136 2702 2263 2766 post
2311 2696 2433 2750 haec
2463 2695 2667 2750 divinae
2717 2696 2980 2749 lectionis
3027 2697 3325 2766 exemplis,
3368 2712 3542 2766 quam
3582 2696 3722 2751 boni

2031 2786 2144 2839 sint
2180 2785 2401 2839 fructus
2432 2785 2608 2856 pacis,
2652 2785 2900 2839 ostendit
2925 2801 3055 2839 cum
3095 2785 3345 2839 diceret:
3387 2783 3458 2837 Et
3486 2788 3720 2854 aposto-

2032 2874 2153 2928 lum
2184 2874 2425 2928 Paulum
2474 2873 2655 2943 gratia
2687 2873 2786 2927 Dei
2819 2874 3075 2943 plenum,
3109 2873 3254 2926 nihil
3285 2878 3477 2926 tamen
3508 2872 3719 2943 quibus

221 2978 295 3028 se,
330 2969 390 3017 et
414 2964 749 3034 redemptos
777 2963 1015 3033 proprio
1049 2962 1329 3033 sanguine
1360 2962 1612 3017 libertati
1643 2961 1912 3029 restituit,
1956 2953 1997 3007 C
2026 2962 2172 3018 bene
2217 2962 2499 3033 cupiebat,
2536 2962 2689 3031 quod
2721 2966 2946 3031 optaret
2988 2962 3211 3023 melius,
3260 2960 3573 3029 invenisse;
3606 2962 3717 3016 nisi

223 3059 281 3105 ut
309 3053 560 3106 salutem
594 3053 929 3106 mortalitati
963 3056 1280 3122 praastaret,
1316 3048 1686 3106 non'videtur
1715 3052 1913 3105 absur-

221 3139 377 3206 dum,
407 3146 530 3194 tam
562 3142 713 3211 apud
767 3140 1261 3211 gloriosissimum-
1292 3156 1509 3210 regem,
1558 3157 1731 3212 quam
1767 3140 1916 3210 apud

223 3229 622 3283 beatissimum
654 3246 862 3300 papam
895 3231 1059 3284 almae
1091 3230 1248 3284 urbis
1291 3230 1509 3299 Romae,
1549 3235 1740 3300 patres
1778 3245 1914 3284 con-

220 3320 464 3388 scriptos
510 3319 802 3388 imperiali
851 3319 1119 3389 petitioni
1141 3320 1496 3389 conjunctos,
1549 3336 1616 3373 ea
1662 3334 1913 3390 sperare,

222 3424 347 3478 quae
381 3412 439 3461 et
470 3408 638 3461 nobis
669 3414 726 3462 et
746 3408 852 3461 sibi
882 3408 999 3461 Deo
1032 3414 1324 3463 annuente
1356 3408 1417 3462 in
1447 3425 1750 3464 commune
1778 3426 1919 3480 pro-

225 3496 449 3564 ficiant;
483 3497 593 3551 hoc
622 3502 725 3562 est,
770 3513 841 3550 ne
871 3496 1245 3567 fugitivorum
1279 3498 1521 3553 audiant
1549 3497 1919 3553 concinnatos

222 3601 543 3651 sermones,
601 3585 899 3640 mendacio
936 3587 1056 3640 solo
1113 3587 1479 3656 compositos,
1541 3588 1639 3640 sed
1697 3587 1916 3641 satisfa-

222 3676 408 3729 ctione
449 3679 732 3745 suscepta,
770 3691 944 3745 quam
995 3680 1049 3728 et
1096 3676 1305 3729 veritas
1354 3680 1410 3728 et
1459 3677 1777 3745 legatorum
1819 3675 1919 3747 qui

220 3763 425 3817 directi
457 3770 591 3817 sunt
642 3764 943 3834 inquisitio
971 3764 1260 3834 patefecit,
1298 3764 1367 3818 ad
1408 3765 1787 3819 desideratam
1816 3782 1918 3836 pa-

219 3869 343 3908 cem
377 3853 717 3923 acceptabili
736 3855 850 3908 Deo
874 3854 1165 3923 voluptate
1184 3859 1504 3908 concurrat.
1530 3854 1920 3909 Indubitatum

219 3943 513 4014 siquidem
547 3948 632 3996 est
661 3958 725 3995 ex
756 3943 931 4013 longa
967 3958 1250 3997 annorum
1282 3942 1448 4009 serie,
1500 3944 1744 3997 multam
1785 3956 1921 4012 par-

220 4036 335 4084 tem
405 4030 741 4101 reipublicae
823 4037 1075 4085 vestram
1152 4031 1441 4085 viudicare
1514 4032 1916 4086 constantiam.

222 4119 475 4172 Proinde
506 4122 736 4189 oportet
755 4120 1179 4173 sanctissimum
1202 4124 1417 4174 coetum
1448 4125 1700 4175 vestrum
1726 4120 1919 4175 solerti

224 4207 412 4261 studio
463 4223 528 4260 ac
558 4208 799 4277 provido
833 4208 1027 4262 labore
1058 4208 1434 4275 contendere;
1468 4213 1586 4263 tam
1636 4209 1790 4279 apud
1821 4226 1917 4263 ex-

2030 3058 2091 3106 ut
2130 3067 2235 3123 pax
2275 3050 2394 3117 Dei,
2447 3066 2575 3121 quae
2614 3054 2697 3104 est
2741 3066 2915 3119 supra
2943 3065 3174 3103 omnem
3209 3049 3624 3117 excellentiam,
3656 3050 3718 3105 in

2028 3157 2230 3197 eorum
2286 3139 2543 3194 sensibus
2591 3139 2935 3209 abundaret;
2970 3140 3241 3210 quodque
3300 3139 3361 3193 in
3407 3138 3715 3209 Evangelio

2029 3230 2258 3286 Domini
2292 3230 2364 3284 sit
2380 3246 2483 3283 vox
2516 3230 2624 3283 ista
2643 3228 2884 3283 dicentis
2906 3244 2920 3283 :
2943 3228 3219 3294 Quoniam
3229 3227 3466 3300 paciﬁci
3484 3228 3592 3298 ﬁlii
3609 3227 3720 3284 Dei

2022 3321 2373 3377 vocabuntur
2402 3319 2636 3389 (Matth.
2664 3319 2713 3387 v)
2752 3334 2764 3371 :
2799 3322 2854 3372 et
2886 3318 3093 3372 iterum
3144 3318 3210 3372 ad
3241 3318 3431 3387 ipsum
3464 3317 3715 3387 Scriptu-

2025 3427 2221 3465 rarum
2255 3408 2516 3464 omnium
2548 3407 2881 3462 revertendo
2914 3408 3225 3474 doctorem,
3252 3407 3609 3478 quantoipsa
3636 3405 3723 3460 vel

2027 3500 2160 3568 ﬁde,
2196 3515 2309 3571 qua
2335 3504 2392 3552 et
2421 3496 2672 3552 coelestia
2723 3512 2901 3567 regna
2929 3495 3353 3566 pranumimus,
3396 3511 3427 3549 a
3456 3499 3720 3564 peccato-

2028 3604 2158 3643 rum
2189 3587 2536 3642 cruciatibus
2568 3585 2853 3640 credendo
2871 3586 3177 3650 salvamur,
3201 3584 3405 3638 caritas
3425 3583 3499 3637 sit
3516 3586 3718 3655 major,

2030 3677 2302 3742 ostendit,
2354 3676 2747 3730 testimonium
2786 3674 2897 3727 tale
2946 3672 3301 3743 subjiciens:
3346 3674 3510 3744 Spes,
3560 3673 3726 3743 ﬁdes,

2029 3766 2267 3833 caritas,
2287 3766 2476 3834 major
2502 3767 2694 3819 autem
2720 3762 2973 3817 omnium
2998 3761 3218 3817 caritas
3243 3760 3299 3833 (ι
3318 3764 3453 3817 Cor.
3480 3762 3596 3830 xm)
3624 3779 3636 3817 :
3660 3761 3720 3815 id

2030 3860 2115 3909 est
2142 3855 2405 3926 Spiritus,
2439 3852 2620 3923 gratia
2638 3853 2888 3907 donante
2928 3850 3141 3914 divina,
3174 3850 3471 3905 caritatem
3497 3850 3720 3905 virtuti-

2031 3945 2136 3999 bus
2166 3942 2436 3997 omnibus
2483 3941 2714 3996 exaltat.
2759 3942 2885 3995 Non
2919 3940 3194 3994 habentes
3238 3956 3393 4010 ergo,
3432 3939 3479 3993 si
3506 3945 3562 3994 et
3590 3955 3722 4009 pro-

2033 4038 2161 4104 pter
2195 4047 2422 4103 poenam
2465 4030 2734 4084 scandala
2766 4029 3140 4097 declinamus,
3175 4034 3231 4084 et
3260 4046 3461 4099 pacem
3490 4032 3725 4100 propter

2031 4123 2186 4194 pacis
2224 4121 2378 4175 bona
2427 4125 2730 4186 sectamur,
2788 4124 2843 4173 et
2891 4119 2962 4172 ad
2998 4119 3296 4173 caritatem
3349 4134 3450 4172 nos
3498 4118 3599 4189 qui
3640 4121 3725 4172 est

2033 4211 2236 4265 caritas
2265 4209 2523 4265 Christus
2552 4208 2848 4277 hortatur;
2881 4207 3017 4278 quid
3049 4210 3134 4261 est
3159 4207 3313 4261 enim
3335 4206 3489 4276 quod
3517 4206 3727 4260 retinet

225 4297 442 4350 celsum
480 4310 700 4365 regem,
736 4296 825 4351 cui
852 4297 1093 4368 regendi
1123 4314 1220 4351 vos
1252 4301 1504 4367 potestas
1526 4304 1582 4352 et
1600 4297 1923 4353 sollicitudo
1965 4306 2007 4359 Ι)
2035 4299 2314 4354 catholico
2346 4297 2550 4351 ardore
2580 4297 2852 4350 festinos?
2882 4296 3020 4366 quid
3052 4302 3135 4350 est
3163 4296 3314 4367 quod
3338 4294 3727 4365 delinquentis

226 4384 532 4440 commissa
562 4392 671 4451 est,
718 4402 894 4456 quam
936 4387 1087 4457 apud
1136 4387 1522 4441 venerabilem
1570 4404 1801 4459 papam,
1838 4388 1926 4441 cui

230 4474 629 4530 intercedendi
674 4476 826 4547 apud
861 4477 1038 4530 Deum
1076 4475 1315 4530 facultas
1356 4481 1441 4530 est
1468 4477 1743 4547 prtestita,
1776 4476 1928 4531 utin

230 4581 287 4617 ea
313 4572 485 4638 parte
516 4565 697 4618 animi
737 4565 825 4619 sui
866 4565 1185 4620 bonitatem
1216 4566 1533 4636 dignentur
1569 4566 1926 4636 impendere,

234 4654 283 4708 in
311 4672 432 4727 qua
468 4656 772 4727 utriusque
802 4656 1136 4727 reipublicae
1158 4656 1417 4709 membra
1433 4658 1660 4725 sperata
1688 4654 1928 4708 sanitate

221 4745 533 4799 salvantur.
583 4744 901 4814 lmplebitis
936 4745 1090 4799 enim
1143 4750 1400 4799 veterem
1427 4744 1926 4810 consuetudinem,

237 4839 286 4888 et
311 4834 493 4888 nimis
525 4834 764 4887 consilio
787 4840 975 4888 vestro
1008 4834 1383 4902 notissimam,
1421 4834 1467 4888 si
1490 4850 1556 4888 ea
1589 4832 1927 4904 quaapubli-

223 4943 291 4981 cae
320 4928 569 4983 utilitati
612 4929 993 4994 conveniunt,
1021 4930 1338 4997 tractando,
1390 4929 1697 4999 sperando,
1734 4933 1926 4997 postu-

225 5016 409 5083 lando,
451 5019 721 5072 effectum
754 5018 997 5088 adipisci
1047 5020 1164 5073 Deo
1216 5017 1445 5089 auspice
1485 5018 1751 5073 feceritis.
1790 5019 1929 5071 Data

227 5103 555 5162 Vcalendas
587 5108 831 5177 Augusti
863 5107 1036 5178 (anno
1080 5107 1312 5163 Domini
1354 5108 1499 5179 516),
1537 5107 1923 5177 Chalcedone,

230 5192 389 5251 Petro
424 5197 547 5252 viro
576 5196 891 5253 clarissimo
924 5199 1177 5253 consule.

265 5533 319 5602 μ’
347 5526 724 5602 lueditione
758 5528 1117 5602 Romtepist.
1164 5528 1368 5602 Pontif.
1414 5530 1809 5602 Romanorum
1861 5526 1927 5580 hi

239 5597 385 5650 tituli
417 5598 490 5651 ita
524 5597 1266 5665 enuntianturzlmperalor
1286 5600 1472 5656 Caesar
1494 5599 1731 5655 Flavius
1762 5605 1925 5653 Ana—

238 5666 705 5741 stasius-pontifex
722 5670 995 5741 inclytus,
1013 5669 1672 5744 Germanicusinclytus,
1689 5671 1924 5727 Alama-

2036 4389 2222 4444 Acacii
2272 4387 2511 4458 impedit
2558 4386 2815 4440 volentes
2862 4385 3151 4440 Christum
3196 4384 3390 4439 videre
3444 4385 3727 4455 persona?

2038 4478 2175 4549 quid
2208 4481 2292 4531 est
2322 4475 2476 4547 quod
2514 4491 2544 4529 a
2576 4490 2676 4529 suo
2708 4473 2895 4539 liberi,
2931 4473 3118 4527 alieno
3149 4475 3457 4543 graventur
3490 4469 3726 4527 errore?

2040 4568 2169 4620 Haec
2212 4581 2342 4620 cum
2386 4563 2729 4619 venerabilis
2775 4579 2935 4633 papae
2986 4561 3154 4615 latius
3198 4561 3414 4615 fuerint
3461 4560 3728 4630 expedita

2038 4654 2328 4725 rescriptis
2375 4670 2480 4725 pro
2537 4658 2746 4707 nostrae
2805 4657 2997 4705 tamen
3055 4651 3331 4721 obsequio
3379 4649 3727 4703 credidimus

2040 4742 2361 4798 devotionis
2393 4742 2664 4808 iudenda,
2701 4756 2773 4794 ne
2822 4756 2936 4794 non
2986 4755 3212 4810 rogasse
3253 4742 3593 4808 putaremur
3629 4753 3727 4792 re-

2038 4833 2336 4887 condendo
2367 4847 2727 4901 responsum,
2774 4829 2925 4900 quod
2972 4828 3293 4899 accepimus
3340 4828 3725 4895 deprecantes.

2038 4922 2307 4988 Proinde,
2340 4921 2596 4991 piissime
2626 4921 2959 4989 imperator,
3010 4917 3131 4971 haec
3161 4933 3264 4971 suo
3295 4917 3530 4971 nomine
3564 4932 3727 4970 sena-

2038 5016 2129 5066 tus
2162 5009 2483 5065 serenitatis
2531 5014 2645 5062 tuae
2695 5007 3019 5061 clementiae
3063 5010 3398 5076 provocatus
3448 5004 3726 5076 adjunxit,

2040 5106 2103 5156 ut
2140 5100 2240 5173 qui
2289 5099 2486 5153 animo
2539 5097 2971 5169 quambeuigno
3020 5095 3080 5149 in
3133 5099 3372 5165 utraque
3438 5094 3730 5164 republica

2038 5189 2440 5245 concordanda
2481 5188 2658 5253 fuisti,
2701 5192 2817 5242 tam
2860 5203 2982 5240 esse
3028 5186 3124 5256 pio
3158 5185 3219 5238 in
3247 5182 3509 5237 Ecclesiae.
3537 5180 3729 5234 redin-

2035 5278 2319 5350 tegranda
2350 5278 2568 5332 unitate
2587 5276 2862 5330 noscaris.
2891 5276 3033 5329 Nam
3062 5279 3125 5327 ut
3156 5289 3266 5344 pax
3288 5272 3387 5325 illa
3420 5284 3731 5339 regnorum

2035 5374 2261 5424 tantum
2293 5367 2472 5422 scitur
2503 5366 2775 5437 prodesse
2820 5363 3105 5434 subjectis,
3148 5363 3229 5415 sic
3270 5361 3393 5415 haec
3437 5357 3731 5429 religionis

2028 5523 2204 5580 ~nicus
2214 5523 2487 5595 inclytus,
2506 5521 2820 5595 Francicus
2834 5519 3086 5595 inclytus
3416 5516 3540 5571 Pot.
3558 5513 3734 5570 XXV

2034 5614 2147 5652 cos.
2172 5613 2227 5650 ιιι
2254 5589 2404 5666 pius,
2424 5594 2590 5666 felix,
2613 5594 2900 5666 victamne
2917 5589 3300 5661 triumphator
3310 5604 3541 5659 semper
3555 5603 3732 5658 augu-

2037 5674 2145 5732 tus,
2158 5663 2328 5738 pater
2350 5665 2579 5739 patriae,
2612 5681 2747 5722 cons
2766 5663 2888 5720 ulib
2905 5678 2996 5733 us,
3033 5666 3140 5716 etc.
