4038 6170
274 305 376 361 387

1723 296 2097 353 ΗΟΒΜΙδΒιΕ
2123 298 2320 353 PAP/E

3666 300 3779 354 388

276 453 405 492 cum
438 435 653 507 papulo
687 450 787 487 suo
816 432 1042 504 proﬁcit
1070 428 1394 500 imperanti.
1434 428 1653 482 Etenim
1688 428 1816 498 quis
1844 444 1960 481 non
1997 436 2043 487 Α
2074 445 2104 481 a
2135 445 2265 482 vero
2296 427 2540 499 praesule
2588 429 2860 483 Romanae
2912 428 3173 483 Ecclesiae
3221 429 3426 484 Leone.
3478 431 3638 499 Rogo
3673 445 3781 485 au-

277 527 563 582 haeresum
594 523 945 595 perﬁdarum
976 535 1243 591 sequaces
1283 520 1409 589 plus
1440 533 1613 589 quam
1645 516 1797 587 ipsos
1827 517 1963 571 deli-

280 617 471 687 quisse
493 616 658 686 putet
686 612 983 666 auctores?
1012 609 1120 673 Qui
1150 624 1267 662 non
1282 612 1410 679 post
1437 607 1758 678 patibulum
1783 606 1964 661 crucis

279 705 591 760 dividentes
635 702 842 756 iterum
883 699 1089 754 Christi
1140 698 1397 753 membra
1435 696 1815 751 condemnet?
1850 696 1968 749 Uti-

289 810 421 848 nam
452 794 572 847 haec
595 792 714 862 jam
754 790 912 844 vobis
952 788 1321 859 regnantibus
1361 803 1531 841 causa
1576 786 1857 857 coepisset,
1905 788 1971 839 ut

280 884 505 939 facilius
537 883 684 936 mala
717 879 1168 950 reprimerentur
1209 877 1520 944 nascentia,
1559 892 1731 947 quam
1765 891 1971 945 prove-

275 980 383 1028 cta.
436 973 574 1026 Nam
617 970 744 1041 quis
778 968 1034 1038 ambigat
1082 983 1195 1021 non
1244 966 1496 1037 potuisse
1534 967 1658 1036 ejus
1704 965 1970 1031 existere,

278 1064 441 1132 cujus
469 1060 677 1130 corrigi
708 1058 1067 1128 temporibus
1091 1056 1308 1110 videret
1338 1057 1631 1109 errorem?
1662 1057 1769 1109 Per
1792 1056 1974 1109 Enno-

279 1151 441 1205 dium
473 1155 527 1204 et
555 1150 935 1202 Fortunatum
969 1145 1285 1216 episcopos,
1308 1154 1331 1178 δ
1366 1144 1707 1199 Venantium
1738 1143 1969 1214 presby-

277 1245 489 1306 terum,
522 1239 762 1292 Vitalem
785 1236 1090 1291 diaconum
1126 1240 1182 1289 et
1208 1235 1465 1288 Hilarum
1501 1234 1814 1289 notarium.

960 1342 1298 1397 EPISTOLA

278 1450 394 1489 SIVE
443 1448 728 1486 EXEMPLUM
768 1447 1085 1485 RELATIONIS
1130 1445 1354 1484 JOANNIS
1404 1444 1638 1482 EPISCOPI
1684 1442 1971 1483 NICOPOLI-

353 1520 501 1571 TANI,
568 1520 665 1558 PER
718 1519 961 1557 RUFINUM
1025 1516 1297 1556 DIACONUM
1366 1515 1628 1566 EJUSDEM,
1704 1516 1772 1554 AD
1842 1515 1974 1553 HOR—

355 1592 574 1629 MISDAM.

284 1682 637 1741 Catholicam
673 1680 845 1751 ﬁdem
874 1680 1171 1750 proﬁtetur
1200 1681 1441 1751 et,_quz
1483 1676 1744 1746 vitanda,
1788 1692 1974 1749 quaeve

742 1748 1045 1817 servanda,
1080 1748 1299 1804 moneri
1326 1748 1506 1820 cupit.

354 1860 599 1915 Domino
633 1875 761 1913 meo
785 1874 889 1928 per
920 1865 1121 1911 cuncta
1152 1857 1509 1911 sanctissimo
1542 1873 1607 1911 ac
1642 1856 1973 1911 beatissimo

281 1950 435 2022 patri
461 1954 710 2021 patrum,
737 1947 1134 2001 comministro
1182 1964 1246 2000 ac
1277 1946 1523 2018 principi
1549 1946 1975 2017 “episcoporum

288 2039 623 2104 Hormisdae,
654 2039 899 2092 Joannes
931 2037 991 2090 in
1024 2036 1263 2090 Domino
1294 2036 1553 2090 salutem.

357 2130 498 2185 Cura
533 2128 675 2181 mihi
718 2126 933 2181 exstitit
973 2142 1197 2197 semper
1238 2125 1383 2179 nihil
1419 2124 1665 2195 amplius
1695 2126 1972 2195 quaerere,

286 2217 397 2273 nisi
436 2234 604 2289 agere
648 2217 941 2287 propriam
992 2220 1049 2270 et
1095 2215 1436 2269 familiarem
1486 2213 1977 2269 conversationem

284 2323 521 2362 vacuam
566 2304 961 2360 sollicitudinis
1013 2309 1069 2358 et
1117 2304 1416 2357 anxietatis
1466 2304 1773 2357 mundana:
1810 2318 1823 2355 :
1854 2301 1976 2372 ised

284 2395 422 2467 quia
452 2394 552 2450 Dei
566 2394 793 2464 judicia
810 2394 1056 2464 abyssus
1080 2393 1266 2447 multa
1284 2395 1369 2447 est
1396 2392 1576 2462 (Psat.
1612 2391 1798 2462 xxxv),
1834 2390 1980 2444 sicut

286 2489 342 2539 et
388 2490 634 2539 vestram
699 2499 977 2553 cognosco
1054 2482 1260 2535 docere
1324 2480 1764 2548 beatitudinem,
1816 2485 1978 2551 patre

289 2577 480 2628 nostro
534 2576 825 2643 quondam
894 2576 1066 2642 atque
1125 2571 1554 2641 archiepiscopo
1614 2571 1895 2640 Alcysone
1948 2585 1980 2622 a

288 2660 509 2716 Christo
550 2661 619 2714 ad
656 2677 936 2731 supernas
985 2660 1312 2713 mansiones
1363 2665 1616 2726 evocato,
1646 2675 1712 2712 ea
1760 2658 1979 2712 ratione

289 2767 403 2821 qua
432 2750 553 2820 ipse
586 2748 895 2820 cognoscit,
943 2748 1045 2819 qui
1076 2752 1161 2803 est
1190 2748 1555 2819 possibilium
1596 2747 1885 2815 dominus,
1919 2747 1980 2800 in

289 2855 378 2893 me
412 2844 604 2893 sancta
634 2840 883 2909 synodus
914 2843 1197 2892 bonorum
1240 2843 1492 2905 actuum,
1526 2854 1589 2891 ac
1620 2838 1803 2891 clerus
1849 2852 1977 2907 pas-

287 2934 480 2983 torum
514 2928 804 2982 transtulit
832 2932 1066 2982 sortem.
1105 2928 1217 2998 Ego
1256 2933 1452 2981 autem
1480 2932 1681 2981 cuncta
1726 2926 1980 2981 referens

2080 522 2196 572 tem
2228 518 2455 588 plenius
2502 523 2674 588 atque
2714 518 3037 588 perfectius,
3072 535 3200 589 quae
3250 519 3461 573 servari
3522 522 3776 589 oportet,

2078 612 2458 673 commonete,
2492 612 2548 661 et
2594 624 2624 660 a
2666 607 2871 677 quibus
2932 608 3216 662 abstinere
3262 608 3519 675 debeam,
3572 608 3782 663 vestris

2078 697 2407 750 custodibus
2453 696 2657 750 litteris
2711 696 2972 751 intimate
3025 713 3037 750 :
3088 704 3151 751 ut
3196 697 3243 751 si
3286 698 3540 751 fortassis
3588 698 3783 752 adhuc

2080 785 2482 840 inexercitatus
2534 786 2721 840 ordini
2782 787 3024 856 deputor
3084 787 3417 856 lectionum,
3471 804 3571 842 seu
3629 788 3779 853 dixi,

2078 875 2193 929 sive
2239 875 2329 945 egi
2380 876 2705 946 apostolicis
2756 876 3031 929 doctrinis
3098 877 3293 930 vestris
3361 877 3779 946 incongruum,

2077 964 2277 1018 vestris
2301 964 2552 1019 imbutus
2597 965 2952 1019 sermonibus
2985 965 3200 1034 possim
3230 966 3633 1020 haereticorum
3668 967 3781 1020 ob-

2079 1054 2275 1108 sistere
2337 1054 2635 1107 machinis.
2700 1055 2812 1107 Iloc
2874 1054 3026 1108 enim
3076 1054 3340 1121 faciente,
3390 1056 3776 1121 sanctissime,

2078 1142 2363 1197 ﬁrmiores
2392 1148 2600 1195 nostrae
2633 1146 2841 1195 sancta:
2871 1143 3068 1212 synodi
3106 1143 3410 1198 invenietis
3440 1143 3765 1215 episcopos,

2080 1237 2135 1285 et
2163 1231 2445 1285 bonorum
2470 1238 2696 1285 actuum
2719 1232 2935 1285 clerum
2951 1248 3012 1285 ac
3032 1234 3310 1303 populum
3330 1234 3779 1302 conﬁrmabitis,

2079 1326 2355 1390 tanquam
2381 1321 2723 1375 familiarem
2764 1321 2923 1374 vobis
2963 1321 3266 1376 reddentes
3297 1328 3550 1376 sanctam
3604 1321 3781 1376 Nico-

2080 1411 2469 1480 politanorum
2506 1410 2831 1463 Ecclesiam.
2872 1411 3269 1465 Venerabilem
3307 1428 3438 1465 vero
3464 1412 3781 1465 diaconum

2082 1500 2355 1552 Ruﬁnum
2386 1499 2457 1551 ad
2488 1502 2605 1552 tam
2640 1500 3018 1553 necessariam
3058 1516 3286 1554 causam
3320 1500 3620 1567 directum,
3673 1516 3779 1570 pa-

2086 1589 2263 1655 ciﬁce,
2294 1589 2435 1641 sicut
2470 1605 2565 1641 vos
2613 1588 2793 1655 decet,
2818 1591 3000 1659 rogati
3051 1590 3348 1661 suspicite;
3403 1595 3457 1643 et
3501 1590 3779 1643 ﬁduciam

2084 1678 2421 1744 tribuentes,
2453 1677 2697 1730 celerem
2731 1679 2852 1747 ejus
2900 1694 3191 1733 recursum
3240 1679 3309 1733 ad
3352 1695 3455 1733 nos
3505 1683 3781 1749 praestare

2084 1766 2422 1838 dignemini,
2486 1772 2810 1837 portantem
2865 1768 3183 1837 spiritualia
3237 1774 3410 1839 atque
3463 1768 3784 1839 apostolica

2082 1855 2406 1910 constituta.
2434 1855 2727 1923 Curictam,
2762 1856 3135 1926 sanctissime,
3169 1874 3399 1912 omnem
3448 1858 3508 1911 in
3549 1857 3783 1912 Christo

2083 1945 2499 1999 fraternitatem
2533 1949 2730 1998 vestrae
2762 1944 3132 2000 beatitudinis
3173 1963 3278 2017 ego
3323 1951 3377 2001 et
3407 1946 3505 2018 qui
3532 1962 3785 2017 ,mecum

2084 2040 2219 2089 sunt
2246 2034 2563 2105 plurimum
2590 2034 2903 2088 salutamus
2933 2035 2990 2087 in
3014 2035 3280 2090 Domino.

2682 2140 3014 2196 EPISTULA
3066 2143 3179 2196 VII.

2347 2246 2413 2282 AD
2443 2245 2691 2284 JOANNEM
2732 2247 3164 2286 NICOPOLITANUM
3206 2247 3516 2287 EPISCOPUM.

2088 2336 2464 2392 Commendat
2482 2336 2642 2392 illius
2659 2336 2989 2408 religionem
3016 2355 3028 2391 :
3052 2338 3384 2392 Nestorium
3414 2341 3469 2391 et
3489 2337 3785 2407 Eutychen

2158 2408 2573 2480 damnandum,
2612 2413 2666 2461 et
2714 2409 2985 2479 quomodo
3032 2410 3131 2480 qui
3178 2411 3254 2464 ad
3296 2409 3459 2479 ﬁdem
3498 2415 3790 2463 revertun-

2161 2479 2586 2605 turgefipiendi
2609 2483 2744 2548 sint,
2763 2496 2869 2552 per
2890 2479 3209 2537 indicatum
3234 2498 3293 2537 se
3311 2480 3786 2553 signiﬁcatqu

2161 2568 2272 2605 scrz
2314 2569 2328 2605 ι
2363 2592 2374 2604 .

2156 2568 2374 2605 εσγῑοιτ.

2160 2658 2458 2714 Hormisda
2475 2658 2676 2713 Joanni
2699 2658 2962 2730 episcopo
2977 2659 3368 2731 Nicopolitano
3389 2676 3491 2733 per
3502 2659 3783 2715 Ruﬁnum

2091 2749 2418 2803 diaconum.

2162 2838 2346 2892 Gavisi
2394 2852 2590 2891 sumus
2632 2836 2694 2890 in
2736 2836 2978 2892 Domino
3035 2838 3220 2906 valde,
3266 2839 3438 2893 frater
3467 2838 3784 2905 carissime,

2092 2927 2331 2998 acceptis
2362 2926 2567 2980 litteris
2598 2927 2730 2994 tuis,
2777 2926 2836 2980 in
2871 2927 3079 2996 quibus
3117 2932 3169 2982 te
3199 2927 3482 2999 proﬁteris
3512 2926 3788 2981 sacerdo-

289 3019 424 3080 Deo,
456 3016 553 3088 qui
602 3016 1045 3071 balbutientium
1080 3016 1303 3087 linguas
1334 3016 1541 3070 liberas
1590 3016 1741 3082 facit,
1775 3016 1979 3069 decen-
2019 3030 2059 3084 (3
2090 3017 2235 3071 tium
2270 3016 2371 3071 Dei
2402 3015 2587 3085 gratia
2625 3015 2958 3085 suscepisse.
2991 3018 3120 3071 Haec
3150 3028 3234 3070 est
3264 3018 3405 3071 ﬁdes
3446 3022 3622 3083 certa,
3654 3015 3783 3069 haec

286 3112 372 3160 ter
398 3107 467 3161 ad
490 3110 701 3161 vestras
750 3106 1034 3160 orationes
1067 3122 1375 3173 concurro;
1427 3111 1492 3159 ut
1534 3106 1699 3175 juxta
1741 3121 1981 3159 consue-

286 3195 547 3249 tudinem
604 3194 925 3263 apostolicae
977 3194 1128 3247 sedis
1186 3206 1406 3262 vestrae,
1470 3210 1597 3263 qua:
1646 3198 1981 3247 cunctarum

288 3282 665 3337 Ecclesiarum
690 3298 885 3336 curam
916 3282 1104 3348 habet,
1133 3282 1743 3353 ethicopolitano‘rum
1772 3282 1981 3336 habere

290 3371 631 3443 dignemini,
664 3372 979 3425 secundum
1010 3371 1302 3441 antiquam
1329 3371 1691 3440 spiritualem
1738 3370 1979 3440 disposi-
2002 3408 2013 3414 ι

288 3460 507 3514 tionem
539 3464 803 3513 vestram.
850 3459 1074 3513 Petenti
1122 3459 1334 3512 etenim
1371 3460 1515 3512 mihi
1562 3459 1685 3513 dari
1716 3460 1983 3529 spiritum

220 3578 221 3581 η
290 3549 359 3603 ad
394 3547 750 3618 apertionem
794 3547 931 3614 oris,
979 3547 1123 3602 sicut
1173 3548 1364 3601 docuit
1395 3549 1704 3618 Apostolus
1755 3548 1978 3618 (Ephes.

288 3639 387 3708 v1),
416 3641 587 3707 atque
619 3637 738 3707 ipse
770 3636 938 3689 etiam
975 3636 1248 3690 Dominus
1282 3636 1573 3707 prmcepit,
1621 3653 1850 3691 mecum
1883 3653 1981 3707 pe-

288 3726 389 3780 tite
411 3725 621 3780 horum
656 3725 933 3791 datorem,
982 3730 1038 3778 et
1081 3741 1210 3778 cum
1246 3730 1537 3796 qumrente
1577 3727 1795 3795 pariter
1826 3742 1984 3797 quae-

291 3815 418 3877 rite,
449 3820 505 3870 et
542 3815 865 3885 pulsantem
906 3814 1193 3885 spirituali
1224 3830 1399 3868 manu
1455 3820 1641 3868 vestra
1692 3815 1980 3885 suscipite.

291 3907 406 3959 Hoc
433 3903 587 3958 enim
631 3903 791 3958 vobis
820 3903 1177 3967 facientibus,
1234 3909 1450 3974 potero,
1498 3905 1882 3971 sanctissime,
1930 3908 1985 3959 et

294 3992 569 4063 accipere,
604 3997 660 4046 et
702 3993 979 4060 invenire,
1016 3998 1072 4046 et
1108 3993 1401 4063 aperiente
1435 3993 1657 4047 Christo
1702 4001 1855 4046 recta
1881 4008 1986 4061 per

294 4082 528 4135 verbum
569 4082 824 4136 veritatis
877 4082 1160 4135 incedere.
1214 4081 1501 4145 Quoniam
1562 4098 1697 4135 vero
1748 4081 1983 4151 quidam

294 4170 718 4225 dissimulantes
765 4170 1061 4225 nobiscum
1104 4170 1358 4238 credere,
1399 4176 1571 4241 atque
1615 4170 1813 4223 sectari
1849 4185 1983 4223 san-

294 4263 410 4314 ctas
470 4260 716 4331 synodos
778 4277 905 4330 quae
982 4260 1203 4325 Nicaeae,
1272 4259 1763 4329 Constantinopoli
1813 4264 1984 4328 atque

2093 3121 2219 3175 spes
2240 3104 2362 3157 sine
2389 3102 2761 3171 ambiguitate
2793 3119 3009 3169 secura,
3042 3120 3157 3173 qua
3174 3105 3425 3158 creditur
3446 3105 3618 3158 totius
3637 3102 3782 3157 boni

2091 3209 2260 3247 causa
2292 3193 2349 3245 in
2383 3207 2629 3260 superna
2674 3191 3099 3260 dispensatione
3132 3194 3462 3248 consistere.
3493 3194 3669 3263 Cujus
3698 3192 3791 3247 rei

2092 3281 2388 3335 scientiam
2420 3280 2655 3345 habens,
2687 3280 2860 3334 frater
2895 3282 3627 3348 carissime,beueﬁciorum
3654 3297 3790 3352 quae

2091 3383 2124 3421 a
2151 3369 2265 3421 Deo
2299 3373 2494 3421 nostro
2522 3374 2859 3422 consecutus
2890 3386 2972 3435 es,
3003 3372 3271 3440 religioso
3316 3372 3506 3424 animo
3539 3371 3788 3441 gratiam

2092 3456 2409 3523 conﬁteris;
2442 3457 2572 3511 licet
2596 3458 2702 3511 hoc
2726 3474 2951 3528 quoque
2972 3460 3039 3513 de
3058 3461 3601 3515 eodemcclementiae
3625 3460 3789 3513 fonte

2094 3545 2418 3611 descendat,
2447 3551 2513 3599 ut
2539 3563 2596 3600 se
2643 3549 2859 3601 auctori
2913 3564 3014 3601 suo
3061 3549 3314 3602 humana
3344 3550 3639 3603 submittat
3670 3549 3777 3603 hu-

2093 3635 2423 3689 militasAit
2436 3635 2587 3688 enim
2608 3653 2618 3689 :
2639 3638 2825 3707 Super
2838 3652 3003 3707 quem
3020 3638 3331 3708 requiescet
3346 3639 3784 3710 spiritusmeus,

2091 3723 2207 3777 nisi
2222 3741 2394 3795 super
2405 3724 2698 3786 humilem,
2717 3725 3032 3796 etquietum
3045 3768 3057 3792 ,
3075 3731 3129 3781 et
3142 3731 3477 3783 trementem
3492 3744 3790 3785 sermone:

2091 3830 2246 3867 meos
2290 3815 2476 3883 (Nam.
2518 3815 2637 3883 x1)?
2680 3815 2741 3867 In
2781 3814 2871 3868 his
2904 3832 3060 3886 ergo,
3111 3817 3171 3869 in
3213 3819 3418 3888 quibus
3451 3817 3791 3887 hujusmodi

2092 3902 2376 3974 probaris,
2408 3902 2613 3955 clarius
2659 3905 2938 3958 elucescet
2975 3905 3098 3958 aliis
3142 3906 3314 3961 etiam
3348 3907 3571 3961 virtutis
3612 3908 3790 3978 hujus

2093 3992 2352 4046 futurum
2380 3992 2735 4061 exemplum;
2770 3994 2999 4063 quando
3032 3995 3101 4048 ad
3134 3996 3241 4049 hoc
3273 3996 3445 4050 etiam
3479 3998 3593 4051 Deo
3626 3996 3789 4050 insti-

2094 4086 2290 4136 tuente
2322 4082 2628 4151 perductus
2655 4099 2731 4149 es,
2773 4090 2834 4136 ut
2865 4090 2920 4137 et
2950 4085 3019 4138 de
3044 4090 3098 4138 te
3130 4086 3539 4140 catholicorum
3573 4087 3787 4155 glorie-

2096 4177 2190 4225 tur
2223 4170 2481 4223 Ecclesia.
2520 4172 2660 4224 Nam
2703 4171 2848 4225 sicut
2877 4173 3082 4226 divinis
3110 4174 3456 4229 testimoniis
3496 4177 3785 4242 eruditus,

2098 4263 2152 4311 et
2173 4259 2337 4329 juxta
2367 4259 2702 4328 Apostolum
2737 4277 3027 4316 sacrarum
3061 4265 3403 4318 Litterarum
3426 4265 3791 4319 institutione

294 4351 497 4421 Ephesi
527 4355 887 4421 congregatae
914 4356 1065 4417 sunt,
1112 4350 1169 4402 in
1198 4366 1313 4419 qua
1345 4350 1633 4418 principes
1648 4348 1988 4402 exstiterunt
2026 4384 2068 4437 Β
2099 4348 2392 4415 formatus,
2445 4348 2552 4401 hoc
2609 4350 2925 4420 auspicium
2956 4358 3066 4405 tua:
3128 4355 3480 4408 ordinations
3533 4354 3791 4421 edidisti,

294 4441 664 4493 sanctissima:
698 4438 989 4493 memoriae
1021 4440 1273 4509 episcopi
1302 4439 1639 4493 Coelestinus
1665 4438 1988 4508 apostolicae

294 4528 445 4582 sedis
475 4536 698 4595 vestras,
732 4534 786 4581 et
818 4528 1059 4598 Cyrillus
1090 4513 1522 4594 Alexandrinae;
1552 4528 1786 4597 insuper
1816 4528 1989 4582 etiam

296 4633 425 4688 qua:
474 4618 830 4671 Chalcedone
878 4617 1150 4671 adversus
1182 4617 1543 4687 Eutychetem
1579 4616 1819 4686 impium
1854 4633 1990 4670 con-

299 4711 534 4775 gregata
562 4709 663 4766 est,
694 4721 821 4774 quas
842 4721 1041 4758 omnes
1066 4706 1363 4774 praedictas
1390 4707 1655 4759 veritates
1678 4707 1993 4760 orthodoxa

296 4793 357 4846 in
390 4809 447 4845 se
478 4793 698 4846 ratione
730 4793 995 4848 ﬁrmavit.
1029 4794 1239 4847 Tamen
1263 4794 1475 4848 audent
1499 4810 1603 4847 nos
1626 4795 1987 4865 impugnare,

299 4886 574 4951 tanquam
604 4882 895 4935 vinculum
929 4884 1248 4937 concordiae
1293 4884 1412 4936 sine
1450 4884 1673 4937 ratione
1724 4884 1985 4937 vitantes.

300 4970 505 5023 Votum
527 4975 718 5024 autem
740 4970 904 5038 mihi,
939 4976 1022 5026 est
1049 4978 1292 5026 vestram
1316 4972 1477 5042 sequi
1502 4972 1819 5026 doctrinam
1847 4973 1991 5026 sicut

302 5059 452 5113 inter
478 5064 701 5112 sanctos
747 5061 1131 5129 prmdecessor
1178 5077 1341 5115 meus
1388 5062 1631 5131 Alcyson
1679 5062 1987 5128 exstiterat,

299 5150 354 5199 et
382 5146 801 5200 anathematizo
835 5148 1187 5215 Dioscorum,
1220 5146 1583 5201 Timotheum
1612 5148 1990 5219 appellatione

300 5233 559 5289 {Elurum
620 5240 673 5288 et
711 5237 944 5289 Petrum
1006 5238 1211 5290 horum
1267 5253 1684 5304 successorem;
1735 5241 1790 5289 et
1841 5238 1993 5292 Petri

300 5324 707 5377 communione
738 5340 867 5377 cum
887 5324 973 5377 his
996 5324 1342 5394 permixtum
1362 5324 1648 5390 Acacium,
1680 5327 1738 5377 et
1760 5326 1991 5379 Petrum

301 5412 396 5482 qui
429 5412 846 5465 Antiochenam
880 5411 1233 5482 perturbavit
1287 5412 1611 5476 Ecclesiam,
1658 5428 1900 5483 sequens
1930 5413 1990 5466 in

300 5500 568 5555 omnibus
617 5501 914 5572 synodicas
946 5506 1001 5555 et
1048 5500 1389 5570 apostolicae
1434 5500 1704 5570 epistolas
1748 5502 1989 5572 scriptas

370 5670 395 5701 ι
423 5658 488 5712 In
517 5656 654 5712 edit.
690 5658 947 5713 Romana
978 5662 1062 5714 est
1083 5656 1486 5715 Hilarianum.

2103 4443 2163 4490 ut
2191 4437 2461 4490 adversus
2491 4438 2780 4492 deviantes
2808 4456 2938 4493 cum
2986 4442 3136 4495 sedis
3185 4444 3511 4513 apostolicae
3558 4449 3790 4498 senten-

2098 4526 2193 4581 tiis
2222 4526 2571 4581 convenires.
2608 4528 2802 4599 Neque
2835 4530 2987 4583 enim
3020 4547 3387 4587 remunerare
3413 4534 3579 4587 aliter
3607 4538 3794 4587 tanto-

2100 4632 2227 4669 rum
2266 4616 2674 4671 beneﬁciorum
2722 4624 2950 4687 poteras
2978 4620 3330 4691 largitorem,
3368 4623 3478 4675 nisi
3517 4623 3792 4677 adversus

2098 4705 2359 4759 inimicos
2388 4708 2509 4775 ejus
2546 4707 2862 4763 evidentem
2908 4710 3092 4763 zelum
3122 4712 3445 4782 apostolicae
3476 4713 3791 4766 confessio-

2098 4795 2184 4848 nis
2213 4796 2564 4850 ostenderes.

2173 4884 2381 4937 Notum
2424 4890 2506 4938 est
2535 4886 2689 4940 enim
2734 4902 2830 4940 eos
2882 4892 3038 4942 extra
3070 4887 3335 4961 religiosa
3386 4895 3546 4961 septa
3576 4890 3792 4945 consis-

2099 4975 2240 5039 tere,
2276 4974 2377 5043 qui
2411 4980 2465 5027 et
2496 4975 2604 5045 ipsi
2643 4976 2985 5045 proﬁtentur
3013 4981 3420 5033 conscientiam
3452 4980 3585 5033 ﬁdei
3619 4985 3794 5048 atque

2098 5060 2388 5129 ﬁduciam,
2424 5064 2519 5117 sed
2553 5064 2907 5119 infructuosa
2937 5072 3021 5121 est
3054 5068 3201 5137 apud
3232 5085 3345 5136 eos,
3380 5068 3640 5139 quamvis
3661 5084 3795 5121 cum

2099 5149 2378 5219 religiosis
2433 5168 2685 5223 congrua
2738 5160 2945 5208 sanctae
3004 5156 3427 5210 communionis
3473 5156 3794 5227 aequalitas,

2099 5238 2235 5308 quia
2255 5241 2449 5308 procul
2482 5241 2657 5294 dubio
2684 5243 2783 5313 qui
2831 5260 2897 5297 ea
2928 5260 3102 5313 quam
3136 5245 3349 5299 meruit
3383 5245 3644 5298 libertate
3678 5260 3796 5297 non

2101 5328 2307 5391 utitur,
2355 5329 2677 5399 subjectum
2714 5348 2771 5385 se
2814 5332 3215 5402 iniquitatibus
3273 5334 3595 5388 conﬁtetur.
3647 5332 3795 5396 Quid

2099 5416 2416 5486 gloriemur
2444 5419 2533 5471 his
2564 5435 2704 5488 quas
2734 5436 2850 5474 non
2892 5422 3190 5491 sequimur
3233 5422 3583 5493 disciplinis?
3630 5422 3795 5475 Falso

2098 5506 2353 5576 appellat
2382 5507 2739 5578 magistrum,
2789 5508 2890 5579 qui
2922 5526 2981 5564 se
3029 5511 3487 5567 institutionibus
3523 5512 3647 5582 ejus
3676 5527 3795 5566 non
