3998 6172
176 348 278 399 389

1501 342 1858 399 EPISTOLrE
1894 346 1980 399 ET
2016 343 2368 400 DECRETA.

3579 351 3684 403 390

173 484 377 554 probat
407 501 531 537 esse
572 484 939 554 discipulum.
988 483 1095 538 Sed
1128 483 1265 554 quia
1297 482 1455 537 nobis
1488 499 1642 537 nunc
1671 482 1866 536 omnia
1902 488 1947 541 A
1974 499 2082 553 que
2114 504 2181 543 ex
2214 484 2375 539 nobis
2403 482 2462 536 in
2493 487 2771 553 regnante
2803 484 2959 536 fuere
2986 485 3516 554 Constantinopoli;
3550 502 3681 540 cum

174 574 228 625 in
263 572 626 625 confessione
670 572 901 637 similia,
935 577 989 625 et
1020 573 1302 625 libertatis
1332 572 1579 642 propria
1608 588 1870 642 resump-

173 660 320 713 sistis
351 660 656 725 affectum;
689 667 941 730 paterna
981 677 1178 713 rursus
1204 661 1553 715 hareditatis
1580 661 1872 730 cupientes

173 766 291 802 esse
321 756 638 814 consortes,
682 750 1099 820 amplectimini
1133 751 1375 819 gratiam
1414 750 1736 803 traditionis
1768 766 1873 803 an-

174 840 386 909 tiqua;
444 844 503 892 et
534 840 594 891 in
623 839 778 892 illius
823 839 1145 892 inconvulsi
1179 839 1537 893 fundamenti
1567 838 1871 891 stabilitate

175 932 483 1002 persistite,
513 947 628 983 non
650 947 781 983 cum
831 931 1188 1000 temporibus
1237 930 1407 983 corda
1438 934 1758 997 mutantes;
1792 931 1875 984 in-

174 1022 487 1073 constantis
514 1020 670 1072 enim
705 1019 1055 1072 mutabilitas
1077 1019 1183 1073 ista
1214 1020 1360 1073 solet
1389 1036 1511 1072 esse
1545 1020 1827 1089 propositi
1855 1036 1868 1074 :

173 1116 342 1179 atque
375 1109 507 1161 ideo
534 1108 681 1161 bene
723 1107 973 1160 fundatis
1022 1112 1247 1176 oportet
1277 1108 1558 1161 inharere
1585 1124 1597 1174 ;
1642 1109 1871 1177 quando

177 1197 511 1267 bujusmodi
568 1196 755 1250 studia
803 1197 1107 1249 clementia
1152 1197 1255 1249 scit
1314 1196 1502 1249 fovere
1558 1196 1754 1263 divini,
1810 1202 1874 1250 ut

175 1287 307 1341 ﬁdei
337 1292 542 1339 vestra
570 1286 809 1338 ﬁrmitas
837 1285 996 1338 vobis
1030 1285 1099 1339 de
1143 1285 1388 1339 aliorum
1419 1287 1602 1339 salute
1632 1285 1869 1339 fructiﬁ-

176 1382 277 1439 cet,
313 1379 372 1428 et
401 1375 622 1427 fervore
653 1375 826 1428 vestri
857 1375 1030 1428 studii
1072 1374 1320 1427 aliorum
1368 1390 1597 1444 quoque
1646 1374 1872 1428 animus

178 1465 243 1518 ad
273 1463 737 1533 resumptionem
787 1463 1073 1516 bonorum
1112 1479 1350 1516 suorum
1400 1464 1576 1532 possit
1606 1464 1869 1530 accendi;

180 1558 468 1626 quatenus
499 1558 554 1606 et
598 1552 667 1606 de
710 1552 871 1606 vobis
904 1568 1130 1622 quoque
1180 1558 1405 1606 sanctus
1438 1554 1728 1621 apostolus
1782 1553 1869 1606 di-

179 1644 322 1695 xisse
353 1641 625 1695 credatur
652 1658 664 1694 :
696 1640 1021 1695 Emulatio
1038 1643 1227 1694 vestra
1253 1639 1577 1710 provocavit
1593 1639 1874 1711 plurimos

175 1732 271 1799 (II
296 1732 435 1785 Cor.
472 1732 578 1798 ix).
614 1731 758 1799 Ergo
788 1730 1027 1783 Nestorii
1048 1733 1105 1782 et
1135 1729 1458 1799 Eutychetis
1482 1729 1871 1799 impietatibus

173 1822 331 1890 juxta
376 1819 679 1889 synodalia
708 1818 1016 1871 constituta
1045 1818 1353 1883 damnatis,
1382 1824 1687 1873 sectatores
1737 1836 1876 1890 quo-

179 1926 285 1981 que
341 1926 549 1962 eorum
596 1907 862 1961 similiter
912 1912 1287 1973 exsecrantes,
1323 1924 1453 1961 cum
1503 1908 1875 1962 exsultatione

180 1998 471 2052 dicamus:
506 1996 680 2051 Exite
723 1996 791 2051 de
819 1995 1004 2049 medio
1047 2012 1260 2060 eorum,
1312 2000 1368 2049 et
1407 1997 1788 2067 separamim',
1822 2001 1877 2051 et

176 2087 537 2142 immundum
574 2102 644 2141 ne
671 2084 991 2157 (eligentis,
1041 2084 1182 2138 dicit
1230 2084 1509 2139 Dominus
1540 2086 1731 2153 (Leuit.
1763 2087 1873 2157 xv).

177 2179 677 2244 Quemadmodum
699 2178 854 2231 enim
884 2178 1012 2247 quis
1036 2178 1317 2231 malarum
1344 2177 1743 2233 inventionum
1778 2180 1875 2233 de-

178 2268 481 2322 testabitur
511 2267 823 2337 principes,
878 2267 921 2319 si
970 2283 1087 2320 non
1120 2267 1369 2321 declinat
1409 2268 1724 2337 sequaces?
1780 2273 1878 2322 aut

178 2357 666 2429 quemadmodum
699 2355 820 2409 odit
844 2356 1145 2424 originem,
1181 2357 1280 2426 qui
1313 2372 1429 2409 non
1465 2361 1792 2411 exsecratur
1822 2362 1879 2413 et

178 2447 435 2500 sobolem
456 2447 486 2498 ‘?
537 2446 601 2497 In
632 2444 923 2513 discipulis
953 2444 1295 2513 pradicalur
1325 2445 1476 2497 fama
1525 2446 1874 2513 docentium,

178 2542 231 2589 et
260 2536 445 2589 donec
498 2533 645 2587 male
689 2535 971 2601 jactorum
1020 2533 1305 2585 seminum
1338 2534 1499 2586 radix
1556 2550 1656 2603 per
1691 2550 1877 2587 succe-

185 2624 387 2679 dentes
408 2622 567 2677 culta
596 2620 875 2686 ﬂoruerit,
897 2620 1096 2674 tandiu
1128 2626 1430 2674 auctorum
1460 2623 1736 2675 memoria
1762 2640 1876 2677 non

178 2713 408 2785 peribit.
446 2711 709 2765 Addatur
737 2710 962 2780 perdito
1008 2709 1304 2779 Eutycheti
1335 2715 1391 2763 et
1433 2711 1667 2764 Aeacius
1704 2712 1875 2765 disci-

178 2804 350 2874 pulus
381 2802 491 2855 sub
522 2800 929 2854 communione
960 2799 1131 2865 Petri,
1165 2799 1540 2870 omniumque
1561 2800 1874 2865 damnato-

177 2908 303 2946 rum
330 2890 554 2944 mixtus
585 2889 801 2942 errori:
839 2903 981 2957 quos
1028 2892 1213 2941 vestra
1238 2887 1462 2941 dilectio
1511 2888 1707 2941 litteris
1736 2889 1872 2955 suis,

175 2980 309 3035 dum
340 2980 521 3033 ﬁdem
554 2993 714 3030 suam
748 2976 966 3043 asserit,
1010 2976 1304 3029 evidenter
1332 2976 1628 3046 expressit.
1668 2977 1753 3032 Ad
1786 2977 1873 3031 in-

176 3069 555 3123 structionem
586 3072 787 3119 vestra
845 3065 981 3119 ﬁdei
1012 3065 1355 3135 pleniorem,
1412 3082 1523 3135 quo
1551 3066 1751 3120 ordine
1807 3066 1873 3121 ad

175 3157 649 3213 communionem
706 3160 954 3208 nostram
999 3153 1213 3223 suscipi
1263 3154 1459 3207 deceat
1504 3160 1871 3223 revertentes,

179 3250 497 3301 indiculum
535 3245 733 3297 subter
770 3243 1099 3312 adjecimus,
1147 3249 1439 3311 sperantes
1473 3243 1532 3296 in
1565 3245 1743 3298 Deum
1774 3245 1876 3299 bo-

178 3353 383 3390 norum
408 3334 672 3388 omnium
692 3332 1048 3401 largitorem,
1079 3332 1230 3402 quod
1253 3331 1519 3385 laudabili
1539 3333 1685 3387 circa
1703 3334 1875 3388 ﬁdem

180 3432 375 3480 vestra
410 3423 752 3491 devotionis
806 3422 1094 3487 instantia,
1126 3438 1241 3474 non
1290 3422 1475 3475 solum
1533 3423 1638 3476 hoc
1677 3439 1876 3477 eorum

182 3516 276 3585 qui
307 3513 474 3567 vobis
492 3512 777 3565 vicinitate
795 3509 1121 3580 junguntur
1142 3510 1309 3562 saluti
1336 3510 1532 3579 prosit,
1558 3509 1653 3563 sed
1676 3524 1875 3562 eorum

179 3620 435 3676 quoque,
470 3602 541 3655 ad
574 3617 716 3671 quos
764 3600 897 3653 tidei
928 3604 1126 3652 vestra
1169 3604 1224 3652 et
1255 3598 1535 3667 religiosa
1574 3598 1879 3652 voluntatis

180 3695 337 3747 velox
365 3693 522 3745 fama
549 3690 887 3759 pervenerit.
916 3689 1184 3741 Ruﬁnum
1228 3686 1508 3757 siquidem
1550 3686 1874 3753 diaconum,

181 3783 276 3851 qui
309 3780 479 3833 nobis
512 3779 733 3831 litteras
764 3782 975 3830 vestras
1016 3776 1240 3843 obtulit,
1290 3775 1351 3828 in
1394 3774 1604 3829 Christi
1642 3775 1878 3829 caritate

180 3867 558 3938 suscepimus,
583 3882 754 3936 quem
782 3866 1174 3934 apostolorum
1206 3864 1559 3917 orationibus
1590 3879 1880 3917 commen-

173 3959 376 4013 dantes
436 3972 567 4009 cum
625 3971 758 4025 pace
812 3954 1175 4017 remittimus,
1234 3954 1526 4006 hortantes
1578 3954 1812 4020 litteras,
1849 3970 1879 4006 a

173 4049 343 4101 nobis
373 4053 491 4099 tam
514 4046 583 4098 ad
615 4046 908 4097 caritatem
942 4048 1097 4095 tuam
1119 4058 1291 4112 quam
1324 4042 1393 4095 ad
1417 4043 1697 4113 synodum
1727 4042 1877 4095 dire-

170 4144 289 4191 ctas
323 4136 542 4205 populo
576 4132 863 4202 relegatis,
924 4132 1074 4202 quod
1131 4136 1186 4183 et
1216 4148 1319 4184 nos
1354 4147 1456 4201 pro
1501 4132 1635 4185 ﬁdei
1674 4137 1876 4185 vestra

168 4224 675 4279 commendatione
707 4222 903 4275 fecisse
937 4236 1235 4291 cognosce.
1282 4221 1421 4275 Data
1450 4237 1566 4276 xvu
1612 4221 1877 4275 calendas

171 4313 529 4377 Decembris,
563 4313 725 4365 Petro
761 4328 811 4362 ν.
846 4326 892 4363 c.
931 4311 1181 4363 consule.

673 4417 1012 4472 EPISTOLA
1043 4417 1406 4485 SYNODICA,

268 4524 395 4563 SIVE
424 4523 707 4561 EXEHPLAR
735 4522 1047 4560 RELATIONIS
1074 4523 1269 4559 SYNODI
1306 4522 1447 4561 EPIRI
1480 4521 1707 4561 VETERIS
1729 4522 1798 4559 AD

707 4610 1093 4651 HORMISDAM
1142 4610 1377 4649 PAPAM.

176 4685 419 4741 Joannis
448 4685 513 4739 in
535 4685 597 4739 Ν
602 4684 1011 4753 icopolitanum
1038 4683 1364 4754 episcopum
1391 4682 1559 4737 electi
1580 4683 1881 4754 postulant

247 4756 755 4826 conﬁrmationem,
794 4760 848 4810 et
894 4755 956 4809 in
991 4756 1103 4811 ﬁde
1158 4755 1444 4811 catholica
1500 4754 1710 4809 instrui
1773 4771 1879 4810 cu-

246 4828 437 4898 piunt.

252 4934 496 4989 Domino
551 4938 747 4987 nostro
798 4950 900 5005 per
945 4938 1147 4987 cuncta
1180 4934 1537 4988 sanctissimo
1571 4950 1633 4987 ac
1666 4932 1877 4987 beatis-

174 5026 325 5077 simo
356 5024 507 5094 patri
539 5029 788 5094 patrum,
836 5023 1233 5077 comministro
1281 5040 1344 5077 ac
1385 5023 1630 5094 principi
1662 5023 1879 5093 episco-

176 5130 390 5185 porum
435 5114 769 5178 Hormisda,
812 5113 1060 5182 synodus
1110 5112 1319 5166 veteris
1372 5111 1555 5182 Epiri,
1613 5114 1878 5178 Joannes,

175 5204 499 5265 Matthaus,
557 5202 987 5265 Constantinus,
1032 5201 1429 5255 Christodorus
1478 5200 1878 5272 (Christopho-

176 5293 318 5361 rus),
358 5292 608 5355 Hilarus,
639 5290 959 5360 Philippus,
993 5290 1253 5344 Julianus
1283 5296 1337 5343 et
1367 5290 1734 5360 Chrysippus.

255 5382 308 5436 Si
345 5381 534 5451 dignis
566 5379 817 5450 pramiis
850 5380 931 5433 uti
962 5384 1271 5445 tentemus,
1304 5395 1533 5433 necesse
1575 5384 1659 5432 est
1691 5378 1885 5433 multis

184 5471 415 5525 ﬂetibus
447 5471 659 5523 horum
694 5469 1163 5539 depromptiones
1185 5467 1427 5522 efﬁcere.
1464 5467 1703 5522 Plurimi
1730 5484 1885 5521 nam-

1913 1790 1953 1842 Β

1980 574 2152 628 vestri
2211 570 2550 627 sanctissimi
2617 569 2812 622 vicarii
2870 570 3162 623 Ennodius
3227 576 3285 625 et
3337 573 3682 628 Fortunatus

1982 662 2257 733 episcopi,
2323 659 2629 712 Venantius
2684 658 3003 728 presbyter,
3064 659 3256 712 Vitalis
3298 661 3590 729 diaconus,
3624 667 3683 717 et

1982 750 2204 803 Hilarus
2228 748 2485 803 notarius
2509 749 2802 817 degerent,
2829 748 3053 817 pietatis
3076 764 3323 817 agonem
3348 754 3680 821 susceptum

1981 842 2260 892 tenentes.
2295 837 2600 891 Nobiscum
2633 841 2824 888 autem
2871 837 2999 903 fuit,
3034 836 3188 889 inter
3226 844 3445 891 sanctos
3476 839 3677 908 factus,

1982 933 2141 997 pater
2172 933 2340 997 atque
2369 924 2829 995 archiepiscopus
2860 932 3051 979 noster
3076 926 3344 995 Alcyson,
3402 928 3502 997 qui
3548 945 3676 982 cum

1982 1014 2135 1069 omni
2168 1014 2620 1084 prasumptione
2665 1013 3019 1082 supplicibus
3068 1019 3233 1067 utens
3262 1014 3491 1082 libellis,
3525 1017 3679 1085 apud

1980 1110 2227 1159 vestram
2258 1103 2673 1157 beatitudinem
2711 1102 2918 1171 dignus
2949 1103 3180 1156 effectus
3228 1108 3311 1156 est
3350 1105 3677 1174 apostolica

1982 1194 2102 1246 sedi
2150 1198 2347 1247 vestra
2397 1190 2819 1245 communicare
2873 1191 3189 1245 nobiscum.
3242 1192 3349 1246 Sed
3405 1194 3541 1263 quia
3586 1210 3677 1248 re-

1983 1287 2151 1352 pente
2180 1282 2280 1353 qui
2311 1287 2647 1335 cunctorum
2683 1280 2894 1333 retinet
2924 1285 3261 1350 potestatem
3317 1282 3471 1335 hunc
3519 1284 3587 1337 ad
3619 1300 3678 1337 se

1982 1371 2275 1436 evocavit;
2308 1387 2409 1423 nos
2439 1368 2823 1423 irret‘renabili
2874 1368 3011 1422 ﬂetu
3048 1369 3267 1423 detenti
3314 1370 3679 1439 pervenimus

1980 1462 2174 1513 tamen
2230 1460 2298 1512 ad
2348 1458 2613 1528 patriam,
2682 1458 2842 1511 nullo
2898 1458 3069 1512 modo
3127 1474 3384 1513 errorem
3444 1465 3681 1531 propter

1982 1548 2083 1600 Dei
2138 1547 2384 1617 gratiam
2434 1546 2798 1613 sustinentes,
2851 1547 2951 1601 sed
2988 1547 3201 1617 ubique
3241 1554 3427 1602 vestra
3454 1549 3679 1603 decreta

1983 1641 2283 1690 sectantes.

2056 1742 2348 1796 Flentibus
2406 1746 2597 1795 autem
2641 1740 2807 1794 nobis
2850 1746 3021 1811 atque
3074 1742 3521 1796 lamentantibus
3549 1759 3679 1799 cum

1986 1831 2075 1884 his
2106 1832 2205 1901 qui
2254 1830 2554 1884 nobiscum
2586 1830 2783 1883 reiecti
2812 1836 2943 1883 sunt
2977 1831 3036 1883 in
3076 1831 3325 1900 paracia
3370 1832 3681 1885 commini-

1986 1920 2136 1985 stris,
2190 1920 2317 1989 quis
2388 1919 2566 1989 possit
2613 1920 2682 1972 de
2732 1918 3058 1972 orthodoxis
3110 1926 3259 1973 recte
3314 1920 3521 1974 Christi
3548 1937 3681 1975 oves

1985 2008 2338 2078 transigere;
2390 2009 2489 2079 qui
2537 2008 2863 2061 consolatur
2906 2007 3173 2071 humiles,
3221 2010 3543 2063 consolatus
3596 2013 3681 2064 est

1985 2096 2159 2149 etiam
2196 2112 2299 2149 nos
2337 2112 2439 2165 per
2482 2102 2696 2149 vestras
2750 2095 3057 2163 orationes,
3104 2096 3501 2149 demonstrans
3554 2112 3679 2151 me-

1984 2184 2351 2254 tropolitana
2400 2184 2611 2237 civitati
2640 2183 2700 2236 in
2758 2184 2978 2236 cunctis
3035 2184 3457 2238 sanctissimum
3506 2187 3679 2239 Joan-

1984 2286 2138 2333 nem,
2174 2273 2329 2342 quia
2360 2272 2609 2340 pueritia
2633 2272 2693 2324 in
2745 2272 2988 2325 Ecclesia
3039 2272 3159 2325 sine
3208 2274 3376 2343 culpa
3425 2273 3678 2328 nutritus

1985 2360 2101 2414 imo
2133 2361 2498 2414 laudabiliter
2527 2362 2584 2413 in
2618 2377 2684 2415 ea
2715 2361 2927 2430 degens
2954 2381 2969 2427 ;
3013 2361 3095 2415 ita
3139 2366 3202 2415 ut
3242 2377 3429 2432 neque
3456 2379 3586 2417 eum
3617 2362 3681 2417 in

1983 2449 2073 2503 his
2104 2451 2407 2520 quisquam
2429 2450 2786 2520 temporibus
2808 2451 3111 2503 antecellat
3135 2467 3147 2517 ;
3176 2452 3295 2504 zelo
3319 2458 3510 2505 autem
3532 2452 3682 2506 circa

1984 2539 2323 2605 orthodoxa,
2376 2540 2540 2607 juxta
2584 2538 2925 2609 apostolicas
2973 2540 3397 2593 admonitiones
3444 2544 3678 2609 vestras,

1983 2628 2129 2682 nulli
2160 2627 2397 2681 omnino
2430 2628 2655 2681 cedens.
2703 2630 2863 2681 Hunc
2894 2644 3029 2697 ergo
3062 2628 3164 2682 Dei
3208 2630 3565 2699 providentia
3593 2646 3682 2685 or-

1984 2716 2306 2771 dinavimus
2360 2718 2665 2786 prasulem
2715 2717 3246 2786 Nicopolitanorum
3308 2720 3679 2775 sanctissima

1986 2806 2285 2861 Ecclesia:
2318 2810 2373 2858 et
2422 2821 2692 2875 rogamus
2720 2810 2780 2858 ut
2823 2806 2988 2875 juxta
3033 2807 3334 2876 antiquam
3381 2812 3681 2863 consuetu-

1985 2891 2177 2945 dinem
2208 2890 2360 2943 hunc
2406 2906 2638 2960 quoque
2673 2890 3140 2960 complectamini
3172 2892 3423 2960 paternis
3454 2892 3677 2947 visceri-

1982 2979 2091 3034 bus
2111 2980 2335 3045 vestris,
2370 2979 2648 3048 nobisque
2682 2985 2777 3032 aut
2806 2979 2933 3048 ipsi,
2981 2979 3081 3045 Dei
3115 2982 3318 3047 gratia,
3351 2980 3679 3035 efﬁciamini

1918 3094 1957 3148 ρ
1984 3085 2145 3123 arma
2176 3068 2648 3139 inexpugnabilia
2679 3068 3226 3121 commonitionibus
3268 3070 3464 3123 vestris
3501 3074 3674 3140 atque

1986 3158 2291 3213 doctrinis:
2327 3163 2381 3211 et
2428 3157 2867 3227 deprecantibus
2912 3156 3077 3210 nobis
3124 3156 3410 3211 inclinetis
3454 3174 3675 3227 aurem,

1986 3250 2042 3301 et
2070 3246 2343 3316 pietatem
2402 3246 2717 3299 concordia
2768 3246 3086 3315 reperietis,
3124 3247 3287 3316 juxta
3340 3246 3680 3317 inspiratam

1985 3334 2145 3389 vobis
2175 3334 2446 3388 divinitus
2477 3334 2849 3404 apostolicam
2876 3334 3317 3404 providentiam,
3347 3341 3407 3389 ut
3436 3336 3495 3389 in
3519 3353 3675 3406 pace,

1987 3440 2117 3493 qua
2182 3429 2266 3477 est
2313 3424 2365 3477 ei
2397 3424 2679 3490 amabilis,
2742 3429 2960 3477 cuncta
3013 3424 3384 3478 sanctissima
3415 3425 3681 3479 Ecclesia

1987 3518 2264 3583 cooptata
2301 3512 2835 3566 immarcescibilem
2868 3512 3020 3566 vobis
3060 3529 3328 3566 coronam
3364 3519 3677 3584 nectentes,

1986 3601 2047 3655 in
2078 3602 2233 3655 omni
2260 3602 2467 3672 pietate
2512 3607 2681 3672 atque
2712 3602 3037 3656 humilitate
3073 3602 3591 3671 comprehendatur
3619 3603 3679 3657 in

1989 3692 2232 3745 Christo.
2275 3692 2669 3744 Venerabilem
2703 3708 2832 3743 vero
2872 3691 3179 3745 diaconum
3208 3692 3500 3759 Ruﬁnum,
3547 3708 3679 3761 pro-

1986 3784 2114 3852 pter
2143 3780 2288 3832 hanc
2318 3784 2433 3833 tam
2482 3780 2862 3833 necessariam
2893 3796 3121 3833 causam
3154 3779 3456 3845 directum,
3492 3780 3680 3834 liben-

1987 3874 2074 3923 ter
2120 3868 2302 3937 rogati
2362 3870 2640 3937 respicite,
2702 3872 2757 3921 et
2813 3868 2883 3921 ad
2952 3885 3055 3921 nos
3087 3869 3191 3921 sub
3248 3869 3546 3923 velocitate
3588 3885 3679 3923 re-

1988 3957 2193 4011 mittite
2242 3962 2569 4027 portantem
2628 3957 2913 4011 doctrinas
2943 3963 3158 4011 vestras
3205 3959 3557 4028 apostolicas.
3609 3962 3682 4014 Et

1986 4046 2110 4102 alia
2134 4062 2349 4099 manu:
2410 4046 2765 4099 Incolumem
2821 4062 2911 4098 me
2947 4061 3066 4113 ora,
3130 4046 3487 4101 sanctissime
3517 4051 3682 4117 pater

1985 4141 2237 4206 patrum.

2056 4240 2080 4268 ιι
2120 4225 2236 4294 Ego
2256 4224 2505 4277 Joannes
2534 4222 2831 4293 episcopus
2861 4238 3057 4275 rursus
3080 4221 3249 4275 retuli
3274 4238 3288 4276 :
3323 4222 3681 4277 Incolumem

1987 4330 2078 4368 me
2105 4330 2203 4367 ora
2236 4314 2295 4367 in
2356 4312 2615 4378 Domino,
2654 4310 3002 4365 sanctissime
3034 4327 3097 4365 ac
3152 4311 3477 4365 beatissime
3516 4316 3683 4381 pater

1919 4450 1962 4503 Β
1989 4408 2239 4474 patrum.

2060 4535 2173 4603 Ego
2203 4533 2498 4587 Matthmus
2530 4532 2832 4602 episcopus
2865 4530 3082 4586 Butroti
3118 4531 3307 4586 retuli.

2061 4624 2176 4693 Ego
2233 4622 2637 4677 Constantinus
2676 4621 2972 4693 episcopus
3030 4621 3500 4692 Hacnanopoleos
3544 4622 3681 4691 (Ha-

1988 4712 2405 4781 drianopoleos)
2439 4712 2646 4765 retuli:
2683 4711 3034 4763 Incolumem
3069 4710 3126 4763 in
3158 4710 3399 4763 Domino
3432 4726 3521 4764 me
3559 4726 3679 4779 ora,

1990 4800 2341 4855 sanctissime
2373 4817 2435 4853 ac
2468 4800 2793 4854 beatissime
2814 4804 2974 4869 pater
3004 4804 3253 4869 patrum.

2061 4926 2178 4995 Ego
2228 4924 2631 4979 Christodorus
2678 4922 3166 4994 (Christophorus)
3221 4922 3522 4995 episcopus
3566 4926 3678 4978 An-

1990 5014 2233 5069 chiasmi
2258 5013 2448 5066 retuli.

2063 5106 2176 5173 Ego
2206 5102 2452 5157 Hilarius
2482 5101 2784 5171 episcopus
2815 5101 3072 5155 Photices
3101 5102 3291 5155 retuli.

2062 5193 2177 5262 Ego
2212 5190 2506 5259 Philippus
2546 5190 2843 5260 episcopus
2877 5191 3171 5244 Phoenices
3204 5190 3394 5244 retuli.

2064 5282 2179 5350 Ego
2210 5280 2470 5333 Julianus
2493 5279 2791 5349 episc0pus
2826 5279 3086 5333 Dodones
3118 5279 3306 5333 retuli.

2068 5371 2181 5439 Ego
2211 5368 2560 5439 Chrysippus
2599 5369 2897 5439 episcopus
2931 5368 3169 5438 Congra
3208 5366 3396 5421 retuli.

256 5642 281 5671 ι
317 5628 531 5682 Eadem
571 5625 667 5679 hic
710 5624 945 5680 nomina
975 5624 1198 5681 sedium
1228 5628 1398 5695 atque
1466 5622 1523 5677 in
1556 5622 1794 5693 epistola
1860 5622 1946 5688 59,
1990 5622 2019 5675 3
2060 5622 2206 5691 part.
2258 5617 2471 5674 Concil.
2506 5617 2789 5686 Chalced.,
2843 5615 2994 5671 unde
3049 5613 3326 5669 nonnulla
3357 5613 3679 5670 emendavi-

190 5714 336 5755 mus.
372 5700 730 5755 Haanumcs.
1060 5726 1063 5731 ι
