4038 6170
382 253 477 304 391

974 382 1307 437 EPISTOLA
1340 382 1480 435 Vlll.

737 523 815 561 AD
859 520 1156 560 SYNODUM
1202 518 1376 559 EPIRI
1422 517 1719 558 VETERIS.

381 632 714 704 Eutychetis
725 647 980 704 errorum
995 631 1307 704 sectatores
1319 628 1562 685 damnat
1575 646 1594 704 _:
1610 627 1903 704 episcopos
1916 628 2078 698 Epiri

445 699 675 773 veteris,
696 708 756 756 ut
767 700 1100 757 nominatim
1114 699 1404 755 hereticos
1418 701 1928 768 anathematizent,
1955 704 2078 754 hor-

451 779 627 829 tatur.

451 898 751 955 Hormisda
781 896 998 967 synodo
1035 896 1188 966 Epiri
1212 896 1438 950 veteris.

446 1005 781 1060 Benedictus
818 1005 964 1058 Deus
994 1003 1251 1057 Ecclesia:
1282 1018 1398 1056 suae
1431 1002 1690 1056 membra
1720 1003 2067 1058 consocians.

374 1096 709 1152 Benedictus
744 1097 909 1161 Deus,
945 1093 1044 1163 qui
1083 1094 1335 1161 maligno
1364 1092 1671 1161 instigante
1702 1091 1929 1159 divisos,
1964 1092 2069 1146 sub

373 1186 575 1240 eadem
606 1202 720 1257 qua
750 1185 882 1238 olim
916 1182 1167 1248 fuerunt,
1200 1181 1335 1235 facit
1382 1180 1668 1233 soliditate
1710 1182 2065 1251 conjunctos.

373 1276 489 1332 Etsi
522 1277 676 1330 enim
709 1276 801 1329 diu
838 1272 1079 1344 perdicis
1111 1271 1281 1324 modo
1324 1270 1654 1324 vociferavit
1683 1269 1971 1335 inimicus,
2015 1274 2072 1323 et

372 1382 467 1420 eos
498 1381 641 1436 quos
672 1380 787 1417 non
844 1360 1062 1432 genuit,
1094 1360 1239 1413 sicut
1285 1358 1527 1412 asseruit
1556 1358 1861 1427 propheta,
1902 1358 2071 1413 colle-

371 1456 455 1525 git
485 1471 498 1507 :
531 1459 725 1507 tamen
758 1451 1020 1522 abyssina
1050 1447 1420 1519 ambiguitate
1471 1448 1838 1501 desolabitur.
1874 1448 2068 1518 Neque

371 1543 525 1597 enim
557 1557 687 1596 oves
714 1539 1018 1595 dominicas
1047 1542 1368 1609 sequuntur
1401 1536 1674 1601 alienum,
1707 1541 1805 1589 aut
1835 1536 2069 1590 alterius

370 1647 567 1685 vocem
596 1628 836 1701 pastoris
894 1627 1224 1681 exaudiunt.
1261 1626 1416 1679 Unde
1476 1641 1580 1678 nec
1624 1641 1723 1677 vos
1752 1624 1823 1677 ad
1868 1624 2066 1677 salutis

368 1719 479 1773 iter
506 1719 743 1773 rediisse
775 1718 1075 1784 miramur,
1110 1732 1239 1770 cum
1263 1715 1594 1769 tarditatem
1643 1714 1824 1784 magis
1856 1714 1915 1766 in
1960 1714 2065 1767 hac

369 1809 865 1879 redintegratione
896 1808 1212 1878 culpemus.
1268 1806 1570 1872 Debemus,
1628 1804 1907 1859 carissimi
1952 1805 2065 1859 fra-

368 1903 507 1967 tres,
542 1897 866 1953 domesticis
897 1896 979 1949 uti
1010 1897 1079 1949 ad
1112 1897 1257 1949 hanc
1289 1912 1458 1966 quam
1492 1894 1807 1965 quaerimus
1854 1894 2066 1947 stabili-

368 1992 547 2042 tatem
581 1987 972 2046 documentis:
1021 1986 1305 2056 siquidem
1354 1989 1487 2038 tunc
1516 1983 1848 2038 Timotheus
1897 1982 2067 2038 Cher-

317 2100 323 2107 ·
368 2077 627 2131 sonensis
659 2077 847 2148 gravis
878 2092 1007 2129 cum
1061 2076 1321 2140 disceret,
1370 2073 1598 2144 gravior
1650 2088 1781 2126 cum
1812 2072 2062 2125 doceret.

369 2168 509 2220 Nam
567 2166 823 2221 Dioscori
876 2169 1141 2230 sectator,
1172 2168 1226 2218 et
1283 2164 1434 2217 idem
1494 2162 1647 2216 Petri
1688 2161 2066 2215 nihilominus

364 2256 674 2323 institutor,
724 2256 994 2309 adversus
1038 2254 1218 2307 beata
1276 2251 1689 2306 recordationis
1738 2250 2061 2304 Proterium

366 2345 640 2399 saevitiam
682 2361 801 2398 suae
857 2343 1197 2397 temeritatis
1255 2341 1493 2405 exeruit,
1552 2344 1606 2393 et
1652 2340 1828 2393 totius
1884 2339 2062 2392 ﬁnem

364 2434 714 2488 crudelitatis
746 2433 1002 2494 excessit,
1036 2430 1286 2500 religiosi
1345 2428 1449 2482 viri
1483 2428 1699 2481 czedem
1738 2427 1891 2480 inter
1936 2427 2062 2497 ipsa

364 2528 632 2593 operatus
661 2522 881 2587 altaria,
916 2522 1003 2574 vix
1039 2520 1296 2573 faucibus
1332 2519 1449 2572 suis
1479 2518 1550 2570 ab
1582 2517 1679 2570 illo
1711 2516 1806 2586 pio
1858 2531 2060 2569 cruore

365 2612 673 2682 suspensis.
741 2612 897 2664 Tunc
965 2609 1204 2663 excitata
1261 2607 1599 2660 universalis
1673 2605 1937 2669 Ecclesia,
1997 2605 2059 2658 in

364 2699 557 2752 odium
587 2698 908 2770 parricidae,
941 2703 1232 2751 auctorem
1266 2696 1534 2750 facinoris
1558 2695 1700 2749 tanti
1732 2711 1847 2748 non
1871 2695 2057 2748 solum

363 2789 789 2855 communione,
840 2802 1037 2841 verum
1100 2787 1271 2839 etiam
1303 2786 1428 2856 ipso
1468 2800 1699 2855 quoque
1734 2784 2056 2840 Christiano

363 2877 596 2931 nomine
647 2878 932 2947 spoliavit,
967 2879 1023 2929 et
1071 2875 1329 2929 omnium
1380 2879 1599 2929 mentes
1632 2890 1777 2927 nova
1808 2873 2052 2943 quadam

1814 250 2191 305 HOBMISDA‘I
2231 251 2431 305 ΡΑΡᾹΞ

2113 387 2157 438 Α
2189 379 2260 434 sit
2292 384 2598 451 utrumque
2647 382 2949 448 sententia,
3000 383 3208 437 horum
3263 384 3507 439 rlterum
3535 385 3582 439 si
3630 386 3758 457 quis
3792 404 3883 441 se-

3778 260 3881 311 39‘2

2189 476 2400 540 quatur
2428 477 2485 523 et
2541 471 2760 540 diligat,
2816 471 2966 525 dicat
3019 473 3228 543 aliquis
3285 476 3777 544 quemadmodum
3825 493 3885 532 se

2186 575 2253 612 ea
2312 560 2613 625 sententia,
2659 576 2787 630 quae
2846 562 3171 631 designatos
3228 562 3543 628 damnavit,
3582 566 3882 635 sexcipiat;

2186 664 2316 702 cum
2362 665 2476 714 eos,
2528 650 3189 721 quos-transgressionis
3240 657 3337 705 aut
3393 652 3702 723 impietatis
3753 670 3887 709 con-

2184 737 2364 790 nectit
2392 738 2710 807 aequalitas,
2746 738 2867 791 sine
2903 738 3077 792 dubio
3113 755 3292 793 unum
3325 756 3555 811 quoque
3586 743 3886 798 vinculum

2184 826 2573 879 damnationis
2624 827 2920 897 astringat.
2976 827 3310 881 Timotheus
3339 835 3393 883 et
3437 832 3637 883 Petrus
3668 833 3883 885 horum

2183 906 2472 987 sequaces,
2507 917 2768 970 homines
2789 922 2978 971 mente
3009 918 3282 987 corrupti,
3314 925 3370 972 et
3402 921 3575 988 pestis
3611 922 3882 990 quaedam

2180 1004 2432 1058 nominis
2460 1005 2787 1059 detestanda
2820 1006 3101 1071 catholici,
3134 1023 3379 1077 quorum
3407 1009 3880 1063 communionem

2178 1093 2237 1146 in
2268 1096 2434 1146 Petro
2486 1096 2815 1164 complexus
2858 1096 3115 1162 Aeacius,
3165 1096 3431 1149 similiter
3473 1098 3567 1166 (a1.
3596 1098 3876 1152 similem.

2180 1182 2376 1249 Hann.)
2409 1198 2636 1253 quoque
2672 1184 2881 1237 meruit
2909 1184 3099 1237 subire
3131 1184 3496 1253 sententiam,
3529 1187 3881 1255 quitantum

2181 1272 2396 1325 malum
2446 1272 2609 1341 quasi
2652 1273 2810 1342 parvi
2850 1273 3158 1340 aestimans,
3208 1278 3265 1327 et
3311 1275 3668 1343 propositum
3726 1292 3879 1329 nun-

2179 1377 2352 1431 quam
2384 1361 2451 1414 ad
2484 1361 2721 1415 meliora
2752 1366 3106 1427 convertens,
3142 1378 3214 1415 ne
3256 1362 3326 1415 ab
3367 1362 3477 1415 illis
3526 1362 3761 1433 quidem
3818 1381 3880 1418 se

2178 1465 2307 1520 qua:
2336 1450 2395 1503 in
2452 1450 2755 1504 Antiochia
2788 1450 3137 1504 detestamur
3168 1450 3479 1517 abstinuit;
3528 1452 3609 1504 ibi
3641 1468 3879 1523 quoque

2178 1539 2583 1608 transgressori
2636 1541 2800 1593 Petro
2851 1526 3258 1593 communibne
3308 1556 3597 1593 connexus
3629 1540 3689 1593 in
3721 1544 3878 1611 Apa-

2179 1643 2367 1680 meam
2423 1628 2799 1681 nihilominus
2875 1629 3155 1682 hostiliter
3214 1634 3508 1694 versatus,
3568 1629 3878 1683 Ecclesiam

2174 1716 2399 1786 Tyriam
2431 1732 2659 1787 quoque
2689 1732 2803 1770 non
2834 1733 2902 1770 ea
2946 1734 3060 1787 qua
3095 1717 3284 1770 decuit
3312 1717 3640 1787 integritate
3672 1716 3873 1788 dispo-

2176 1820 2337 1858 nens.
2394 1806 2629 1874 Propter
2686 1820 2835 1874 quaa,
2895 1804 3251 1858 dilectissimi
3303 1804 3528 1871 fratres,
3561 1805 3629 1859 ab
3665 1822 3873 1860 eorum

2175 1893 2547 1947 innodatione
2603 1894 2902 1957 solventes,
2961 1894 3114 1947 velut
3170 1894 3508 1964 religionem
3556 1895 3872 1964 quamdam

2174 1982 2504 2052 pestiferam
2538 1982 2946 2052 relinquentes,
2995 1998 3289 2036 servemus
3341 1983 3711 2051 apostolicam
3756 1984 3870 2037 dis-

2174 2071 2467 2140 ciplinam,
2524 2071 2691 2124 saluti
2771 2076 2983 2125 nostrae
3046 2072 3203 2124 omni
3251 2070 3549 2141 diligentia
3596 2077 3654 2125 et
3710 2072 3869 2126 solli-

2174 2158 2425 2213 citudine
2457 2158 2837 2229 providentes,
2878 2176 2944 2213 ca
2991 2176 3127 2213 cura
3156 2160 3387 2213 nefandi
3416 2160 3655 2213 Nestorii
3688 2161 3865 2214 decli-

2172 2264 2375 2303 nemus
2405 2264 2644 2311 errores,
2680 2265 2794 2319 qua
2828 2249 3151 2319 Eutychetis
3194 2249 3374 2319 impia
3399 2249 3631 2303 inventa
3662 2266 3868 2321 perse-

2173 2338 2423 2408 quimur.

2243 2428 2481 2481 Maxime
2514 2426 2667 2480 enim
2702 2442 2855 2479 nunc
2887 2426 3152 2496 religiosa
3183 2426 3319 2481 ﬁdei
3346 2426 3613 2497 dogmata
3643 2428 3865 2482 diverso

2170 2515 2400 2568 incursu
2454 2518 2662 2569 horum
2694 2516 2794 2585 qui
2842 2516 3103 2585 praedicti
3160 2522 3293 2569 sunt
3321 2516 3687 2569 incursantur
3717 2516 3867 2570 insi-

2169 2604 2298 2671 diis,
2356 2605 2606 2657 scelestis
2654 2621 2757 2673 pro
2812 2605 3032 2658 ratione
3066 2604 3342 2675 temporis
3390 2622 3491 2658 sua
3522 2612 3867 2673 argumenta

2167 2693 2549 2759 nectantibus,
2577 2693 2863 2763 quomodo
2897 2694 3118 2763 possint
3150 2695 3545 2747 innocentium
3575 2696 3679 2747 viis
3708 2696 3867 2748 frau-

2169 2782 2298 2835 dem
2330 2798 2447 2835 suae
2478 2781 2788 2852 impietatis
2819 2783 3088 2836 inserere.
3122 2787 3308 2853 Atque
3354 2783 3483 2837 ideo
3525 2782 3667 2836 sicut
3712 2783 3867 2837 docti

2168 2870 2503 2938 numularii,
2552 2877 2606 2923 ct
2642 2871 2953 2941 prudenter
3006 2872 3289 2938 instructi,
3347 2872 3415 2925 ab
3470 2872 3867 2941 improbandis

361 2965 742 3020 admiratione
782 2971 1130 3037 stupuerunt
1162 2969 1335 3019 tanta:
1387 2962 1858 3034 praesumptionis
1887 2962 2057 3015 auda—
2095 2988 2134 3043 C
2165 2960 2450 3013 laudanda
2507 2966 2855 3029 separantes,
2914 2960 3116 3013 talenti
3172 2960 3329 3014 vobis
3374 2961 3569 3014 crediti
3602 2962 3865 3030 poteritis

361 3055 526 3109 ciam.
554 3057 708 3110 Tunc
738 3056 936 3110 beatus
965 3054 1255 3125 Eugenius
1276 3053 1539 3125 parmciie
1560 3056 1761 3107 vestrae
1792 3051 2057 3106 obtinens

362 3144 768 3214 principatum,
801 3161 932 3198 cum
981 3145 1233 3213 subjecta
1282 3144 1389 3197 sibi
1436 3148 1629 3197 sancta
1675 3143 1915 3213 synodo,
1964 3158 2053 3195 ze-

360 3234 483 3288 lum
516 3234 844 3304 quemdam,
895 3232 1050 3303 quali
1109 3233 1221 3286 ﬁde
1271 3248 1412 3297 esse,
1480 3233 1592 3285 Deo
1624 3231 2055 3285 commendatus

363 3320 630 3374 ostendit.
660 3320 834 3390 Cujus
868 3320 949 3373 rei
984 3319 1321 3373 memoriam
1352 3336 1465 3373 non
1510 3319 1691 3373 solum
1726 3335 1837 3372 non
1869 3321 2057 3388 potest

361 3411 590 3480 tempus
621 3408 983 3473 abscondere,
1040 3425 1237 3462 verum
1289 3409 1461 3462 etiam
1508 3409 1576 3461 de
1634 3407 1723 3461 die
1783 3408 1843 3460 in
1903 3407 2054 3460 diem

364 3512 571 3567 magna
620 3496 767 3567 apud
824 3496 1167 3549 orthodoxos
1215 3496 1366 3548 fama
1432 3494 1794 3563 multiplicat.
1838 3495 2054 3548 Horum

362 3586 551 3639 studia
577 3585 653 3639 sic
682 3586 925 3657 probata
954 3585 1266 3655 negligere,
1303 3587 1358 3636 et
1378 3583 1686 3636 sententias
1719 3598 1832 3636 non
1856 3598 2049 3637 amare

361 3675 515 3729 idem
554 3680 638 3728 est
674 3674 732 3727 in
776 3673 899 3743 ipsa
942 3672 1168 3725 Domini
1218 3670 1399 3725 nostri
1451 3670 1803 3725 confessione
1864 3671 2054 3725 delin—

363 3780 558 3835 quere.
599 3765 668 3819 Et
695 3763 861 3816 nobis
909 3761 1144 3832 quidem
1196 3777 1345 3814 nunc
1367 3765 1494 3831 post
1545 3759 1956 3830 professionem
1988 3776 2053 3815 ac

362 3853 582 3907 litteras
611 3856 841 3917 vestras,
874 3849 1070 3904 omnia
1103 3850 1238 3903 ﬁdei
1272 3851 1559 3920 dogmata,
1596 3850 1709 3903 Deo
1739 3865 1868 3902 suos
1917 3866 2050 3903 con-

356 3942 657 4013 jungente,
692 3940 902 3994 similia
934 3939 1217 3993 orandum
1249 3946 1354 4001 est,
1390 3944 1453 3991 ut
1483 3938 1541 3991 in
1573 3955 1638 3991 ea
1670 3938 1933 3991 voluntas
1964 3953 2055 3992 ve-

362 4035 498 4098 stra,
529 4046 642 4101 qua
674 4034 896 4082 nostros
928 4028 1151 4081 animos
1182 4027 1470 4091 relevavit,
1520 4025 1877 4079 confessione
1915 4042 2052 4096 per-

363 4124 609 4173 maneat.
639 4118 745 4173 Sed
774 4133 918 4187 opus
950 4122 1035 4170 est
1065 4116 1205 4169 citra
1240 4119 1557 4185 respectum
1602 4114 1824 4167 timoris
1868 4114 2050 4167 insec-

360 4208 469 4262 tari
492 4224 693 4262 eorum
723 4207 941 4260 rabiem
974 4207 1070 4275 qui
1100 4205 1209 4258 ﬁde
1247 4204 1469 4258 diversa
1497 4203 1779 4257 nituntur.
1830 4203 2051 4266 Quanto

360 4297 516 4352 enim
542 4296 862 4350 inﬁdelium
921 4308 1081 4348 error
1110 4298 1398 4359 exaestuat,
1432 4296 1587 4345 tanto
1637 4292 1818 4362 magis
1865 4308 1943 4357 se,
1999 4290 2045 4344 si

360 4384 604 4452 resistat,
657 4386 927 4437 securitas
982 4386 1174 4435 nostra
1210 4379 1593 4434 commendat.
1658 4381 1851 4449 Neque
1891 4379 2045 4432 enim

359 4474 481 4527 haec
510 4479 639 4526 sunt
664 4488 765 4542 per
794 4471 1125 4542 patientiam
1158 4468 1535 4539 negligenda;
1574 4468 1803 4537 quando
1833 4470 2049 4522 malum

362 4562 465 4615 hoc
498 4561 634 4614 vitio
664 4577 853 4630 prava:
870 4558 1298 4613 consuetudinis
1330 4557 1646 4610 animatum
1678 4556 1830 4625 apud
1857 4557 2049 4626 plures

361 4650 464 4703 sub
496 4650 741 4720 quodam
774 4650 961 4702 colore
992 4648 1133 4718 legis
1163 4645 1415 4710 inolevit,
1452 4646 1584 4698 dum
1615 4651 1711 4698 aut
1738 4662 1910 4715 prava
1936 4650 2051 4698 stu-

362 4739 454 4792 dia
487 4739 545 4791 in
569 4753 747 4791 unum
776 4740 1117 4806 congruunt,
1142 4739 1240 4788 aut
1266 4739 1415 4787 recta
1443 4749 1500 4786 se
1524 4732 1886 4786 subtrahunt.
1908 4734 2049 4786 Nam

360 4830 424 4881 ut
450 4842 575 4880 eam
608 4842 735 4896 qum
765 4826 1031 4879 imminet
1060 4840 1179 4877 rem
1211 4824 1532 4893 loquamur,
1551 4822 1831 4892 Eutyches
1860 4826 1924 4875 ut
1945 4837 2045 4876 ne-

360 4916 545 4969 fandas
579 4916 813 4969 hairesis
844 4914 1109 4967 inventor
1161 4912 1483 4966 excluditur
1540 4911 1711 4964 etiam
1772 4910 1840 4964 ab
1888 4910 1975 4963 his
2016 4927 2049 4964 a

360 5004 570 5076 quibus
600 5005 722 5074 ejus
752 5004 1020 5073 dogmata
1054 5003 1393 5071 diliguntur,
1443 5000 1592 5070 apud
1624 5016 1718 5054 eos
1768 5000 1925 5069 ipsos
1972 5000 2049 5053 ita

361 5109 561 5147 exosus
615 5098 783 5163 atque
816 5090 1139 5161 fugiendus,
1175 5094 1236 5142 ut
1286 5089 1538 5143 nominis
1590 5104 1822 5158 quoque
1866 5088 2047 5157 ipsius

361 5182 587 5236 oderint
626 5180 999 5234 mentionem.
1033 5178 1139 5233 Sed
1172 5177 1421 5247 perversi
1454 5176 1854 5246 religiosarum
1878 5175 2046 5229 insti-

361 5272 649 5325 tutionum
694 5268 963 5333 ministri,
1015 5281 1187 5336 quem
1245 5265 1391 5318 sicut
1445 5279 1643 5317 verum
1697 5263 2049 5315 detestantur

362 5361 714 5423 haereticum,
746 5359 897 5412 hunc
926 5356 1039 5410 alia
1070 5355 1160 5407 via
1191 5358 1467 5423 tanquam
1498 5368 1691 5405 verum
1723 5352 2047 5422 amplexan-

358 5456 451 5501 tur
489 5448 895 5502 orthodoxum.
929 5444 1222 5514 Siquidem
1272 5442 1333 5495 in
1381 5448 1574 5494 sancta
1598 5440 2049 5495 Chalcedonensi

359 5538 575 5608 synodo
608 5537 907 5590 Dioscorus
938 5534 1137 5587 eadem
1170 5531 1417 5585 sentiens
1449 5530 1571 5600 pari
1613 5530 1835 5583 ratione
1882 5529 2047 5582 dam-

359 5631 526 5681 natus
560 5630 643 5681 est
666 5642 678 5680 :
704 5630 759 5679 et
791 5640 921 5679 cum
956 5637 1068 5677 una
1083 5620 1483 5693 persecuta(al.
1499 5622 1825 5691 pros-ecula.
1848 5618 2051 5690 Hann.)

2163 3047 2547 3118 multiplicare
2579 3049 2974 3102 substantiam.
3028 3050 3175 3116 Haec,
3232 3049 3584 3103 dilectissimi
3624 3050 3848 3117 fratres,

2163 3138 2494 3207 scripsimus
2524 3138 2708 3207 plenas
2756 3138 3005 3192 caritatis
3038 3138 3312 3209 impulsu,
3358 3139 3489 3209 quia
3521 3155 3684 3208 spem
3717 3140 3850 3194 ﬁdei

2164 3232 2363 3281 vestras
2414 3226 2665 3297 primum
2704 3226 2798 3280 Dei
2860 3227 3031 3293 dono,
3065 3227 3270 3281 deinde
3328 3233 3383 3280 et
3434 3228 3628 3281 fratris
3678 3230 3856 3283 nostri

2162 3316 2416 3383 Joannis,
2451 3316 2548 3386 qui
2581 3316 2737 3369 vobis
2768 3316 3051 3386 praesidet,
3088 3316 3436 3387 professione
3480 3320 3860 3388 praesumpsi-

2164 3420 2292 3458 mus
2321 3422 2334 3471 ;
2361 3422 2475 3476 qua
2506 3405 2847 3459 nominatim
2889 3422 3111 3472 omnes,
3153 3422 3293 3477 quos
3322 3407 3631 3476 apostolica
3670 3424 3734 3461 ac
3762 3423 3860 3477 ge-

2165 3495 2377 3548 neralis
2408 3494 2818 3547 catholicorum
2836 3495 3179 3549 condemnat
3198 3496 3458 3562 Ecclesia,
3483 3497 3858 3551 exsecrabiles

2163 3584 2270 3636 sibi
2292 3599 2411 3637 esse
2441 3583 2782 3649 declaravit;
2828 3600 2969 3653 quos
3028 3600 3125 3637 vos
3158 3600 3389 3655 quoque
3418 3585 3478 3638 in
3527 3585 3732 3640 litteris
3766 3602 3859 3639 ve-

2163 3672 2293 3725 stris
2314 3672 2569 3741 oportuit
2600 3671 2892 3724 evidenter
2908 3671 3245 3741 exprimere,
3280 3689 3382 3725 nec
3402 3672 3669 3726 arbitrari
3693 3691 3859 3743 posse

2163 3761 2421 3814 sufﬁcere
2454 3760 2584 3826 sibi,
2643 3761 2817 3814 tantis
2848 3761 3166 3831 praesertim
3222 3762 3442 3816 insidiis
3499 3764 3857 3831 callidorum,

2163 3866 2307 3921 quos
2366 3849 2579 3902 viritim
2631 3855 2686 3903 et
2741 3850 2998 3919 singulos
3051 3850 3319 3905 insectari
3346 3852 3627 3919 convenit,
3690 3858 3860 3923 atque

2163 3938 2461 4004 damnare,
2494 3938 2598 3991 sub
2630 3938 2879 4007 quadam
2921 3955 3013 3991 eos
3043 3939 3295 4008 generali
3324 3939 3693 3993 damnatione
3722 3956 3858 3994 con-

2162 4026 2416 4082 cludere.
2451 4026 2795 4095 Diligentem
2833 4033 3103 4096 quaerunt
3130 4029 3366 4082 vulnera
3404 4035 3644 4099 antiqua
3672 4030 3857 4083 medi-

2161 4113 2379 4179 cinam;
2425 4128 2526 4166 nec
2558 4113 2855 4166 abundans
2882 4130 3002 4167 esse
3034 4115 3285 4167 creditur
3316 4115 3596 4186 quidquid
3639 4132 3745 4185 pro
3770 4117 3855 4170 in-

2159 4202 2423 4271 tegritate
2451 4202 2585 4255 ﬁdei
2614 4207 2668 4255 et
2689 4202 2995 4255 stabilitate
3027 4203 3319 4272 religionis
3342 4204 3665 4258 adhibetur.
3697 4206 3852 4259 Unde

2162 4290 2417 4344 libellum
2448 4307 2574 4344 cum
2610 4291 2811 4345 litteris
2839 4291 3116 4358 misimus,
3151 4292 3241 4345 cui
3280 4308 3376 4345 vos
3403 4293 3851 4363 subscriptiones

2160 4380 2423 4449 proprias
2455 4380 2708 4443 inserite,
2744 4386 2808 4434 ut
2836 4380 2975 4434 ﬁdes
3016 4387 3223 4449 vestra,
3282 4398 3453 4450 quam
3486 4382 3703 4435 directa
3750 4399 3851 4453 per

2160 4468 2433 4523 Ruﬁnum
2475 4469 2772 4523 disconum
2821 4470 3029 4539 scripta
3062 4475 3360 4538 testantur,
3407 4472 3558 4539 apud
3618 4488 3726 4524 nos
3755 4472 3853 4526 ﬁat

2157 4556 2330 4626 hujus
2381 4573 2609 4627 quoque
2669 4557 3025 4626 repetitionis
3077 4558 3395 4626 adjectione
3470 4558 3847 4614 manifestior.

2160 4646 2285 4699 Dat.
2318 4662 2417 4699 xui
2468 4646 2572 4699 cal.
2632 4646 2761 4699 Dec.
2819 4646 2993 4715 (anno
3042 4646 3274 4701 Domini
3335 4648 3455 4715 516)
3512 4649 3677 4702 Petro
3714 4667 3765 4702 γ.
3801 4666 3849 4704 c.

2158 4736 2409 4789 consule.

2781 4859 3109 4914 EPISTULA
3148 4861 3231 4914 1X.

2284 4980 2360 5018 AD
2404 4979 2699 5019 JOANNEM
2749 4980 3279 5022 NICOPOLITANUM
3329 4983 3713 5025 EPISCOPUSI.

2157 5074 2311 5151 Cum.
2326 5088 2435 5151 per
2463 5070 2694 5151 liae-ras
2712 5070 2873 5142 Epiri
2901 5073 3106 5151 veteris
3119 5073 3377 5151 episcopi
3388 5076 3729 5151 nominatim
3750 5080 3855 5133 h2-

2226 5143 2431 5195 reliccs
2442 5160 2553 5195 non
2573 5143 2963 5212 damnassent,
2978 5145 3226 5198 millilur
3241 5146 3490 5213 libellus,
3509 5148 3598 5204 cui
3612 5149 3855 5204 debeant

2225 5213 2598 5268 subscribere.

2230 5338 2525 5393 Hormisda
2566 5338 2774 5393 Joauni
2824 5337 3087 5409 episcopo
3144 5341 3538 5413 Nicopolitano
3580 5361 3685 5416 per
3738 5348 3853 5401 Pu-

2157 5427 2388 5480 lionem.

2230 5530 2568 5584 Litterarum
2601 5548 2741 5601 quas
2770 5533 3026 5588 direxisti
3052 5537 3250 5604 series,
3316 5544 3372 5593 et
3412 5541 3690 5610 expositio
3736 5548 3848 5596 tuo:

2158 5618 2293 5673 ﬁdei
2340 5620 2684 5674 conveniens
2735 5622 2883 5677 sedis
2938 5626 3266 5695 apostolicae
3310 5628 3564 5698 judiciis,
3619 5637 3847 5686 nostros
