4038 6170
142 274 231 328 393
1433 265 1786 321 EPISTOLAE

2001 266 2265 321 ECRETA
2279 304 2293 319 .
3508 266 3615 321 394

140 409 340 461 animos
383 404 665 459 relevavit.
708 404 812 457 Tot
844 402 1063 456 incitati
1102 402 1325 472 gaudiis
1372 402 1622 457 contenti
1682 417 1796 456 non
1835 405 1880 457 A
1911 400 2120 456 tientes
2156 400 2278 455 sedi
2325 399 2675 471 apostolicae,
2735 415 2933 454 eorum
2987 400 3226 455 nomina
3254 400 3405 455 inter
3456 416 3615 456 sacra

141 497 350 559 fuimus,
384 494 492 547 nisi
530 509 630 563 per
660 492 957 546 Pulionem
982 492 1345 559 (Polionem),
1388 492 1807 546 subdiaconum
1913 506 2033 545 non
2064 506 2185 545 esse
2211 490 2505 545 recitanda
2537 490 2828 561 mysteria,
2882 491 3034 545 Hanc
3074 496 3267 546 autem
3296 492 3608 561 professio-

143 583 379 637 Ecclesiae
422 584 712 645 Romanze,
766 581 902 650 quid
952 581 1176 650 plenius
1213 581 1359 633 circa
1390 598 1487 633 vos
1543 585 1808 649 ageretur
1917 596 2049 634 nem
2076 596 2449 634 meammanu
2465 580 2695 650 propria
2716 580 3046 649 subscripsi,
3076 587 3133 634 et
3158 580 3602 635 tibiliormisdee

140 684 453 738 cuperemns
478 684 807 737 agnoscere;
845 684 1189 737 magnopere
1222 670 1357 739 quia
1404 671 1462 723 in
1530 671 1807 723 relatione
1916 674 2109 722 sancto
2140 673 2196 723 et
2228 668 2541 723 venerabili
2571 684 2736 739 papae
2787 669 2944 721 urbis
2990 670 3183 724 Romae
3212 670 3417 725 obtuli.
3471 672 3612 725 Data

141 757 539 825 episcoporuml
570 756 674 809 sub
720 756 1081 809 ordinatione
1121 757 1370 809 caritatis
1428 762 1538 810 tuae
1596 758 1807 825 degen-
1914 773 1987 811 xv
2007 758 2110 811 cal.
2143 757 2354 828 Aprilis
2387 760 2554 823 (anno
2596 756 2825 811 Domini
2866 756 3012 827 517),
3065 758 3306 829 Agapito
3350 759 3472 814 viro
3504 760 3614 814 cla-

143 846 289 910 tium,
319 860 434 897 non
459 844 719 897 universa
767 860 895 914 qua:
955 844 1026 897 ad
1078 844 1459 897 ecclesiastica
1502 844 1810 897 constituta
1918 847 2142 901 rissimo
2176 846 2427 901 consule.

144 936 425 1003 pertinent,
450 934 610 999 {sicut
670 934 730 986 in
778 938 981 999 vestra,
1047 934 1316 1002 leguntur
1364 933 1659 987 evidenter
1715 948 1810 986 ex-
2584 933 2953 989 INDICULUS

142 1039 326 1093 pressa.
364 1024 520 1077 Unde
548 1030 603 1076 et
634 1038 739 1092 pro
780 1027 971 1075 nostra
1004 1022 1410 1088 sollicitudine,
1469 1027 1527 1076 et
1578 1022 1810 1076 illorum
2257 1039 2374 1079 pan
2422 1038 2753 1079 rumorum
2804 1038 3287 1083 sueuucoxuu.

146 1116 337 1181 integra
364 1112 662 1165 nobiscum
681 1111 1107 1180 conjunctione,
1139 1120 1163 1145 δ
1190 1112 1449 1165 libellum
1475 1112 1807 1176 direximus,

146 1204 190 1254 iu
218 1218 318 1271 quo
349 1218 446 1254 eos
463 1206 692 1269 oportet
722 1202 928 1253 debere
959 1200 1332 1265 subscribere,
1355 1202 1582 1269 quia.et
1612 1217 1811 1253 omnes

146 1290 428 1343 sacerdotes
460 1295 781 1343 vestrarum
827 1289 1103 1359 partium,
1139 1290 1239 1359 qui
1278 1290 1349 1343 ad
1383 1290 1531 1343 sedis
1585 1295 1809 1359 aposto-

145 1380 243 1432 licae
270 1379 734 1431 communionem
766 1379 976 1432 reversi
1033 1383 1183 1441 sunt,
1220 1378 1281 1431 in
1341 1378 1541 1433 eadem
1590 1377 1812 1447 profes-

145 1468 278 1519 sione
306 1466 787 1536 subscripserunt.
818 1467 927 1520 Ista
958 1467 1179 1531 caritas,
1213 1467 1321 1521 ista
1351 1458 1676 1521 communis
1719 1482 1814 1519 sa-

148 1555 256 1607 lutis
287 1556 551 1609 excitavit
592 1554 853 1620 ambitio,
902 1555 1055 1625 quod
1111 1556 1278 1610 credo
1307 1561 1363 1610 et
1401 1556 1814 1609 fraternitatem

146 1648 359 1696 vestram
392 1648 692 1712 gratanter
727 1642 1005 1712 accipere,
1048 1644 1183 1714 quia
1239 1644 1336 1697 ubi
1369 1644 1437 1698 de
1492 1645 1816 1698 animarum

148 1733 300 1785 salute
328 1748 414 1785 res
465 1732 681 1799 agitur,
740 1732 913 1786 studii
969 1733 1053 1786 tui
1108 1734 1194 1786 vel
1265 1732 1600 1787 intentionis
1644 1733 1814 1787 debes

149 1835 347 1889 operam
380 1822 777 1886 commodare,
816 1826 875 1874 ut
900 1822 1285 1875 antecedendo
1318 1822 1578 1891 ,fructum
1628 1822 1695 1876 de
1721 1823 1817 1875 tali

147 1910 297 1978 possis
320 1911 487 1963 laude
528 1910 842 1980 percipere.
867 1910 1165 1965 Pulionem
1184 1911 1525 1980 praedictum
1547 1926 1677 1964 cum
1722 1927 1817 1964 re-

148 1998 338 2066 scriptis
369 2000 633 2053 caritatis
683 2004 883 2053 vestrm
939 2000 1008 2053 ad
1069 2016 1191 2067 nos,
1240 2000 1475 2069 juvante
1534 2001 1670 2066 Deo,
1713 2000 1818 2055 sub

147 2088 397 2141 celeritate
440 2086 745 2151 remittite,
815 2091 1095 2156 quatenus
1152 2086 1437 2140 desideria
1480 2091 1676 2141 nostra
1719 2087 1819 2143 diu

150 2191 388 2244 suspensa
437 2190 570 2229 esse
618 2190 733 2228 non
782 2175 1017 2245 possint.
1064 2176 1203 2229 Data
1248 2191 1347 2228 xui
1405 2176 1508 2230 cal.
1553 2175 1816 2231 Decemb.

148 2264 289 2329 {anno
338 2264 575 2319 Domini
637 2263 785 2333 516),
871 2264 1038 2317 Petro
1091 2262 1208 2317 viro
1283 2263 1603 2319 clarissimo
1684 2278 1818 2319 con-

151 2352 265 2406 sule.

2070 1130 2215 1196 Quid
2244 1130 2305 1185 in
2330 1130 2743 1201 Nicopolitana
2774 1129 3039 1185 Ecclesia
3060 1130 3137 1185 sit
3163 1131 3471 1202 agendum.

1990 1238 2131 1292 Cum
2168 1238 2264 1291 Dei
2296 1238 2579 1307 adjutorio
2614 1242 2666 1289 et
2686 1236 3040 1290 orationibus
3090 1241 3421 1292 sanctorum
3473 1255 3609 1309 apo-

1922 1326 2198 1380 stolorum
2224 1327 2371 1380 Petri
2405 1331 2459 1378 et
2496 1325 2653 1379 Pauli
2675 1324 2911 1378 veniens
2940 1325 3278 1394 Nicopolim,
3308 1326 3386 1380 sic
3440 1327 3609 1381 debes

1924 1430 2111 1485 agere,
2147 1419 2207 1469 ut
2239 1420 2541 1486 postquam
2573 1414 2876 1486 episcopus
2908 1414 3335 1485 Nicopolitanus
3392 1432 3618 1488 accepe-

1925 1504 2235 1559 ritlitteras
2269 1510 2510 1572 nostras,
2546 1504 2862 1574 episcopos,
2920 1520 3065 1573 quos
3103 1502 3164 1557 in
3224 1520 3326 1557 sua
3376 1505 3622 1575 parcecia

1924 1592 2114 1659 habet,
2144 1592 2474 1663 colligat,et
2510 1592 2678 1647 faciat
2730 1592 3085 1647 subscribere
3134 1592 3395 1647 libellum
3446 1609 3621 1665 quem

1856 1702 1894 1755 Β
1928 1680 1985 1734 in
2036 1680 2292 1751 epistolis
2333 1680 2449 1735 suis
2490 1680 2661 1736 habet
2708 1697 3015 1735 annexum.
3078 1680 3135 1735 Si
3192 1684 3387 1735 tamen
3416 1682 3624 1736 dixerit

1928 1769 2231 1840 praedictus
2252 1769 2553 1840 episcopus
2592 1786 2711 1824 esse
2743 1770 3095 1824 laboriosum
3122 1769 3419 1841 episcopos
3461 1770 3620 1825 colli-

1926 1875 2080 1929 gere,
2110 1858 2317 1929 dirigat
2338 1862 2525 1913 tecum
2554 1876 2828 1930 personas
2862 1876 2964 1931 per
2986 1859 3255 1930 Isingulos
3304 1859 3622 1932 episcopos,

1925 1953 1990 2003 ut
2012 1953 2064 2003 te
2095 1950 2377 2019 praesente
2419 1948 2781 2004 subscribant
2829 1949 3167 2020 praedictum
3216 1949 3498 2004 libellum.
3536 1949 3626 2005 Sic

1927 2042 2119 2092 tamen
2148 2054 2279 2092 cum
2306 2038 2407 2092 Dei
2435 2037 2827 2094 misericordia
2853 2038 3037 2093 facere
3061 2038 3252 2106 debes,
3284 2042 3345 2092 ut
3366 2038 3622 2110 epistolas

1929 2142 2057 2198 quae
2079 2126 2304 2184 anobis
2329 2127 2515 2181 missae
2548 2131 2680 2182 sunt
2709 2127 2936 2198 publice
2973 2128 3275 2197 legantur;
3316 2133 3416 2182 aut
3462 2128 3509 2182 si
3539 2126 3623 2181 vi-

1928 2214 2079 2270 deris
2108 2232 2226 2287 prie
2256 2215 2460 2271 timore
2501 2217 2609 2271 hoc
2651 2217 2945 2288 episcopos
2997 2217 3179 2271 facere
3214 2217 3385 2285 nolle,
3424 2217 3623 2271 saltem

1930 2305 2145 2360 clericis
2176 2305 2293 2360 suis
2333 2306 2456 2361 haec
2512 2306 2811 2377 relegant:
2868 2322 2997 2377 quae
3030 2310 3219 2360 tamen
3248 2306 3309 2361 in
3363 2306 3625 2377 ipsorum

712 2441 990 2495 REGULA
1031 2441 1209 2495 FIDE!
1930 2394 2153 2448 dimitte
2184 2399 2548 2465 potestatem,
2591 2401 2645 2449 et
2684 2394 2894 2465 scripta
2912 2395 3336 2466 episcoporum,
3384 2399 3441 2450 et
3471 2394 3624 2449 illius

1219 2483 1317 2555 έληε
1363 2529 1647 2555 “Md,”
1706 2532 1758 2555 ﬂ,
1791 2545 1817 2555 η
1932 2484 2207 2554 episc0pi,
2244 2484 2349 2538 hoc
2380 2489 2463 2539 est
2500 2484 2735 2540 Joannis
2769 2484 3216 2555 metropolitani,
3246 2485 3316 2539 ad
3348 2500 3452 2539 nos
3492 2502 3624 2540 cum

1932 2573 2035 2628 Dei
2066 2572 2460 2628 misericordia
2498 2578 2743 2645 reporta.
2804 2576 2940 2628 Post
2996 2573 3101 2628 hac
3165 2573 3379 2629 factum
3440 2575 3625 2629 nullas

1931 2677 2121 2717 moras
2170 2665 2225 2717 te
2274 2664 2534 2717 volumus
2582 2663 2795 2718 ibidem
2843 2662 3049 2730 facere,
3108 2666 3343 2732 propter
3391 2662 3628 2718 insidias

1934 2756 1989 2804 et
2011 2751 2352 2807 calliditates
2381 2751 2771 2807 inimicorum.
2798 2752 2913 2806 Per
2969 2752 3259 2808 Joannem
3323 2751 3627 2809 diaconum

1933 2857 2077 2909 ejus.

207 2530 378 2583 Prima
408 2530 571 2583 salus
602 2534 686 2583 est
706 2530 967 2599 regulam
993 2534 1159 2583 rectae
1187 2528 1323 2583 ﬁdei
1361 2529 1669 2597 custodire,
1704 2532 1761 2584 et
1788 2545 1823 2584 a

155 2620 440 2674 constitutis
471 2621 713 2673 Patrum
747 2619 1079 2683 nullatenus
1115 2618 1361 2672 deviare.
1399 2620 1463 2672 Et
1521 2619 1657 2688 quia
1704 2635 1823 2674 non

152 2714 306 2777 potest
338 2708 787 2775 Domininostri
819 2709 950 2761 Jesu
1011 2707 1217 2761 Christi
1276 2708 1639 2776 praetermitti
1696 2725 1823 2762 scn-

155 2798 297 2849 tentie
328 2797 576 2851 dicentis
602 2813 613 2850 :
646 2798 729 2849 Tu
756 2813 817 2849 es
850 2797 1078 2861 Petrus,
1105 2798 1159 2850 et
1188 2812 1358 2865 super
1394 2797 1545 2850 hanc
1598 2800 1824 2867 petram

154 2884 398 2953 aedificabo
424 2884 1284 2985 Declesianinmeam,etc.,_hznc
1315 2901 1443 2985 qua)
1491 2886 1666 2985 dicta.
1692 2890 1827 2985 sunt
1934 2884 2077 2909 V’m'
2617 2928 2957 2985 EPISTOLA

155 2990 312 3071 lenm]
345 2977 673 3044 prObantur
703 2974 1019 3037 eﬂ‘ecubus,
1054 2974 1189 3044 qnia
1329 2975 1482 3074 sede.
1513 2976 1823 3074 aPOStOlica
1861 3004 1900 3061 C
1938 3033 2115 3074 AVITI
2138 2974 3354 3074 EPISCOPIVIEN;C1;;;;ID.IIORMISDAM
3378 3034 3589 3074 PAPAM

156 3063 483 3118 immaculata
516 3069 614 3117 est
647 3079 871 3133 semper
904 3068 1121 3116 Servata
1150 3063 1371 3132 religio-
1419 3065 1504 3118 Ab
1552 3065 1656 3117 hac
1684 3082 1821 3136 ergo
1874 3060 1885 3061 ί
1933 3060 3216 3136 2;;:.2;;‘..‘.:”;::41::L:.:‘::.:::..‘::::::
3229 3060 3615 3136 ῖζζῖηἷηῖἒζῖἶῖ

157 3168 231 3220 spe
257 3159 305 3206 et
334 3154 440 3206 tide
470 3169 533 3206 se
548 3153 738 3221 parari
770 3151 1005 3205 minime
1040 3153 1353 3221 cupientes,
1388 3157 1443 3207 et
1472 3155 1707 3207 Patrum
1742 3170 1824 3207 se-

157 3248 357 3308 quentes
410 3242 471 3295 in
547 3241 817 3294 omnibus
866 3241 1199 3305 constituta,
1272 3242 1823 3297 anathematizamus

159 3344 318 3383 omnes
363 3331 695 3395 liazreticos,
740 3330 1027 3399 praecipue
1080 3330 1407 3384 Nestorium
1465 3331 1820 3394 haereticum,

160 3419 233 3486 qui
261 3420 557 3489 quondam
590 3417 1239 3488 Constantinopolitanae
1262 3420 1371 3473 fuit
1401 3420 1553 3473 urbis
1605 3421 1824 3489 episco-

159 3522 255 3575 pus,
281 3509 590 3563 damnatus
616 3508 676 3561 in
705 3508 948 3561 concilio
971 3508 1255 3577 Ephesino
1289 3524 1319 3561 a
1348 3508 1650 3562 Caelestino
1678 3525 1825 3580 papa

159 3596 279 3650 urbis
310 3598 529 3666 Romae,
567 3601 625 3650 et
651 3600 895 3650 asancto
932 3596 1139 3666 Cyrillo
1170 3597 1565 3651 Alexandrinae
1584 3598 1825 3652 civitatis

158 3686 383 3740 antistite.
420 3688 551 3740 Una
577 3701 704 3739 cum
754 3684 877 3754 ipso
928 3685 1478 3740 anathematizantes
1544 3688 1823 3757 Eutyche-

158 3776 245 3827 tem
271 3778 321 3829 et
348 3776 695 3831 Dioscorum
720 3775 1192 3855 Alexandrinum,
1251 3774 1313 3828 in
1347 3780 1539 3829 sancta
1586 3777 1822 3845 synodo,

159 3878 294 3930 quam
320 3866 631 3934 sequimur
662 3870 718 3917 et
744 3864 1167 3932 amplectimur,
1201 3864 1649 3919 Chalcedonensi
1678 3866 1828 3919 dam-

159 3956 300 4006 natos.
338 3955 429 4008 His
466 3954 843 4009 Timotheum
886 3954 1217 4023 adjicientes
1268 3953 1631 4024 parricidam,
1679 3956 1826 4009 Ailu-

162 4056 255 4094 rum
274 4048 681 4112 cognomento,
719 4049 773 4096 et
804 4043 1153 4112 discipulum
1208 4058 1442 4113 quoque
1492 4044 1614 4112 ejus
1653 4049 1826 4114 atque

162 4143 418 4200 sequacem
442 4135 706 4197 Petrum,
740 4134 826 4186 vel
848 4132 1137 4197 Acacium,
1174 4132 1273 4202 qui
1302 4132 1363 4186 in
1414 4148 1615 4187 eorum
1674 4148 1826 4187 com-

164 4222 413 4275 munionis
445 4222 726 4275 societate
745 4221 1094 4291 permansit;
1125 4221 1261 4292 quia
1288 4237 1533 4292 quorum
1558 4238 1616 4277 se
1670 4239 1826 4276 com-

1932 3108 2279 3163 Gratulalur
2306 3106 2375 3160 de
2398 3106 2755 3161 conversione
2777 3106 3207 3179 provinciarum
3231 3106 3543 3162 Dardania:
3571 3109 3627 3161 et

2004 3195 2253 3267 Illyrici,
2277 3194 2525 3267 petitque
2538 3198 2599 3249 ut
2614 3194 2823 3251 certior
2813 3196 2935 3265 fiat
2961 3196 3028 3252 de
3042 3213 3303 3253 successu
3320 3195 3631 3269 legationis

2004 3284 2565 3356 Constantinopolim
2595 3284 2801 3340 missae.

2005 3372 2246 3428 Domino
2280 3375 2487 3428 sanctis
2501 3374 2720 3429 meritis
2743 3373 3292 3445 przecellentissimo,
3309 3374 3371 3429 in
3393 3372 3619 3431 Christo

1934 3462 2341 3535 gloriosissimo
2404 3468 2460 3519 et
2516 3464 2828 3537 apostolica
2873 3465 3002 3519 sede
3076 3464 3412 3536 dignissimo
3465 3480 3630 3537 papae

1934 3553 2250 3609 Hormisda)
2276 3552 2493 3609 Avitus.

2008 3642 2150 3695 Dum
2200 3640 2498 3711 religionis
2542 3638 2814 3712 (Habetur
2857 3641 2977 3697 0rd.
3039 3640 3201 3697 87in
3267 3641 3401 3697 edit.
3458 3642 3627 3698 Sirm.

1935 3746 2085 3784 anno
2116 3730 2272 3799 1613)
2326 3729 2497 3784 statui
2553 3734 2611 3784 et
2653 3730 2839 3801 plenis
2885 3731 3180 3785 catholicae
3236 3731 3372 3786 ﬁdei
3419 3732 3635 3803 regulis

1934 3818 2255 3890 perspicitis
2287 3817 2612 3884 convenire,
2646 3823 2709 3872 ut
2730 3834 2965 3889 gregem
3015 3836 3120 3890 per
3141 3822 3257 3874 tota
3287 3820 3447 3874 vobis
3496 3821 3633 3875 uni-

1933 3906 2164 3961 versalis
2186 3905 2449 3959 Ecclesiae
2480 3906 2741 3960 membra
2764 3906 3137 3963 commissum
3194 3908 3441 3979 pervigil
3497 3925 3634 3964 cura

1935 4000 2137 4050 vestrae
2159 3994 2572 4049 adhortationis
2624 3995 2918 4064 informet,
2964 4002 3067 4051 etc.
3110 3998 3287 4065 (Hanc
3333 3998 3635 4069 epistolam

1935 4083 2125 4154 legere
2161 4088 2247 4137 est
2272 4089 2425 4137 tomo
2484 4084 2615 4149 LIX,
2665 4085 2772 4139 col.
2826 4088 2950 4153 288,
3009 4090 3221 4142 nostra:
3275 4087 3635 4158 Patrologiaz,

1936 4172 2088 4227 inter
2118 4188 2291 4244 opera
2320 4172 2471 4228 Aviti
2502 4172 2758 4243 episcopi
2780 4173 3161 4245 Viennensis.)

166 4309 388 4363 munioni
404 4279 940 4377 miscuit,‘,illorum
985 4279 1234 4363 similem
1268 4279 1480 4364 meruit
1512 4310 1573 4365 in
1592 4312 1825 4365 damna-
1866 4308 1908 4362 D
2566 4279 2903 4334 EPISTOLA
2940 4281 2999 4334 Χ·

162 4396 287 4450 tione
310 4400 680 4453 sententiam.
724 4400 957 4454 Petrum
986 4398 1364 4453 nihilominus
1383 4403 1391 4435 τ
1410 4400 1831 4456 Antiochenum
2154 4384 2232 4423 AD
2276 4382 2473 4424 AVITU
2491 4383 2527 4423 Μ
2574 4382 2724 4423 “EN
2741 4384 2771 4422 Ν
2788 4382 2996 4422 ENSEM
3046 4380 3349 4423 EPISCOPU
3366 4382 3430 4423 ⁸⁸

164 4482 459 4543 ἀειῃηειηιρε
494 4506 631 4543 cum
682 4489 1021 4559 sequacibus
1076 4488 1214 4555 suis,
1244 4493 1299 4543 et
1336 4490 1597 4545 omnium
1635 4508 1832 4562 supra-
1940 4473 2167 4530 Laudat
2214 4474 2276 4528 in
2301 4490 2367 4529 eo
2396 4473 2649 4529 studium
2682 4474 3059 4545 cognoscendi
3103 4474 3172 4529 de
3201 4477 3359 4529 statu
3379 4474 3643 4531 Ecclesia:

168 4574 494 4645 scriptorum,
2013 4563 2347 4631 Orientalis,
2379 4581 2417 4618 a
2443 4564 2646 4636 legatis
2667 4568 2862 4619 autem
2888 4564 2955 4617 ob
2984 4562 3291 4635 perfidiam
3320 4564 3639 4619 Grecorum

218 4663 562 4736 Quapropter
594 4667 940 4737 suscipimus
971 4672 1029 4721 et
1055 4666 1443 4737 approbatum
1474 4683 1673 4722 omnes
1718 4670 1835 4740 cpi-
2012 4653 2167 4708 nihil
2185 4654 2506 4724 perfectum
2516 4652 2908 4718 fuissescribil
2923 4671 2944 4716 ;
2960 4652 3019 4705 in
3036 4652 3224 4709 animo
3239 4652 3637 4711 sibiessealte-

164 4754 300 4806 stolas
357 4756 563 4809 Leonis
623 4772 808 4826 papre,
872 4756 1164 4810 universas
1214 4756 1488 4827 quas’de
1554 4758 1820 4827 religione

2014 4759 2143 4797 ram
2177 4742 2257 4797 ad
2287 4742 2418 4797 illos
2447 4742 2791 4814 legationem
2811 4741 3123 4796 destinare.

169 4838 450 4898 Christiana
480 4846 850 4914 conscripsit.
906 4845 1083 4911 Unde,
1136 4845 1282 4899 sicut
1320 4846 1709 4915 praediximus,
1746 4864 1834 4901 se-
2015 4849 2315 4903 Hormisda
2358 4849 2656 4919 episcopus
2708 4849 2872 4902 Avito
2929 4849 3198 4919 episcopo
3252 4853 3307 4903 et
3361 4849 3643 4905 universis

167 4933 369 4997 quentes
418 4933 480 4987 in
534 4935 807 4988 omnibus
854 4935 1221 5005 apostolicam
1264 4936 1479 5003 sedem,
1524 4940 1579 4989 et
1626 4936 1837 5006 prtedi-
1945 4938 2223 5007 episc0pis
2250 4938 2555 5008 provinciae
2599 4937 2959 5005 Viennensis,
2991 4937 3080 4992 vel
3130 4937 3234 4992 sub
3255 4942 3355 4994 tua
3413 4939 3643 4995 dioecesi

174 5025 317 5071 :antes
344 5023 465 5091 ejus
492 5023 695 5076 omnia
747 5024 1074 5085 constituta,
1106 5040 1272 5093 spero
1300 5029 1365 5077 ut
1413 5024 1471 5077 in
1503 5040 1619 5078 una
1679 5042 1835 5080 com-
1948 5026 2409 5080 consistentibus.

169 5108 401 5164 munione
422 5112 741 5177 vobiscum,
777 5129 949 5182 quam
982 5112 1145 5165 sedes
1168 5113 1479 5182 apostolica
1540 5114 1834 5183 praedicat,
2016 5116 2124 5179 Qui
2150 5116 2217 5169 de
2247 5116 2335 5169 his
2380 5130 2509 5185 quae
2541 5113 2621 5169 ‘ad
2655 5115 3018 5186 disciplinam
3074 5114 3413 5169 catholicam
3462 5115 3645 5186 perti-

166 5210 258 5247 esse
286 5214 521 5264 merear,
559 5200 622 5253 in
649 5217 762 5270 qua
796 5207 877 5255 est
914 5201 1138 5271 integra
1170 5207 1227 5255 et
1281 5218 1450 5255 verax
1499 5203 1838 5257 Christianae
1948 5210 2087 5259 nent
2114 5204 2359 5257 maxime
2382 5204 2566 5257 sciens
2603 5204 2809 5259 instrui
2852 5206 3029 5274 cupit,
3084 5205 3223 5275 quid
3281 5203 3453 5257 studii
3498 5204 3647 5258 circa

172 5284 433 5355 religionis
474 5290 758 5342 soliditas.
796 5291 1141 5344 Promittens
1185 5290 1358 5344 etiam
1404 5296 1840 5361 sequestratosa
1948 5294 2221 5349 mandata
2242 5294 2435 5347 divina
2461 5294 2981 5353 habeatevidenter
3013 5294 3281 5348 ostendit.
3336 5294 3461 5347 Non
3487 5293 3643 5348 enim

170 5377 549 5432 communione
576 5378 834 5433 Ecclesiae
858 5379 1172 5446 catholicze,
1206 5379 1261 5434 id
1311 5384 1413 5447 est,
1441 5396 1560 5435 non
1600 5396 1839 5437 consen-
1949 5387 2141 5454 potest
2160 5398 2278 5437 esse
2303 5383 2639 5454 hujusmodi
2662 5399 2815 5452 cura,
2838 5383 2949 5437 nisi
3003 5382 3106 5437 ubi
3150 5382 3292 5437 ﬁdes
3348 5381 3522 5437 fuerit
3551 5382 3647 5438 in-

228 5524 247 5549 ³
272 5518 424 5573 Hunc
460 5520 719 5576 libellum
748 5521 850 5592 qui
880 5521 968 5575 his
999 5521 1220 5589 litteris:
1237 5521 1613 5593 jungebatur,
1675 5539 1841 5578 eum-
1952 5540 2018 5581 ex
2050 5524 2243 5581 codice
2272 5524 2542 5581 Vaticano
2575 5524 2667 5582 hic
2706 5525 2811 5581 tibi
2856 5523 3214 5581 exhibemus.
3269 5523 3398 5581 SEV.
3460 5525 3649 5583 Btmus

174 5584 281 5641 dem
309 5606 422 5645 esse
454 5597 726 5663 putamus
762 5584 935 5666 quem
958 5609 1026 5647 xv
1073 5584 1609 5667 calendas'Aprilis
1644 5594 1839 5651 datum

504 5692 778 5761 PATBOL.
831 5693 1054 5763 LXIII.
3216 5700 3297 5763 13
