4038 6170
362 279 466 333 395

1806 269 2179 327 HORMISDIE
2218 270 2302 324 PA
2310 270 2416 324 PIE

3748 265 3849 319 396

360 413 570 469 fucata.
596 413 785 483 Atque
814 410 944 465 ideo
976 396 1325 464 exsultamns
1354 407 1415 461 in
1438 405 1682 460 Domino
1713 406 1782 460 de
1826 406 2059 460 sinceri-
2099 407 2144 459 Î‘
2169 408 2284 459 tate
2314 422 2443 475 quas
2476 410 2559 459 est
2589 405 2644 458 in
2679 404 2901 459 Christo
2931 404 3081 458 Jesu.
3118 402 3439 456 Perniciosa
3467 406 3602 455 sont
3634 401 3847 455 blandi-

359 507 477 559 tate
506 501 788 574 pr0positi
816 501 923 568 tui,
957 498 1324 554 dilectissime
1346 498 1539 564 frater,
1573 496 1707 551 dum
1740 500 1794 550 te
1855 512 2049 551 secun-

362 592 498 647 dum
522 591 763 645 directas
802 604 903 659 per
940 588 1203 641 Alexiom
1262 586 1661 655 presbyterum
1718 589 1891 656 atque
1938 586 2050 638 Ve-

362 681 623 734 nantium
654 679 959 733 diaconum
990 677 1212 729 litteras
1260 674 1574 740 intuemur,
1635 680 1692 727 et
1720 674 1789 728 de
1858 672 2051 743 impiis

360 767 873 839 transgressoribus
929 764 1239 834 Eutychete
1328 768 1499 834 atque
1559 763 1818 816 Nestorio
1900 762 2051 816 sedis

362 858 689 929 apostolicae
718 855 1025 909 constituta
1079 853 1352 919 recolere,
1408 858 1465 905 et
1525 852 1571 905 si
1612 852 1749 922 quid
1781 852 2051 917 adversus

360 962 456 1000 eos
496 943 810 999 admonitio
838 945 1033 996 nostra
1085 940 1455 1012 promoverit,
1519 956 1622 1011 per
1671 957 1813 1010 quos
1847 940 2051 994 Orien-

358 1036 499 1088 tales
519 1032 773 1087 Ecclesiae
796 1030 1245 1095 confunduntur,
1289 1029 1600 1099 inquirere.
1661 1030 1843 1097 Digna
1880 1029 2051 1098 plane

358 1122 683 1177 sollicitudo
713 1120 997 1185 fidelibus,
1031 1124 1097 1172 ut
1119 1118 1189 1171 de
1222 1117 1567 1171 miserorum
1590 1118 1847 1186 lapsibus
1894 1118 2053 1185 inge-

359 1210 620 1276 miscant,
680 1214 734 1263 et
782 1209 891 1278 ipsi
948 1223 1019 1261 ne
1081 1207 1269 1259 aliena
1325 1206 1660 1275 polluantur
1712 1206 2050 1274 contagione

359 1301 710 1370 provideant.
730 1299 838 1351 Sed
880 1313 950 1349 ne
982 1312 1086 1349 nos
1117 1295 1351 1365 quidem
1385 1295 1491 1347 hoc
1518 1294 1903 1363 supersedisse
1937 1310 2053 1346 cre-

360 1390 525 1455 datis,
552 1394 612 1441 ut
645 1388 714 1440 ad
737 1386 1000 1439 notitiam
1030 1389 1295 1448 vestram,
1332 1386 1376 1436 si
1411 1385 1549 1454 quid
1584 1390 1773 1436 actum
1830 1383 2048 1449 fuisset,

360 1482 692 1547 competens
736 1475 1015 1544 perferret
1072 1473 1388 1526 instructio.
1452 1474 1659 1525 Verum
1705 1471 1951 1525 breviter
1983 1470 2053 1524 si-

359 1566 601 1619 lentium
624 1568 905 1627 nostrum,
950 1562 1100 1631 quod
1118 1561 1343 1614 dilectio
1370 1561 1593 1614 mordet
1650 1566 1855 1626 vestra,
1905 1576 2050 1630 pur-

361 1669 583 1723 gamus.
616 1653 756 1705 Nam
785 1650 941 1721 quod
980 1666 1096 1703 non
1127 1650 1338 1720 saapius
1364 1652 1555 1703 nostra
1588 1648 1903 1701 admonitio
1951 1664 2051 1701 vos

359 1742 705 1812 frequentet,
734 1740 803 1794 de
852 1738 1198 1793 conscientia
1251 1743 1435 1791 vestra
1479 1742 1533 1791 et
1570 1736 1704 1792 fidei
1749 1738 2052 1791 stabilitate

360 1830 722 1885 confidimus.
758 1828 1088 1884 Sollicitudo
1124 1827 1506 1897 impendenda
1556 1827 1792 1881 fortasse
1823 1828 1898 1881 sit
1954 1827 2057 1881 du-

359 1919 660 1985 biis;satis
688 1922 773 1972 est
791 1917 1019 1971 vitanda
1072 1916 1351 1970 indicasse
1394 1916 1677 1985 perfectis.
1728 1915 2053 1986 Legationis

358 2025 492 2062 vero
522 2013 753 2075 nostrae,
789 2022 962 2078 quam
993 2006 1191 2071 semel,
1226 2021 1341 2059 non
1397 2005 1664 2071 secundo,
1717 2006 1862 2059 sicut
1910 2005 2050 2058 scri-

357 2097 513 2164 bitis,
539 2095 822 2162 misimus,
880 2096 926 2149 si
977 2095 1199 2149 votivus
1239 2094 1572 2163 contigisset
1616 2098 1872 2161 eventus,
1934 2095 2050 2147 ala-

358 2202 480 2240 cres
510 2186 662 2240 illico
694 2186 984 2239 vobiscum
1018 2185 1310 2239 fueramus
1358 2183 1677 2238 desiderata
1742 2182 2047 2255 partituri;

358 2276 598 2329 scientes
628 2275 737 2328 hoc
768 2274 999 2339 rationi,
1020 2274 1127 2327 hoc
1159 2279 1354 2326 nostro
1386 2273 1683 2343 proposito
1723 2273 2049 2339 convenire,

355 2369 423 2418 ut
450 2380 595 2434 quos
625 2362 934 2433 participes
956 2362 1356 2415 sollicitudinis
1383 2360 1646 2425 fecimus,
1700 2377 1829 2414 cum
1870 2360 1960 2415 his
1982 2361 2051 2415 de

360 2452 688 2522 integritate
720 2451 957 2505 unitatis
984 2449 1603 2519 gaudiajungeremus.
1630 2450 1736 2504 Sed
1769 2455 2050 2520 quantum

359 2540 431 2595 ad
458 2542 700 2606 Graecos,
732 2555 830 2593 ore
890 2540 1079 2609 potius
1131 2540 1444 2608 praeferunt
1498 2538 1656 2608 pacis
1704 2545 1847 2605 vota,
1876 2554 2050 2609 quam

359 2635 609 2699 pectore,
645 2634 701 2681 et
752 2628 1070 2697 loquuntur
1122 2627 1305 2697 magis
1340 2629 1512 2697 justa,
1564 2644 1736 2698 quam
1786 2628 2047 2682 faciunt:

358 2719 546 2772 verbis
576 2717 719 2771 velle
750 2733 807 2770 se
833 2719 1071 2786 jactant,
1097 2716 1248 2786 quod
1270 2715 1539 2785 operibus
1553 2716 1707 2769 nolle
1726 2715 2047 2769 declarant:

358 2823 483 2877 quae
516 2806 733 2860 fuerint
764 2804 1024 2875 professi,
1068 2804 1401 2873 negligunt;
1452 2809 1508 2857 et
1558 2819 1687 2873 quae
1742 2804 2050 2857 damnave-

358 2896 491 2961 rint,
523 2895 643 2948 hasc
682 2898 1018 2964 sequuntur.
1066 2894 1206 2946 Nam
1238 2892 1391 2945 unde
1449 2897 1533 2945 est
1563 2892 1737 2962 quod,
1800 2908 1928 2946 cum
1948 2908 2052 2962 per

2162 500 2355 549 menta
2385 496 2737 561 nocentium,
2783 500 2955 564 atque
2985 494 3116 546 ideo
3149 492 3386 561 vigilare
3419 508 3519 545 vos
3564 490 3847 555 convenit,

2162 585 2299 654 quia
2330 584 2692 637 adversarius
2722 584 2921 636 salutis
2971 583 3261 646 humanm,
3304 585 3579 651 tanquam
3612 582 3701 633 leo
3756 595 3851 632 ru-

2162 673 2344 742 giens,
2378 673 2577 726 circuit
2635 688 2897 743 qumrens
2945 686 3118 741 quem
3150 671 3401 735 devoret,
3454 670 3542 722 cui
3603 667 3847 721 resistite

2162 762 2334 815 fortes
2366 761 2425 813 in
2455 761 2565 815 fide
2601 760 2928 830 :quialhoc
2978 760 3219 828 speciale
3273 758 3485 811 habent
3528 756 3709 826 patris
3764 756 3852 808 sui

2163 851 2232 904 de
2265 850 2390 903 coeli
2419 866 2545 902 arce
2572 850 2794 918 dejecti,
2820 848 2918 919 qui
2952 848 3191 918 vestigia
3245 848 3367 917 ejus
3424 848 3746 916 sequuntur
3799 848 3854 897 et

2163 939 2430 1009 diligunt,
2463 944 2527 991 ut
2551 938 2917 991 illaveritatis
2950 938 3074 991 luce
3118 936 3344 1007 privati,
3403 940 3459 989 et
3514 934 3654 987 alios
3710 949 3852 1004 gau-

2163 1028 2332 1081 deant
2352 1042 2452 1080 sua
2484 1026 2827 1080 obscuritate
2875 1026 3120 1092 fuscari;
3176 1030 3232 1078 et
3277 1040 3406 1078 cum
3463 1022 3853 1093 perversitatis

2162 1132 2279 1169 suae
2306 1132 2503 1185 paanas
2545 1116 2788 1169 luituros
2824 1132 2945 1168 esse
2986 1131 3043 1167 se
3075 1114 3275 1176 sciant,
3325 1114 3608 1167 exsultent
3662 1112 3709 1164 si
3742 1110 3851 1163 mi-

2162 1221 2315 1258 seros
2348 1220 2477 1257 cum
2520 1221 2619 1257 sua
2653 1203 3022 1258 damnatione
3072 1203 3444 1273 conjungant.
3507 1202 3647 1255 Nam
3696 1199 3853 1253 unde

2162 1298 2247 1346 est
2282 1294 2434 1364 quod
2484 1309 2615 1347 cum
2644 1310 2747 1362 pro
2775 1309 2982 1362 magna
3031 1297 3190 1362 parte
3221 1309 3253 1345 a
3308 1290 3680 1344 conterminis
3738 1286 3854 1342 suis

2160 1383 2491 1449 Thracibus,
2546 1382 2838 1449 Dardanis,
2896 1382 3151 1451 lllyricis,
3205 1382 3430 1451 cognita
3459 1394 3655 1432 eorum
3714 1393 3853 1448 per-

2161 1471 2427 1525 versitate
2462 1471 2820 1535 deserantur,
2856 1472 3053 1539 procul
3088 1470 3307 1540 positos
3339 1467 3677 1539 ignorantia:
3729 1482 3852 1536 spe,

2161 1560 2456 1614 fraudibus
2488 1565 2543 1613 et
2573 1561 2745 1613 variis
2776 1560 2993 1614 artibus
3025 1560 3290 1613 nituntur
3337 1558 3585 1623 allicere,
3646 1556 3761 1610 nisi
3793 1562 3855 1608 ut

2163 1649 2369 1713 lucem,
2404 1665 2573 1719 quam
2625 1649 2735 1718 ipsi
2766 1666 2876 1702 non
2909 1648 3139 1711 habent,
3178 1650 3235 1701 in
3256 1648 3383 1701 aliis
3414 1663 3641 1718 quoque
3671 1646 3856 1714 impia

2163 1740 2502 1808 contagione
2562 1739 3017 1791 commaculentâ€˜?
3056 1738 3124 1792 Ut
3167 1742 3357 1790 autem
3389 1751 3517 1806 quae
3570 1735 3683 1787 sint
3722 1748 3856 1803 par-

2160 1828 2305 1881 tium
2330 1843 2525 1881 earum
2556 1828 2741 1880 studia
2771 1826 3001 1896 possitis
3051 1840 3395 1895 agnoscere;
3443 1824 3635 1894 plures
3665 1822 3857 1876 Thra-

2160 1932 2305 1977 cum,
2338 1916 2467 1970 licet
2503 1916 2974 1986 persequentium
3005 1915 3328 1969 incursibus
3384 1916 3723 1977 atterantur,
3795 1910 3857 1963 in

2160 2010 2354 2060 nostra
2383 2010 2575 2059 tamen
2598 2005 3004 2059 communione
3058 2005 3385 2075 persistunt.
3438 2002 3677 2055 scientes
3729 1999 3858 2053 ï¬eri

2160 2096 2331 2149 ï¬dem
2359 2110 2461 2165 per
2507 2096 2740 2148 adversa
2788 2096 3107 2148 clariorem.
3162 2092 3443 2147 Dardania
3496 2095 3552 2145 et
3593 2089 3857 2160 lllyricus

2160 2185 2346 2238 vicina
2385 2185 2691 2237 Pannoniae
2724 2200 2755 2237 a
2784 2184 2969 2250 nobis,
3006 2184 3157 2253 quod
3186 2183 3305 2252 jam
3339 2181 3577 2235 fecimus
3622 2179 3720 2233 ubi
3754 2194 3857 2231 ne-

2160 2274 2468 2328 cessarium
2492 2274 2617 2336 fuit,
2647 2278 2709 2325 ut
2730 2273 2834 2326 sibi
2871 2273 3119 2343 episcopi
3142 2272 3545 2324 ordinarentur
3576 2269 3854 2339 expetiit;

2160 2363 2220 2416 in
2243 2366 2462 2415 tantum
2488 2377 2546 2415 se
2571 2379 2602 2413 a
2630 2361 3038 2415 communione
3058 2360 3413 2431 perditorum
3432 2373 3695 2427 separare
3720 2372 3859 2427 gau-

2161 2451 2382 2515 dentes,
2408 2454 2470 2503 ut
2501 2450 2753 2503 remedia
2784 2455 3128 2520 quaererent,
3182 2446 3494 2501 dummodo
3544 2461 3856 2499 commune

2160 2555 2290 2593 cum
2322 2538 2833 2608 transgressoribus
2872 2538 3013 2591 nihil
3047 2538 3344 2591 haberent.
3380 2536 3531 2605 Epiri
3557 2540 3857 2605 metropo-

2160 2630 2392 2695 litanus,
2426 2629 2531 2681 hoc
2560 2635 2643 2681 est
2678 2627 3105 2697 Nicopolitanus
3132 2626 3447 2695 episcopus,
3482 2640 3610 2677 cum
3635 2624 3858 2694 synodo

2162 2733 2265 2770 sua
2300 2733 2484 2786 nuper
2514 2721 2845 2786 segregatus
2876 2716 2945 2767 ab
2976 2715 3187 2784 impiis,
3224 2714 3288 2767 ad
3315 2714 3858 2783 apostolicamcom-

2160 2806 2848 2874 munionemdeprompta
2902 2820 3027 2874 quae
3088 2804 3338 2857 efficeret
3389 2802 3745 2872 professione
3798 2816 3857 2853 se

2160 2895 2420 2948 contulit.
2482 2895 2617 2957 Quae
2677 2894 2804 2947 ideo
2868 2893 3089 2963 scriptis
3137 2893 3542 2946 azstimavimus
3598 2891 3859 2943 indenda

357 2982 685 3037 Ennodium
731 2982 967 3035 fratrem
1017 2984 1073 3033 et
1101 2980 1506 3050 coepiscopum
1557 2986 1817 3034 nostrum
1875 2996 2053 3034 sacer-
2090 2992 2131 3047 Î±
2164 2983 2562 3054 praesentibus,
2618 2986 2679 3035 ut
2726 2983 2872 3035 sicut
2931 2986 3136 3035 sortem
3190 2998 3292 3035 nos
3356 2979 3616 3033 convenit
3662 2979 3857 3032 dolere

357 3072 572 3127 dotales
601 3072 750 3125 viros
774 3071 843 3124 ad
868 3068 1263 3123 confirmanda
1311 3085 1378 3122 ea
1428 3084 1557 3139 quze
1618 3069 1778 3123 sedes
1823 3076 2052 3139 aposto-

357 3161 464 3216 lica
495 3165 833 3231 poposcerat
854 3159 1169 3212 directuros
1199 3174 1257 3210 se
1284 3174 1403 3211 esse
1432 3157 1870 3227 promisissentf
1902 3159 2051 3211 mul-

357 3254 414 3303 ta
461 3265 690 3319 quoque
736 3263 866 3318 quas
922 3248 993 3300 ad
1045 3246 1459 3299 correctionem
1514 3246 1804 3315 pravitatis
1857 3262 1973 3300 suae
2020 3264 2053 3301 a

358 3338 521 3392 nobis
570 3338 810 3408 quaesita
855 3336 1084 3389 fuerant
1124 3334 1476 3403 pollicentes,
1533 3350 1647 3387 non
1700 3334 1882 3387 solum
1938 3350 2054 3388 non

358 3428 655 3497 religiosos
685 3426 855 3491 viros,
890 3439 1065 3492 penes
1093 3438 1237 3492 quos
1283 3439 1468 3476 causa:
1512 3423 1665 3476 illius
1714 3424 1883 3492 plena
1930 3439 2052 3477 esse

355 3521 550 3588 posset
570 3514 891 3578 instructio,
926 3512 1241 3565 secundum
1289 3511 1599 3565 constituta
1637 3512 1894 3588 propriaâ€˜
1937 3528 2053 3566 non

358 3606 673 3672 miserunt;
708 3619 906 3657 verum
938 3602 1133 3667 etiam,
1167 3600 1329 3672 quasi
1366 3616 1454 3654 res
1508 3616 1683 3670 parva
1734 3582 2050 3671 gereretur,

356 3695 533 3749 laicos
566 3696 621 3746 et
653 3692 870 3745 alienos
905 3690 974 3743 ab
1006 3689 1385 3743 ecclesiastico
1405 3704 1640 3758 corpore
1697 3688 2052 3743 destinantes

357 3784 815 3855 (Theopompum
849 3780 1119 3833 comitem
1187 3778 1633 3831 domesticorum
1688 3783 1744 3832 et
1796 3779 2051 3833 Severia-

358 3887 498 3926 num
525 3869 793 3924 comitem
819 3868 962 3922 sacri
996 3866 1345 3938 consistorii)
1387 3882 1503 3921 non
1525 3882 1583 3921 se
1617 3868 1957 3922 studuerunt
1980 3868 2051 3923 de

357 3976 539 4024 caeno,
577 3975 691 4030 quo
722 3957 978 4012 immersi
996 3961 1281 4021 tenentur,
1316 3956 1589 4020 evolvere,
1629 3972 1828 4010 verum
1877 3956 2050 4009 etiam

357 4047 652 4101 catholicae
683 4046 816 4101 fidei
849 4046 1165 4098 claritatem
1212 4044 1527 4115 fulgentem
1585 4060 1706 4111 sua,
1767 4045 1918 4115 quod
1950 4044 2050 4098 ab-

357 4138 448 4205 sit,
482 4154 540 4192 se
595 4152 762 4207 posse
813 4135 1178 4189 crediderunt
1224 4134 1566 4187 obscuritate
1617 4134 1881 4188 fuscare?
1923 4136 2052 4188 Haec

354 4227 463 4282 fuit
488 4226 670 4281 nostri
691 4241 858 4279 causa
878 4223 1129 4295 silentiih
1150 4238 1323 4294 quam
1380 4239 1475 4277 vos
1531 4239 1760 4293 quoque
1807 4221 2051 4292 spiritali

355 4317 514 4372 vobis
546 4314 853 4388 prudentia
883 4314 1173 4367 revelante
1195 4312 1435 4367 vidistis.
1480 4312 1625 4375 Quid
1660 4311 1813 4365 enim
1845 4313 1914 4365 de
1944 4312 2049 4365 hac

355 4422 525 4462 causa
570 4409 828 4475 poteram
888 4401 1116 4457 directis
1170 4401 1374 4454 litteris
1432 4400 1705 4459 indicare,
1759 4416 1929 4470 quam
1990 4402 2049 4454 in

356 4500 510 4549 statu
540 4511 645 4548 suo
667 4494 933 4547 videbam
990 4491 1192 4545 duram
1220 4489 1595 4560 pertinaciter
1614 4490 1898 4542 custodire
1919 4505 2049 4559 per-

354 4582 551 4637 ï¬diam
580 4583 607 4635 Ï„
636 4581 774 4636 Novi
810 4580 993 4634 exitus
1047 4580 1303 4633 sollicita:
1350 4578 1707 4647 diligentiam
1756 4578 2048 4632 relationis

354 4670 681 4741 inquirunt.
717 4669 825 4733 Qui
854 4669 923 4721 de
949 4668 1118 4721 rebus
1145 4667 1388 4736 cognitis
1420 4666 1561 4719 nihil
1584 4666 1821 4731 indicat,
1873 4666 2048 4721 abun-

354 4760 503 4815 dein
536 4762 681 4812 statu
713 4773 816 4810 suo
840 4773 1070 4809 manere
1110 4756 1304 4826 priora
1352 4755 1619 4808 declarat.
1664 4755 2045 4826 Quapropter,

354 4848 719 4904 dilectissime
742 4846 935 4913 frater,
964 4850 1019 4899 et
1049 4860 1146 4898 vos
1189 4844 1571 4914 praesentibus
1589 4843 1886 4898 hortamur
1914 4845 2048 4898 allo-

355 4938 526 5009 quiis,
550 4942 607 4991 et
629 4953 730 5007 per
748 4952 844 4990 vos
874 4950 1127 5006 quoque,
1171 4934 1308 5005 quia
1345 4934 1565 4987 occasio
1622 4933 1751 4987 data
1782 4938 1885 4998 est,
1906 4934 2046 4987 alios

356 5042 457 5098 per
486 5026 713 5093 Gallias,
756 5041 898 5094 quos
918 5024 1057 5078 fides
1087 5024 1285 5077 eadem
1310 5022 1603 5075 nobiscum
1657 5022 2042 5092 amplectitur,

354 5115 753 5179 admonemus,
779 5113 1133 5182 â€œpromissam
1187 5116 1242 5164 et
1271 5110 1577 5163 amabilem
1608 5110 1721 5163 Deo
1768 5110 2046 5173 ï¬deiser-

352 5220 482 5257 vare
522 5200 927 5267 constantiam,
987 5204 1045 5251 et
1098 5203 1583 5266 transgressorum
1641 5198 1910 5251 societate
1945 5199 2045 5252 de-

352 5293 582 5361 clinata,
638 5289 1018 5344 constantiam
1082 5292 1327 5339 vestram
1411 5286 1512 5339 uni
1582 5286 1700 5338 viro
1762 5287 2045 5356 virginem

353 5386 585 5447 castam,
609 5380 754 5433 sicut
782 5374 1191 5448 spopondistis,
1231 5373 1496 5427 exhibere
1529 5374 1772 5429 Christo.
1829 5375 1893 5428 Et
1951 5392 2044 5429 ca-

352 5474 476 5523 vete
508 5486 597 5535 ne,
634 5469 778 5523 sicut
808 5480 1044 5534 serpens
1085 5464 1249 5516 Evam
1296 5461 1517 5515 seduxit
1545 5463 1752 5515 astutia
1799 5478 1922 5528 sua,
1966 5464 2046 5518 ita

353 5574 525 5615 sensu
556 5558 884 5628 aliquorum
911 5555 1401 5623 corrumpantura
1422 5550 1784 5621 simplicitate
1816 5555 1871 5605 et
1887 5552 2046 5606 casti-

2162 3073 2550 3143 pereuntium,
2582 3071 2945 3125 italzetemur
2966 3071 3183 3141 pariter
3222 3071 3291 3124 de
3348 3071 3528 3122 salute
3586 3083 3855 3121 remean-

2161 3161 2304 3214 tium
2335 3166 2421 3226 ;et
2444 3166 2504 3213 ut
2524 3160 2720 3213 fideles
2750 3160 3044 3213 constituti
3074 3159 3143 3212 ab
3171 3158 3251 3213 eis
3282 3158 3509 3228 longius
3559 3157 3853 3209 instruan-

2159 3254 2276 3316 tur,
2304 3265 2415 3319 qua
2440 3250 2593 3301 virus
2622 3265 2819 3302 eorum
2853 3249 3233 3302 sollicitudine
3261 3248 3461 3301 debeat
3488 3246 3683 3315 effugi,
3708 3260 3855 3315 quos

2161 3342 2217 3393 et
2246 3355 2279 3391 a
2310 3338 2424 3391 suis
2453 3338 2687 3392 videant
2714 3343 2830 3391 tam
2858 3338 3010 3407 justa
3042 3337 3412 3390 detestatione
3441 3335 3627 3388 vitari.
3656 3335 3723 3387 Et
3754 3350 3854 3387 nos

2160 3427 2389 3497 quidem
2414 3426 2853 3496 dispensationis
2884 3430 3092 3480 nostrae
3140 3441 3439 3491 memores,
3484 3439 3712 3477 necesse
3769 3428 3856 3476 est

2161 3530 2255 3569 eos
2278 3515 2533 3585 repetitae.
2562 3515 2860 3585 legationis
2890 3514 3076 3568 officio
3101 3514 3404 3568 convenire
3440 3529 3452 3566 :
3480 3528 3594 3583 quo
3644 3511 3852 3565 aliectu

2160 3603 2488 3657 salvationis
2516 3620 2655 3669 sum,
2689 3604 2733 3657 si
2766 3609 3023 3675 respectu
3059 3604 3176 3670 Dei,
3229 3604 3275 3656 si
3342 3602 3584 3656 rationis
3637 3602 3855 3655 intuitu

2159 3707 2271 3745 non
2298 3696 2619 3758 moventur,
2648 3693 2847 3746 saltem
2875 3692 3236 3763 pulsantibus
3266 3690 3592 3762 importune
3624 3694 3683 3743 et
3722 3706 3853 3759 per-

2158 3780 2423 3834 tinaciter
2444 3781 2807 3852 acquiescant
2835 3800 2849 3849 ;
2887 3786 2943 3835 et
2964 3787 3062 3835 aut
3083 3781 3153 3834 ad
3214 3787 3425 3834 rectam
3476 3780 3625 3833 viam
3674 3779 3852 3832 decli-

2158 3869 2307 3923 natis
2336 3870 2625 3923 erroribus
2656 3874 3033 3938 revertantur,
3070 3875 3165 3924 aut
3196 3875 3431 3940 propter
3480 3870 3853 3939 impuanitens

2160 3974 2255 4012 cor
2284 3959 2354 4011 ab
2384 3959 2652 4013 omnibus
2682 3959 3097 4013 inexcusabiles
3123 3960 3475 4026 judicentur,
3503 3959 3602 4028 qui
3634 3964 3693 4011 et
3723 3973 3851 4011 mo-

2158 4050 2265 4105 niti
2294 4051 2461 4104 toties
2507 4052 2563 4105 in
2611 4050 2870 4122 perfidiae
2909 4051 3291 4105 obstinatione
3351 4051 3684 4121 persistunt.
3742 4051 3853 4103 Vos

2158 4144 2336 4207 orate,
2370 4145 2426 4194 et
2448 4140 2742 4194 nobiscum
2775 4141 2840 4194 ad
2884 4141 3061 4194 Deum
3090 4156 3284 4211 preces
3333 4145 3388 4194 et
3425 4144 3553 4193 vota
3604 4138 3851 4208 conjun-

2161 4228 2295 4299 gite,
2329 4233 2392 4282 ut
2424 4245 2523 4299 per
2553 4246 2721 4299 opem
2745 4229 3175 4295 misericordiae,
3209 4229 3331 4299 ejus
3360 4234 3555 4283 nostra
3592 4229 3737 4282 actio
3771 4230 3853 4282 la-

2088 4287 2133 4341 Î’
2161 4287 2369 4371 borans
2394 4287 2499 4387 piro
2533 4287 2826 4371 catholicae
2854 4317 2989 4371 fidei
3012 4287 3314 4372 stabilitate
3343 4323 3699 4389 promoveat,
3740 4318 3851 4371 im-

2160 4406 2472 4459 maculatos
2509 4422 2606 4459 vos
2650 4411 2705 4460 et
2755 4407 3007 4477 integros
3046 4407 3117 4461 ab
3152 4407 3309 4461 omni
3360 4413 3853 4477 transgressorum

2159 4495 2424 4548 societate
2456 4499 2773 4562 servantes;
2806 4500 2998 4549 utaut
3053 4512 3182 4550 cum
3240 4497 3508 4551 correctis
3548 4512 3747 4550 sensus
3797 4500 3855 4550 et

2157 4584 2327 4637 corda
2350 4585 2681 4655 jungamus,
2705 4590 2804 4638 aut
2834 4584 2902 4637 ab
2944 4600 3143 4638 eorum
3203 4586 3437 4639 venenis
3502 4585 3697 4639 intacti
3728 4601 3853 4639 esse

2156 4688 2501 4727 mereamur.
2537 4674 2676 4727 Nam
2714 4674 2834 4744 qui,
2878 4673 3022 4728 sicut
3047 4691 3149 4728 vos
3168 4691 3400 4746 quoque
3441 4674 3853 4729 conscientiam

2156 4775 2399 4824 vestram
2436 4788 2547 4825 non
2580 4770 2756 4825 latere
2798 4772 3110 4839 testamini,
3170 4773 3436 4827 novimus
3482 4772 3854 4844 Eutychetem

2156 4871 2327 4939 atque
2377 4868 2701 4923 Nestorium
2760 4870 3103 4941 apostolicae,
3144 4870 3201 4925 id
3263 4877 3347 4925 est
3411 4870 3703 4925 catholica
3730 4887 3857 4925 sen-

2156 4966 2347 5021 tentiae
2403 4968 2741 5022 auctoritate
2799 4969 3137 5036 damnatos;
3187 4969 3670 5040 quemadmodum
3706 4968 3854 5023 salvi

2156 5081 2276 5117 esse
2322 5066 2664 5135 poterimus,
2714 5066 2759 5120 si
2801 5083 2998 5121 eorum
3060 5066 3433 5121 sectatoribus
3492 5083 3555 5121 ac
3602 5066 3855 5137 posteris

2157 5163 2409 5231 qualibet
2430 5168 2590 5232 parte
2615 5164 3039 5219 communionis
3092 5165 3435 5230 heereamus,
3484 5182 3615 5218 cum
3672 5166 3853 5219 Belial

2156 5276 2285 5313 cum
2341 5262 2567 5315 Christo
2619 5267 2814 5316 nostro
2856 5263 3176 5333 portionem
3231 5264 3443 5318 habere
3485 5280 3599 5317 non
3631 5264 3853 5334 possit?

2155 5358 2547 5411 Instructionis
2575 5366 2768 5413 autem
2792 5366 2991 5415 vestra:
3024 5361 3295 5415 interesse
3342 5362 3645 5427 credimus,
3693 5367 3756 5414 ut
3784 5378 3854 5415 ea

2153 5472 2283 5526 quae
2316 5456 2467 5524 apud
2496 5472 2599 5509 nos
2622 5456 3034 5527 Nicopolitanis
3050 5460 3139 5512 vel
3193 5459 3471 5513 Dardanis
3526 5464 3651 5513 acta
3692 5466 3849 5524 sunt,

2151 5554 2236 5607 vel
2264 5569 2376 5624 quo
2416 5553 2475 5607 in
2497 5554 2959 5611 communionem
2984 5556 3181 5612 ordine
3210 5562 3344 5612 sunt
3398 5556 3635 5629 recepti,
3684 5555 3853 5611 vobis
