3998 6172
187 251 269 303 397

185 482 237 521 xv
261 462 492 517 calendas
517 460 761 525 Martias,
794 457 1033 529 Agapito
1064 457 1316 512 consule.

759 547 1095 601 EPISTOLA
1134 548 1217 600 Χῐ.

185 659 238 697 AD
268 653 576 693 ANASTASIUM
607 653 911 702 ACGUSTUM,
947 653 1040 689 PER
1078 650 1358 689 ENNODIUH
1397 649 1735 702 TlClNENSEM,
1768 651 1831 689 ΕΤ

240 742 556 784 ΡΕΒΕϐΒιΝΗΜ
596 741 879 779 ΜΙΞΕΝΑῙῚΞ
919 741 1181 778 Εεειεέιε
1221 741 1273 777 IN
1314 740 1583 778 CAMPANIA
1623 739 1830 777 EPISCO-

242 834 336 875 POQ,
373 832 617 869 SECUNDIE
654 830 970 869 LEGATIONIS
1022 831 1087 867 AD
1138 829 1473 868 ANASTASIUM
1529 829 1834 869 DESTINATB

240 922 433 960 HUN'ERE
468 920 607 958 ΡΙ]Νο
617 919 779 956 ENTES
790 946 800 965 ,
840 918 1166 957 TRANSMISSA
1176 944 1188 955 .

187 997 363 1050 Pacem
414 991 674 1046 Ecclesiae
715 1007 831 1046 non
883 992 1002 1045 nisi
1074 991 1349 1045 damnato
1404 993 1619 1046 Acacio
1665 1003 1835 1062 posse

861 1080 1113 1136 restitui.

243 1171 515 1225 Hormisda
542 1169 840 1223 Anastasio
873 1172 1130 1240 Augusto
1156 1185 1257 1240 per
1294 1168 1616 1223 Ennodium
1648 1174 1704 1222 et
1722 1170 1831 1223 Pe-

184 1261 436 1331 regrinum
471 1260 789 1330 episcopos.

240 1353 363 1404 Dum
406 1348 610 1418 legatis
660 1346 1117 1401 mansuetudinis
1166 1352 1369 1399 vestrm
1420 1345 1836 1414 remeantibus,

184 1440 235 1492 ad
266 1440 465 1491 litteras
494 1443 706 1489 vestras
737 1442 793 1490 et
827 1437 1092 1490 mandata
1127 1435 1417 1506 respondi,
1451 1451 1568 1488 non
1599 1435 1835 1504 quidem

183 1529 408 1581 universa
438 1526 633 1595 plene,
666 1525 810 1578 sicut
842 1525 1181 1595 magnitudo
1212 1524 1291 1578 rei
1345 1524 1692 1594 postulabat,
1734 1539 1837 1578 ex-

180 1616 398 1687 pediens,
431 1620 489 1667 et
540 1619 733 1667 tamen
765 1631 869 1684 pro
924 1620 1181 1684 tempore
1231 1618 1380 1667 certa
1424 1614 1833 1683 perstringens.

180 1705 361 1759 Verum
390 1702 497 1755 etsi
527 1702 880 1756 sufﬁcienter
919 1719 1011 1756 me
1044 1704 1295 1772 allegare
1342 1702 1537 1755 omnia
1566 1700 1838 1771 contigis-

180 1795 274 1856 set;
311 1790 571 1860 nunquid
610 1806 783 1860 agens
829 1791 979 1860 apud
1031 1790 1395 1844 clementiam
1427 1794 1673 1843 vestram
1708 1804 1840 1843 cau-

180 1896 275 1931 sam
304 1878 448 1943 fidei,
488 1884 748 1947 poteram
799 1879 1057 1949 repetitis
1092 1878 1353 1948 precibus
1385 1877 1841 1947 importunitatis

182 1968 385 2021 incessi?
424 1968 694 2021 Timeant
724 1972 919 2021 notam
946 1967 1119 2036 hujus
1148 1966 1598 2036 ingratitudiuis,
1632 1966 1842 2036 quibus

181 2072 291 2109 cura
322 2061 400 2109 est
438 2056 695 2109 studium
745 2055 992 2125 negotiis
1048 2071 1257 2109 navare
1310 2055 1637 2109 mundanis.
1688 2055 1843 2123 Opus

182 2160 275 2197 non
306 2146 497 2213 implet
531 2145 843 2214 Evangelii,
873 2144 970 2214 qui
1001 2162 1028 2196 a
1058 2129 1467 2213 praedicatione
1500 2144 1621 2213 ejus
1646 2142 1841 2197 venia-

184 2233 287 2286 liter
313 2240 465 2303 putat
486 2249 657 2304 posse
685 2233 910 2286 cessari.
957 2232 1298 2302 Pervigilem
1341 2236 1634 2301 pastorum
1682 2247 1844 2301 opor-

182 2326 245 2373 tet
270 2338 376 2374 esse
414 2320 761 2387 custodiam,
796 2325 852 2373 et
900 2320 1127 2373 lumbos
1158 2319 1280 2372 sine
1312 2319 1660 2373 relaxatione
1690 2334 1843 2389 prie-

181 2410 380 2463 cinctos.
446 2412 622 2464 Bonae
682 2407 1089 2463 admonitionis
1149 2408 1295 2461 sicut
1349 2411 1571 2461 constat
1620 2407 1844 2462 dulcem

179 2499 415 2563 fructum,
444 2500 524 2551 ita
558 2499 684 2567 ejus
715 2514 829 2551 non
860 2498 1023 2551 decet
1054 2513 1174 2549 esse
1223 2496 1536 2550 fastidium.
1569 2498 1635 2550 Et
1682 2498 1842 2563 alias,

181 2602 261 2638 cur
292 2587 691 2657 postulationis
722 2602 863 2639 meas
899 2588 1195 2638 molestam
1228 2586 1612 2637 masuetudini
1644 2592 1845 2639 vestrm

180 2680 448 2745 quisquam
482 2677 641 2729 dicat
672 2690 792 2728 esse
828 2674 1235 2744 frequentiam,
1276 2690 1406 2726 cum
1462 2689 1565 2743 per
1605 2690 1672 2726 ea
1714 2689 1846 2744 quae

182 2764 301 2817 ﬁunt
328 2781 390 2817 ex
421 2764 621 2818 officio
654 2780 801 2828 meo,
829 2780 932 2833 per
963 2762 1213 2815 remedia
1252 2760 1385 2815 ﬁdei
1418 2768 1606 2815 vestro
1647 2778 1846 2816 consu-

181 2853 302 2905 latur
330 2852 615 2923 imperio?
651 2852 868 2906 Etenim
895 2868 1022 2922 quae
1056 2867 1147 2904 me
1178 2856 1398 2915 onerat,
1432 2866 1588 2917 cura,
1619 2867 1719 2904 vos
1748 2866 1843 2905 re-

1444 237 1793 293 EPlSTOL/E
1832 237 1915 292 ET
1954 235 2281 291 DECRETA
2296 276 2310 290 .

184 384 294 432 nota
330 374 628 429 faceremus
680 370 933 441 ipsarum
987 368 1233 422 lectione
1294 368 1640 425 chartarum.
1686 372 1822 426 Data
1858 368 2187 434 AAcacius,

1878 1658 1917 1711 Β

3524 237 3627 293 398

2263 366 2363 437 qui
2422 382 2585 421 caeno
2644 366 2815 435 Petri,
2870 366 3124 421 Dioscori
3175 371 3231 421 et
3305 368 3627 438 Eutychetis

1941 457 2208 528 dogmate
2258 461 2313 510 et
2347 456 2755 509 communione
2802 456 3078 525 pollutus,
3127 456 3265 510 dum
3311 457 3628 528 copulatur,

1940 545 2246 599 immersus
2276 545 2395 599 est?
2418 544 2573 598 lllius
2603 545 2892 598 sustinens
2922 544 2984 598 in
3010 544 3488 600 condemnatione
3510 562 3635 616 sup-

1940 634 2197 703 plicium,
2226 634 2387 703 cujus
2436 632 2610 702 elegit
2658 632 2722 685 in
2764 632 3172 687 communione
3228 634 3630 687 consortium?

1941 723 2048 787 Qui
2078 723 2291 776 viritim
2319 725 2551 792 propter
2581 721 2905 792 impietates
2937 737 3067 775 suas
3108 722 3318 775 horum
3371 722 3635 793 singulos

1942 814 2081 877 odit,
2106 818 2161 865 et
2190 812 2250 865 in
2290 812 2400 864 illis
2427 812 2694 864 Acacium
2729 825 2956 863 necesse
2984 813 3067 864 est
3106 809 3314 878 oderit,
3346 814 3403 865 et
3433 826 3636 864 omnes

1941 899 2001 955 in
2030 900 2230 955 Acacio
2265 916 2383 954 non
2426 899 2651 953 amarit.
2685 899 2765 953 Ab
2808 897 2903 952 illo
2950 914 3054 968 per
3085 898 3405 953 Orientales
3448 899 3635 953 Eccle-

1942 987 2052 1042 sias
2077 988 2423 1042 fermentum
2452 987 2682 1041 nefandi
2704 987 2910 1040 erroris
2935 986 3189 1041 inolevit.
3221 987 3361 1042 Inde
3393 988 3636 1042 Alexan-

1942 1078 2123 1132 drina:
2222 1077 2481 1146 perﬁdiae
2584 1092 2837 1146 eousque
2912 1076 3129 1129 nutrita
3196 1075 3479 1145 superbia.
3577 1082 3638 1129 ut

1940 1183 2059 1219 non
2091 1166 2432 1236 acquiescat,
2461 1165 2610 1218 sicut
2653 1164 2978 1234 scripsistis,
3033 1165 3316 1218 mandatis
3359 1166 3631 1218 salutari-

1945 1257 2070 1323 bus,
2122 1256 2282 1325 cujus
2326 1254 2636 1307 famulatur
2686 1253 2971 1323 imperiis;
3025 1257 3082 1307 et
3122 1252 3178 1306 in
3230 1269 3423 1307 errore
3456 1253 3627 1308 decli-

1945 1344 2156 1412 nando,
2184 1360 2298 1397 non
2328 1347 2600 1413 sequatur
2630 1341 3106 1408 admonitionem,
3132 1341 3294 1411 cujus
3322 1342 3382 1395 in
3406 1343 3639 1412 agendis

1945 1434 2116 1488 rebus
2144 1432 2434 1502 experitur
2463 1430 2573 1484 sibi
2607 1431 2808 1484 utilem
2840 1434 3205 1501 potestatem.
3244 1430 3402 1484 Unde
3434 1434 3490 1484 et
3512 1447 3631 1483 ma-

1940 1523 2067 1593 jore
2096 1519 2429 1591 hujusmodi
2461 1519 2726 1574 homines
2758 1519 3029 1573 convenit
3054 1520 3430 1574 detestatione
3451 1517 3638 1585 vitari,

1947 1611 2083 1683 quia
2127 1627 2256 1681 quae
2315 1610 2515 1663 docere
2548 1608 2892 1677 debuerunt,
2939 1625 3042 1662 nec
3082 1609 3218 1663 dum
3271 1608 3340 1663 ab
3388 1608 3513 1661 aliis
3552 1607 3639 1661 in-

1948 1703 2271 1765 struuntur,
2309 1700 2638 1763 assumunt;
2699 1702 3032 1768 spernentes
3082 1698 3142 1751 in
3192 1696 3279 1751 his
3307 1697 3645 1767 imperantis

1948 1788 2188 1855 monita,
2221 1787 2283 1841 in
2308 1787 2519 1858 quibus
2560 1792 2786 1842 tantum
2828 1804 2941 1841 non
2986 1787 3178 1841 timeri
3218 1786 3496 1858 jubentur
3536 1786 3643 1840 im-

1948 1877 2138 1947 peria;
2199 1883 2257 1931 et
2313 1878 2682 1931 immemores
2741 1876 3062 1931 devotionis
3133 1880 3335 1930 contra
3399 1876 3642 1929 salutem

1949 1963 2179 2032 animae,
2230 1981 2370 2035 quos
2419 1970 2781 2020 contumaces
2822 1982 2941 2019 esse
2992 1964 3246 2035 oportuit
3288 1981 3391 2036 pro
3441 1964 3642 2018 salute.

1950 2054 2063 2108 Hos
2107 2053 2396 2107 mentibus
2443 2054 2682 2124 perditis
2732 2070 2903 2109 ausus
2965 2053 3209 2108 nutrivit
3276 2054 3468 2108 Acacii
3513 2069 3644 2107 cum

1949 2142 2180 2214 perﬁdis
2214 2143 2412 2213 juncta
2458 2144 2834 2198 communio:
2872 2148 3041 2213 atque
3088 2143 3216 2197 ideo
3265 2142 3639 2197 mstimandus

1951 2236 2035 2286 est
2064 2230 2310 2286 auctoris
2358 2232 2505 2299 loco,
2552 2234 2714 2302 cujus
2763 2232 2993 2303 gravius
3040 2236 3310 2302 peccatur
3362 2231 3644 2302 exemplo.

1950 2320 2104 2375 Nihil
2154 2321 2308 2375 enim
2358 2320 2497 2374 vitia
2541 2320 2727 2391 magis
2776 2336 2949 2392 quam
3000 2321 3243 2374 imitatio
3296 2320 3466 2385 fovet,
3510 2320 3647 2374 dum

1952 2411 2264 2464 creduntur
2292 2427 2410 2463 non
2441 2410 2821 2480 improbanda
2851 2426 2994 2476 esse,
3028 2409 3101 2463 ad
3128 2425 3258 2480 quae
3286 2409 3383 2463 alii
3418 2425 3647 2480 quoque

1954 2498 2215 2552 videntur
2241 2499 2527 2553 accedere.
2566 2497 2807 2569 Fragilis
2836 2503 2921 2551 est
2959 2503 3014 2552 et
3044 2498 3257 2552 caduca
3283 2499 3599 2553 mortalitas
3632 2516 3645 2553 :

1953 2587 2043 2641 vix
2092 2586 2327 2642 nefarias
2371 2586 2748 2657 cogitationes
2797 2587 2935 2641 dum
2978 2587 3443 2657 comprimuntur
3496 2587 3646 2641 inte-

1956 2680 2144 2730 reunt.
2186 2668 2343 2729 Jacet
2373 2692 2569 2729 semen
2604 2676 2844 2729 noxium
2887 2675 2993 2729 sub
3030 2691 3246 2741 errore,
3280 2692 3382 2729 nec
3413 2675 3604 2730 deﬁcit
3632 2692 3646 2729 :

1955 2765 2134 2819 latum
2153 2765 2352 2834 pandit
2383 2764 2918 2834 derelinquentibus
2948 2763 3167 2817 aditum
3190 2764 3499 2834 quijungit
3517 2781 3645 2818 cum

1957 2852 2322 2923 improbitate
2356 2869 2717 2906 consensum.
2756 2852 3006 2919 Utinam,
3048 2851 3420 2905 invictissime
3460 2854 3643 2924 impe-

181 2941 301 2993 lcvat
333 2958 344 2994 :
377 2943 515 2994 mihi
581 2941 879 3007 incumbit,
929 2941 1026 2993 sed
1058 2939 1219 2993 vobis
1269 2938 1559 3008 proﬁciet;
1616 2940 1743 2994 licet
1776 2956 1841 2993 ex
1883 2961 1924 3015 ρ
1954 2947 2124 3007 rator,
2156 2943 2304 2995 inter
2342 2941 2465 3011 ipsa
2495 2941 2819 3010 apostolica
2843 2940 3214 2993 districtionis
3245 2939 3409 2994 initia
3450 2941 3647 2995 Orien-

180 3028 368 3082 diverso
400 3030 628 3083 semine
669 3046 817 3082 unus
862 3030 1077 3082 fructus
1105 3028 1406 3081 amborum
1436 3024 1537 3081 est.
1584 3029 1724 3082 Nam
1770 3028 1844 3082 si-

180 3123 256 3170 cut
280 3136 439 3187 poena
467 3122 555 3171 est
588 3133 690 3171 nec
721 3118 907 3170 dicere
940 3118 1055 3170 Deo
1089 3120 1336 3185 accepta,
1379 3132 1483 3168 nec
1522 3115 1725 3181 facere,
1770 3114 1848 3168 ita

179 3213 305 3259 certa
342 3206 734 3261 remuneratio
767 3207 853 3259 vel
893 3206 976 3259 illi
1009 3206 1107 3275 qui
1130 3204 1405 3274 spiritalia
1432 3203 1845 3274 praedicaverit,

180 3296 247 3348 vel
276 3295 349 3349 illi
388 3297 487 3367 qui
529 3295 732 3348 audita
771 3311 884 3348 non
916 3294 1212 3364 spreverit.
1250 3292 1417 3346 Dedit
1461 3294 1693 3363 quidem
1728 3294 1845 3346 cle-

179 3386 359 3438 mentia
386 3392 585 3439 vestra
625 3385 799 3437 veluti
831 3384 1084 3437 obsidem
1125 3383 1406 3453 propositi
1438 3383 1525 3436 sui
1557 3383 1662 3436 sub
1693 3382 1850 3436 testi-

180 3475 341 3531 monio
381 3474 708 3544 imperialis
738 3474 992 3543 alloquii,
1043 3477 1099 3526 et
1129 3489 1186 3525 se
1228 3473 1388 3542 quasi
1416 3472 1661 3541 pignore
1695 3488 1847 3542 quo-

179 3560 284 3616 dam
308 3563 467 3616 bona:
496 3561 820 3616 voluntatis
851 3560 1149 3614 astrinxit?
1176 3562 1274 3614 sed
1324 3577 1467 3631 opus
1512 3566 1598 3614 est
1648 3561 1849 3631 coeptis

177 3652 387 3720 adjicere
419 3652 763 3706 ﬁrmitatem
806 3667 818 3703 :
862 3655 1090 3703 sumant
1132 3652 1367 3720 plenum
1399 3651 1662 3704 decorem
1698 3651 1852 3721 jacta

176 3740 484 3796 fundamina
518 3758 532 3795 :
575 3757 693 3794 non
736 3740 1102 3793 remittantur
1138 3743 1571 3810 propugnantes
1615 3757 1717 3811 pro
1750 3740 1851 3795 Dei

178 3828 405 3883 Ecclesiis
442 3846 682 3885 manus.
716 3830 900 3882 Toties
935 3828 1280 3882 lsraeliticus
1316 3830 1491 3882 hostis
1520 3829 1847 3895 intercedit,

178 3919 368 3987 quoties
398 3921 629 3990 Moyses
672 3918 903 3971 brachia
950 3934 1066 3970 non
1098 3917 1335 3971 remisit.
1384 3917 1626 3971 Effectus
1656 3934 1850 3988 opera,

177 4008 282 4059 finis
331 4007 710 4062 commendat
749 4006 929 4059 initia.
977 4006 1097 4059 Non
1140 4006 1374 4076 prodest
1413 4006 1647 4076 ccepisse
1688 4008 1852 4061 dese-

180 4101 393 4161 rentem,
448 4097 593 4167 quia
642 4095 761 4147 sola
804 4094 1226 4165 perseverantia
1273 4093 1409 4148 ﬁdei
1461 4095 1559 4147 dat
1587 4096 1850 4150 salutem.

181 4183 556 4239 Benedicimus
590 4186 795 4249 Deum,
843 4184 1005 4252 cujus
1057 4182 1177 4236 zelo
1218 4183 1399 4252 pietas
1442 4188 1627 4237 vestra
1666 4188 1852 4237 trans-

1956 3032 2099 3086 tales
2157 3030 2413 3084 Ecclesiae
2470 3029 2659 3084 Acacii
2720 3028 2985 3098 contagia
3037 3027 3284 3081 nefanda
3331 3029 3645 3084 vitassent:

1957 3135 2073 3173 non
2094 3134 2194 3190 per
2225 3119 2437 3172 multos
2469 3134 2629 3171 error
2658 3117 2754 3171 ille
2796 3117 2966 3170 noxia
2998 3132 3218 3170 venena
3264 3115 3643 3184 diffunderet;

1956 3208 2080 3278 ipsa
2124 3223 2356 3279 quoque
2402 3212 2590 3261 erecta
2630 3211 2765 3259 tunc
2804 3204 3059 3259 fortassis
3105 3203 3505 3260 Alexandrinae
3552 3207 3652 3261 Ec-

1956 3294 2139 3350 clesiae
2188 3301 2321 3350 tunc
2367 3295 2511 3350 colla
2539 3294 2897 3362 cecidissent,
2929 3294 3066 3347 dum
3113 3294 3434 3364 perculsam
3485 3294 3655 3366 perﬁ-

1958 3386 2111 3440 diam
2138 3401 2298 3440 suam
2330 3386 2391 3441 in
2421 3384 2788 3440 damnatione
2822 3383 3124 3438 imitatoris
3165 3390 3565 3453 agnoscerent,
3597 3391 3654 3439 et

1958 3474 2257 3546 displicere
2290 3476 2347 3529 in
2380 3474 2755 3545 complicibus
2787 3489 2845 3527 se
2875 3472 3152 3527 viderent.
3188 3473 3294 3527 Sed
3333 3473 3470 3527 dum
3507 3474 3654 3528 male

1962 3565 2159 3619 nutriti
2193 3566 2453 3619 foveatur
2476 3580 2717 3631 errores,
2745 3566 2799 3617 et
2830 3578 3139 3632 pravorum
3186 3578 3499 3617 consensus
3531 3562 3657 3617 iuu-

1960 3654 2076 3707 tilis
2115 3653 2383 3723 {equitate
2434 3654 2772 3724 corrigenda
2809 3652 3222 3716 dissimulatur,
3258 3668 3362 3722 per
3406 3651 3659 3723 impuni-

1906 3786 1915 3795 .
1960 3748 2136 3797 tatem
2170 3742 2509 3811 sequacium
2546 3744 2694 3796 mala
2728 3743 3001 3811 dogmata
3031 3741 3436 3812 multiplicavit
3464 3745 3656 3795 aucto-

1960 3847 2110 3885 rum.
2148 3831 2211 3883 Et
2241 3846 2337 3883 vos
2388 3830 2643 3899 quidem,
2690 3829 2736 3883 si
2782 3831 2989 3900 placet,
3030 3846 3065 3884 a
3090 3830 3207 3884 Deo
3254 3829 3436 3901 (adeo)
3467 3830 3659 3884 efﬁca-

1960 3920 2099 3973 citer
2147 3918 2484 3988 impetretis,
2530 3925 2591 3972 ut
2630 3919 3028 3973 condemnetis
3058 3924 3310 3974 vestrum
3354 3919 3423 3973 de
3469 3918 3657 3973 alieno

1964 4025 2156 4063 errore
2185 4008 2562 4078 propositum.
2619 4007 2728 4062 Sed
2775 4008 3142 4077 cogitandum
3196 4013 3303 4076 est,
3334 4008 3657 4062 clementis-

1964 4097 2105 4150 sime
2136 4096 2470 4166 imperator,
2504 4096 2550 4148 si
2583 4096 2634 4149 ei
2663 4096 2816 4165 apud
2855 4098 3035 4150 Deum
3066 4094 3312 4149 sufﬁciat
3331 4102 3520 4149 errata
3540 4096 3656 4149 cul-

1966 4200 2150 4256 passe,
2180 4185 2272 4239 cui
2304 4185 2462 4239 dedit
2499 4201 2665 4255 posse
2707 4185 2995 4254 corrigere
3029 4201 3041 4238 :
3077 4200 3188 4237 non
3222 4189 3307 4238 est
3350 4183 3663 4237 differenda

181 4287 440 4338 gressores
488 4273 709 4344 impios
739 4271 1064 4328 Nestorium
1105 4276 1160 4324 et
1188 4270 1582 4341 Eutychetem,
1629 4273 1716 4325 vel
1761 4287 1856 4325 eos
1894 4308 1938 4361 D
1970 4274 2187 4328 curatio
2222 4291 2235 4327 :
2266 4274 2680 4327 admoveantur
2725 4273 2958 4327 medicae
2992 4272 3292 4343 profundis
3332 4272 3663 4326 vulneribus

180 4364 545 4433 persequitur,
598 4362 702 4433 qui
752 4377 881 4414 cum
904 4360 1163 4414 nefandis
1195 4365 1252 4413 et
1291 4359 1580 4429 sacrilegis
1621 4361 1857 4429 dogma-

181 4451 309 4504 tibus
358 4452 735 4523 proﬁtentur.
779 4450 987 4504 Probat
1048 4449 1234 4503 odisse
1279 4466 1337 4502 se
1386 4449 1542 4514 vitia,
1594 4449 1694 4519 qui
1733 4465 1863 4502 con-

182 4538 387 4595 demnat
428 4545 715 4606 errantes,
766 4555 869 4593 nec
901 4538 1173 4609 relinquit
1211 4538 1319 4591 sibi
1351 4538 1540 4591 locum
1573 4537 1861 4605 deviandi,

184 4630 264 4696 qui
308 4647 421 4684 non
491 4628 821 4701 pepercerit
866 4628 1174 4681 excedenti.
1242 4628 1467 4680 Primus
1523 4625 1865 4679 innocentiae

184 4718 367 4785 gradus
406 4726 517 4785 est,
572 4718 762 4772 odisse
807 4716 1088 4786 culpanda
1123 4731 1137 4769 :
1176 4716 1271 4769 sed
1312 4714 1568 4769 veritatis
1608 4715 1866 4784 interest,

186 4804 390 4860 domine
441 4807 552 4875 ﬁli,
612 4812 670 4860 et
714 4805 1011 4859 catholicae
1061 4804 1398 4875 dizciplinae,
1455 4808 1516 4857 ut
1562 4808 1868 4858 sectatores

185 4894 331 4948 etiam
362 4911 571 4950 eorum
603 4902 773 4965 atque
806 4894 1113 4964 participes
1152 4892 1408 4959 oderitis,
1437 4908 1683 4963 quorum
1712 4909 1868 4946 exse-

186 4987 404 5038 crandos
434 4985 735 5055 principes
762 4984 1049 5053 judicatis.
1088 4984 1213 5037 Non
1256 4983 1315 5036 in
1356 4982 1695 5037 damnandis
1726 4982 1867 5048 sola,

188 5070 232 5124 id
260 5080 336 5127 est
355 5081 512 5129 certa
548 5073 810 5134 nomina,
845 5074 941 5127 sed
973 5072 1035 5126 in
1078 5072 1168 5126 his
1212 5072 1386 5126 etiam
1426 5071 1525 5141 qui
1571 5071 1871 5125 damnatos

188 5171 514 5231 sequuntur,
550 5168 687 5216 sunt
717 5162 958 5216 crimina
996 5161 1409 5232 persequenda.
1450 5160 1681 5214 Frustra
1712 5176 1870 5213 aver-

188 5250 284 5302 sari
314 5268 368 5304 se
409 5252 619 5322 plures
669 5250 886 5317 asserit,
915 5250 1015 5321 qui
1047 5266 1227 5304 unum
1260 5250 1329 5303 de
1360 5249 1446 5303 his
1486 5249 1585 5318 qui
1627 5248 1873 5302 detesta-

188 5338 325 5393 tione
354 5341 519 5410 digni
545 5340 885 5410 judicantur
901 5340 1186 5411 exceperit
1217 5355 1229 5392 :
1266 5354 1378 5392 non
1413 5338 1565 5391 enim
1601 5352 1875 5391 numerus

192 5430 489 5482 errantium
526 5429 857 5496 hominum,
887 5430 986 5483 sed
1036 5428 1308 5482 meritum
1356 5426 1747 5480 consideratur
1786 5443 1875 5480 er-

191 5530 393 5573 rorum.
439 5520 563 5574 lloc
616 5518 763 5586 ideo,
814 5536 883 5573 ne
939 5518 1103 5573 facile
1150 5521 1312 5589 putet
1358 5522 1545 5570 vestra
1575 5516 1880 5571 clementia

195 5603 368 5663 Acacii
392 5608 865 5680 praetereundam
897 5623 1021 5663 esse
1047 5620 1372 5677 personam.
1409 5604 1612 5662 Nonne
1657 5604 1753 5661 ille
1795 5608 1880 5662 est

1972 4380 2191 4417 manus.
2224 4362 2352 4416 Sola
2386 4367 2516 4415 ante
2559 4362 2823 4415 Acacium
2873 4361 3218 4416 Alexandria
3248 4360 3507 4431 perﬁdia:
3546 4376 3663 4414 sua:

1973 4452 2222 4505 foeditate
2281 4452 2566 4505 sordebat.
2642 4450 2926 4521 Respicite
2993 4454 3235 4521 quantas
3287 4451 3408 4521 jam
3471 4454 3665 4521 partes

1973 4539 2295 4595 emendatio
2378 4540 2638 4609 neglecta
2690 4539 2979 4610 polluerit.
3057 4538 3367 4610 Quousque
3430 4539 3662 4610 peteris,

1975 4630 2209 4685 domine
2240 4628 2343 4695 ﬁli,
2377 4628 2680 4683 Ecclesiam
2722 4628 2823 4683 Dei
2871 4626 3215 4682 divisionem
3269 4643 3504 4683 suorum
3533 4644 3670 4684 mce-

1974 4736 2098 4775 rere
2131 4719 2563 4772 membrorum?
2593 4717 2909 4789 anticipent
2944 4717 3221 4771 beneﬁcia
3254 4722 3353 4772 tua
3384 4718 3454 4772 ad
3483 4718 3665 4773 Deum

1975 4814 2323 4878 perventura
2357 4806 2602 4876 suspiria
2633 4823 2647 4860 :
2682 4822 2908 4860 assume
2958 4805 3090 4860 ﬁdei
3138 4822 3333 4860 curam
3367 4822 3382 4860 :
3416 4813 3474 4861 et
3506 4806 3672 4862 vexil-

1976 4898 2095 4951 lum
2124 4897 2316 4949 salutis
2344 4896 2631 4949 attollens.
2667 4895 2732 4949 ad
2762 4910 2986 4949 errores
3036 4895 3104 4948 ab
3147 4896 3313 4949 Israel
3361 4911 3673 4951 removen-

1977 4987 2078 5040 dos
2106 4986 2256 5038 velut
2292 4984 2555 5037 Ezechias
2601 4984 2745 5038 alter
2774 5000 3016 5054 exsurge
3050 5000 3065 5037 :
3098 4983 3180 5037 fas
3222 4984 3325 5038 tibi
3366 4985 3536 5038 laude
3564 5002 3674 5039 no-

1980 5089 2181 5128 vorum
2212 5088 2451 5142 operum
2486 5072 2683 5125 titulos
2717 5088 2946 5142 aequare
2977 5072 3320 5142 priscorum.
3358 5073 3461 5125 llle
3507 5073 3672 5127 dissi-

1978 5163 2134 5235 pavit
2158 5162 2398 5228 excelsa,
2436 5167 2491 5215 tu
2526 5161 2852 5231 superbiam
2874 5167 3076 5215 erectae
3098 5161 3407 5231 impietatis
3425 5160 3673 5216 inclina:

1981 5254 2075 5306 ille
2135 5251 2438 5304 simulacra
2495 5249 2778 5314 contrivit,
2814 5258 2872 5303 tu
2928 5250 3070 5304 dura
3127 5249 3449 5304 inﬁdelium
3507 5250 3679 5306 corda

1984 5338 2317 5409 confringe:
2352 5338 2451 5392 ille
2482 5339 2823 5392 memoriam
2860 5339 3137 5409 serpentis
3166 5339 3311 5393 aenei
3342 5341 3593 5407 sustulit,
3617 5345 3681 5395 tu

1983 5427 2137 5481 virus
2168 5426 2469 5497 praesentis
2511 5427 2761 5481 effunde.
2798 5428 2948 5482 Offer
2998 5428 3114 5481 Deo
3163 5432 3316 5481 recta
3347 5445 3475 5500 quae
3514 5429 3679 5499 fecit;

1986 5523 2043 5572 et
2066 5532 2234 5587 spera
2262 5516 2414 5571 dona
2446 5533 2574 5587 qua:
2595 5516 2823 5571 meruit.
2855 5514 3067 5571 Fidelis
3094 5518 3179 5570 est
3197 5518 3346 5572 enim
3379 5517 3681 5587 Dominus,

1988 5604 2091 5679 qui
2104 5603 2291 5663 reddit
2309 5604 2564 5678 singuli:
2580 5604 2890 5664 secundum
2908 5620 3084 5678 opera
3098 5621 3296 5665 eorum
3314 5607 3537 5677 (Matth.
3551 5607 3678 5673 im).
