4038 6170
329 249 434 305 399

1766 246 2141 302 HORMISD/E
2179 247 2373 302 PAPz’E

3714 248 3824 302 400

331 380 396 434 In
424 383 620 451 aperto
644 348 735 435 est
764 384 978 451 quanta
1005 379 1080 433 sit
1100 377 1443 448 exspectatio
1474 377 1751 444 ﬁdelium,
1791 380 2008 447 quanta
2044 384 2090 435 Α
2116 376 2223 431 acti
2256 377 2530 447 temporis
2563 381 2730 431 recta“:
2760 380 2917 447 tegat
2947 376 3217 430 sedulitas
3261 377 3523 432 actionis.
3574 378 3815 431 Praestat

331 470 634 541 trepidatio
659 470 1034 540 perﬁdorum.
1061 467 1145 522 Illi
1185 467 1447 522 ambiunt
1475 467 1722 537 gaudere
1761 482 1892 521 cum
1918 482 2019 520 an-

332 560 477 630 gelis
503 560 571 613 de
602 560 844 630 receptis
876 576 889 613 :
916 558 1019 629 [isti
1049 560 1333 624 metuunt,
1367 574 1436 611 ne
1474 557 1544 611 ab
1575 556 1664 611 his
1696 572 1837 627 quos
1863 556 2023 610 dece-

338 653 545 719 perant
587 648 865 715 destituti,
910 646 1090 719 poenis
1129 650 1466 701 remaneant
1485 646 1841 717 praeparatis.
1876 647 2019 700 Pen-

333 739 472 794 dent
527 738 691 793 anxia
738 738 909 792 corda
966 741 1322 792 cunctorum.
1386 738 1466 791 Ab
1515 736 1740 791 ultimis
1788 736 1859 791 ad
1915 751 2021 789 nos

332 828 527 883 Galliis
553 828 762 881 directa
796 827 1027 898 legatio,
1060 827 1107 881 si
1148 827 1287 898 quid
1322 827 1391 881 de
1422 827 1639 881 unitate
1667 826 2020 895 redintegra-

329 917 502 973 tionis
553 916 871 970 sollicitudo
920 920 1117 971 nostra
1178 915 1574 987 promovisset,
1627 914 1778 969 fama
1805 918 2015 980 secuta,

331 1005 634 1060 consuluit.
670 1006 782 1058 Nec
810 1003 1038 1059 difﬁcile
1062 1021 1204 1075 opus
1224 1000 1541 1058 clementiae
1565 1008 1699 1058 tuae.
1733 1002 1848 1057 Scit
1870 1004 2019 1056 Deus

331 1110 564 1151 suorum
589 1094 881 1149 laboribus
915 1094 1236 1149 subvenire.
1274 1095 1338 1149 In
1371 1110 1478 1148 usu
1507 1098 1591 1147 est
1629 1093 1701 1147 ad
1731 1092 2019 1164 principes

328 1200 460 1238 suos
492 1187 820 1237 convertere
847 1184 992 1237 colla
1021 1183 1324 1253 subjectos.
1361 1185 1465 1237 Dat
1497 1182 1680 1253 specie
1702 1180 2018 1235 maximum

328 1274 558 1344 signum
589 1288 788 1326 recens
818 1272 1100 1342 religiosae
1138 1273 1430 1327 memoria:
1451 1271 1733 1326 'Marciani
1766 1270 2017 1339 impera-

330 1363 470 1416 toris
504 1362 848 1432 exemplum.
882 1361 1029 1425 Quid
1048 1362 1163 1432 egit
1192 1367 1328 1416 tunc
1354 1360 1574 1431 vulgus,
1612 1364 1709 1413 aut
1737 1359 2019 1429 populus?

332 1452 452 1505 Non
488 1467 632 1521 opus
661 1455 799 1505 nota
828 1450 1138 1505 revolvere.
1170 1451 1377 1505 Adulta
1408 1455 1491 1503 est
1515 1450 1760 1519 perﬁdia
1793 1448 1898 1501 ista
1918 1463 2020 1519 per

327 1539 539 1606 devios,
574 1538 757 1607 sopita
794 1554 898 1608 per
920 1538 1121 1608 justos.
1160 1538 1386 1593 Imitare
1419 1536 1675 1606 religiosi
1717 1536 2016 1606 integrita-

326 1632 444 1682 tem
481 1626 775 1698 propositi,
831 1642 1006 1697 quam
1062 1627 1250 1681 studio
1295 1626 1580 1680 civilitatis
1628 1626 1884 1697 mquasd.
1916 1625 2018 1696 {Ad

328 1717 451 1771 haec
498 1716 710 1771 nostris
764 1715 1050 1787 lacrymis,
1117 1715 1327 1771 nostris
1375 1715 1640 1787 precibus
1699 1715 2018 1786 allegand'a,

333 1806 654 1860 Ennodium
686 1808 857 1876 atque
909 1805 1285 1876 Peregrinum
1333 1805 1536 1859 fratres
1570 1810 1626 1859 et
1654 1805 2019 1876 coepiscopos

326 1899 549 1949 nostros
608 1894 726 1949 vice
774 1900 971 1949 nostra
1015 1910 1119 1964 pro
1148 1894 1470 1949 exhibenda
1500 1894 1672 1949 etiam
1704 1893 2022 1948 honoriﬁca

326 1984 669 2038 salutatione
698 1983 1038 2050 direximus;
1084 1984 1214 2037 ideo
1264 1984 1510 2038 maxime
1555 1984 1852 2053 designato
1896 1984 2019 2037 viro

327 2074 478 2127 fasce
511 2073 773 2127 secundae
805 2072 1112 2144 legationis
1142 2072 1435 2144 imposito,
1476 2077 1540 2127 ut
1570 2073 1669 2144 qui
1703 2073 1869 2127 nobis
1899 2072 2021 2143 spei

327 2161 490 2216 bona:
525 2162 728 2217 detulit
756 2161 1005 2229 initium,
1041 2178 1193 2216 nunc
1234 2163 1491 2233 adjutore
1520 2164 1637 2216 Deo
1670 2162 1906 2232 plenum
1929 2178 2019 2216 re-

326 2254 518 2320 portet
547 2249 834 2305 etfectum.
867 2250 1245 2321 Acquiescite,
1266 2267 1587 2321 precamur,
1610 2251 1879 2306 ﬁdelibus
1898 2266 2020 2305 mo-

325 2339 482 2406 nitis,
515 2338 675 2408 cujus
704 2355 805 2393 vos
834 2340 1143 2394 delectatos
1185 2340 1406 2395 dudum
1442 2341 1687 2411 legimus
1719 2339 2013 2394 institutis.

328 2430 469 2482 Data
498 2444 560 2482 III
585 2444 786 2482 nomas
816 2428 1048 2497 Aprilis,
1084 2429 1328 2500 Agapito
1364 2427 1487 2483 viro
1530 2429 1845 2484 clarissimo
1877 2444 2019 2483 con-

324 2517 446 2573 sule
479 2518 647 2587 (anno
677 2515 907 2571 Domini
937 2516 1085 2585 517).

929 2605 1263 2660 EPISTULA
1299 2606 1414 2661 XII.

323 2710 394 2749 ΔΙ)
447 2708 757 2748 TIMOTHEUM
814 2708 1495 2748 CONSTANTINOPOLITANUM
1552 2708 1847 2748 EPISCOPUM
1914 2709 2021 2747 ΗΕ·

399 2798 630 2837 RETICUM
680 2797 1091 2836 COMMONITORIA
1144 2798 1246 2837 PER
1288 2797 1653 2838 SUPRADICTOS
1691 2797 1943 2836 LEGATOS.

624 2872 737 2926 Pro
761 2871 985 2926 unitate
1016 2870 1290 2926 Ecclesia
1319 2871 1719 2926 laborandum.

393 2960 697 3015 Hormisda
769 2960 1070 3015 Timotheo
1154 2961 1421 3032 episcopo
1493 2958 2017 3030 Constantinopoli-

323 3054 479 3104 tano.

394 3139 519 3192 Non
563 3138 868 3193 mirabitur
894 3139 1122 3194 dilectio
1155 3142 1257 3194 tua
1296 3139 1577 3194 rationem
1630 3136 1907 3209 praeteriti
1938 3138 2012 3191 si-

322 3226 487 3280 lentii
513 3228 648 3295 mei,
683 3228 728 3280 si
761 3244 888 3298 quae
916 3228 1312 3299 praecesserint
1348 3229 1615 3295 universa
1644 3227 1964 3281 consideret
1997 3243 2010 3281 :

323 3331 440 3369 non
468 3316 770 3370 mirabitur
810 3317 1432 3388 praesensﬁalloquium,
1465 3317 1511 3370 si
1542 3332 1670 3387 quas
1702 3316 1774 3370 sit
1802 3317 1886 3368 vis
1917 3332 2015 3369 ca-

319 3403 499 3457 ritatis
550 3404 849 3474 expendat.
899 3405 1189 3460 Sustinere
1245 3405 1399 3459 enim
1441 3404 1651 3469 omnia]
1695 3404 2012 3469 caritatem,

319 3492 594 3562 magistro
624 3493 885 3563 gentium
919 3495 1155 3548 docente
1198 3495 1249 3563 (Ι
1281 3494 1400 3549 Cor.
1432 3494 1569 3563 xm).
1601 3492 2011 3563 cognovimus;

322 3597 452 3651 quae
492 3581 537 3633 si
570 3597 691 3649 sua,
725 3582 869 3636 sicut
893 3582 1146 3636 continet
1177 3582 1435 3636 doctrina
1466 3583 1606 3652 ipsa,
1637 3598 1749 3636 non
1782 3581 2011 3652 quaerit,

321 3686 393 3722 an
414 3670 728 3740 incongrue
760 3671 972 3725 abusus
992 3670 1294 3742 privilegio
1328 3687 1477 3738 meo,
1508 3671 1662 3742 quod
1692 3670 1795 3724 tibi
1829 3671 2013 3741 potius

319 3759 592 3829 prodesse
622 3760 821 3830 possit,
868 3761 1149 3815 exhibeo?
1193 3761 1528 3831 Exspectare
1577 3760 1733 3814 enim
1776 3776 1866 3814 me
1915 3761 2011 3814 de-

320 3849 436 3902 cuit
465 3850 535 3903 ab
584 3850 903 3904 errantium
942 3851 1346 3921 conjunctione
1393 3854 1448 3904 te
1493 3850 1761 3917 liberum,
1824 3853 1881 3902 et
1934 3849 2012 3902 sic

321 3953 517 3992 amare
565 3942 883 3993 correctum
922 3955 935 3993 :
984 3940 1177 3994 videre
1228 3940 1298 3994 ab
1346 3940 1740 4010 improbandis
1812 3938 2008 4003 dividi,

319 4031 491 4097 atque
546 4028 626 4082 ita
682 4026 957 4082 litterario
1002 4044 1263 4083 sermone
1307 4028 1630 4098 complecti.
1682 4028 1789 4082 Sed
1817 4029 2011 4098 [quem

320 4122 512 4187 Optem
542 4116 833 4185 reducem,
869 4134 971 4171 cur
1003 4118 1263 4173 differam
1288 4133 1486 4172 vocare
1513 4118 1879 4172 tardantem?
1900 4116 2012 4170 Cur

316 4220 436 4259 non
469 4206 634 4259 detur
662 4206 822 4261 locus
868 4206 1274 4275 moderationi,
1323 4222 1450 4260 cum
1495 4206 1639 4260 nihil
1688 4205 2010 4260 detrahitur

320 4294 615 4365 aequitati?
659 4295 1047 4366 Impendenda
1090 4300 1225 4350 sunt
1265 4311 1392 4366 qum
1439 4295 1831 4349 laborantibus
1878 4310 2006 4364 pro-

318 4387 468 4445 sunt,
496 4383 542 4437 si
570 4399 673 4437 nos
722 4384 1007 4438 societatis
1043 4384 1379 4454 contagione
1410 4399 1524 4437 non
1557 4384 1842 4453 polluunt.
1880 4383 2009 4437 Haec

318 4487 487 4524 causa
519 4472 662 4526 mihi
691 4472 801 4526 fuit
826 4472 1195 4544 prasentium
1230 4472 1571 4534 litterarum,
1604 4477 1668 4526 ut
1697 4473 1913 4540 horter,
1947 4476 2009 4525 ut

318 4574 607 4627 moneam,
634 4576 707 4615 ne
738 4566 951 4615 terram
982 4566 1235 4615 nostram
1262 4562 1458 4631 ljacere
1503 4561 1790 4631 patiamur
1819 4560 2007 4630 negli—

318 4647 544 4716 gentius
573 4647 961 4703 infecundam.
1010 4651 1136 4704 Non
1166 4650 1265 4703 diu
1294 4649 1707 4704 infructuosam
1743 4649 2006 4703 arborem

318 4750 595 4805 occupare
627 4738 811 4791 solum
846 4738 1090 4809 diligens
1133 4738 1417 4809 permittit
1467 4739 1715 4809 agricola
1744 4755 1756 4793 :
1791 4739 2009 4809 patien-

320 4829 407 4879 ter
437 4830 749 4895 exspectat;
783 4826 878 4880 sed
907 4827 1168 4897 nunquid
1200 4828 1304 4881 sub
1334 4827 1764 4882 continuatione
1794 4828 2004 4898 perdu-

314 4913 449 4969 rat?
480 4914 721 4969 Vocatus
769 4916 837 4969 ad
871 4915 1159 4984 salutaria,
1213 4932 1326 4970 non
1381 4918 1645 4971 moreris.
1692 4919 1873 4987 Prope
1933 4916 2004 4970 ab

317 5004 651 5059 innocentia
680 5021 796 5058 non
826 5006 1058 5075 recedit,
1084 5006 1184 5076 qui
1215 5006 1285 5060 ad
1316 5023 1439 5061 eam
1475 5006 1596 5061 sine
1623 5006 1889 5060 tarditate
1922 5022 2006 5061 re-

314 5095 497 5148 vertit.
533 5094 752 5149 Movere
782 5095 1014 5149 Patrum
1055 5095 1309 5162 monitis,
1353 5100 1410 5149 et
1435 5096 1704 5150 insistens
1738 5095 2003 5149 ﬁdelibus

315 5183 438 5237 sine
469 5184 630 5253 lapsu
654 5187 752 5237 aut
782 5199 975 5237 errore
999 5184 1271 5253 vestigiis,
1307 5183 1686 5252 prazcedentia
1717 5184 1870 5237 dilue
1900 5199 2004 5254 per

311 5271 522 5326 futura.
543 5272 775 5343 Adjacet
803 5272 906 5326 tibi
936 5272 1107 5326 modo
1132 5273 1201 5325 ad
1227 5272 1384 5341 justa
1414 5273 1657 5341 populos
1688 5271 1999 5333 incitando.

309 5361 483 5413 modo
523 5375 627 5428 pro
681 5361 791 5415 ﬁde
836 5360 1251 5431 principalibus
1299 5360 1551 5430 vestigiis
1603 5361 1997 5433 supplicando,

307 5446 553 5516 dirigere
584 5450 739 5518 quod
774 5450 1000 5503 devium
1057 5454 1159 5516 est,
1216 5448 1458 5503 solidare
1505 5451 1662 5521 quod
1710 5450 1946 5505 dubium
1984 5468 1996 5505 :

305 5549 520 5606 magno
548 5540 604 5591 te
630 5538 903 5593 convenit
930 5538 1125 5594 labore
1149 5536 1474 5609 providere,
1506 5543 1570 5593 ut
1598 5554 1795 5595 causas
1825 5544 2001 5595 trans-

2060 1689 2100 1742 B

2129 465 2365 536 quidem
2411 466 2617 519 animae
2669 481 2805 533 sua,
2861 481 2963 536 per
3017 482 3187 536 quem
3240 466 3547 520 universali
3603 466 3827 537 aliquid

2131 555 2352 609 confert
2379 554 2660 609 Ecclesiae.
2694 555 2761 608 Et
2790 555 2869 608 ita
2901 571 2957 607 se
2990 571 3077 609 res
3108 555 3299 621 habet,
3341 560 3405 609 ut
3434 556 3479 609 si
3511 555 3823 621 studiosus,

2129 644 2175 698 si
2203 644 2519 699 indefessus
2566 643 2860 709 institeris,
2906 644 3003 698 ﬁet
3032 643 3133 697 tibi
3168 644 3325 698 utilis
3357 660 3525 699 causa
3554 660 3826 699 commu-

2128 734 2237 788 nis.
2272 735 2409 788 Data
2429 738 2493 788 ut
2519 750 2689 805 supra
2711 734 2879 804 (anno
2913 734 3139 788 Domini
3171 734 3317 805 517).

2714 823 3058 877 EPISTOLA
3096 823 3229 877 XIII.

2128 921 2537 967 COMMOHITORlA
2629 928 2698 965 AD
2767 927 3064 966 UNIVERSOS
3146 927 3450 967 HEBETICOS
3538 926 3826 966 EPISCOPOS

2233 1016 2472 1053 ORIENTIS
2513 1015 2608 1052 PER
2646 1015 2926 1053 SECUNDAM
2966 1014 3314 1053 LEGATIONEM
3358 1012 3711 1053 TRANSMISSA.

2390 1088 2599 1142 Unitas
2653 1087 2946 1142 catholica:
3000 1088 3130 1157 ﬁdei
3193 1087 3577 1141 custodienda.

2198 1176 2504 1232 Hormisda
2553 1177 2831 1231 universis
2864 1178 3143 1248 episcopis
3177 1176 3237 1231 in
3271 1176 3515 1232 Orientis
3559 1175 3824 1247 partibus

2126 1266 2469 1322 constitutis.

2198 1353 2313 1408 Etsi
2339 1353 2749 1409 admonitionis
2780 1370 2925 1409 meae
2964 1370 3099 1407 cura
3146 1353 3445 1417 desideret,
3493 1369 3591 1408 vos
3624 1358 3823 1409 tamen

2124 1442 2348 1513 proprii
2396 1460 2681 1497 memores
2712 1444 3040 1497 conveniret
3066 1443 3258 1509 ofﬁcii,
3290 1460 3409 1498 non
3452 1444 3822 1514 negligenter

2128 1532 2390 1586 omittere
2419 1549 2547 1604 qua:
2580 1533 2744 1587 enixe
2775 1549 2974 1587 omnes
3011 1533 3170 1587 decet
3199 1549 3303 1603 pro
3337 1533 3541 1587 anima:
3581 1550 3701 1587 sua:
3734 1551 3825 1587 sa-

2126 1621 2243 1675 lute
2275 1638 2519 1689 servare,
2568 1626 2631 1676 ut
2684 1623 3085 1676 mandatorum
3132 1622 3449 1677 caelestium
3494 1623 3820 1693 disciplina,

2129 1726 2250 1764 non
2278 1710 2465 1764 alieno
2499 1710 2710 1777 studio,
2748 1711 2844 1764 sed
2877 1711 3001 1781 ipso
3036 1711 3194 1765 vobis
3217 1712 3458 1765 clareret
3491 1712 3675 1765 inesse
3695 1728 3829 1781 pro-

2128 1800 2335 1870 posito.
2390 1800 2531 1853 Nam
2567 1800 2695 1854 licet
2731 1800 2896 1853 laude
2935 1817 3049 1854 non
3083 1807 3268 1855 careat
3300 1800 3396 1872 qui
3437 1800 3599 1855 bonis
3633 1800 3823 1854 consi-

2127 1888 2218 1942 liis
2249 1888 2618 1956 obseeundat,
2652 1893 2811 1943 tanto
2859 1896 2942 1944 est
2999 1892 3194 1943 tamen
3254 1891 3439 1960 potior
3494 1890 3553 1943 in
3598 1890 3823 1943 honore

2130 1978 2425 2048 sapientiae
2480 1977 2576 2049 qui
2635 1978 2913 2048 praevenit
2943 1983 3118 2043 recta,
3179 1994 3353 2049 quam
3411 1979 3508 2049 qui
3557 1978 3821 2049 sequitur

2127 2066 2407 2131 instituta,
2439 2075 2653 2138 quanto
2679 2072 2763 2121 est
2795 2067 3073 2121 illustrius
3105 2067 3308 2121 docere
3357 2083 3529 2138 quam
3570 2067 3810 2120 discere.

2128 2156 2479 2211 Recordetur
2512 2156 2879 2227 unusquique
2911 2157 2971 2209 in
3012 2172 3124 2227 qua
3162 2156 3457 2210 vocatione
3512 2174 3541 2208 a
3574 2156 3820 2210 Domino

2128 2245 2199 2299 sit
2228 2249 2478 2311 vocatus,
2512 2250 2567 2300 et
2609 2245 2749 2317 quid
2772 2247 2840 2300 ab
2865 2262 2931 2299 eo
2967 2249 3325 2316 exspectetur
3353 2246 3626 2299 advertat.
3653 2245 3818 2299 Mise-

2126 2351 2257 2389 rum
2291 2338 2374 2388 est
2406 2335 2557 2389 intra
2590 2336 2857 2389 meritum
2892 2335 3073 2406 jacere
3104 2335 3552 2405 propositi,cum
3578 2335 3636 2389 id
3663 2335 3820 2405 quod

2126 2424 2434 2494 praefertur
2488 2424 2745 2484 nomine,
2778 2440 2895 2478 non
2949 2424 3271 2478 ostenditur
3328 2424 3567 2479 actione.
3619 2425 3823 2495 Magna

2125 2513 2464 2581 meruimus,
2501 2514 2545 2567 si
2569 2513 2725 2584 quod
2744 2513 2966 2567 indulta
2990 2513 3249 2583 (indicta)
3272 2514 3561 2583 postulant
3582 2513 3821 2584 implea-

2126 2617 2274 2656 mus.
2306 2603 2411 2666 Qui
2446 2619 2503 2657 se
2535 2604 2601 2657 ad
2634 2604 2943 2673 pascendas
2974 2602 3244 2657 dominici
3287 2603 3476 2673 gregis
3509 2620 3639 2657 oves
3674 2619 3817 2673 gau-

2127 2691 2220 2746 dct
2245 2692 2549 2761 adscitum,
2586 2693 2797 2762 cogitet
2824 2693 2891 2746 de
2923 2692 3224 2745 commissa
3255 2692 3363 2746 sibi
3403 2692 3821 2762 gubernatione

2121 2780 2423 2851 judicium.
2460 2782 2704 2851 Pervigil
2739 2781 3062 2835 adhibenda
3090 2782 3267 2835 tutela
3294 2785 3399 2850 est,
3432 2782 3819 2835 continuanda

2126 2871 2426 2925 custodia:
2479 2887 2598 2925 non
2644 2871 2862 2925 dandus
2910 2870 3060 2941 lupis
3123 2870 3424 2941 rapacibus
3476 2872 3652 2935 locus,
3700 2886 3819 2924 non

2057 2972 2097 3026 ί]
2127 2958 2301 3013 ullius
2350 2960 2573 3014 casibus
2621 2961 3078 3031 relinquendus:
3135 2961 3269 3031 quia
3315 2961 3606 3031 neglectus
3656 2976 3818 3014 error

2048 4270 2089 4323 D

2125 3047 2339 3114 ovium,
2371 3049 2536 3119 culpa
2567 3053 2860 3118 pastorum
2888 3052 2990 3102 est.
3026 3048 3227 3102 Veniet
3258 3048 3353 3119 qui
3397 3048 3645 3102 rationes
3679 3064 3806 3101 cre-

2124 3136 2256 3190 ditze
2278 3138 2717 3208 dispensationis
2758 3137 3064 3193 examinet.
3103 3138 3374 3192 Omnium
3416 3137 3653 3208 quidem
3683 3152 3816 3191 con-

2124 3230 2234 3279 stat
2262 3227 2705 3298 essejustitiam,
2740 3244 2843 3281 nec
2873 3228 2973 3280 ulli
3006 3227 3355 3297 impunitam
3393 3226 3681 3280 licentiam
3720 3242 3816 3296 pa-

2122 3318 2243 3369 tere
2271 3316 2563 3386 peccandi.
2612 3317 2719 3371 Sed
2752 3318 2850 3387 qui
2900 3318 3109 3387 gradus
3152 3318 3367 3370 nesciat
3422 3332 3543 3370 esse
3584 3316 3813 3369 merito-

2122 3420 2276 3470 rum,
2310 3408 2367 3457 et
2405 3405 2549 3458 sicut
2604 3420 2719 3457 non
2773 3419 2933 3474 aeque
2984 3403 3240 3474 praemia,
3292 3404 3371 3457 ita
3411 3403 3634 3457 diversa
3693 3418 3813 3457 esse

2123 3493 2438 3565 supplicia?
2491 3493 2942 3563 Multiplicentur
2989 3493 3299 3547 scientibus
3357 3494 3583 3563 plagas:
3632 3508 3814 3563 pauca

2122 3582 2349 3652 ﬂagella
2380 3584 2651 3653 leguntur
2682 3582 2942 3636 inscitizn.
2980 3582 3143 3645 Quod
3170 3582 3216 3634 si
3242 3582 3318 3636 ita
3354 3587 3454 3649 est,
3499 3582 3661 3637 sicuti
3691 3598 3813 3637 esse

2120 3688 2237 3727 non
2278 3672 2516 3726 dubium
2560 3675 2661 3740 est,
2713 3672 3152 3726 existimandum
3217 3671 3355 3742 quid
3399 3672 3459 3725 in
3506 3688 3573 3725 eo
3618 3672 3815 3727 deceat

2120 3776 2240 3815 esse
2285 3761 2585 3831 propositi,
2633 3760 2723 3814 cui
2778 3760 2997 3814 alienos
3043 3777 3271 3832 quoque
3321 3777 3544 3815 errores
3584 3776 3813 3815 necesse

2122 3854 2205 3904 est
2223 3850 2516 3920 imputari.
2545 3849 2764 3904 Clamat
2782 3854 3007 3903 sanctus
3032 3849 3279 3919 Spiritus
3300 3866 3405 3920 per
3429 3851 3810 3921 prophetam:

2121 3940 2166 3994 Ο
2182 3943 2445 4010 pastores
2468 3938 2690 3993 Israel:
2719 3937 2977 4010 nunquid
2999 3940 3588 4010 semetipsos‘pascunt
3614 3942 3812 4009 pasto-

2118 4046 2211 4083 res
2242 4028 2463 4099 (Ezech.
2492 4028 2726 4100 xxxm)?
2774 4030 3007 4083 Certum
3043 4034 3128 4082 est
3157 4030 3286 4099 plus
3325 4030 3393 4083 ab
3433 4046 3521 4095 eo,
3560 4030 3651 4083 cui
3683 4032 3813 4099 plus

2119 4118 2384 4181 creditur,
2428 4116 2807 4187 exigendum;
2851 4123 2908 4172 et
2959 4122 3119 4172 tanto
3163 4117 3345 4187 magis
3392 4134 3494 4173 nos
3539 4119 3813 4173 obnoxios

2118 4206 2264 4275 ﬁeri,
2298 4211 2513 4277 quanto
2545 4206 2809 4261 effusiore
2842 4207 3021 4277 gratia
3048 4207 3353 4277 contigerit
3385 4207 3675 4262 honorari.
3712 4209 3813 4262 Ma-

2120 4296 2293 4366 gister
2320 4296 2523 4362 bonus,
2561 4300 2615 4350 et
2641 4296 2851 4350 docens
2880 4312 2983 4366 per
3014 4296 3256 4351 obscura
3289 4296 3492 4365 lucem,
3526 4313 3628 4367 per
3658 4296 3813 4349 simi-

2116 4385 2423 4440 litudinum
2457 4385 2765 4455 mnigmata
2802 4385 3120 4451 veritatem,
3166 4402 3391 4439 servum
3434 4386 3632 4439 talenti
3672 4402 3705 4439 a
3752 4403 3810 4439 se

2115 4474 2329 4542 traditi,
2360 4481 2570 4545 prater
2600 4480 2929 4544 augmenta,
2963 4474 3257 4528 custodem
3298 4491 3416 4528 non
3460 4474 3647 4544 arguit
3677 4476 3807 4528 inﬁ-

2116 4564 2322 4630 delem,
2358 4564 2453 4617 scd
2486 4563 2887 4617 condemnavit
2912 4563 3178 4618 inutilem
3212 4564 3451 4634 (Matth.
3477 4564 3623 4634 xxv).
3652 4566 3808 4619 Unde

2115 4654 2174 4707 in
2220 4658 2419 4723 aperto
2452 4657 2535 4707 est
2572 4653 2633 4707 in
2664 4670 2776 4723 quo
2807 4656 2965 4708 metu
3020 4668 3140 4707 esse
3176 4653 3370 4707 deceat
3400 4669 3530 4707 eum
3580 4655 3680 4723 qui
3714 4655 3812 4709 do-

2113 4741 2392 4795 mimicum
2436 4743 2725 4795 numisma
2795 4742 3124 4814 perdiderit,
3182 4742 3227 4795 si
3273 4743 3533 4813 culpatus
3579 4747 3665 4797 est
3714 4745 3808 4797 ille

2114 4831 2214 4900 qui
2247 4835 2541 4902 acceptum
2574 4832 2696 4886 sine
2747 4832 3154 4887 imminutione
3182 4832 3424 4886 servavit
3470 4833 3621 4902 (Luc.
3671 4838 3805 4899 xxx).

2113 4920 2312 4975 Nullus
2354 4925 2654 4975 contentus
2685 4921 2758 4976 sit
2788 4920 3115 4976 innocentia
3142 4938 3264 4988 sua,
3297 4922 3431 4992 quia
3465 4923 3577 4977 Deo
3613 4928 3807 4977 nostro

2111 5008 2377 5063 universa
2428 5011 2706 5078 cernenti,
2770 5026 2875 5082 per
2918 5011 3344 5081 prazdicationis
3388 5011 3803 5080 assiduitatem,

2108 5098 2389 5152 rationem
2422 5114 2653 5171 quoque
2693 5100 2970 5171 propositi
3004 5100 3280 5154 debemus
3336 5100 3527 5154 alieni.
3562 5102 3804 5171 Largam

2111 5187 2409 5241 scientiam
2435 5188 2597 5243 decet
2625 5206 2745 5243 esse
2774 5190 3094 5243 doctorum.
3130 5190 3255 5244 Non
3286 5195 3443 5245 amat
3470 5190 3615 5245 tides
3646 5190 3805 5245 Chri-

2109 5277 2290 5330 stiana
2323 5282 2633 5345 secretum;
2669 5294 2841 5348 quam
2875 5279 3136 5350 quisquis
3167 5278 3227 5333 in
3277 5295 3413 5333 aure
3466 5284 3694 5334 tantum
3728 5280 3803 5334 ef-

2108 5366 2313 5428 fundit,
2344 5366 2655 5421 abscondit.
2682 5369 2790 5422 Per
2821 5369 3114 5422 universas
3139 5373 3338 5439 gentes
3378 5368 3538 5423 verbi
3586 5370 3801 5439 pragdi-

2108 5454 2255 5509 catio
2311 5456 2617 5510 mandatur
2666 5457 2960 5526 apostolis,
3012 5461 3069 5513 et
3120 5474 3295 5528 quam
3338 5457 3802 5514 inexcusabiliter

2109 5542 2219 5598 hoc
2248 5543 2555 5615 quisquam
2600 5546 2785 5615 potest
2824 5544 2932 5600 sibi
2984 5548 3171 5603 tacere
3222 5546 3613 5603 commissum.
3653 5546 3799 5612 Quid
