4038 6170
247 281 342 335 401

1561 273 1911 332 EPISTOLIE
1946 274 2039 332 ET
2076 274 2417 332 DECRETA.

3645 278 3753 333 402

245 414 472 487 prodest
500 409 736 468 cuilibet
764 412 1139 480 paternarum
1171 407 1554 464 reverentiam
1588 426 1814 465 servare
1842 425 1934 465 re-
1972 409 2019 473 Α
2045 410 2162 464 nali
2192 408 2592 466 adhortatione
2623 408 2990 479 confirmem;
3025 412 3199 482 atque
3229 408 3311 465 ita
3340 408 3431 465 his
3459 423 3591 466 cum
3619 412 3749 483 qui-

245 505 533 575 gnlarum,
582 502 632 555 si
681 498 911 554 concuti
944 498 1066 553 haec
1123 498 1193 553 ab
1248 498 1397 566 aliis,
1446 499 1493 553 si
1546 498 1669 554 sine
1720 501 1943 555 honore

246 594 472 648 tractari
502 591 782 663 patienter
827 587 1110 658 accipiat?
1145 586 1451 642 Inﬁrmum
1491 590 1741 644 ostendit
1769 589 1944 644 affec-

246 688 386 747 tum,
421 682 523 753 qui
554 680 706 751 quod
736 678 922 748 diligit
948 694 1067 731 non
1096 681 1309 732 tuetur.
1340 679 1708 733 Incursantur
1730 679 1943 749 passim

240 774 432 825 sancta
466 788 499 824 a
531 769 762 841 perﬁdis
815 766 1152 834 constituta,
1185 772 1239 822 et
1289 767 1546 821 rediviva
1598 768 1841 822 subinde
1874 768 1943 823 de

239 860 583 930 compressis
613 856 930 912 excessibus
959 855 1210 926 resurgit
1235 855 1594 926 improbitas.
1651 857 1944 921 Quemad-

240 951 502 1016 modum,
554 964 718 1017 rogo,
770 946 1050 1018 pietatem
1095 946 1154 998 in
1205 946 1389 999 Deum
1437 946 1662 1014 probat,
1716 948 1815 1017 qui
1849 964 1945 1001 ne-

236 1040 411 1095 fanda
450 1037 775 1093 dissimulat
798 1037 826 1089 ?
854 1034 1247 1091 Recordemur
1267 1051 1383 1105 qua
1403 1035 1816 1090 catholicorum
1833 1036 1944 1091 fre-

239 1130 477 1202 quentia
530 1126 891 1181 sacerdotum
945 1124 1046 1178 illa
1106 1125 1314 1195 quibus
1368 1125 1608 1180 nitimur
1658 1126 1943 1180 celebrata

237 1218 611 1273 didicerimus
640 1232 764 1270 esse
794 1214 1033 1268 concilia
1065 1231 1077 1267 :
1109 1218 1354 1285 quantos
1389 1231 1491 1269 nec
1541 1214 1803 1269 debilitas
1832 1216 1941 1269 im-

235 1308 476 1379 pedivit,
510 1322 617 1360 nec
646 1307 903 1359 senectus
953 1319 1197 1357 onerosa
1227 1304 1491 1357 tardavit.
1553 1304 1767 1374 Exigua
1826 1304 1943 1359 visa

232 1402 369 1450 sunt
398 1396 788 1466 spatiosarum
814 1392 1113 1446 intervalla
1135 1392 1465 1462 regionum,
1498 1397 1554 1447 et
1578 1393 1805 1448 labores
1832 1394 1942 1465 ipsi

234 1502 340 1556 pro
369 1484 631 1556 quadam
661 1482 1045 1536 consolatione
1072 1481 1330 1551 jucundi,
1366 1482 1501 1536 dum
1542 1483 1746 1552 spiritu
1773 1499 1943 1537 sanc-

235 1582 430 1629 tarum
466 1570 985 1643 congregationum
1006 1576 1240 1640 regente
1262 1571 1623 1641 sapientiam,
1649 1588 1775 1627 sera
1806 1578 1943 1626 astas

232 1664 391 1735 quod
425 1667 683 1716 servaret
714 1659 1014 1729 aeciperet.
1065 1660 1125 1713 Et
1158 1659 1280 1713 haec
1309 1660 1719 1715 iusectantibus
1751 1661 1943 1731 impiis

233 1721 364 1824 post
411 1752 753 1806 damnatam
783 1721 851 1802 in
897 1748 1085 1803 radice
1142 1749 1465 1818 perﬁdiam,
1500 1754 1665 1816 tacet,
1703 1750 1803 1821 qui
1836 1721 1943 1804 scit
1980 1721 2021 1775 Β

229 1843 337 1896 sibi
371 1858 501 1896 esse
534 1840 867 1894 mandatum
898 1855 913 1892 ε
946 1838 1167 1892 Exalta
1198 1836 1400 1902 ,vocem
1432 1840 1591 1893 tuam
1641 1838 1740 1908 qui
1771 1855 1942 1893 evan-

224 1931 452 2003 getizas
480 1929 857 1983 Jerusalem:
905 1929 1121 1993 exaltu,
1172 1926 1293 1981 noli
1342 1927 1544 1981 timere
1592 1928 1780 1997 (Psal.
1832 1929 1939 1999 XL).

233 2020 439 2073 Nonne
473 2018 586 2071 hoc
631 2022 764 2069 ante
794 2018 985 2070 oculos
1017 2016 1256 2083 habens,
1292 2016 1639 2087 discipulum
1668 2018 1749 2071 ita
1798 2034 1941 2087 gen-

231 2110 373 2163 tium
405 2109 618 2161 doctor
645 2106 913 2173 instituit,
950 2111 1010 2159 ut
1032 2112 1359 2175 opportune
1391 2106 1786 2175 evangelizare
1827 2123 1946 2161 non

228 2202 411 2253 cesset
444 2197 471 2250 ?
516 2196 868 2250 admonens:
900 2195 1146 2250 Attende
1170 2194 1271 2250 tibi
1297 2200 1351 2249 et
1380 2194 1682 2251 doctrina:
1709 2194 1865 2250 insta
1884 2194 1947 2250 in

228 2288 377 2343 illis.
412 2288 537 2341 Hoc
567 2284 722 2339 enim
750 2285 994 2348 faciens,
1041 2290 1092 2341 et
1122 2284 1361 2355 teipsum
1406 2285 1629 2341 salvum
1655 2285 1859 2352 facies,
1892 2291 1948 2341 et

229 2394 320 2431 eos
339 2375 448 2446 qui
482 2382 538 2429 te
558 2373 801 2428 audiunt
821 2376 914 2440 (II
944 2374 1163 2428 Thesss.
1191 2374 1287 2443 iv).
1314 2376 1462 2443 Ergo
1480 2376 1581 2444 ,νει
1599 2374 1948 2445 propheticis

232 2464 487 2519 stimulis
520 2462 771 2529 excitati,
820 2463 907 2515 vel
956 2461 1175 2516 normis
1221 2462 1548 2533 apostolica:
1576 2462 1949 2517 institutionis

234 2552 529 2619 instructi,
597 2568 794 2605 curam
852 2552 1115 2605 salutaris
1180 2550 1602 2621 prmdicationis
1658 2551 1945 2606 assumite-

235 2642 477 2711 Diligite
501 2645 562 2694 et
593 2640 875 2695 vindicate
906 2640 1217 2694 sententias
1237 2641 1510 2711 probatas
1540 2640 1668 2710 piis,
1702 2641 1951 2695 inﬁdeli-

234 2732 336 2786 bus
363 2730 666 2784 inimicas.
701 2732 765 2783 Et
794 2730 863 2783 ad
895 2734 1139 2800 petram,
1186 2746 1359 2800 supra
1389 2746 1563 2801 quam
1603 2736 1690 2784 est
1718 2732 1953 2785 fundata

235 2822 516 2886 Ecclesia,
578 2824 945 2887 revertentes,
1005 2819 1158 2889 apud
1210 2820 1443 2873 illorum
1479 2820 1654 2874 etiam
1698 2837 1797 2873 vos
1845 2823 1951 2874 Pa-

233 2915 388 2963 trum
430 2910 698 2979 spiritus,
729 2924 977 2978 quorum
994 2910 1317 2962 veneranda
1347 2910 1657 2963 constituta
1689 2908 1952 2978 improbe

2050 499 2155 555 bus
2187 500 2331 555 mihi
2370 505 2453 554 est
2497 500 2853 554 consortium
2904 503 3113 555 sanctae
3155 499 3603 569 communionis,
3645 501 3742 573 ju-

2052 590 2307 644 cundum
2336 590 2571 645 reddam
2625 588 3021 644 testimonium
3081 589 3352 644 caritatis.
3411 591 3537 645 Non
3591 590 3748 645 enim

2054 678 2264 733 sufﬁcit
2293 678 2485 733 animo
2515 695 2642 733 meo
2673 679 2742 733 de
2772 678 2940 733 nobis
2962 694 3083 733 esse
3105 695 3389 747 securum,
3422 679 3530 734 nisi
3560 685 3747 734 osten-

2052 768 2188 823 dero
2218 769 2383 823 illum
2415 784 2666 839 quoque,
2720 784 2834 839 quo
2876 784 2975 822 vos
3034 769 3397 839 complector,
3448 768 3737 824 affectum.

2053 858 2348 929 Siquidem
2404 858 2651 911 declarat
2690 874 2747 911 se
2805 873 2923 911 non
2966 873 3031 911 ex
3058 857 3274 927 judicio
3337 857 3519 912 odisse
3572 876 3603 912 a
3642 858 3746 913 Dei

2054 947 2355 1001 dilectione
2386 946 2614 1013 divisos,
2645 946 2745 1016 qui
2777 950 2965 1016 potest
2993 962 3108 1000 non
3157 962 3349 1001 amare
3390 948 3745 1019 conjunctos.

2052 1036 2331 1090 Benedico
2365 1036 2544 1106 igitur
2566 1037 2765 1103 Deum,
2792 1037 2930 1089 dum
2959 1034 3241 1089 fervorem
3271 1035 3405 1090 ﬁdei
3424 1041 3627 1089 vestra:
3660 1036 3749 1089 in-

2053 1128 2139 1178 ter
2170 1125 2449 1194 procellas
2490 1123 2693 1189 varias,
2726 1126 3132 1193 tempestatum
3163 1124 3396 1178 adversa
3427 1123 3745 1179 considero.

2052 1215 2159 1268 Vos
2185 1230 2437 1285 quoque,
2473 1218 2535 1267 ut
2579 1228 2750 1283 super
2798 1213 2884 1266 his
2924 1212 3200 1283 pietatem
3231 1214 3352 1283 ejus
3391 1212 3745 1283 gloriﬁcetis,

2051 1304 2317 1358 uberiore
2349 1303 2723 1358 exsultatione
2756 1302 3003 1369 suadeo;
3040 1301 3481 1372 qui‘electorum
3514 1318 3750 1357 suorum

2051 1398 2271 1447 mentes
2320 1408 2435 1463 quo
2487 1392 2837 1462 acceptiores
2889 1390 2996 1444 sibi
3043 1390 3266 1458 reddat,
3324 1391 3649 1459 examinat;
3696 1395 3752 1445 et

2052 1483 2181 1537 licet
2210 1482 2469 1554 cognitos
2508 1481 2630 1546 sibi,
2688 1480 3029 1552 quibusdam
3089 1484 3286 1534 tamen
3317 1479 3748 1535 difﬁcultatibus

2052 1573 2276 1644 probat,
2315 1577 2377 1626 ut
2404 1570 2689 1642 justitiam
2721 1585 2951 1641 quoque
2984 1568 3170 1624 inesse
3201 1570 3351 1624 dono
3383 1570 3537 1641 quod
3567 1570 3750 1640 largi-

2053 1668 2147 1716 tur
2181 1662 2457 1717 ostendat.
2496 1664 2676 1732 Atque
2713 1660 2843 1714 ideo
2877 1658 3244 1730 pertinaciter
3290 1659 3441 1713 bono
3478 1675 3577 1712 vos
3609 1674 3750 1712 con-

2051 1752 2207 1806 venit
2255 1750 2559 1806 imminere
2592 1750 2905 1821 proposito,
2960 1764 3066 1803 nec
3122 1748 3184 1803 in
3213 1746 3302 1802 via
3333 1765 3456 1819 quae
3496 1748 3650 1802 ducit
3679 1748 3750 1802 ad

2050 1842 2179 1898 casti
2210 1858 2386 1912 regna
2438 1839 2699 1894 deﬁcere.
2751 1840 2859 1903 Qui
2888 1838 3145 1893 intuetur
3198 1838 3482 1892 dominica
3513 1854 3753 1891 munera

2052 1948 2171 1986 non
2218 1930 2555 1985 aestimanda
2606 1929 2909 1999 promissa,
2960 1928 3177 1982 nullius
3208 1930 3392 1998 potest
3430 1932 3750 1997 respectum

2053 2022 2259 2076 habere
2292 2020 2550 2090 periculi.
2588 2021 2713 2073 Non
2743 2019 2898 2073 enim
2932 2018 3147 2089 frangit
3190 2017 3568 2071 consideratio
3600 2033 3749 2087 pras-

2054 2111 2305 2165 sentium
2335 2110 2641 2176 malorum,
2693 2108 2801 2162 nisi
2859 2107 3189 2162 futurorum
3246 2107 3533 2161 bonorum
3562 2107 3755 2160 vincat

2054 2200 2297 2255 oblivio:
2333 2198 2566 2271 quando
2598 2213 2831 2253 omnem
2855 2196 3298 2251 amaritudinem
3322 2196 3532 2250 laboris
3564 2197 3749 2249 exclu-

2053 2291 2153 2357 dit,
2212 2289 2311 2360 qui
2358 2288 2720 2343 dulcedinem
2768 2286 2907 2357 spei,
2941 2302 3071 2357 quze
3132 2291 3509 2356 exspectatur,
3546 2285 3752 2339 amise-

2055 2381 2147 2435 rit.
2183 2380 2318 2444 Quae
2378 2380 2533 2433 enim
2592 2377 2899 2431 difﬁcultas
2957 2374 3301 2429 beatitudini
3351 2391 3455 2445 par
3485 2374 3612 2429 est?
3658 2378 3756 2428 aut

2058 2485 2187 2540 qua:
2218 2468 2521 2538 condignas
2548 2466 2801 2537 prmmiis
2832 2465 3125 2535 passiones
3156 2464 3227 2518 ad
3259 2465 3513 2518 futuram
3543 2464 3757 2518 scilicet

2057 2558 2319 2630 gloriam,
2375 2574 2503 2628 qua:
2532 2557 2591 2609 in
2624 2555 2789 2609 nobis
2817 2554 3091 2624 Apostolo
3124 2553 3500 2607 annuntiante
3538 2553 3752 2607 revela-

2059 2649 2213 2703 bitur
2241 2648 2431 2717 (Rom.
2464 2646 2581 2716 vni)
2603 2644 2630 2698 Ῥ
2655 2643 2817 2699 Absit
2850 2660 2922 2698 ne
2954 2643 3271 2714 quidquam
3301 2659 3335 2695 a
3370 2641 3579 2696 Christi
3608 2642 3752 2695 cari-

2058 2740 2173 2790 tate
2204 2752 2307 2789 nos
2338 2738 2579 2804 separet.
2627 2734 2851 2797 Quanta
2911 2738 2996 2786 est
3045 2732 3363 2798 tribulatio,
3397 2731 3445 2783 si
3500 2730 3748 2801 gloriam

2061 2825 2207 2895 parit
2228 2824 2254 2877 ’Β
2286 2822 2519 2877 Materia
2549 2837 2957 2892 prosperorum
2979 2824 3062 2874 est
3088 2836 3215 2889 qua:
3243 2822 3480 2889 putatur
3509 2817 3756 2871 adversi-

2061 2921 2161 2967 tas.
2200 2915 2347 2967 Dum
2380 2912 2745 2976 inclinamur,
2780 2910 3079 2980 erigimur.
3112 2909 3288 2961 Nemo
3319 2907 3555 2962 haberet
3597 2908 3754 2961 futu-

232 2999 689 3063 labefactantur,
724 2997 1029 3063 absolvite;
1081 2997 1451 3065 aestimantes,
1512 3014 1642 3052 cum
1675 2999 1950 3053 Dominus
1988 3008 2029 3062 C
2058 3020 2183 3058 ram
2233 3002 2782 3065 remunerationem,
2832 2999 2939 3053 nisi
2974 2998 3335 3052 necessitates
3382 2996 3755 3067 praesentium

232 3090 301 3143 ad
336 3090 496 3141 illud
530 3088 689 3157 quod
722 3091 1080 3156 exspectatur
1121 3103 1362 3141 examen
1392 3087 1723 3152 advenerit;
1765 3088 1951 3158 qualis

234 3178 520 3249 apostolis
556 3176 826 3243 creditus,
853 3178 1038 3246 qualis
1070 3177 1397 3247 aliquorum
1420 3177 1765 3231 tentantium
1791 3177 1953 3231 dubi-

232 3268 462 3321 tatione
491 3272 848 3336 compertus,
902 3266 1087 3335 qualis
1129 3267 1333 3335 angelo
1365 3266 1789 3335 prtenuntiante
1818 3282 1951 3336 pro-

234 3357 454 3411 missus
483 3373 496 3409 :
533 3360 729 3408 utrum
761 3355 831 3407 ab
866 3354 980 3407 illis
1014 3354 1217 3408 melius
1247 3354 1321 3407 sit
1366 3355 1550 3425 argui,
1598 3371 1671 3407 an
1699 3371 1828 3407 cum
1856 3370 1951 3408 eo-

232 3463 358 3500 rum
390 3447 646 3499 cohorte
672 3444 945 3513 conjungi
966 3443 993 3495 ?
1027 3448 1219 3497 utrum
1262 3444 1392 3497 talis
1424 3444 1606 3514 qualis
1650 3444 1951 3511 videbitur,

234 3534 555 3606 autqualis
589 3533 658 3585 ab
684 3533 875 3602 impiis
898 3536 1161 3602 negatur,
1194 3532 1507 3589 Dominum
1549 3532 1804 3587 confiteri
1826 3532 1957 3586 ?l\'il

232 3642 329 3678 vos
393 3624 672 3677 retrahat
732 3639 765 3675 a
821 3624 1038 3675 salute:
1102 3623 1389 3676 velocibus
1451 3622 1523 3676 ad
1577 3622 1725 3675 viam
1778 3622 1956 3676 redite

233 3714 528 3784 vestigiis.
569 3713 783 3781 Lapsus
824 3716 1089 3764 ruentem
1137 3727 1255 3764 non
1309 3716 1527 3781 gravat,
1578 3711 1625 3764 si
1670 3716 1954 3783 resurgat,

227 3806 408 3874 Larga
441 3805 538 3855 est
568 3800 870 3854 dominica:
902 3800 1161 3853 doctrina
1194 3800 1511 3854 clementiae
1544 3816 1558 3854 :
1615 3800 1785 3854 noxia
1820 3805 1957 3853 sunt

234 3892 455 3949 erroris
494 3890 746 3954 vincula,
793 3889 930 3942 dum
970 3888 1240 3943 retinent.
1294 3890 1427 3944 Odit
1452 3889 1671 3959 justitia
1702 3890 1959 3960 pertina-

235 4000 344 4047 ces,
405 3982 581 4035 fovet
652 3979 958 4031 clementia
1019 3978 1389 4048 corrigentes.
1462 3982 1597 4033 Data
1656 3996 1715 4032 ιιι
1780 3993 1958 4032 nonas

235 4072 476 4142 Aprilis,
516 4068 768 4138 Agapito
802 4067 867 4121 V.
930 4068 989 4121 C.
1023 4069 1253 4121 consule
1300 4068 1473 4137 (anno
1531 4068 1761 4122 Domini
1815 4069 1954 4139 517).

866 4157 1201 4211 EPISTOLA
1229 4158 1365 4212 XIV.

239 4266 311 4305 AD
381 4260 737 4303 EPISCOPOS
790 4261 1188 4300 ORIENTALES
1241 4260 1660 4301 ORTHODOXOS
1744 4262 1953 4302 EADBM

542 4351 823 4389 SECUNDA
853 4350 1213 4390 LEGATIONE
1238 4351 1671 4391 TRANSMISSA.

239 4428 471 4484 Laudat
526 4440 730 4479 eorum
758 4425 817 4478 in
847 4424 961 4492 ﬁde
989 4425 1402 4491 constantiam,
1432 4430 1487 4480 et
1511 4426 1586 4479 ad
1605 4442 1807 4496 pacem
1836 4442 1962 4481 con-

306 4515 649 4573 ciliandam
667 4530 704 4567 a
722 4531 781 4567 se
799 4514 1017 4585 legatos
1036 4514 1218 4568 denuo
1233 4515 1799 4586 Constantinopolim
1828 4518 1962 4570 mis-

306 4622 407 4659 sos
428 4620 566 4658 esse
591 4602 810 4657 scribit.

315 4692 641 4747 llormisda
670 4691 953 4761 episc0pis
986 4692 1342 4745 orthodoxis.

312 4785 413 4837 Est
444 4781 695 4852 quidem
744 4780 999 4834 ﬁdelium
1034 4780 1277 4850 speciale
1321 4780 1590 4834 solatium
1637 4782 1808 4850 Deus,
1866 4798 1967 4836 nec

244 4886 519 4943 unquam
555 4870 706 4923 inter
731 4869 1003 4940 quaslibet
1025 4869 1169 4922 dura
1199 4869 1496 4936 deticnint,
1530 4869 1631 4939 qui
1653 4885 1711 4923 se
1741 4872 1808 4924 ad
1834 4888 1966 4926 eum

249 4966 367 5014 toto
402 4960 659 5028 ,mentis
708 4958 897 5011 studio
948 4959 1348 5023 contulerunt.
1401 4960 1809 5014 Verumtamen
1865 4962 1971 5015 hoc

248 5055 454 5103 votum
511 5047 808 5117 proposito
856 5054 1042 5100 vestro
1074 5048 1282 5101 debere
1341 5064 1431 5101 me
1490 5049 1694 5113 fateor,
1732 5053 1792 5102 ut
1824 5050 1971 5103 sicut

251 5138 481 5191 exsulto
518 5136 589 5188 de
648 5134 973 5188 sinceritate
1028 5134 1161 5188 fidei
1192 5142 1417 5201 vestrae,
1469 5135 1550 5189 ita
1598 5136 1665 5189 de
1701 5136 1969 5191 ﬁrmitate

254 5242 491 5280 merear
524 5225 776 5294 gaudere
807 5224 1163 5278 constantiae.
1192 5225 1345 5278 Uudc
1370 5230 1426 5279 et
1442 5238 1673 5295 aspectu
1695 5226 1971 5279 interiore

256 5332 356 5369 vos
418 5314 684 5378 intuens,
738 5314 808 5367 ad
863 5314 1211 5368 deSiderium
1256 5315 1624 5384 colloquendi
1679 5314 1972 5368 vobiscum

257 5410 579 5473 promptus
611 5418 870 5473 assurgo,
931 5409 993 5457 ut
1049 5408 1105 5457 et
1163 5403 1529 5457 dilectionem
1586 5403 1735 5457 circa
1794 5405 1969 5458 Deum

257 5498 525 5549 vestram
554 5492 826 5546 litterario
858 5508 1119 5546 sermone
1149 5496 1497 5546 remuneret.
1536 5497 1591 5547 et
1622 5509 1781 5564 spem
1813 5493 1973 5563 pagi—

2060 3092 2385 3147 sustineret.
2419 3091 2613 3144 Videte
2657 3093 2871 3161 quanto
2935 3104 3108 3159 opere
3166 3086 3469 3141 hominum
3524 3090 3755 3140 terrena

2058 3183 2257 3237 messis
2296 3185 2571 3249 assurgat.
2626 3180 2848 3243 Quanto
2880 3182 2967 3232 est
3010 3176 3187 3247 igitur
3216 3176 3411 3231 labore
3443 3191 3755 3244 procuran-

2058 3273 2218 3340 dum,
2264 3276 2325 3325 ut
2358 3270 2607 3323 caelestia
2656 3269 2807 3321 dona
2846 3284 2959 3320 non
2994 3266 3283 3335 pereant?
3315 3264 3517 3329 Quieta
3544 3268 3629 3319 est
3654 3280 3756 3318 ne-

2060 3361 2401 3432 gligentium
2445 3358 2579 3423 vita,
2615 3358 2711 3412 sed
2759 3372 2875 3411 non
2930 3356 3044 3409 voti
3090 3355 3363 3425 opulenta
3393 3352 3754 3408 substantia:

2060 3451 2272 3521 Dignus
2301 3453 2383 3504 est
2408 3447 2752 3519 operarius,
2786 3448 2846 3499 ut
2898 3445 3159 3509 fructum
3200 3442 3477 3498 mercedis
3508 3441 3761 3514 accipiat

2062 3541 2214 3610 (Luc.
2239 3540 2312 3609 x).
2344 3539 2654 3593 Indiscrete
2687 3535 2899 3607 passim
2931 3535 3116 3604 pietas
3141 3548 3272 3587 cum
3303 3532 3597 3602 impietate
3628 3533 3753 3585 lan-

2063 3634 2378 3700 guesceret,
2411 3630 2457 3681 si
2494 3625 2837 3681 examinatio
2869 3625 3051 3678 bonos
3084 3641 3116 3677 a
3157 3621 3323 3676 malis
3367 3622 3619 3675 divisura
3645 3637 3760 3674 ces-

2066 3726 2236 3773 saret.
2301 3718 2535 3773 Gratum
2593 3715 2901 3769 admodum
2965 3712 3354 3782 spectaculum
3413 3710 3653 3764 Domino
3700 3708 3761 3763 in

2065 3824 2248 3877 agone
2276 3810 2562 3878 justorum
2587 3822 2599 3858 :
2626 3821 2727 3857 nec
2751 3803 3065 3873 quidquam
3086 3802 3165 3853 ita
3187 3815 3493 3869 supernam
3518 3799 3760 3867 gratiam

2065 3896 2327 3950 conciliat
2358 3892 2603 3959 homini,
2640 3894 2781 3945 sicut
2802 3891 3173 3944 adversorum
3204 3889 3449 3959 impetus
3480 3888 3764 3958 patienter

2068 3985 2304 4054 excepti.
2339 3984 2477 4047 Quis
2504 3982 2715 4035 milites
2740 3981 2843 4033 sub
2866 3980 3018 4050 pacis
3050 3979 3350 4033 securitate
3375 3978 3613 4031 miretur
3635 3977 3714 4047 (a)
3737 3976 3764 4031 ?

2072 4075 2195 4127 Non
2224 4079 2308 4126 est
2340 4072 2585 4125 arduum
2624 4071 2684 4123 in
2718 4070 2863 4123 sicco
2897 4085 3097 4122 secura
3144 4068 3333 4121 ﬁxisse
3372 4066 3631 4136 vestigia;
3660 4082 3765 4120 nec

2070 4170 2251 4216 artem
2322 4160 2721 4230 gubernatoris
2771 4157 3020 4212 ostendit
3077 4157 3300 4209 marina
3356 4154 3760 4223 tranquillitas.

2072 4252 2217 4305 Satis
2250 4256 2333 4304 est
2371 4248 2723 4319 intrepidum
2766 4248 2917 4300 inter
2935 4246 3087 4299 bella
3117 4245 3448 4314 procedere,
3494 4244 3645 4295 inter
3674 4243 3759 4295 lu-

2072 4340 2227 4394 brica
2262 4355 2376 4393 non
2412 4339 2620 4401 labare,
2655 4338 2862 4391 fluctus
2892 4336 2951 4389 in
2985 4337 3322 4403 tempestate
3371 4336 3761 4385 contemnere.

2068 4430 2291 4495 Sasviat,
2340 4434 2405 4499 et
2446 4433 2632 4480 motus
2690 4442 2818 4479 suos
2876 4431 3135 4477 exerceat
3168 4421 3461 4475 mundana
3492 4419 3757 4486 tentatio,

2073 4519 2210 4573 dum
2238 4517 2519 4571 manifesti
2545 4519 2857 4585 appareant
2877 4513 2977 4584 qui
2998 4512 3334 4583 probantur.
3357 4511 3483 4563 Haec
3503 4510 3764 4575 scientes,

2073 4607 2353 4661 carissimi
2393 4608 2616 4671 fratres,
2665 4605 2800 4657 ﬁdei
2826 4609 3027 4656 vestra)
3058 4606 3247 4654 tenete
3279 4598 3683 4665 constantiam,
3712 4602 3769 4651 et

2075 4698 2199 4767 ipsa
2230 4698 2425 4761 etiam,
2460 4696 2506 4748 si
2558 4694 2883 4758 inciderint,
2946 4690 3253 4744 militantia
3310 4687 3529 4742 meritis
3567 4687 3769 4741 vestris

2076 4792 2261 4838 amate
2292 4786 2564 4854 pericula.
2625 4781 2972 4837 Annuntiate
3026 4795 3155 4848 quae
3200 4776 3403 4839 colitis,
3446 4781 3501 4828 et
3536 4774 3766 4845 partici-

2077 4881 2207 4945 pate
2235 4874 2406 4927 etiam
2438 4886 2540 4941 per
2563 4871 2894 4924 universum
2917 4867 3114 4921 orbem
3148 4866 3418 4920 mandata
3442 4864 3770 4935 evangelica
3848 4895 3859 4901 -

2079 4979 2205 5032 qum
2237 4962 2479 5015 tenetis:
2515 4976 2689 5029 supra
2731 4958 3015 5027 stipendia
3064 4960 3268 5021 vestra,
3319 4953 3591 5007 correctio
3633 4967 3770 5021 quo-

2077 5068 2188 5122 que
2220 5050 2377 5103 vobis
2436 5049 2748 5101 ascribatur
2777 5046 2999 5100 aliena:
3042 5046 3192 5099 inter
3247 5049 3587 5097 caeterorum
3626 5056 3769 5093 enu-

2078 5138 2478 5201 merationem,
2550 5136 2758 5205 quibus
2814 5136 2921 5188 sibi
2969 5134 3217 5187 divinam
3275 5132 3515 5199 gratiam
3568 5129 3807 5197 plenus

2080 5227 2284 5298 spiritu
2314 5226 2411 5279 Dei
2452 5227 2733 5295 propheta
2762 5223 3027 5278 conciliat
3048 5222 3227 5292 (Psal.
3270 5222 3343 5289 L),
3376 5221 3523 5272 inter
3553 5233 3620 5270 ea
3648 5217 3772 5286 qui-

2080 5318 2185 5370 bus
2214 5314 2685 5379 misericordiam,
2727 5329 2839 5383 qua
2892 5318 3274 5375 conservetur,
3308 5312 3541 5362 exorat:
3571 5307 3773 5361 docere

2083 5405 2130 5457 si
2160 5404 2387 5473 iniquos
2438 5404 2555 5457 vias
2610 5401 2860 5468 Domini,
2889 5407 2943 5455 et
2972 5399 3404 5454 conversionem
3435 5412 3537 5466 per
3568 5412 3626 5448 se
3648 5395 3773 5448 ﬁeri

2082 5493 2354 5563 praedicat
2402 5492 2733 5563 impiorum.
2797 5489 2953 5543 Beati
3014 5489 3223 5560 quibus
3279 5486 3394 5541 vita
3435 5486 3775 5539 innocenter

344 5646 425 5713 (a)
450 5642 604 5696 Edit.
624 5644 789 5697 Rom.
813 5643 1009 5714 habet:
1030 5645 1167 5709 Quis
1186 5643 1354 5699 mites
1367 5646 1475 5699 sub
1495 5643 1659 5715 pacis
1679 5642 1983 5698 securitate
2018 5646 2292 5699 meretur.
