3998 6172
287 247 391 304 403

1718 244 2097 301 HORMISDIE
2134 244 2335 300 ΡΑΡᾹΞ

3686 249 3777 305 404

290 381 414 433 acta
441 377 541 432 dat
566 376 893 460 praemium.
925 375 1081 432 Beati
1107 390 1212 446 per
1240 389 1385 446 quos
1404 373 1529 428 aliis
1562 389 1789 445 quoque
1829 390 1973 444 prae-
2013 377 2057 429 A
2157 374 2214 429 Si
2243 380 2289 429 is
2322 374 2421 446 qui
2468 375 2701 429 calicem
2741 391 2903 447 aquae
2949 373 3198 445 frigidae,
3249 374 3523 428 mandata
3552 393 3777 445 evange-

289 469 474 521 statur
496 466 841 535 exemplum.
876 465 944 518 Et
970 481 1073 517 nos
1111 462 1368 534 quidem,
1401 466 1680 533 quantum
1727 463 1789 516 in
1816 462 1977 516 nobis

290 558 395 623 est,
430 570 536 609 nec
581 553 986 619 sollicitudine,
1031 569 1134 606 nec
1188 552 1381 606 labore
1421 568 1727 619 cessamus,
1758 556 1820 605 ut
1869 552 1978 606 hu-

292 644 612 710 militatem,
644 659 817 713 quam
847 658 949 695 nos
980 642 1255 696 Dominus
1285 646 1477 695 noster
1506 642 1716 707 docuit,
1749 640 1977 704 imitati,

293 748 421 803 quae
451 732 619 786 saluti
647 747 845 785 eorum
871 732 1219 784 conveniunt
1238 730 1595 799 postulemus
1620 746 1633 782 :
1659 733 1722 783 ut
1749 730 1979 799 dispen-

294 821 532 875 sationis
561 821 702 875 mihi
730 819 976 885 creditai,
1005 819 1140 873 dum
1175 818 1504 888 agnoscitur
1536 833 1689 884 cura,
1732 817 1980 887 proben-

295 914 389 963 tur
416 909 621 963 ofﬁcia.
655 909 793 963 Nam
826 907 1069 978 repetita
1098 906 1218 961 vice
1252 906 1573 961 Ennodium
1611 910 1782 977 atque
1822 907 1983 959 Pere-

294 998 525 1068 grinum
555 998 754 1051 fratres
798 1002 853 1050 et
896 996 1262 1066 coepisc0pos
1302 1000 1548 1062 nostros,
1594 995 1863 1049 mandata
1902 995 1990 1047 le-

294 1086 546 1154 gatione,
580 1085 909 1152 direximus,
940 1086 1245 1150 rationem,
1278 1084 1722 1145 adhortationes,
1766 1100 1982 1152 preces,

294 1175 570 1245 lacrymas
616 1175 964 1244 ingerentes,
1024 1180 1088 1226 ut
1150 1174 1221 1226 ab
1277 1172 1591 1243 impiorum
1649 1172 1987 1241 contagione

296 1263 563 1333 separati,
601 1263 671 1316 ad
722 1279 913 1316 veram
945 1261 1115 1315 iidem
1165 1260 1376 1323 iisdem:
1409 1262 1620 1331 quibus
1652 1278 1751 1313 vos
1784 1260 1984 1327 modis,

299 1357 353 1405 et
383 1352 689 1423 apostolica
741 1352 845 1405 scit
874 1351 1056 1419 sedes,
1088 1366 1145 1403 se
1175 1350 1495 1411 conferant,
1542 1354 1638 1403 aut
1668 1355 1819 1403 certe
1871 1365 1989 1403 non

298 1457 402 1495 nos
456 1441 703 1495 defuisse
734 1439 1142 1511 przedicationi,
1201 1440 1299 1493 sed
1346 1440 1477 1493 illos
1536 1439 1787 1509 propria:
1818 1437 1991 1491 saluti

302 1529 551 1584 mundus
580 1534 853 1600 agnoscat
902 1530 1003 1598 (a).
1062 1529 1203 1582 Data
1231 1529 1473 1599 Agapito
1505 1529 1623 1582 viro
1675 1527 1990 1582 clarissimo

301 1619 533 1674 consule
567 1617 737 1688 (anno
762 1617 985 1671 Domini
1017 1616 1163 1687 517).

918 1704 1255 1760 EPISTOLA
1283 1703 1389 1759 XV.

619 1801 641 1826 ⁸
679 1810 759 1850 AD
805 1808 1251 1849 POSSESSOREM
1299 1806 1679 1849 EPISCOPUM.

636 1886 709 1937 In
734 1883 842 1952 ﬁde
872 1882 1157 1940 Catholica
1176 1881 1671 1954 perseverandum.

380 1972 685 2029 Hormisda
709 1973 1021 2027 Possessori
1049 1972 1337 2041 episcopo.

383 2064 675 2134 Optimam
716 2067 915 2117 vestrae
960 2062 1209 2117 caritatis
1239 2061 1535 2116 audientes
1566 2061 1918 2130 instantiam,
1951 2066 2007 2116 et

310 2158 713 2224 cognoscentes
769 2157 936 2206 rectm
990 2151 1065 2223 (ὁ)
1117 2152 1247 2205 vitae
1298 2150 1611 2217 tramitem,
1662 2166 1833 2221 quem
1883 2151 2005 2206 sine

313 2242 555 2312 strepitu
582 2240 905 2307 vindicatis,
930 2241 1045 2294 Deo
1087 2244 1281 2294 nostro
1304 2239 1517 2309 gratias
1539 2240 1664 2293 sine
1696 2239 2007 2294 cessatione

313 2331 728 2403 persolvimus:
798 2335 861 2383 ut
907 2332 963 2382 et
987 2329 1047 2382 in
1101 2345 1167 2381 ea
1199 2326 1575 2397 dispositione
1605 2328 1895 2397 persistas,
1954 2333 2009 2381 et

313 2418 531 2473 caeteris
565 2418 719 2488 quod
753 2422 1069 2487 sequantur
1110 2416 1369 2469 tribuere
1423 2415 1606 2484 possis
1658 2416 2007 2486 exemplum.

316 2511 430 2562 Ista
451 2512 585 2561 sunt
609 2507 757 2561 dona
787 2505 1070 2560 cmlestia:
1100 2504 1208 2558 ista
1237 2510 1372 2558 sunt
1394 2504 1602 2557 divinae
1621 2505 2011 2559 retributionis

318 2595 568 2651 indicia:
602 2595 711 2648 ista
740 2599 874 2648 sunt
910 2593 1007 2647 Dei
1037 2592 1277 2663 judicia,
1311 2608 1437 2662 quae
1471 2597 1524 2645 te
1556 2609 1588 2645 a
1618 2594 1895 2647 catholico
1926 2610 2012 2647 sa-

316 2685 611 2740 cerdotum
651 2683 958 2737 noluerunt
990 2681 1245 2753 separari
1275 2682 1584 2735 consortio.
1616 2682 1795 2749 Unde,
1838 2682 2015 2738 frater

319 2769 628 2839 carissime,
662 2771 1041 2841 praesentibus
1086 2771 1383 2825 hortamur
1411 2771 1699 2842 alloquiis,
1741 2778 1805 2826 ut
1844 2772 1901 2826 in
1951 2789 2016 2827 ea

321 2859 659 2927 constantia,
706 2876 820 2931 qua
850 2860 1062 2915 electus
1107 2877 1186 2925 es,
1219 2875 1567 2929 perseveres,
1600 2865 1658 2914 et
1707 2867 2018 2931 augmenta

2087 462 2192 519 lica
2214 470 2461 531 secutus,
2485 465 2778 530 obtulerit,
2805 464 3123 519 mercedem
3156 465 3303 518 boni
3336 466 3634 535 propositi,
3669 468 3778 537 ipso

2090 553 2359 619 Domino,
2406 555 2507 624 qui
2555 554 2662 608 hoc
2707 554 2921 621 docuit,
2957 556 3327 615 restituente,
3384 556 3779 624 consequitur;

2089 658 2279 697 nonne
2306 642 2405 713 qui
2424 647 2583 697 tanto
2602 644 2814 713 populo
2844 642 3101 697 ﬁdelium
3118 642 3436 696 veritatem
3457 643 3782 697 annuntiare

2090 731 2399 799 distulerit,
2430 732 2582 801 juste
2614 748 2843 801 pmnam
2886 732 3286 785 damnationis
3328 731 3627 783 incurrit?
3657 732 3782 785 Hinc

2091 825 2176 875 est
2202 820 2354 891 quod
2385 821 2923 874 interminationem
2946 820 3206 874 mandati
3225 818 3483 873 ccelestis
3504 818 3783 889 effugiens,

2092 909 2108 978 (
2138 909 2290 979 quod
2323 910 2484 963 decet
2514 909 2872 980 loquendum
2904 915 2989 963 est
3014 909 3071 962 in
3094 910 3182 962 his
3208 925 3344 979 quae
3368 909 3443 962 ad
3478 910 3649 962 Deum
3670 925 3789 979 per-

2093 997 2299 1063 tinent,
2329 1013 2436 1052 nec
2464 998 2789 1066 tacendum)
2837 998 3053 1051 habens
3076 1013 3319 1068 quoque
3364 1003 3572 1050 vestra:
3608 997 3786 1052 salutis

2094 1087 2379 1147 affectum,
2424 1086 2878 1141 admonitionem
2910 1103 3108 1140 eorum
3135 1102 3271 1157 quae
3306 1102 3565 1156 praesens
3606 1102 3786 1139 neces-

2096 1176 2230 1229 sitas
2262 1176 2443 1246 poscit
2484 1176 2799 1246 assumpsi;
2852 1193 3072 1243 omnes,
3109 1176 3331 1246 quibus
3382 1191 3534 1228 curae
3567 1179 3645 1227 est
3691 1175 3788 1229 fide

2096 1264 2321 1334 integra
2368 1265 2751 1318 Christianam
2783 1265 3121 1335 religionem
3167 1281 3427 1332 servare,
3463 1268 3787 1322 contestans.

2098 1360 2164 1409 ut
2203 1371 2296 1408 eos
2354 1354 2454 1424 qui
2509 1359 2765 1408 sanctam
2822 1354 3355 1408 Chalcedonensem
3412 1353 3692 1422 synodum
3743 1355 3791 1404 et

2099 1443 2251 1496 beati
2310 1441 2513 1495 Leonis
2562 1443 2631 1495 de
2684 1442 2795 1496 tide
2825 1443 3104 1495 catholica
3136 1442 3498 1512 conscriptas
3543 1441 3787 1511 epistolas

2099 1531 2407 1595 declinant,
2448 1530 2658 1601 quibus
2700 1536 2940 1599 possunt
2982 1530 3200 1584 viribus
3254 1535 3597 1583 aversentur
3625 1535 3677 1582 et
3715 1528 3789 1581 fu-

2038 1664 2076 1717 Β
2104 1620 2302 1690 giant;
2336 1618 2565 1688 quando
2598 1618 2705 1688 ipsi
2750 1623 2903 1684 sunt,
2958 1617 3057 1689 qui
3114 1618 3451 1688 Eutychetis
3483 1622 3538 1671 et
3570 1616 3794 1670 Dioscori

2111 1707 2500 1773 Alexandrini,
2534 1708 2619 1760 vel
2673 1706 2868 1776 potius
2910 1707 3157 1761 nefanda
3186 1706 3641 1761 Manichaeorum
3670 1720 3792 1756 con-

2110 1796 2341 1865 tagione
2372 1796 2596 1866 polluti,
2622 1796 2792 1849 verbo
2819 1794 3050 1867 quidem
3075 1796 3355 1850 adversus
3383 1793 3684 1847 constituta
3704 1794 3792 1846 Pa-

2111 1890 2265 1940 trum
2300 1886 2565 1939 videntur
2596 1885 2804 1939 habere
2837 1890 3147 1951 certamen,
3180 1884 3364 1938 rebus
3396 1886 3593 1938 autem
3619 1885 3795 1934 contra

2112 1973 2566 2028 incarnationem
2630 1972 2856 2027 Domini
2904 1973 3084 2025 nostri
3112 1974 3248 2026 .lesu
3280 1971 3497 2025 Christi
3525 1969 3792 2024 evidenter

2112 2063 2437 2132 insurgunt.
2482 2061 2904 2127 Recordamini,
2939 2061 3237 2123 carissimi,
3272 2077 3408 2131 qua:
3461 2060 3686 2113 fuerunt
3714 2058 3795 2109 Ba-

2116 2152 2303 2205 silisco
2326 2150 2593 2221 palatium
2615 2151 2759 2204 aulae
2783 2150 3088 2204 incubante
3113 2155 3337 2203 tentata
3362 2163 3375 2218 ;
3412 2154 3471 2202 et
3501 2153 3793 2217 temporum

2117 2241 2352 2296 illorum
2382 2244 2504 2293 acta
2538 2240 2623 2292 vel
2647 2239 2762 2292 visa
2794 2240 2881 2293 vel
2930 2240 3125 2293 audita
3178 2239 3445 2293 recolite.
3498 2238 3671 2300 Quam
3694 2249 3793 2286 sce-

2115 2330 2261 2384 lesta
2287 2336 2423 2382 tunc
2452 2328 2623 2382 fuerit
2651 2328 2932 2382 Timothei
2971 2334 3364 2397 cognomento
3414 2325 3612 2389 zEluri,
3647 2337 3794 2393 quam

2119 2418 2426 2487 impudens
2452 2422 2503 2471 et
2540 2421 2899 2470 monstruosa
2923 2417 3302 2486 praesumptio
3329 2433 3342 2469 :
3376 2419 3620 2486 quantus
3646 2410 3795 2465 etiam

2118 2524 2223 2578 per
2248 2506 2578 2559 universum
2609 2506 2803 2559 orbem
2838 2504 2974 2559 fidei
3006 2521 3065 2558 se
3096 2511 3301 2558 vestrae
3348 2505 3537 2559 fervor
3564 2498 3795 2573 ostende-

2121 2598 2213 2651 rit.
2288 2595 2555 2649 Probavit
2608 2600 2743 2648 tunc
2809 2594 3489 2663 Constantinopolitanus
3548 2589 3794 2661 populus,

2123 2702 2297 2757 quam
2328 2700 2470 2754 pure
2522 2684 2715 2737 deceat
2744 2684 3040 2738 credentes
3087 2684 3420 2737 Christiana
3459 2694 3672 2734 servare
3701 2689 3800 2743 my-

2123 2774 2312 2828 steria.
2361 2772 2472 2828 Sed
2504 2777 2787 2826 transacta
2843 2772 3061 2825 utinam
3092 2772 3284 2825 studia
3314 2771 3574 2832 fuissent,
3603 2772 3653 2820 et
3700 2777 3799 2815 non

2126 2879 2280 2918 nunc
2309 2862 2519 2916 similia
2549 2867 2778 2931 tempus
2800 2865 3129 2931 expeteret..
3177 2862 3433 2915 Rursum
3465 2858 3611 2911 enim
3646 2852 3797 2906 iidem

322 2948 718 3019 probabilibus
738 2949 917 3004 initiis
949 2949 1387 3004 subministras:
1420 2949 1554 3019 quia
1589 2948 1809 3003 bonum
1855 2966 2018 3021 opus,
2061 2942 2101 2996 C
2130 2951 2385 3007 hwretici
2416 2956 2586 3021 caput
2616 2950 2945 3019 improbum
2984 2950 3053 3003 de
3081 2950 3396 3019 profundo,
3429 2963 3543 3017 quo
3572 2936 3799 2997 immersi

324 3037 613 3109 praecipue
643 3038 796 3110 quod
830 3038 900 3093 ad
931 3038 1247 3092 doctrinam
1282 3037 1413 3092 fidei
1443 3037 1712 3107 pertinet,
1746 3037 1856 3092 nisi
1878 3055 2022 3093 sem-

326 3140 431 3194 per
459 3128 718 3195 creverit,
769 3128 996 3181 videtur
1024 3127 1315 3181 imminui.
1350 3127 1418 3180 Et
1448 3127 1494 3179 si
1524 3126 1818 3181 tribulatio
1852 3143 2021 3181 mun-

328 3214 478 3269 dana
506 3215 831 3286 contigerit,
881 3220 1015 3270 ante
1045 3216 1240 3269 oculos
1278 3220 1513 3281 vestros,
1561 3214 1753 3268 futura
1785 3216 2025 3285 praemia

330 3310 629 3372 ponentes,
662 3302 974 3374 apostolica
1004 3320 1101 3357 vos
1130 3303 1525 3357 admonitione
1552 3303 1922 3370 consulimus,
1947 3304 2025 3358 di-

330 3395 555 3446 centes:
593 3393 725 3446 Non
752 3395 884 3445 sunt
912 3391 1201 3463 condigna
1227 3390 1525 3462 passiones
1546 3392 1715 3459 hujus
1753 3390 2026 3462 temporis

333 3478 410 3533 ad
438 3480 698 3541 futuram
714 3478 986 3551 gloriam,
1020 3495 1143 3550 quae
1163 3477 1510 3533 revelabitur
1524 3478 1585 3532 in
1604 3478 1765 3533 nobis
1794 3481 1866 3533 ΙΙ
1891 3482 2023 3533 Cor.

334 3568 415 3639 κ).
470 3567 701 3623 Meliora
758 3573 952 3622 tamen
1008 3584 1325 3637 speramus,
1379 3567 1515 3637 quia
1576 3568 1741 3632 Deus,
1797 3569 1895 3638 qui
1927 3583 2031 3638 per

337 3657 573 3712 beatum
603 3657 939 3726 Apostolum
974 3656 1114 3711 dixit
1147 3673 1159 3710 :
1195 3655 1303 3722 Qui
1322 3672 1418 3713 vos
1442 3672 1556 3710 non
1576 3655 1797 3711 dimisit
1819 3655 2033 3711 tentari

336 3762 503 3818 super
527 3745 678 3817 quod
688 3745 930 3816 potestis
954 3746 1142 3815 (Rom.
1177 3751 1297 3813 vui)
1327 3762 1340 3812 ;
1377 3746 1499 3815 ipse
1531 3762 1634 3815 pro
1664 3761 1767 3799 sua
1795 3746 2029 3815 pietate,

340 3859 485 3915 quos
511 3859 642 3897 suos
688 3843 861 3912 elegit
910 3859 1054 3910 esse,
1090 3849 1145 3896 et
1191 3843 1260 3895 de
1292 3842 1511 3912 laqueis
1550 3843 2031 3911 adversariorum,

342 3932 486 3986 sicut
535 3947 781 4001 semper,
827 3930 1049 4002 eripiet.
1111 3930 1395 3985 Libellum
1441 3930 1765 3985 dilectionis
1818 3935 1933 3985 tuae
1966 3933 2033 3986 de

341 4019 697 4075 confessione
718 4026 887 4075 recta:
918 4020 1053 4074 fidei
1085 4036 1187 4091 per
1210 4020 1428 4091 legatos
1460 4027 1682 4074 nostros
1714 4026 2036 4075 remeantes

344 4111 685 4181 accepimus,
736 4116 792 4165 et
848 4111 908 4165 in
969 4127 1065 4165 eos
1097 4111 1478 4165 sinceritatem
1508 4115 1620 4164 tua:
1660 4110 2036 4164 fraternitatis

345 4201 722 4270 agnovimus:
759 4200 894 4270 quia
923 4201 1073 4270 quod
1133 4205 1282 4254 recte
1310 4199 1506 4266 credit,
1540 4198 1643 4252 sub
1673 4199 2036 4253 attestatione

345 4289 574 4358 publica
604 4290 917 4360 prmdicare
947 4305 1065 4343 non
1086 4288 1327 4343 distulit.
1362 4289 1501 4342 Data
1527 4304 1589 4341 ιιι
1608 4303 1784 4341 nonas
1802 4287 2035 4356 Aprilis,
2083 4277 2121 4328 Ι)

346 4378 589 4449 Agapito
620 4378 740 4433 viro
772 4379 1087 4432 clarissimo
1137 4377 1371 4431 consule
1431 4381 1600 4439 (anno
1632 4375 1861 4429 Domini
1892 4374 2036 4444 5l7).

902 4465 924 4500 δ
966 4465 1299 4520 EPISTOLA
1327 4464 1455 4517 XVI.

873 4569 1160 4609 HONACHOS
1212 4566 1912 4619 CONSTANTINOPOLITANOS,
1945 4565 2044 4605 PER

813 4658 1022 4698 EOSDEM
1059 4657 1296 4696 LEGATOS
1336 4657 1580 4696 DIRECTA.

347 4569 417 4610 AD
473 4570 720 4610 POPULUM
755 4571 817 4609 ET

350 4730 764 4788 Abstinendum
792 4747 831 4785 a
855 4730 1138 4786 consortio
1164 4730 1573 4798 hxrelicorum,
1605 4731 1738 4783 etin
1758 4727 2047 4783 catholica

867 4819 983 4892 ﬁde
1030 4818 1520 4891 perseverandum.

426 4908 730 4965 Ilormisda
779 4910 954 4975 clero,
991 4910 1204 4979 p0pulo
1253 4914 1307 4961 et
1364 4906 1655 4962 monachis
1709 4904 2047 4960 orthodoxis

356 4998 860 5070 Constantinopoli
888 4997 1351 5054 consistentibus.

425 5141 450 5166 ι
490 5125 788 5178 Possessor
830 5124 1129 5194 episcopus
1173 5121 1467 5194 Africanus
1497 5134 1609 5194 pro
1636 5117 1748 5172 fide
1778 5115 2052 5194 catholica

355 5189 1196 5265 Constantinopoli'exsulabat,
1228 5191 1356 5265 fidei
1403 5189 1694 5265 catholica:
1730 5189 2046 5265 professio-

357 5281 489 5321 uem
545 5260 756 5321 ibidem
788 5265 966 5319 edidit
1013 5280 1203 5317 coram
1252 5263 1439 5332 prima
1496 5261 1800 5332 legatione.
1846 5260 2048 5332 Magno

356 5352 484 5391 cum
509 5337 698 5391 fructu
725 5343 781 5390 et
811 5334 1113 5389 commodo
1158 5331 1421 5387 omnium
1454 5331 1861 5384 catholicorum
1904 5331 2047 5384 Con-

356 5408 729 5478 stantinopoli
758 5408 866 5461 hoc
912 5412 1169 5475 tempore
1201 5404 1549 5459 morabatur.
1585 5401 1858 5456 Baronius
1898 5417 2050 5455 anno

358 5482 480 5548 5l7,
512 5495 673 5533 num.
710 5481 798 5533 26.
823 5478 944 5533 Ssv.
980 5479 1186 5532 BINIUS.

429 5576 507 5647 (α)
532 5578 701 5631 Deest
747 5575 889 5631 data
917 5576 980 5631 in
1007 5574 1146 5630 edit.
1180 5574 1346 5631 Rom.

2131 3042 2495 3106 tenebantur,
2527 3040 2810 3093 attollunt.
2842 3042 3027 3108 Atque
3060 3039 3188 3092 ideo
3244 3054 3410 3108 rogo,
3468 3036 3678 3094 hortor,
3722 3026 3800 3078 ad-

2132 3146 2339 3183 moneo
2372 3127 2731 3181 dilectionem
2767 3132 3030 3189 vestram,
3086 3127 3156 3180 ab
3211 3142 3417 3179 eorum
3450 3140 3546 3176 vos
3578 3114 3798 3174 conciliis

2088 3277 2093 3282 ,
2132 3222 2187 3271 et
2216 3216 2623 3270 communione
2670 3215 2969 3269 secernite.
3004 3215 3410 3270 Recordamini
3451 3212 3555 3266 zeli
3596 3203 3797 3279 prioris,

2135 3311 2189 3361 et
2221 3306 2405 3359 vivere
2448 3306 2509 3359 in
2552 3304 2709 3358 vobis
2749 3305 2951 3371 lucem,
2996 3305 3305 3357 scintillam
3341 3302 3493 3373 ignis
3524 3290 3800 3369 spiritualis

2136 3395 2437 3461 ostendite,
2489 3410 2561 3447 ne
2608 3393 2922 3462 simplicem
2966 3393 3025 3447 in
3070 3393 3229 3446 vobis
3276 3390 3529 3446 veritatis
3568 3385 3799 3440 affectum

2134 3484 2493 3553 perditorum
2541 3482 2749 3534 astutia
2806 3497 3159 3552 expugnasse
3191 3497 3251 3533 se
3309 3480 3570 3551 gaudeat.
3618 3474 3678 3526 Et
3702 3470 3801 3553 hazc

2137 3552 2394 3632 quidem,
2456 3566 2733 3630 quantum
2792 3562 2859 3613 ad
2912 3566 3257 3629 praesentem
3307 3558 3711 3620 necessitatem,
3757 3552 3803 3601 el

2139 3649 2539 3705 assumendam
2572 3654 2767 3702 contra
2797 3649 3004 3719 impios
3033 3650 3380 3716 cautionem,
3416 3646 3616 3702 dixisse
3667 3638 3801 3695 suffi-

2139 3738 2269 3793 ciat.
2304 3740 2478 3807 Spero
2499 3744 2695 3792 tamen
2727 3738 2879 3807 quod
2908 3738 2955 3790 si
2985 3737 3300 3791 admonitio
3327 3739 3435 3791 ista
3467 3728 3800 3804 promoverit.

2142 3831 2199 3882 et
2231 3828 2369 3881 mihi
2402 3831 2457 3880 et
2483 3827 2639 3880 vobis
2665 3826 2819 3879 utilis
2849 3826 2997 3892 erit;
3032 3826 3263 3896 quando
3300 3830 3358 3880 et
3389 3827 3537 3879 Deus
3562 3824 3617 3876 in
3644 3822 3803 3873 vestra

2144 3916 2325 3970 salute
2357 3914 2789 3985 glorificabitur,
2845 3918 2901 3968 et
2947 3914 3163 3967 fructus
3192 3920 3409 3969 nostrae
3438 3902 3799 3967 sollicitudinis

2146 4005 2460 4074 apparebit.
2503 4006 2638 4058 Data
2670 4020 2731 4056 III
2762 4019 2941 4056 nonas
2970 4002 3201 4072 Aprilis,
3232 4002 3478 4073 Agapito
3508 4000 3621 4054 viro
3644 3992 3805 4049 claris-

2145 4095 2288 4149 simo
2319 4094 2549 4147 consule
2572 4094 2744 4163 (anno
2778 4092 3001 4146 Domini
3034 4094 3178 4157 5l7).

2740 4180 3073 4235 EPISTULA
3103 4182 3257 4235 XVII.

2253 4286 2332 4327 AD
2377 4285 2713 4326 ENNODIUM
2764 4286 2832 4325 ΕΤ
2890 4285 3311 4325 PEREGRINUM
3372 4274 3712 4325 EPISCOPOS-

2148 4363 2368 4416 Joanne
2395 4358 2825 4431 Nicopolitano,
2855 4375 2977 4431 quas
2994 4362 3191 4413 contra
3217 4374 3353 4414 eum
3388 4346 3807 4413 Thessalonicen-

2220 4449 2303 4503 sis
2324 4449 2645 4513 tentaverz‘t,
2672 4466 2734 4503 se
2762 4448 3086 4519 cognovisse
3116 4447 3336 4514 scribit,
3368 4453 3672 4511 novamque
3692 4447 3804 4487 cau-

2226 4554 2351 4592 sam
2370 4538 2523 4591 sedis
2538 4536 2862 4609 apostolicae
2877 4536 3388 4605 ingestam,iisdem
3405 4522 3807 4605 cognoscendam

2218 4644 2327 4697 per
2354 4627 2581 4680 litteras
2611 4627 2781 4680 hasce
2800 4625 3104 4680 commisit.

2227 4716 2524 4770 IIormisda
2558 4715 2814 4770 Ennodio
2846 4720 2900 4768 et
2925 4716 3235 4784 Peregrino
3268 4710 3562 4785 episcopis.

2228 4806 2601 4873 Posteaquam
2632 4804 2881 4872 profecta
2912 4808 2998 4857 est
3040 4804 3246 4857 caritas
3270 4809 3472 4866 vestra,
3504 4786 3799 4861 Nicopolita-

2156 4909 2262 4947 nus
2297 4892 2589 4960 diaconus,
2616 4892 2713 4962 qui
2745 4892 2900 4946 vobis
2927 4892 3099 4946 etiam
3121 4892 3364 4945 occurrit
3394 4891 3454 4944 in
3473 4887 3683 4941 itinere.
3714 4874 3802 4927 RO'

2156 5000 2311 5038 mam
2343 4983 2534 5050 venit;
2568 4998 2740 5052 quem
2765 4988 2978 5051 praeter
2996 4996 3218 5034 moram
3241 4979 3507 5041 vidimus,
3532 4964 3810 5038 cogitauit”ls

2228 5124 2250 5158 ιι
2291 5111 2388 5166 His
2425 5110 2692 5164 omnibus
2746 5108 2951 5163 litteris
3001 5107 3146 5163 datis
3178 5082 3811 5177 adjecitpoutif‘exnlil‘fl'

2159 5184 2276 5236 lum
2305 5183 2675 5236 confessionis
2699 5182 3014 5244 catholicae,
3050 5195 3222 5249 quem
3246 5169 3811 5249 'suprarecitavimtljz

2158 5256 2248 5307 cui
2282 5254 2711 5318 subscribendo,
2778 5238 3023 5321 quisque
3068 5238 3144 5302 ’δε
3208 5238 3809 5321 \‘ere'catholicuuiff‘sf

2160 5327 2420 5394 probare,
2483 5307 2868 5392 Romanaeque
2922 5307 3181 5394 Ecclesia:
3236 5318 3558 5372 catholicam
3595 5307 3810 5360 commu'

2160 5392 2395 5450 nionem
2417 5394 2689 5465 consequi
2717 5397 2926 5464 posset.
2957 5392 3081 5447 Sev.
3114 5392 3327 5446 Bmws.

2232 5565 2305 5637 (δ)
2347 5564 2517 5632 lbid.,
2542 5562 2699 5627 ﬁdei.
