4038 6170
251 276 365 332 405

1562 271 1908 331 EPISTOLzE
1946 274 2036 331 ET
2070 274 2388 331 DECRE’I‘A
2400 317 2414 334 .

3644 280 3751 339 406

247 423 326 462 ne
352 407 493 462 forte
524 407 675 460 esset
700 401 853 475 quod
881 402 949 457 ad
980 400 1412 458 instructionem
1456 404 1738 459 mandatas
1780 405 1938 461 vobis
1974 406 2024 462 A
2053 412 2110 462 et
2136 408 2575 477 praedecessoris
2599 408 2688 465 sui
2710 409 2929 467 bonum
2955 412 3286 483 exemplum
3315 429 3582 486 sequens,
3612 430 3747 471 con-

242 494 547 568 legationis
576 492 821 563 adjicere
851 491 1188 546 deberemus
1214 508 1226 546 :
1252 492 1405 563 quod
1439 496 1496 547 et
1525 493 1940 550 rationabiliter

242 584 454 637 factum
484 582 611 652 ipsa
639 598 728 636 res
760 581 1052 635 evidenter
1080 581 1351 636 ostendit.
1395 581 1615 637 Obtulit
1651 583 1806 638 enim
1835 601 1939 639 no-

242 672 333 725 bis
368 671 668 741 epistulam
713 670 949 724 Joannis
994 670 1243 740 episcopi
1282 670 1393 739 sui,
1441 676 1495 725 et
1537 672 1710 726 aliam
1740 673 1941 744 synodi

238 761 351 815 sibi
380 759 728 830 subjacentis
762 758 1021 813 Ecclesiae
1068 759 1494 830 Nicopolitanae,
1530 777 1643 831 qua
1689 778 1940 832 querun-

243 858 341 904 tur
380 849 453 903 ab
487 849 757 920 episcopo
799 847 1290 902 Thessalonicensi
1337 849 1605 903 excitatas
1639 850 1941 905 adversum

242 956 303 993 se
342 944 459 992 tam
488 937 838 1009 principales
866 953 1040 1007 quam
1065 937 1400 1007 judiciarias
1430 942 1778 1007 potestates:
1812 956 1943 994 con-

242 1026 603 1081 cussionibus
652 1032 706 1080 et
738 1026 1050 1096 dispendiis
1082 1042 1139 1079 se
1169 1026 1540 1080 vehementer
1583 1026 1762 1097 afﬂigi
1805 1044 1942 1098 pro-

240 1122 369 1185 pter
399 1116 532 1181 hoc,
562 1114 698 1186 quia
740 1115 807 1170 de
840 1115 1200 1170 ordinatione
1241 1132 1343 1169 sua
1373 1116 1445 1170 ad
1474 1116 1804 1186 episcopum
1852 1132 1943 1170 re-

234 1205 517 1259 lationem
540 1205 852 1259 secundum
876 1206 1079 1275 [prisca
1104 1205 1365 1275 exempla
1403 1221 1520 1259 non
1558 1204 1797 1260 miserit.
1831 1206 1940 1259 Pro

240 1314 357 1369 qua
386 1313 561 1350 causa
597 1300 990 1366 speraverunt,
1013 1300 1076 1348 ut
1104 1294 1174 1349 de
1212 1294 1466 1348 remedio
1499 1294 1746 1363 cogitare
1778 1293 1944 1348 debe-

242 1402 463 1453 remus,
488 1383 853 1438 consulentes
883 1383 1055 1439 etiam
1089 1400 1211 1449 nos,
1254 1390 1319 1437 ut
1355 1384 1622 1438 daremus
1650 1383 1730 1436 eis
1760 1383 1943 1436 licen-

239 1474 385 1528 tiam
420 1473 760 1527 relationem
786 1473 855 1528 ad
878 1473 1244 1543 designatum
1268 1472 1598 1543 episcopum
1628 1472 1943 1526 secundum

235 1562 719 1617 consuetudinem
750 1562 1093 1616 destinandi.
1129 1562 1287 1615 Unde
1312 1562 1701 1627 tractavimus,
1735 1566 1790 1614 et
1822 1560 1943 1631 epi-

239 1669 479 1722 scOpum
511 1651 746 1722 quidem
776 1651 1237 1721 Nicopolitanum
1267 1650 1696 1716 admonuimus,
1727 1666 1800 1704 ne
1830 1650 1941 1703 tale

239 1741 464 1810 aliquid
493 1739 707 1794 audere
742 1742 1006 1805 tentaret,
1026 1739 1073 1792 si
1096 1739 1395 1793 nobiscum
1426 1738 1562 1793 velit
1589 1739 1651 1791 in
1682 1755 1939 1792 commu-

240 1826 415 1879 nione
448 1827 785 1896 persistere;
816 1843 888 1879 ne
915 1841 1017 1897 per
1041 1826 1230 1891 illum,
1251 1825 1294 1879 si
1325 1826 1397 1880 ab
1423 1843 1488 1880 eo
1512 1826 1664 1896 quia
1684 1841 1941 1879 commu-

241 1915 415 1969 nione
457 1921 653 1970 nostra
693 1915 915 1969 alienus
962 1920 1068 1981 est,
1110 1915 1613 1969 conﬁrmationem
1660 1914 1937 1984 petiisset,

242 2010 441 2058 nostra
472 2020 706 2075 quoque
736 2003 1063 2058 communio
1091 2003 1418 2073 contagium
1450 2003 1777 2057 sustineret.
1813 2003 1942 2057 Haec

242 2109 363 2159 vos,
393 2099 457 2146 ut
485 2093 685 2147 omnia
713 2093 945 2155 sciretis,
991 2092 1381 2146 instruximus.
1408 2091 1555 2155 Quid
1587 2097 1782 2146 autem
1811 2108 1941 2162 pro-

241 2182 382 2251 pitio
418 2182 537 2236 Deo
572 2182 733 2236 vobis
772 2182 840 2236 de
871 2183 978 2236 hac
1010 2181 1086 2252 (α)
1110 2181 1401 2251 agendum
1435 2181 1527 2248 sit,
1554 2181 1809 2251 subjecta
1842 2181 1939 2237 de-

237 2273 474 2326 clarant.
509 2273 655 2327 Data
678 2272 862 2343 pridie
892 2271 1019 2324 idus
1046 2271 1279 2340 Aprilis,
1311 2270 1555 2341 Agapito
1577 2270 1829 2325 consule.

811 2360 1148 2415 EPISTULA
1184 2360 1369 2414 XVIII.

890 2465 969 2504 ΔΙ)
1026 2464 1300 2504 ΕΟΒΒΕΜ.

239 2538 391 2606 Qud
437 2538 501 2593 in
550 2554 729 2593 causa
781 2536 1199 2607 Nicopoliluna
1251 2554 1381 2591 cum
1414 2536 1941 2603 ,Thessalonicensi

710 2627 996 2699 agendum
1022 2626 1102 2683 sit
1130 2625 1471 2697 praescribit.

302 2716 609 2770 Hormisda
644 2717 897 2771 Ennodio
940 2722 994 2768 et
1024 2714 1334 2786 Peregrino
1368 2714 1672 2786 episcopis.

299 2807 362 2859 In
393 2805 635 2858 nomine
664 2805 869 2872 Patris,
901 2809 957 2857 et
982 2804 1127 2872 Filii,
1163 2809 1220 2857 et
1257 2804 1500 2873 Spiritus
1534 2803 1736 2871 sancti,
1765 2803 1940 2857 inter-

238 2893 578 2947 cedentibus
609 2897 665 2946 et
695 2890 1094 2961 adjuvantibus
1128 2892 1355 2957 sanctis,
1378 2890 1516 2961 quid
1549 2891 1835 2961 agendum
1867 2890 1939 2943 sit

236 2986 304 3036 de
343 2999 517 3036 causa
565 2981 976 3050 Nicopolitana:
1027 2979 1304 3035 Ecclesiae.
1338 2978 1595 3034 Primum
1634 2978 1730 3033 ubi
1761 2980 1938 3033 Thes-

236 3072 572 3134 salonicam,
606 3072 723 3124 Deo
749 3072 1011 3140 juvante,
1057 3068 1348 3135 veneritis,
1383 3068 1653 3138 epistolas
1694 3071 1936 3136 nostras,

240 3177 374 3231 quas
404 3162 467 3215 in
496 3160 607 3213 hac
637 3175 808 3213 causa
834 3159 1115 3224 misimus,
1151 3158 1418 3229 episcopo
1450 3157 1941 3212 Thessalonicensi

237 3248 462 3316 tradite,
506 3248 675 3302 illum
722 3246 955 3318 quidem
1016 3247 1276 3313 ordinem
1327 3246 1387 3299 in
1423 3246 1546 3316 ejus
1598 3243 1939 3299 salutatione

242 3344 553 3402 servantes,
590 3352 763 3407 quem
808 3335 959 3389 scitis
1006 3352 1038 3388 a
1068 3334 1234 3388 nobis
1278 3351 1399 3387 esse
1433 3334 1767 3387 mandatum
1793 3333 1941 3386 circa

236 3444 333 3481 eos
364 3427 467 3499 qui
509 3442 643 3480 cum
683 3425 816 3479 sede
848 3424 1173 3494 apostolica,
1221 3423 1326 3477 hoc
1356 3428 1438 3477 est
1479 3423 1723 3477 Ecclesia
1752 3422 1938 3476 catho—

239 3516 346 3569 lica
377 3532 497 3569 nou
552 3513 1000 3567 communicant.
1052 3512 1295 3567 Traditis
1326 3519 1517 3566 autem
1550 3511 1825 3582 epistolis,
1859 3512 1941 3565 in-

240 3608 454 3657 stanter
484 3619 657 3671 agere
700 3601 915 3655 debetis
948 3606 1011 3654 ut
1054 3617 1112 3653 se
1145 3602 1213 3655 ab
1257 3602 1378 3671 ejus
1418 3601 1675 3654 Ecclesia:
1706 3616 1941 3653 concus-

241 3694 402 3746 sione
444 3691 801 3766 suspendat:
838 3691 1121 3744 rationem
1154 3691 1479 3758 reddentes,
1517 3690 1654 3759 quia
1693 3706 1805 3743 non
1850 3705 1942 3759 po-

238 3784 347 3838 tuit
372 3800 635 3838 reversus
658 3783 727 3837 ad
756 3781 1224 3836 communionem
1249 3785 1304 3833 et
1343 3780 1412 3834 ad
1445 3796 1649 3850 corpus
1674 3780 1939 3835 Ecclesiae

240 3890 373 3926 cum
406 3873 519 3926 illis
552 3872 653 3941 qui
686 3871 929 3925 necdum
970 3869 1183 3924 reversi
1214 3872 1347 3922 sunt
1385 3869 1700 3939 quidquam
1732 3868 1939 3923 habere

237 3962 631 4028 wnjunctum,
667 3976 771 4012 nos
803 3975 918 4012 non
960 3958 1178 4012 solvere
1217 3974 1250 4010 a
1278 3955 1800 4026 prazdecessoribus
1834 3972 1941 4009 no-

238 4051 370 4102 stris
394 4065 662 4102 concessa
694 4046 1016 4117 privilegia,
1052 4046 1097 4099 si
1124 4047 1244 4115 ipse
1269 4046 1647 4099 ecclesiastica
1678 4045 1942 4098 instituta

242 4155 356 4191 -100
384 4139 629 4191 deserat.
665 4137 825 4191 Certe
875 4136 1071 4189 redeat
1122 4135 1193 4188 ad
1235 4135 1532 4202 unitatem,
1568 4140 1625 4187 et
1668 4150 1770 4187 nos
1809 4149 1941 4188 cum

241 4245 308 4281 r0
334 4226 689 4293 insistemus,
721 4230 784 4278 ut
814 4225 1010 4277 omnia
1038 4223 1338 4293 privilegia
1369 4238 1726 4293 qumcunque
1749 4237 1943 4275 conse-

2049 496 2333 552 demnatis
2367 498 2645 552 haereticis
2678 500 2762 554 vel
2794 502 3309 570 transgressoribus
3343 504 3415 558 ad
3454 503 3649 558 sedem
3680 505 3738 559 Β.

2050 587 2201 640 Petri
2248 587 2493 657 apostoli
2538 587 2713 655 misit,
2764 594 2821 642 et
2865 596 3160 660 susceptus
3218 596 3350 646 est:
3401 592 3538 647 huic
3592 608 3747 648 nunc

2049 675 2566 730 Thessalonicensis
2597 678 2894 748 episcopus
2914 679 3239 747 insidiatur,
3273 686 3331 735 et
3363 697 3497 736 eum
3538 698 3746 736 concu-

2048 764 2150 831 tit;
2199 766 2485 819 contraria
2532 766 2618 821 his
2666 784 2796 837 quae
2855 768 2990 821 fecit
3038 768 3108 822 ab
3150 785 3215 822 eo
3264 770 3491 839 exigere
3533 772 3744 827 volens.

2053 855 2196 909 Hinc
2222 859 2383 924 pater
2416 860 2617 921 vester,
2653 861 2710 909 et
2748 872 2948 910 omnes
2978 858 3280 912 orthodoxi
3310 864 3517 929 rogant
3547 864 3608 915 ut
3628 861 3747 930 jus-

2050 941 2309 996 sionibus
2341 944 2537 997 vestris
2578 951 2936 999 removeatur
2969 946 3037 1000 ab
3074 963 3141 1000 eo
3185 947 3293 1001 ista
3337 948 3627 1015 molestia;
3672 964 3743 1004 ne

2048 1031 2307 1087 videatur
2336 1032 2663 1086 hominibus
2686 1038 2920 1103 propter
2949 1034 3055 1088 hoc
3088 1035 3253 1090 illum
3285 1037 3744 1106 persecutionem

2050 1119 2189 1190 pati,
2216 1121 2351 1190 quia
2394 1122 2462 1175 ad
2493 1122 2957 1176 communionem
2998 1124 3145 1177 sedis
3180 1125 3508 1193 apostolicae
3539 1126 3741 1193 rediit;

2051 1212 2107 1261 et
2137 1208 2237 1279 qui
2276 1216 2605 1279 exspectant
2642 1227 2745 1281 per
2785 1227 2882 1264 vos
2923 1212 3198 1267 unitatem
3240 1214 3387 1281 ﬁeri,
3420 1215 3573 1269 aliud
3604 1215 3744 1269 inci-

2050 1295 2213 1366 piant
2243 1298 2496 1363 credere,
2525 1297 2571 1351 si
2609 1298 2883 1366 pietatem
2926 1312 3169 1353 vestram
3212 1300 3458 1355 viderint
3485 1302 3595 1355 hoc
3636 1301 3746 1357 dis-

2052 1385 2344 1452 simulare,
2377 1386 2484 1439 hoc
2528 1386 2893 1455 negligenter
2921 1386 3196 1457 accipere.
3225 1388 3419 1442 Visum
3457 1394 3541 1443 est
3578 1391 3744 1445 nobis

2052 1475 2343 1543 expedire,
2396 1479 2461 1528 ut
2522 1474 2742 1529 litteras
2786 1491 2928 1545 quas
2972 1476 3043 1530 ad
3088 1476 3647 1533 Thessalonicensem
3687 1479 3747 1533 in

2052 1578 2221 1617 causa
2257 1562 2653 1633 Nicopolitana
2684 1562 3020 1631 direximus,
3064 1566 3324 1635 quolibet
3360 1567 3562 1622 ordine
3602 1584 3746 1638 pru-

2053 1652 2247 1706 dentia
2286 1657 2470 1706 vestra
2513 1652 2750 1707 diversis
2796 1653 2859 1707 in
2906 1653 3044 1707 locis
3081 1654 3252 1708 faciat
3290 1656 3593 1725 publicari,
3625 1673 3745 1711 ma-

2054 1758 2307 1813 gnopere
2356 1747 2548 1796 tamen
2589 1741 2651 1795 in
2682 1741 2905 1796 civitate
2949 1743 3560 1811 Thessalonicensium,
3610 1744 3747 1816 quia

2047 1831 2157 1886 hoc
2194 1830 2366 1897 facto,
2400 1836 2455 1885 et
2484 1847 2516 1885 a
2557 1831 2956 1901 persecutione
2994 1837 3324 1887 nostrorum
3356 1839 3542 1903 potest
3568 1850 3747 1888 cessa-

2047 1921 2119 1987 ri,
2150 1924 2207 1973 et
2246 1920 2319 1975 ad
2358 1918 2554 1990 ipsius,
2591 1918 2638 1973 si
2688 1935 2747 1974 se
2777 1920 3107 1989 correxerit,
3142 1921 3426 1977 credimus
3457 1922 3746 1994 pertinere

2048 2010 2312 2065 salutem.

2653 2077 2983 2134 EPISTULA
3021 2080 3149 2135 XIX.

2417 2163 2495 2205 AD
2540 2163 2953 2206 ANASTASIUM
3002 2165 3369 2207 AUGUSTUM.

2258 2237 2547 2292 Joannem
2571 2237 3049 2308 Nicopolilanum
3076 2243 3129 2294 ei
3152 2238 3530 2295 commendat.

2119 2326 2419 2382 Hormisda
2477 2326 2744 2381 Anatasio
2800 2328 3081 2399 Augusto,
3130 2343 3235 2399 per
3293 2328 3622 2383 Ennodium
3689 2332 3748 2383 et

2049 2415 2425 2486 Peregrinum
2457 2416 2772 2486 episcopos.

2121 2507 2265 2560 Dum
2319 2504 2613 2575 sapientiae
2652 2507 2874 2574 vestras,
2916 2504 3361 2560 clementissime
3406 2505 3742 2577 imperator,

2046 2593 2329 2665 profunda
2358 2593 2676 2661 considero,
2702 2593 3067 2664 providentes
3102 2594 3272 2648 saluti
3293 2595 3565 2666 proprie,
3584 2594 3745 2649 vobis

2047 2682 2348 2752 displicere
2383 2699 2495 2736 non
2532 2683 2774 2737 aastimo.
2821 2684 3016 2755 Neque
3060 2683 3215 2738 enim
3261 2688 3360 2738 aut
3404 2684 3596 2738 divina
3627 2700 3743 2737 mo-

2047 2772 2186 2837 nita,
2220 2776 2317 2826 aut
2346 2772 2597 2825 humana
2630 2772 2926 2826 continent
2954 2772 3234 2840 instituta,
3271 2776 3330 2826 ut
3364 2773 3462 2844 qui
3494 2773 3743 2828 consulit

2046 2859 2212 2913 bonae
2251 2859 2390 2928 spei,
2436 2859 2692 2929 qualibet
2735 2859 2938 2915 debeat
2971 2860 3418 2931 reprehensione
3474 2859 3693 2931 culpari
3725 2876 3737 2913 :

2046 2964 2178 3002 cum
2211 2948 2454 3001 maxime
2494 2948 2677 3017 pietas
2706 2965 2937 3020 quoque
2968 2953 3152 3003 vestra
3177 2948 3384 3004 affectu
3414 2965 3472 3002 se
3503 2948 3740 3002 unitatis

2047 3041 2104 3092 et
2152 3037 2308 3107 pacis
2355 3037 2599 3107 ﬂagrare
2630 3036 2891 3091 fateatur.
2928 3038 3063 3101 Quae
3110 3054 3200 3092 res
3242 3053 3335 3092 me
3374 3052 3607 3109 quoque
3649 3036 3740 3091 vel

2047 3142 2151 3198 pro
2182 3125 2391 3180 ﬁducia
2422 3126 2780 3180 conscientiae
2815 3130 3035 3190 vestras,
3071 3127 3157 3180 vel
3185 3142 3291 3196 pro
3332 3126 3563 3181 creditas
3592 3143 3740 3197 quo-

2048 3230 2160 3287 que
2191 3215 2336 3269 mihi
2373 3215 2813 3284 dispensationis
2850 3215 3062 3281 ofﬁcio,
3103 3221 3432 3286 emergente
3463 3215 3744 3285 compulit

2047 3320 2163 3358 non
2194 3303 2567 3374 supersedere
2604 3304 2854 3375 negotio.
2886 3305 3131 3358 Joannes
3162 3304 3341 3358 frater
3370 3309 3427 3358 et
3455 3303 3741 3372 coepisco-

2046 3410 2155 3465 pus
2185 3409 2345 3447 meus
2374 3392 2780 3462 Nicopolitante
2802 3392 3044 3447 civitatis
3070 3393 3326 3453 antistes,
3358 3392 3738 3463 praedecesso-

2047 3480 2124 3535 ris
2153 3482 2240 3535 sui
2271 3484 2479 3535 sanctae
2521 3481 2929 3535 recordationis
2974 3481 3269 3551 Alcysonis
3300 3485 3526 3535 secutus
3557 3496 3742 3535 exem-

2045 3571 2230 3641 plum,
2260 3571 2412 3624 beati
2442 3571 2593 3624 Petri
2616 3570 2858 3639 apostoli
2878 3564 3344 3624 communionem
3362 3586 3492 3624 cum
3521 3569 3740 3640 synodo

2047 3676 2169 3724 sua,
2197 3660 2481 3713 damnatis
2527 3659 2615 3713 his
2649 3675 2793 3729 quos
2840 3660 3083 3713 Ecclesia
3114 3659 3448 3727 detestatur,
3480 3658 3737 3729 expetiit.

2047 3749 2098 3803 Is
2126 3764 2275 3801 nunc
2302 3748 2570 3818 gravibus
2598 3748 2867 3817 fatigatur
2896 3747 3141 3802 insidiis.
3179 3750 3384 3801 Precor
3416 3752 3743 3801 mansuetu-

2048 3837 2244 3890 dinem
2276 3842 2539 3902 vestram,
2578 3836 2778 3906 iniqua
2809 3836 3180 3890 molientibus
3203 3836 3446 3903 obviate,
3471 3841 3527 3890 et
3555 3852 3743 3890 remo-

2045 3934 2173 3979 vete
2206 3923 2512 3989 molestias,
2551 3930 2608 3977 et
2639 3930 2962 3978 correctum
3004 3925 3209 3993 fovete,
3241 3925 3352 3993 cui,
3399 3930 3464 3979 ut
3492 3925 3743 3995 corrige-

2047 4019 2223 4077 retur,
2249 4013 2536 4066 debuisset
2569 4012 2774 4067 insisti.
2819 4013 3008 4068 Scient
3044 4014 3200 4067 enim
3235 4014 3335 4084 qui
3366 4014 3742 4077 tardaverint,

2048 4119 2105 4156 se
2135 4118 2263 4156 reos
2294 4101 2537 4166 futuros,
2580 4117 2708 4154 cum
2744 4118 2777 4154 a
2820 4100 2983 4155 vobis
3014 4100 3193 4155 foveri
3232 4101 3477 4155 viderint
3507 4102 3627 4172 jam
3659 4117 3745 4156 re-

2048 4208 2259 4246 versos.
2299 4191 2520 4253 Fateor,
2551 4188 2995 4243 clementissime
3034 4189 3371 4260 imperator,
3405 4190 3583 4244 miror
3612 4189 3746 4243 insi-

242 4324 370 4368 -.uta
419 4322 502 4369 est
558 4332 589 4367 a
639 4277 769 4367 sede
822 4277 1135 4383 apostolica
1193 4277 1441 4366 Ecclesia
1480 4277 1942 4381 ejusfinviolata
1980 4308 2023 4362 D
2054 4280 2337 4334 manuum
2362 4278 2738 4383 ,ρθξίίηδθίδφ
2762 4278 3296 4383 Ῑξθίίυθρθίτοθῳδθ
3318 4281 3504 4383 “is”?
3534 4277 3747 4383 inm‘itu

248 4410 569 4459 serventur.
616 4404 795 4457 Dicite
827 4404 1001 4454 etiam
1050 4408 1244 4470 aperte
1286 4402 1452 4455 illum
1501 4400 1803 4454 ostendere
1832 4400 1942 4453 iui-

248 4494 457 4547 ;nicum
507 4509 569 4545 se
614 4509 736 4545 esse
779 4490 932 4557 ﬁdei,
966 4490 1013 4542 si
1067 4490 1391 4559 insequitur
1440 4506 1582 4559 quos
1630 4489 1833 4543 viderit
1872 4488 1943 4543 ad

246 4582 585 4635 catholicam
649 4578 1115 4632 communionem
1175 4578 1398 4631 reverti.
1460 4577 1622 4641 Quod
1677 4577 1943 4647 poteritis

250 4686 475 4724 causam
509 4669 589 4722 ibi
626 4669 743 4722 Deo
777 4668 1022 4737 propitio
1056 4683 1421 4736 componere,
1466 4666 1688 4736 scriptis
1722 4667 1792 4720 ad
1824 4668 1944 4736 cpi-

248 4774 478 4828 scopum
521 4757 984 4827 Nicopolitanum
1006 4755 1229 4824 litteris,
1263 4754 1401 4825 quid
1432 4762 1617 4809 vestra
1642 4770 1944 4824 promove-

254 4850 323 4900 rit
360 4863 540 4917 opera
572 4846 851 4899 nuntiate.
887 4845 943 4899 Si
984 4860 1115 4897 vero
1148 4844 1464 4898 obstinatus
1494 4842 1685 4910 fuerit,
1730 4858 1835 4897 nec
1876 4841 1945 4897 ab

254 4936 608 4989 insccutione
641 4936 765 5004 ejus
810 4949 1031 4987 cessare
1063 4934 1327 4997 voluerit,
1358 4932 1678 4987 secundum
1726 4932 1947 4987 litteras

254 5040 386 5094 quas
410 5025 479 5077 ad
503 5022 1020 5077 clementissimum
1046 5022 1455 5091 imperatorem
1485 5022 1768 5084 misimus,
1794 5020 1947 5091 apud

252 5113 569 5181 principem
615 5126 847 5164 causam
893 5111 1153 5164 Ecclesia:
1196 5111 1599 5181 Nicopolitanm
1648 5112 1728 5163 sic
1775 5112 1947 5179 agite,

256 5207 309 5255 ut
335 5201 540 5255 dicatis
575 5216 587 5253 :
614 5201 857 5270 Alcyson
888 5200 1188 5270 episcopus
1212 5200 1638 5270 Nicopolitanus
1677 5199 1950 5253 satisfecit

257 5290 506 5345 Ecclesiae
537 5289 856 5357 catholicas,
895 5295 1191 5358 susceptus
1221 5294 1324 5354 est,
1369 5294 1427 5342 et
1468 5289 1540 5342 ad
1589 5289 1946 5342 communio-

257 5395 378 5433 nem
403 5379 678 5433 reductus
710 5395 724 5433 :
752 5378 927 5448 hujus
964 5394 1256 5433 successor
1283 5380 1525 5433 Joannes
1562 5378 1866 5449 episcopus
1894 5382 1951 5432 et

260 5468 428 5525 Deum
459 5474 597 5523 ante
635 5468 831 5524 oculos
857 5468 1099 5539 habens,
1122 5472 1178 5522 et
1214 5467 1282 5523 de
1307 5469 1490 5524 salute
1533 5484 1635 5523 sua
1668 5466 1944 5538 cogitans,

324 5612 399 5682 (α)
432 5611 565 5665 Edit
594 5611 759 5666 Rom.
793 5610 973 5681 addit,
1000 5627 1196 5667 causa.

2052 4368 2394 4440 permoveri.
2432 4369 2572 4421 Nam
2597 4366 2697 4436 qui
2730 4368 2978 4421 oderunt
3002 4367 3064 4421 in
3094 4366 3329 4421 homine
3358 4365 3608 4419 studium
3641 4365 3741 4419 de-

2053 4458 2246 4513 siderii
2267 4458 2423 4521 boni,
2449 4457 2603 4528 quod
2628 4458 2698 4511 de
2737 4474 2794 4510 se
2824 4457 3110 4511 aestimant
3131 4454 3399 4525 judicari,
3428 4453 3744 4525 insequun-

2052 4553 2166 4610 tur,
2209 4547 2278 4601 ad
2310 4552 2464 4599 recta
2504 4546 2772 4613 reduces;
2803 4545 2935 4615 jure
2967 4543 3257 4614 culpandi,
3290 4543 3338 4596 si
3369 4560 3485 4596 non
3515 4559 3747 4598 conver-

2053 4637 2228 4690 terint
2257 4635 2569 4688 deviautes.
2612 4636 2749 4688 Date
2781 4634 2913 4687 ﬁdei
2944 4638 3145 4687 vestrm
3179 4633 3329 4686 clara
3377 4632 3742 4700 documenta,

2054 4726 2100 4779 si
2133 4725 2323 4778 adfore
2350 4724 2569 4777 cunctis
2594 4724 2665 4776 ad
2698 4721 2976 4777 unitatem
2998 4721 3248 4777 reductis
3279 4725 3336 4777 et
3366 4721 3554 4777 ofﬁcio
3587 4722 3746 4776 omni

2054 4818 2111 4868 et
2142 4814 2539 4867 adhortatione
2570 4810 2849 4881 cogitetis.

2658 4899 2994 4956 EPISTOLA
3030 4900 3142 4953 XX.

2182 4990 2260 5028 ΔΙ)
2302 4986 2600 5027 ,ιοΑΝΝΕΜ
2650 4986 3011 5026 EPISCOPUM
3059 4984 3617 5026 NICOPOLITANUM.

2054 5064 2251 5133 Equo
2278 5062 2473 5133 animo
2511 5076 2796 5133 aaruimna:
2824 5076 2934 5133 pro!
2947 5060 3066 5133 ﬁde
3090 5058 3499 5133 sustinendus,
3547 5061 3602 5111 et
3629 5056 3749 5112 ideo

2118 5130 2508 5273 Ξνουὶηεᾶἓιεε
2538 5132 2832 5204 epis-coms
2864 5131 2936 5185 ad
2956 5131 3099 5199 ﬁdei
3130 5131 3410 5185 unitatem
3440 5130 3512 5184 ab
3533 5145 3592 5183 eo
3621 5145 3749 5183 con-

2169 5220 2343 5261 rmun
2419 5220 2466 5257 ε.

2169 5220 2466 5261 γνηίιηαοε.

2128 5293 2422 5348 Hormisda
2450 5291 2658 5348 Joanni
2684 5291 2953 5363 episcopo
2977 5289 3391 5359 Nicopolitano.

2129 5381 2440 5436 Remeante
2472 5382 2710 5437 Pulione
2756 5380 3107 5437 subdiacono
3147 5382 3363 5446 nostro,
3396 5377 3615 5431 litteras
3661 5393 3749 5432 ca-

2055 5470 2241 5527 n'tatis
2270 5476 2471 5526 vestras
2510 5470 2886 5543 suscepimus,
2914 5470 2983 5525 de
3022 5468 3340 5525 constantia
3368 5465 3525 5535 ﬁdei,
3550 5466 3636 5522 vel
3675 5464 3748 5523 de
