3998 6172
351 286 457 344 407

1797 288 2176 347 ΗΟΒΜΙΞΒᾸΞ
2216 290 2413 346 ΡΑΡᾸΞ

3724 296 3810 351 408

346 420 686 490 intentione,
719 436 895 493 quam
926 422 1071 477 circa
1110 420 1572 476 communionem
1612 420 1764 477 sedis
1816 426 2043 492 aposto-
2080 426 2128 478 A
2157 427 2343 475 vestra
2365 420 2733 476 tribulatione
2755 419 3045 487 remediis,
3073 423 3359 492 quantum
3392 418 3449 474 in
3479 420 3694 476 homine
3713 440 3814 479 esse

351 511 477 566 licae
506 512 724 582 geritis,
755 512 1108 581 gratulantes
1137 511 1270 565 :sed
1297 509 1617 565 contristati
1651 526 1868 577 sumus,
1898 510 2049 583 quod

353 615 452 653 vos
482 601 702 672 aliquas
736 600 1015 655 sustinere
1043 600 1330 654 molestias
1361 600 1692 669 perhibetis.
1730 601 1841 655 Ista
1863 604 2051 653 tamen

355 689 689 743 diuturnam
710 705 825 743 non
848 693 1087 760 possunt
1114 688 1323 742 habere
1352 690 1763 757 substantiam;
1788 689 1922 761 quia
1954 689 2053 743 ubi

354 780 505 833 Deus
550 794 693 848 pure
730 778 953 845 colitur,
1002 777 1108 832 etsi
1147 777 1384 833 adversa
1423 778 1784 848 contigerint,
1828 779 1889 832 in
1926 793 2053 849 por-

355 882 525 937 spera
548 872 997 932 commutantur,
1031 868 1346 921 secundum
1367 869 1705 937 Apostolum
1727 868 2007 921 dicentem
2037 882 2049 921 :

353 957 499 1026 Spes
552 972 666 1010 non
701 954 915 1026 decipit
964 955 1154 1025 (Rom.
1216 958 1289 1024 v).
1341 956 1615 1010 Dubitans
1661 957 2053 1026 apostolorum

354 1044 621 1114 princeps
642 1044 912 1098 incedens
936 1060 1040 1114 per
1064 1045 1304 1114 pelagus
1334 1045 1611 1099 laboravit
1638 1045 1863 1113 (Matth.
1890 1046 2009 1114 xxv)
2037 1060 2049 1098 :

357 1148 491 1186 mox
532 1137 726 1185 tamen
783 1133 1044 1186 invocato
1087 1134 1330 1187 Domino
1373 1149 1497 1200 suo,
1548 1138 1813 1203 paratum
1854 1133 2057 1187 habuit

356 1220 457 1291 qui
486 1236 618 1274 eum
659 1226 922 1290 porrecta
948 1237 1124 1275 manu
1147 1237 1264 1275 non
1297 1226 1593 1291 pateretur
1624 1222 1907 1276 sustinere
1946 1221 2056 1275 dis-

357 1310 597 1363 crimen.
644 1310 792 1380 Ergo
822 1315 1122 1363 auctorum
1155 1316 1482 1365 nostrorum
1531 1316 1837 1381 sequentes
1869 1326 2057 1364 exem-

360 1398 478 1466 pla,
507 1402 564 1451 et
594 1397 656 1451 in
686 1398 945 1467 ipsorum
976 1399 1089 1453 ﬁde
1121 1404 1545 1469 permanentes,
1577 1400 1729 1453 illius
1759 1413 2056 1469 poscamus

365 1486 666 1553 auxilium,
691 1487 761 1541 de
788 1503 903 1557 quo
935 1488 1209 1558 scriptum
1241 1494 1324 1541 est
1358 1504 1370 1542 :
1414 1488 1517 1554 Qui
1543 1504 1646 1543 nos
1670 1505 1784 1543 non
1819 1487 2059 1541 dimittit

362 1575 579 1630 tentari
600 1591 785 1647 supra
804 1592 925 1647 qua
948 1592 1249 1648 possumus
1273 1578 1331 1646 (Ι
1347 1578 1469 1635 Cor.
1494 1577 1572 1645 x).
1604 1577 1782 1647 Igitur
1811 1576 2058 1630 salutan-

364 1669 449 1719 tes
469 1663 763 1718 caritatem
786 1669 943 1719 tuam
968 1667 1266 1721 hortamur
1287 1671 1366 1735 ut,
1397 1667 1887 1737 quemadmodum
1922 1681 2060 1735 prae-

366 1751 634 1820 diximus,
668 1753 727 1807 in
758 1752 844 1807 his
874 1770 1000 1825 qua:
1050 1755 1196 1809 bene
1228 1755 1495 1809 inchoata
1534 1760 1667 1809 sunt
1695 1769 2058 1823 perseveres:

367 1840 504 1911 quia
542 1839 642 1912 qui
673 1842 988 1913 perstiterit
1020 1860 1198 1915 usque
1243 1843 1304 1898 in
1346 1848 1536 1914 ﬁnem,
1588 1844 1680 1899 hic
1717 1843 1912 1897 salvus
1956 1842 2065 1898 erit

368 1930 602 2001 (Matth.
632 1932 708 2002 x).
746 1933 1096 2003 Frequenter
1124 1932 1393 2004 alloquiis
1424 1935 1537 1987 tuis
1568 1938 1824 1987 nostram
1855 1932 2062 1986 sollici-

367 2019 633 2074 tudinem
658 2022 907 2075 relevare
939 2037 1054 2075 non
1082 2021 1324 2075 desinas.
1361 2022 1694 2077 Paroeciales
1723 2037 1951 2092 quoque
1985 2037 2068 2074 sa-

370 2108 623 2162 cerdotes
653 2112 782 2163 tuos
810 2110 1162 2179 competenti
1183 2111 1579 2165 adhortatione
1603 2112 1901 2174 conﬁrma,
1933 2109 2069 2181 quia

371 2195 480 2250 ista
515 2197 795 2266 faciendo,
838 2200 1122 2254 talentum
1150 2200 1254 2256 tibi
1302 2200 1582 2255 creditum
1623 2201 1835 2269 poteris
1864 2199 2069 2253 multi—

372 2285 587 2355 plicare
616 2288 896 2357 quotidie.
932 2290 1010 2342 De
1038 2289 1135 2343 illa
1164 2305 1391 2360 quoque
1425 2294 1605 2359 parte,
1634 2304 1809 2359 quam
1839 2288 2068 2341 dilectio

373 2378 470 2427 tua
509 2376 775 2445 postulat,
807 2377 1149 2447 cogitamus,
1195 2382 1259 2431 ut
1290 2378 1360 2432 ad
1392 2378 1797 2448 imperatorem
1828 2378 2073 2430 clemen-

376 2461 663 2518 tissimum
693 2481 797 2534 pro
830 2466 1220 2536 generalitatis
1252 2467 1441 2537 quiete
1474 2480 1668 2536 preces
1698 2471 1908 2520 nostras
1948 2482 2072 2536 per-

376 2550 628 2606 veniant.
660 2553 905 2607 Tantum
936 2561 1020 2608 est
1058 2558 1123 2609 ut
1163 2560 1359 2609 votum
1404 2555 1773 2626 studiumque
1809 2559 2072 2609 nostrum

378 2640 646 2711 congruis
682 2642 1036 2697 orationibus
1061 2643 1264 2713 juvare
1296 2659 1411 2697 non
1456 2659 1659 2710 cesses,
1702 2643 1837 2714 quia
1876 2660 1976 2697 nos
2014 2642 2073 2697 in

380 2730 470 2784 his
499 2730 616 2785 Deo
640 2736 873 2786 auctore
914 2731 1278 2803 perﬁciendis
1308 2747 1509 2787 vacare
1542 2731 1778 2786 minime
1813 2732 2071 2803 potueri-

380 2834 530 2875 mus.
564 2820 706 2874 Data
736 2837 770 2874 v
809 2837 987 2875 nonas
1030 2820 1275 2889 Martias,
1318 2820 1563 2892 Agapito
1597 2820 1717 2876 viro
1756 2820 2072 2877 clarissimo

381 2908 617 2966 consule
650 2910 823 2980 (anno
858 2910 1083 2965 Domini
1117 2910 1262 2981 517).

980 3000 1319 3056 EPISTULA
1357 2999 1482 3054 XXI.

850 3105 929 3145 AD
968 3104 1249 3149 ,EUMDEM
1292 3103 1616 3144 JOANNEM.

459 3178 766 3235 Hormisda
807 3180 1013 3235 Joanni
1060 3179 1326 3250 episcopo
1377 3178 1772 3249 Nicopolitano
1820 3192 1951 3232 cum
1989 3193 2079 3249 sy-

392 3266 564 3322 nodo.

460 3354 822 3425 Optaremus,
883 3353 1241 3409 dilectissimi
1288 3354 1513 3420 fratres,
1563 3353 1632 3409 ab
1676 3352 1943 3409 omnibus
1984 3369 2083 3407 vos

389 3442 779 3497 molestiarum
824 3442 1092 3499 ﬂuctibus
1122 3444 1360 3510 alienos,
1396 3443 1571 3497 vitam
1612 3443 1719 3497 sub
1758 3442 2085 3513 tranquilli-

389 3531 523 3586 tatis
584 3531 890 3587 serenitate
952 3532 1290 3603 transigere,
1341 3535 1397 3585 et
1443 3532 1557 3585 Deo
1606 3535 1825 3600 nostro,
1870 3536 2087 3587 remota

390 3621 816 3677 mundanarum
846 3626 1253 3691 tempestatum
1294 3621 1503 3675 mentis
1534 3620 2083 3692 perturbatione.....

393 3714 744 3765 moverunt:
777 3711 912 3781 quia
952 3726 1081 3780 quas
1124 3709 1249 3764 ﬁeri
1292 3710 1579 3774 nolumus,
1623 3724 1851 3763 necesse
1896 3712 1998 3778 est,
2024 3714 2089 3764 ut

390 3798 537 3854 facta
567 3800 879 3855 doleamus.
915 3799 1021 3853 Sed
1064 3799 1321 3854 abundat
1349 3798 1595 3852 mundus
1624 3798 2004 3853 incommodis
2034 3802 2090 3854 et

394 3889 807 3943 tentationibns
838 3905 851 3943 :
886 3889 1156 3942 saeculum
1190 3888 1361 3957 istud,
1396 3887 1453 3941 in
1485 3904 1599 3959 quo
1629 3889 2085 3959 peregrinamur,

395 3978 713 4048 expositum
740 3984 824 4032 est
852 3978 1085 4048 passim,
1120 3977 1295 4032 veluti
1328 3993 1535 4048 magna
1558 3978 1758 4045 moles,
1787 3984 2087 4032 ventorum

393 4067 678 4139 procellis.
720 4068 802 4122 Ita
830 4067 1089 4121 ﬁdelium
1118 4071 1337 4120 mentes
1358 4065 1652 4120 diabolicis
1677 4068 1977 4136 pulsantur
2008 4067 2091 4119 in-

396 4156 580 4223 sidiis,
596 4160 669 4223 et,
685 4157 832 4210 sicut
845 4156 1059 4211 dictum
1083 4160 1187 4225 est,
1208 4154 1308 4226 qui
1326 4155 1518 4217 volunt
1532 4154 1627 4226 pie
1643 4154 1826 4209 vivere
1842 4156 1903 4209 in
1925 4155 2090 4209 Chri-

392 4249 500 4313 sto,
522 4245 943 4317 persecutiones
969 4244 1270 4316 patiuntur
1302 4246 1399 4313 (II
1427 4243 1570 4299 Tim.
1614 4244 1718 4313 Ill).
1760 4244 1867 4299 Sed
1897 4260 2091 4297 conso-

397 4337 548 4390 latur
589 4351 718 4405 spes
747 4352 779 4388 a
806 4339 963 4403 justo
998 4335 1343 4388 retributore
1377 4334 1658 4405 promissa
1694 4348 1704 4387 :
1735 4332 1871 4404 quia
1894 4333 2091 4386 beatus

395 4424 719 4496 estquiznon
720 4424 913 4494 fuerit
932 4423 1366 4479 scandalizatus
1385 4422 1447 4476 in
1476 4421 1716 4477 Domino
1738 4422 1968 4492 (Matth.
1987 4424 2087 4489 χι).

397 4515 521 4569 Non
553 4514 825 4584 dejiciant
868 4514 1076 4567 milites
1109 4514 1209 4567 Dei
1247 4513 1494 4582 impetus
1523 4512 1753 4581 fragiles
1786 4515 1841 4565 et
1875 4510 2090 4564 caduci.

398 4604 508 4666 Qui
537 4604 745 4657 assistit
790 4603 1058 4669 strenuis,
1101 4618 1219 4657 non
1267 4602 1577 4657 delectatur
1620 4600 1860 4670 ignavis.
1912 4600 2092 4654 Facile

398 4695 841 4746 contemnuntur
868 4692 976 4746 ista
1013 4708 1142 4763 quas
1189 4695 1510 4755 transeunt,
1561 4690 1606 4743 si
1656 4689 1754 4743 illa
1801 4704 1929 4759 quae
1963 4691 2094 4741 sunt

398 4794 671 4835 mansura
699 4782 1037 4851 cogitentur.
1073 4780 1487 4852 Amplectenda
1516 4784 1599 4832 est
1629 4778 1985 4849 probationis
2008 4794 2094 4831 oc-

399 4868 586 4925 casio:
622 4871 756 4940 quia
800 4868 933 4924 licet
973 4870 1086 4923 sint
1134 4870 1277 4924 dura
1315 4885 1493 4923 onera
1528 4869 1809 4931 laborum,
1857 4867 2095 4935 praemia

399 4962 591 5013 tamen
618 4959 840 5029 majora
875 4959 1171 5013 virtutum.
1214 4958 1708 5022 Quemadmodum
1755 4971 1860 5026 par
1902 4954 2009 5008 erit
2040 4954 2089 5010 ei

400 5048 809 5113 remuneratio,
842 5048 942 5119 qui
968 5063 1026 5101 se
1057 5048 1337 5117 imparem
1369 5050 1647 5100 monstrat
1689 5043 1985 5099 examini?

473 5136 594 5192 Non
624 5138 803 5191 simus
847 5152 1048 5206 segnes
1079 5137 1147 5190 ad
1184 5134 1372 5203 fortia,
1403 5135 1449 5188 si
1498 5132 1797 5205 pervenire
1829 5133 2093 5202 cupimus

401 5225 471 5280 ad
499 5227 798 5298 promissa.
842 5225 977 5290 Quis
1012 5240 1182 5295 super
1210 5224 1318 5278 hoc
1350 5228 1632 5294 exspectet
1662 5238 1857 5277 vocem
1906 5221 2091 5274 homi-

399 5314 510 5379 nis,
551 5329 681 5368 cum
717 5312 972 5384 quotidie
1010 5309 1176 5364 nobis
1213 5310 1438 5364 insonet
1475 5308 1759 5363 sententia
1790 5307 2043 5361 veritatis
2075 5321 2086 5359 :

400 5402 574 5456 Beati
585 5407 683 5474 qui
692 5400 991 5474 passiones
1004 5397 1307 5472 patiuntur
1315 5401 1551 5469 propter
1565 5395 2087 5466 justitiamUlIatt/i.

398 5490 491 5560 v)?
523 5490 633 5547 Sed
666 5508 737 5544 ne
781 5506 892 5556 me,
928 5490 1131 5544 fratres
1176 5487 1471 5555 carissimi,
1501 5486 1656 5555 (licet
1702 5486 1853 5556 apud
1897 5484 2091 5539 ﬁdeles

399 5594 609 5649 magna
640 5579 772 5648 sint)
805 5578 1124 5649 spiritualia
1163 5582 1387 5631 tantum
1431 5581 1625 5629 vestrae
1659 5574 1925 5629 exhibere
1969 5589 2088 5627 cre-

398 5667 543 5722 datis
592 5666 1043 5720 conﬁrmationis
1083 5666 1316 5729 solatia;
1361 5663 1725 5735 providendis
1776 5662 1929 5717 enim
1979 5677 2084 5732 pro

2160 511 2364 581 potuit,
2396 527 2508 564 non
2533 510 2766 581 quievit.
2793 511 2931 563 Nam
2961 525 3063 580 per
3093 511 3316 579 legatos
3337 510 3407 564 ad
3428 510 3662 566 Orientis
3682 514 3815 583 prin-

2160 599 2347 670 cipem
2400 599 2731 668 destinatos,
2778 604 2835 653 et
2881 599 3444 653 Thessalonicensem
3500 600 3815 672 episcopum,

2159 692 2224 741 ut
2250 688 2319 741 ab
2367 688 2726 743 infestatione
2773 694 2959 741 vestra
2998 692 3262 755 cessaret,
3296 687 3594 757 admonui;
3629 696 3681 744 et
3706 708 3816 762 pro-

2162 778 2375 847 rogatis
2415 778 2660 848 paginis,
2714 783 2779 831 ut
2845 778 3179 848 imperatori
3250 777 3679 849 supplicaretur,
3740 783 3820 835 ad-

2158 865 2342 937 junxi.

2235 957 2364 1009 Haec
2394 960 2672 1027 quantum
2702 956 2771 1010 ad
2819 956 3123 1027 praesentia
3163 959 3302 1011 sunt
3330 956 3552 1027 provisa
3584 974 3597 1011 :
3630 960 3717 1012 sed
3742 959 3824 1012 illa

2163 1060 2293 1115 quae
2329 1045 2399 1098 ad
2449 1062 2609 1115 spem
2664 1045 2915 1099 futuram
2958 1046 3271 1117 pertinent,
3326 1047 3449 1100 haec
3494 1050 3619 1100 sunt
3661 1047 3823 1117 potius

2161 1134 2448 1189 mentibus
2487 1135 2780 1189 intuenda.
2815 1135 2959 1190 Sane
3000 1137 3108 1190 hoc
3139 1152 3230 1189 me
3262 1136 3451 1190 fateor
3478 1136 3644 1189 fuisse
3672 1138 3822 1189 mira-

2162 1229 2306 1290 tum,
2333 1224 2487 1293 quod
2536 1222 2686 1277 inter
2727 1223 3101 1293 allegationes
3146 1230 3547 1294 angustarum
3578 1225 3825 1294 religiosa.

2164 1314 2488 1382 prudentia
2535 1318 2735 1366 vestrae
2780 1313 2901 1366 haec
2948 1314 3136 1382 potuit
3175 1329 3316 1365 cura
3363 1313 3680 1382 subrepere,
3718 1321 3825 1368 uta

2168 1416 2259 1454 me
2294 1401 2396 1454 sub
2428 1400 2830 1454 consolationis
2877 1401 3066 1454 colore
3115 1401 3407 1471 dirigendi
3455 1402 3524 1454 ad
3567 1401 3825 1455 Thessalo-

2168 1490 2457 1544 nicensem
2487 1490 2820 1560 episcopum
2851 1490 3061 1544 solidas
3094 1491 3317 1544 litteras
3350 1490 3577 1544 licentia
3602 1506 3826 1560 poscere-

2169 1585 2283 1633 tur.
2329 1581 2518 1649 Egone
2550 1580 2720 1649 hujus
2763 1580 2844 1633 rei
2896 1584 3093 1633 auctor
3123 1580 3453 1640 existerem,
3488 1595 3653 1649 quam
3689 1579 3728 1632 si
3754 1580 3824 1631 in-

2171 1668 2284 1721 scio
2324 1684 2416 1721 me
2448 1683 2847 1735 cognoscerem
2898 1668 3105 1722 factam
3154 1684 3305 1737 esse,
3337 1668 3665 1737 culparem?
3698 1667 3829 1720 Absit

2174 1758 2281 1810 ista
2311 1759 2668 1826 perversitas.
2711 1759 2913 1811 Audite
2953 1759 3330 1828 apostolicam
3361 1773 3574 1818 vocem,
3606 1757 3695 1809 sed
3727 1772 3829 1825 per-

2175 1861 2327 1899 sonae
2358 1862 2499 1899 mea:
2528 1847 2929 1901 convenienter
2975 1848 3310 1917 aptandam.
3353 1846 3415 1901 Si
3460 1862 3576 1916 qua:
3617 1844 3832 1899 destruxi

2179 1936 2295 1989 haec
2342 1935 2549 1989 iterum
2596 1936 2895 2003 remdiﬂco,
2933 1935 3438 2007 praevaricatorem
3470 1951 3557 1988 me
3594 1932 3831 1988 constituo

2178 2025 2335 2093 (Gal.
2366 2027 2449 2093 ιι).
2484 2025 2685 2089 Nolite,
2724 2025 2979 2090 obsecro,
3020 2026 3089 2078 ad
3121 2024 3337 2077 evitata
3360 2025 3448 2076 vix
3473 2022 3649 2077 redire
3677 2026 3833 2073 conta-

2180 2113 2315 2181 gia;
2358 2127 2460 2164 nec
2507 2112 2678 2181 pedes
2725 2112 2864 2178 luto,
2926 2128 3041 2181 quo
3086 2112 3457 2176 tenebantur,
3507 2110 3727 2171 avulsos,
3758 2122 3834 2175 pa-

2180 2200 2405 2254 tiamini
2438 2202 2584 2253 male
2618 2216 2812 2253 rursus
2857 2201 3144 2269 immergi.
3180 2200 3364 2254 Sinite
3404 2199 3711 2253 oblitterata
3736 2210 3832 2247 esse

2180 2293 2486 2343 transacta.
2518 2290 2706 2343 Nemo
2723 2288 2956 2343 mittens
2977 2305 3211 2343 manum
3233 2304 3405 2341 suam
3428 2293 3484 2341 in
3510 2288 3764 2349 aratrum,
3791 2286 3832 2334 et

2179 2377 2468 2448 aspiciens
2492 2382 2644 2431 retro
2678 2381 2854 2449 aptus
2890 2380 2974 2430 est
3011 2393 3184 2447 regno
3217 2378 3335 2432 Dei
3367 2378 3521 2447 (Luc.
3569 2378 3653 2443 1x).
3688 2375 3831 2440 Impe-

2184 2468 2420 2520 diuntur
2442 2483 2472 2519 a
2492 2482 2762 2537 processu
2793 2466 3071 2536 propositi
3097 2467 3343 2533 itineris,
3370 2465 3465 2534 qui
3490 2463 3692 2516 rellexis
3720 2476 3825 2513 ocu-

2184 2557 2251 2608 lis
2283 2556 2595 2624 respiciunt
2635 2556 2786 2626 quod
2826 2556 3181 2625 relinquunt.
3217 2556 3345 2608 Non
3385 2559 3578 2607 amant
3605 2550 3825 2604 ecclesia-

2185 2642 2338 2696 sticae
2370 2643 2689 2712 disciplinas
2718 2659 2812 2696 eos
2842 2643 2900 2696 in
2932 2643 3141 2713 quibus
3173 2647 3436 2697 remanet
3477 2638 3730 2695 memoria
3754 2638 3829 2689 illa

2188 2732 2442 2801 perﬁdia:
2476 2748 2485 2785 :
2513 2736 2659 2786 totos
2703 2732 2771 2786 ab
2794 2732 3117 2786 errantibus
3156 2737 3387 2801 oportet
3417 2729 3658 2785 abscindi
3686 2743 3696 2781 :
3726 2726 3833 2796 quia

2185 2821 2245 2873 in
2277 2825 2502 2875 tantum
2535 2821 2895 2875 detestabiles
2916 2821 3321 2875 existimantur
3337 2821 3409 2875 ad
3430 2826 3609 2891 spreta
3630 2816 3830 2871 redeun-

2186 2915 2291 2973 tes,
2326 2913 2387 2963 ut
2414 2911 2473 2964 Β.
2525 2912 2819 2979 apostolus
2866 2913 3066 2965 Petrus
3100 2912 3193 2980 (II
3221 2914 3370 2965 Petr.
3420 2912 3481 2979 ii)
3518 2908 3704 2962 melius
3746 2903 3835 2957 illis

2117 3002 2157 3055 C
2190 3015 2309 3053 esse
2338 3000 2751 3069 przedicaverit,
2776 3005 2839 3055 ut
2868 3016 2986 3054 non
3010 3004 3425 3069 cognoscerent
3446 2999 3590 3052 viam
3612 2992 3829 3065 justitiaz,

2190 3104 2363 3158 quam
2395 3095 2799 3158 cognoscentes
2830 3094 3143 3142 retrorsum
3184 3090 3402 3143 reilecti
3434 3089 3489 3141 in
3530 3084 3716 3139 tradito
3750 3079 3834 3132 sibi

2191 3183 2384 3231 sancto
2415 3178 2704 3231 mandato.
2741 3179 2804 3231 In
2835 3183 3031 3248 aperto
3068 3184 3149 3231 est
3179 3195 3297 3249 qua
3324 3176 3628 3249 pertinacia
3650 3169 3834 3225 tradita:

2191 3266 2327 3319 ﬁdei
2374 3266 2579 3320 debeat
2622 3266 2947 3319 constantia
2972 3267 3266 3333 custodiri,
3317 3268 3364 3319 si
3409 3260 3737 3319 tolerabilius
3770 3259 3835 3306 est

2191 3355 2251 3408 in
2281 3370 2475 3409 errore
2502 3355 2826 3423 persistere,
2848 3371 3019 3424 quam
3045 3353 3602 3424 coinquinationibus
3621 3357 3830 3405 rursum,

2194 3460 2333 3515 quas
2366 3444 2492 3514 quis
2519 3443 2753 3513 fugerit,
2782 3442 3085 3512 implicari.
3111 3445 3250 3497 Data
3281 3444 3466 3514 pridie
3496 3441 3618 3494 idus
3641 3430 3831 3506 Aprilisl

2194 3533 2434 3603 Agapito
2477 3532 2594 3587 viro
2631 3533 2944 3586 clarissimo
2976 3533 3227 3586 consule.

2779 3621 3111 3676 EPISTOLA
3150 3622 3305 3675 XXII.

2200 3726 2275 3765 Al)
2331 3725 2720 3765 DOROTIIEUM
2777 3724 3135 3765 EPISCOPUM
3196 3710 3831 3764 THESSALONICENSEH-

2266 3800 2562 3853 Hormisda
2610 3798 2907 3869 episcopus
2951 3798 3239 3852 Dorotheo
3298 3798 3561 3868 episcopo
3597 3784 3834 3844 Thessalo-

2198 3887 2437 3941 nicensi.

2266 3978 2510 4031 Joannes
2550 3976 2724 4029 frater
2771 3980 2826 4029 et
2876 3975 3248 4045 cocpiscopus
3278 3990 3442 4029 meus
3482 3963 3832 4053 Neapolitana?

2198 4066 2355 4119 urbis
2387 4066 2622 4119 antistes
2659 4080 2787 4118 cum
2832 4064 3049 4135 synodo
3079 4080 3180 4117 sua
3216 4065 3387 4118 variis
3416 4078 3471 4115 se
3502 4052 3834 4135 concussiom:

2200 4154 2303 4207 bus
2333 4159 2503 4223 atque
2546 4133 2868 4223 dispendiis
2905 4152 3154 4222 graviter
3192 4159 3457 4205 causatur
3487 4145 3682 4215 afﬂigi;
3710 4133 3833 4208 quod

2198 4258 2231 4295 a
2263 4248 2749 4311 transgressorum
2789 4245 3055 4295 societate
3106 4241 3339 4307 divisus,
3388 4244 3675 4312 postquam
3718 4239 3835 4318 colt}-

2131 4353 2171 4405 D
2201 4332 2535 4385 munionem
2583 4331 2729 4384 sedis
2778 4331 3105 4401 apostolica:
3138 4332 3401 4398 emeruit,
3431 4330 3496 4382 ad
3530 4318 3833 4409 Thessaloulv

2201 4421 2459 4474 censium
2482 4421 2786 4474 Ecclesium
2805 4420 3179 4475 ordinationis
3203 4437 3319 4473 suae
3346 4420 3501 4473 initia
3524 4429 3628 4468 non
3646 4406 3833 4462 direxit.

2202 4510 2489 4563 Potuisset
2534 4510 2827 4577 neglectus
2874 4525 2997 4563 esse
3054 4510 3373 4579 culpabilis,
3415 4507 3459 4560 si
3507 4515 3671 4558 unum
3722 4494 3831 4546 esse‘

2200 4599 2350 4651 inter
2379 4613 2579 4650 omnes
2622 4600 2960 4667 mysterium
3003 4598 3272 4651 caritatis.
3318 4602 3389 4651 At
3418 4609 3543 4649 cum
3573 4584 3717 4643 multi
3746 4594 3791 4631 se
3814 4593 3834 4625 :1

2202 4690 2376 4757 petra:
2407 4687 2582 4750 illius,
2625 4703 2753 4757 quas
2794 4687 3048 4741 Christus
3096 4691 3199 4753 est,
3234 4686 3514 4739 soliditate
3557 4668 3833 4732 diviserint:

2202 4776 2328 4845 quis
2358 4792 2473 4829 non
2505 4776 2644 4829 velit
2674 4775 2741 4827 ab
2786 4775 3103 4828 errantium
3153 4774 3550 4844 conjunctione
3579 4758 3764 4819 dirimi,
3790 4767 3815 4803 ιι

2202 4870 2488 4918 mereatur
2524 4880 2653 4917 cum
2688 4864 2774 4918 his
2817 4864 2916 4934 qui
2946 4863 3265 4916 consistunt
3299 4864 3355 4915 in
3386 4860 3611 4915 veritate
3635 4848 3824 4913 coniun‘

2200 4954 2304 5023 gi?
2352 4955 2472 5006 Non
2521 4953 2696 5022 igitur
2741 4954 3090 5006 consuetudo
3137 4956 3223 5004 est
3256 4953 3530 5022 neglecta,
3574 4940 3659 4995 sed
3695 4934 3835 5030 vitat1

2200 5043 2480 5111 contagia.
2516 5042 2664 5110 Ergo
2699 5042 2947 5109 objicere
2981 5041 3108 5111 quis
3142 5039 3321 5111 possit
3357 5048 3623 5095 errorem,
3657 5026 3741 5078 ubi
3765 5031 3833 5123 co;

2200 5131 2433 5198 gitatam
2467 5129 2773 5183 salubriter
2802 5130 3073 5199 intelligit
3100 5130 3420 5182 cautionem
3439 5127 3466 5179 ?
3488 5126 3556 5179 At
3586 5132 3690 5177 005,
3717 5120 3833 5214 Qui):

2201 5218 2476 5271 debueras
2509 5219 2725 5288 primus
2757 5234 3067 5283 assumere,
3104 5219 3473 5271 credebamus
3516 5219 3565 5264 te
3593 5215 3734 5295 sequi
3757 5208 3817 5289 sai

2198 5312 2311 5361 tem
2353 5314 2481 5375 post
2540 5309 2727 5360 aliena
2779 5309 3039 5375 exempla
3082 5306 3353 5375 potuisse.
3415 5308 3524 5359 Non
3563 5292 3755 5380 spfﬁcit
3790 5296 3816 5333 11

2200 5396 2454 5465 lapsibus
2486 5412 2666 5462 mora,
2694 5397 2800 5449 nisi
2824 5398 2895 5449 ad
2918 5396 3382 5466 reprehensionis
3406 5384 3829 5471 cumulumrc‘ﬁcj‘

2200 5500 2292 5538 eos
2324 5500 2550 5554 quoque
2605 5485 2702 5553 qui
2749 5486 2819 5536 ad
2860 5483 3006 5537 viam
3060 5484 3303 5538 redeunt
3353 5478 3572 5537 accedat
3614 5460 3829 5554 inndtiti;

2198 5545 2541 5641 Quid‘aliud,
2569 5545 2738 5643 quam
2762 5572 2911 5626 beati
2934 5573 3085 5627 Petri
3117 5572 3291 5643 (quod
3314 5573 3433 5625 sine
3453 5560 3718 5635 impietate
3744 5545 3833 5599 diti

2199 5678 2315 5716 Ποῖ]
2346 5662 2554 5731 Potest)
2586 5662 2772 5733 ipsum
2801 5662 2955 5732 quod
2988 5679 3019 5715 a
3052 5662 3292 5717 Domino
3332 5662 3520 5715 datum
3549 5654 3625 5706 est
3654 5644 3829 5698 ηοωθιι
