4038 6170
191 323 276 375 403

1489 311 1845 370 EPISTOUE
1877 313 1967 370 ET
2002 312 2341 369 DECRETA.

3554 313 3663 367 410

190 452 436 517 oderunt,
471 450 564 523 qui
594 466 688 505 eos
704 449 804 521 qui
830 449 899 505 ad
920 447 1069 504 sedis
1093 446 1272 520 ipsius
1294 446 1493 502 altaria
1514 441 1855 516 confugiunt
1889 448 1936 500 A
1962 459 2096 499 nam
2126 459 2229 513 per
2248 441 2702 497 inobedientiam
2730 441 2971 512 implere
3001 442 3399 511 dissimulant;
3434 442 3662 514 ignora-

189 544 509 611 insequntur
526 543 554 594 ?
910 608 913 611 _

249 631 362 695 Quo
386 631 623 700 pudore,
657 644 819 699 rogo,
858 626 1162 697 privilegia
1191 627 1339 681 circa
1367 632 1422 681 te
1454 627 1687 680 illorum
1719 642 1848 680 ma-

188 734 307 772 nere
338 718 639 784 desideras,
671 732 918 788 quorum
949 718 1216 771 mandata
1244 733 1362 770 non
1389 733 1573 769 servas
1597 717 1624 771 ?
1658 722 1715 769 et
1752 732 1849 770 re-

188 798 480 852 verentiam
510 814 683 868 quam
714 814 828 851 non
877 797 1105 852 exhibes
1155 797 1311 867 ﬁdei,
1346 797 1507 867 cupis
1538 796 1641 850 tibi
1672 798 1848 850 eccle-

188 888 393 941 siastica
450 890 725 957 potestate
783 887 1039 941 deferri?
1070 886 1126 941 Si
1189 886 1248 941 in
1308 886 1513 941 iisdem
1571 887 1847 957 vestigiis,

189 978 374 1048 quibus
413 978 675 1031 catholici
730 978 1015 1047 nituntur,
1066 977 1377 1045 insisteres,
1410 977 1850 1031 insectationem

186 1072 354 1120 tamen
384 1066 633 1135 proximi
667 1068 844 1120 vitare
872 1066 1138 1133 deberes;
1173 1066 1353 1120 sciens
1382 1066 1695 1119 secundum
1735 1069 1851 1120 Do-

186 1155 309 1208 mini
334 1155 510 1208 nostri
543 1162 599 1208 et
656 1156 982 1223 Salvatoris,
1033 1172 1206 1227 quem
1262 1156 1523 1222 colimus,
1569 1155 1848 1223 instituta,

184 1260 294 1297 eum
324 1243 421 1314 qui
454 1244 922 1298 scandalizaverit
943 1261 1121 1298 unum
1144 1246 1211 1299 de
1244 1245 1518 1312 minimis,
1543 1246 1852 1299 obnoxium

183 1333 383 1402 magnis
430 1348 555 1387 esse
611 1333 855 1403 peccatis
886 1333 1092 1402 (Marc.
1130 1334 1223 1403 1x).
1278 1334 1381 1387 Ubi
1429 1338 1533 1399 est,
1588 1333 1849 1401 Domine,

181 1422 469 1487 humilitas,
509 1438 683 1492 quam
714 1423 818 1476 sub
849 1422 1141 1476 occasione
1172 1422 1585 1492 discipulorum
1623 1427 1852 1476 tuorum

188 1512 511 1566 certantium
546 1511 615 1565 de
666 1512 771 1565 loci
818 1512 1091 1583 qualitate
1132 1512 1424 1566 docuisti?
1479 1513 1557 1565 Tu
1604 1513 1856 1566 ostendis

186 1602 327 1654 illum
358 1616 478 1654 esse
510 1601 850 1667 maximum,
900 1601 995 1672 qui
1029 1601 1293 1655 exhibere
1323 1601 1604 1655 studuerit
1652 1618 1712 1655 se
1746 1618 1859 1672 pu-

186 1692 370 1754 sillum,
401 1692 637 1759 Respice
670 1690 739 1743 de
774 1690 931 1755 ccelo,
964 1689 1122 1743 vide:
1151 1689 1321 1744 visita
1349 1690 1577 1745 vineam
1606 1690 1781 1745 istam
1810 1694 1859 1746 te

188 1780 375 1833 cultore
400 1778 737 1849 plantatam
767 1780 950 1847 (Psal.
984 1780 1171 1849 Lxx1x)
1206 1794 1217 1834 :
1252 1780 1485 1833 intende
1518 1780 1665 1833 circa
1696 1797 1854 1835 inan-

185 1870 295 1923 data
322 1872 415 1921 tua
446 1866 744 1934 minimos,
797 1873 853 1921 et
904 1868 1053 1921 circa
1083 1867 1361 1921 ambitum
1388 1869 1619 1922 honoris
1652 1871 1849 1924 elatos.

238 1958 339 2019 Cur
369 1958 627 2011 recentia
656 1956 883 2025 cupitis,
916 1962 973 2011 et
992 1957 1179 2027 prisca
1208 1959 1489 2019 deseritis,
1526 1959 1674 2012 circa
1704 1976 1854 2013 smn-

182 2063 256 2099 ma
274 2046 491 2099 desides
526 2050 585 2099 et
618 2061 791 2113 parva
816 2051 1081 2099 curantes
1106 2047 1133 2099 ?
1166 2048 1365 2099 Nonne
1407 2046 1515 2100 hoc
1546 2053 1628 2099 est
1660 2064 1855 2101 rerum

181 2136 290 2187 vilia
318 2134 647 2198 decimare;
681 2139 736 2186 et
768 2133 907 2203 legis
929 2139 1213 2204 prmcepta
1240 2140 1603 2189 contemnere
1627 2136 1653 2190 ?
1684 2136 1849 2189 Serva

183 2224 258 2276 illa
285 2239 404 2293 qua».
460 2223 584 2276 Deo
616 2227 983 2292 congruunt;
1021 2229 1075 2276 et
1106 2224 1267 2277 facile
1314 2240 1380 2277 ea
1412 2241 1540 2295 quia
1601 2229 1734 2278 sunt
1784 2224 1852 2278 ab

182 2312 484 2366 hominibus
524 2312 969 2381 subsequentur.
1018 2312 1168 2377 Quin
1208 2313 1401 2382 potius
1433 2330 1626 2367 curam
1658 2314 1853 2368 salutis

181 2412 375 2450 assume
408 2413 419 2450 :
457 2403 521 2451 el:
553 2413 655 2451 cur
686 2406 740 2452 te
769 2400 914 2454 alius
930 2404 1275 2469 praavenerit
1305 2403 1365 2455 in
1394 2403 1648 2470 veritate,
1675 2405 1855 2474 suspi-

186 2501 259 2538 ra:
292 2502 354 2539 ne
395 2486 441 2540 si
474 2488 751 2541 insectari
782 2505 875 2543 eos
934 2490 1034 2560 qui
1075 2491 1141 2545 ad
1200 2492 1458 2545 Ecclesiae
1491 2499 1854 2548 revertuntur

184 2576 407 2630 membra
439 2578 785 2646 perstiteris,
811 2584 870 2631 tu
900 2594 1129 2651 quoque
1152 2596 1281 2633 cum
1306 2581 1391 2634 his
1420 2598 1563 2651 quos
1588 2582 1847 2636 nomina-

181 2665 264 2716 tim
291 2666 639 2719 condemnat
669 2668 983 2736 apostolica
1027 2670 1331 2736 sententia,
1365 2672 1667 2740 copuleris.
1714 2673 1853 2727 Data

180 2753 332 2821 pridie
364 2754 490 2808 idus
532 2756 762 2825 Aprilis,
795 2756 1037 2825 Agapito
1089 2757 1210 2810 viro
1242 2758 1555 2815 clarissimo
1594 2763 1847 2817 consule.

805 2853 831 2878 α
867 2844 1203 2900 EPISTOLA

538 2947 887 2989 ANASTASII
932 2950 1011 2989 AD
1060 2950 1472 2991 HORMISDAM.

383 3020 687 3092 Suggillat
717 3022 1050 3078 Hormisdas
1078 3023 1322 3079 nimiam
1339 3025 1633 3082 duritiam.

231 3110 559 3163 Anastasius
591 3112 885 3179 Augustus
916 3113 1225 3166 Hormisdae
1256 3130 1441 3184 papas.

234 3198 333 3250 Etsi
360 3214 651 3268 magnum
682 3199 900 3269 aliquid
927 3201 1281 3256 taciturnitas
1317 3204 1626 3273 judicatur,
1659 3208 1851 3261 tamen
1916 3268 1924 3277 '

177 3288 544 3339 necessarium
576 3292 661 3340 est
692 3288 1041 3343 admirantes
1073 3291 1173 3343 Dei
1214 3292 1667 3349 misericordiam
1712 3295 1850 3349 assi-

178 3372 265 3427 due
314 3375 688 3446 frequentare
720 3393 1063 3433 sermonem.
1104 3381 1166 3434 Et
1224 3381 1360 3450 quia
1407 3382 1640 3438 initium
1690 3382 1847 3453 fidei,

181 3478 323 3530 quam
352 3480 456 3517 nos
488 3465 782 3518 Dominus
838 3471 895 3520 et
946 3469 1094 3521 Deus
1147 3469 1403 3523 Salvator
1460 3477 1654 3527 noster
1694 3474 1851 3529 Jesus

178 3552 401 3605 Christus
436 3554 666 3619 docuit,
711 3554 1111 3611 inremissione
1154 3564 1518 3628 peccatorum
1554 3564 1847 3631 praecellit,

176 3642 292 3693 nulli
317 3643 574 3696 habetur
605 3644 889 3713 ignotum.
926 3646 1053 3713 Ipse
1087 3648 1240 3701 enim
1269 3664 1372 3717 per
1394 3651 1689 3719 prepriam
1721 3667 1850 3720 pas-

177 3730 365 3785 sionem
408 3733 619 3785 omnia
648 3733 828 3786 Adam
855 3740 1085 3804 peccata
1128 3736 1455 3791 mundavit:
1492 3744 1545 3792 et
1578 3739 1696 3793 hmc
1743 3740 1852 3794 fuit

176 3820 455 3886 negotiatio
498 3820 850 3875 humilitatis
882 3822 1079 3891 ipsius,
1116 3828 1180 3877 ut
1220 3830 1276 3879 et
1306 3826 1607 3894 przefatum
1642 3833 1696 3881 et
1725 3845 1848 3882 0m—

171 3920 252 3959 nes
278 3908 475 3963 fratres
512 3910 790 3963 liberaret
820 3928 886 3964 ex
930 3913 1201 3967 servitute
1249 3915 1483 3984 peccati,
1532 3917 1850 3973 voluntarie

170 4010 446 4062 personam
475 3999 638 4052 servi
684 4000 1014 4070 suscipiens.
1051 4003 1190 4056 Nam
1226 4004 1422 4057 beatus
1459 4006 1667 4058 Paulus
1712 4022 1849 4075 apo-

169 4085 319 4136 stolus
373 4086 579 4139 docuit
612 4102 715 4139 nos
762 4088 1012 4142 scribens
1065 4090 1135 4142 ad
1192 4091 1523 4145 Romanos:
1566 4093 1850 4163 Regnavit

165 4188 291 4227 mors
309 4175 378 4227 ab
401 4175 602 4230 Adam
630 4191 809 4244 usque
827 4176 904 4231 ad
921 4179 1180 4248 Moysen,
1204 4183 1258 4233 et
1280 4181 1337 4233 in
1358 4197 1454 4234 eos
1472 4182 1572 4252 qui
1589 4199 1702 4237 non
1721 4200 1850 4254 pec-

169 4268 404 4317 caverunt
426 4268 617 4330 (Rom.
645 4265 695 4335 ν)
733 4282 744 4319 :
779 4282 845 4319 ex
879 4283 991 4335 quo
1042 4274 1124 4320 est
1152 4269 1507 4325 universitati
1568 4273 1845 4342 quodam-

170 4352 314 4404 modo
346 4353 708 4407 declaratum
744 4370 808 4407 ex
830 4357 1082 4425 generali
1108 4357 1501 4427 dispositione,
1536 4361 1652 4415 sive
1676 4362 1846 4417 mira-

173 4437 372 4505 bilibus,
416 4442 695 4512 specialia
727 4460 970 4514 quaeque
1013 4448 1272 4517 exempla
1303 4448 1508 4502 debere
1542 4451 1619 4516 (α)
1669 4452 1845 4506 semel

172 4526 236 4595 ιζό)
260 4535 369 4583 tam
401 4547 637 4600 magnae
669 4532 807 4601 legis
836 4534 1230 4603 (c)jussi0nes,
1264 4543 1319 4590 et
1340 4542 1453 4591 tam
1475 4540 1569 4609 pia
1589 4539 1845 4595 bonitate

174 4614 229 4681 (ά)
257 4620 519 4685 ﬁrmatas,
558 4624 619 4672 ut
653 4620 840 4674 omnis
872 4621 1151 4689 doctrina,
1198 4640 1370 4694 quam
1402 4628 1697 4697 discipulis
1728 4630 1845 4683 suis

173 4708 399 4774 tradidit,
432 4710 491 4761 in
530 4709 642 4762 hoc
672 4710 1036 4764 ﬁrmamento
1068 4714 1341 4768 consistit.
1388 4717 1621 4783 Fugavit
1670 4719 1845 4787 aegri-

174 4795 390 4860 tudines,
444 4798 565 4850 sive
620 4798 935 4852 multifaria
982 4817 1192 4869 genera
1223 4803 1594 4873 passionum:
1630 4808 1846 4861 nodum

172 4888 361 4948 peccati
393 4887 655 4956 propria,
690 4887 834 4940 sicut
875 4888 1091 4943 dictum
1137 4897 1243 4956 est,
1278 4892 1537 4961 passione
1576 4895 1843 4962 resolvit;

171 4978 215 5022 et
239 4988 429 5043 agens,
463 4976 537 5029 ad
568 4976 861 5045 implenda
891 4976 1099 5031 similia
1133 4979 1438 5050 discipulos
1469 4982 1628 5036 factis
1659 4989 1713 5037 et
1735 5000 1846 5037 ser-

172 5062 412 5117 monibus
442 5064 786 5119 instruebat.
820 5066 1044 5132 V'erum,
1106 5066 1152 5120 si
1182 5067 1327 5122 sicut
1358 5070 1536 5141 aliqui
1580 5073 1847 5127 nituntur

169 5152 471 5218 ostendere,
503 5152 645 5206 certi
679 5169 744 5206 ex
777 5153 958 5224 ipsius
988 5156 1262 5225 apostolis
1303 5162 1419 5212 tam
1452 5159 1601 5230 piam
1638 5161 1843 5215 doctri-

228 5278 248 5303 ⁸
276 5273 707 5351 .liocﬂtempore
762 5277 1124 5351 contigerunt
1155 5295 1219 5331 ea
1259 5296 1385 5349 quae
1444 5282 1640 5335 scribit
1687 5286 1844 5337 Ana-

172 5344 353 5417 s_tasius
384 5347 855 5401 Bibliothecarins
890 5344 945 5401 in
978 5350 1097 5401 Vita
1135 5344 1467 5417 Hormisdm,
1495 5354 1580 5407 his
1614 5357 1839 5409 verbis:

172 5411 301 5495 Item
336 5416 586 5495 secundo
616 5419 779 5495 misit
804 5420 1164 5495 _Ennodium,
1202 5428 1307 5477 etc.
1337 5411 1553 5487 Quibus
1576 5427 1842 5495 peractis,

236 5488 304 5562 tu)
346 5487 488 5562 Edit.
527 5488 687 5543 Rom.
714 5491 870 5545 addit
896 5491 1202 5562 suscipere.

234 5554 297 5619 (ὁ)
337 5558 417 5611 ΑΙ.
456 5560 639 5612 tanta.

238 5626 302 5694 (ς)
340 5629 427 5681 ΑΙ.
454 5630 732 5697 jussione.

1956 549 2083 587 mus
2114 533 2216 587 ubi
2251 533 2645 602 magisterium
2677 532 3061 586 misericordis
3110 533 3337 587 Domini
3368 537 3423 587 et
3454 534 3652 604 magni

1960 622 2062 676 Dei
2103 622 2267 675 nobis
2318 621 2497 691 possit
2528 637 2848 675 occurrere.
2892 623 3005 676 Nos
3042 627 3234 676 autem
3282 639 3397 676 non
3442 640 3508 678 ea
3538 639 3661 677 cre-

1960 711 2150 765 dimus
2180 710 2421 777 ratione,
2456 709 2537 779 [ut
2574 710 3057 765 immisericordes
3090 728 3210 765 esse
3240 717 3530 781 putemus,
3563 715 3664 784 qui

1960 799 2417 853 misericordiam
2440 799 2799 853 didicerunt:
2824 799 2920 853 sed
2939 800 3383 870 postulationem
3404 807 3658 854 nostram

1960 904 1994 942 a
2021 888 2290 955 praesenti
2321 892 2581 956 tempore
2612 888 2997 941 taciturnitate
3028 888 3487 958 comprimimus,
3513 890 3659 942 irra-

1958 977 2236 1031 tionabile
2261 976 2584 1047 judicantes
2615 976 2727 1030 illis
2763 993 2998 1046 precum
3017 978 3288 1032 adhibere
3316 978 3655 1044 bonitatem,

1961 1065 2061 1136 qui
2106 1066 2297 1135 rogari
2329 1082 2387 1119 se
2435 1065 2644 1131 nolint,
2678 1068 3091 1120 contumaciter
3117 1072 3479 1137 respuentes:
3505 1068 3660 1136 inju—

1962 1154 2097 1208 riari
2132 1156 2287 1208 enim
2318 1160 2373 1207 et
2421 1155 2709 1208 annullari
2764 1156 3045 1209 sustinere
3090 1173 3416 1225 possumus,
3470 1155 3661 1226 juberi

1963 1260 2079 1297 non
2135 1260 2456 1314 possumus.
2508 1245 2647 1297 Data
2690 1260 2721 1297 v
2769 1244 2893 1296 idus
2950 1244 3086 1298 Julii
3136 1244 3654 1315 Constantinopoli,

1963 1334 2257 1387 Anastasio
2276 1338 2533 1403 Augusto
2566 1350 2618 1387 iv
2648 1337 2704 1387 et
2733 1334 2977 1405 Agapito
3022 1335 3143 1387 viro
3176 1335 3494 1388 clarissimo
3528 1350 3660 1388 con-

1967 1422 2185 1477 sulibus
2220 1426 2394 1493 (anno
2418 1422 2648 1476 Domini
2674 1424 2797 1491 517)

2390 1512 2757 1567 EXEMPLUM
2810 1512 3226 1567 RELATIONIS

2039 1615 2283 1655 MINORUM
2343 1616 2902 1655 ARCHIMANDRITARUM
2942 1618 3004 1655 ET
3044 1617 3367 1655 CJ‘ZTERORUM
3419 1617 3589 1655 NONA-

2452 1687 2670 1727 CHOItUM
2712 1689 2874 1725 SECUN
2887 1691 2967 1741 [λε
3001 1690 3164 1725 SYlll£

1899 1736 1939 1790 Β
1966 1759 2238 1815 Scribant
2265 1776 2386 1830 quae
2429 1777 2535 1830 pro
2564 1760 2683 1827 fide
2723 1738 3015 1815 catholica
3060 1762 3131 1813 ab
3181 1758 3657 1829 Eutychianis/is,

2034 1848 2173 1902 quos
2214 1831 2526 1901 imperator
2554 1830 2791 1887 minime
2820 1833 3156 1885 coercendos
3182 1834 3504 1897 curaverat,
3546 1849 3659 1901 pa-

2035 1902 2274 1967 tiantur,
2309 1906 2363 1955 et
2394 1903 2542 1973 quod
2572 1904 2643 1956 ab
2674 1904 3021 1973 imperatore
3058 1918 3174 1957 non
3203 1903 3409 1967 auditi,
3446 1904 3659 1957 Roma-

2030 1990 2168 2026 num
2196 1973 2521 2043 pontiﬁcem
2542 1978 2817 2044 tanquam
2839 1991 3199 2030 communem
3225 1978 3451 2045 patrem
3478 1974 3658 2030 inter-

2030 2045 2273 2114 pellent.

2033 2132 2397 2187 Sanctissimo
2456 2138 2511 2187 et
2564 2134 2894 2187 beatissimo
2950 2134 3231 2187 universae
3289 2133 3443 2187 orbis
3489 2138 3655 2187 terrm

1963 2222 2300 2291 patriarchae
2352 2222 2690 2290 Hormisdse,
2763 2222 3331 2291 continentiisedem
3389 2222 3661 2292 principis

1962 2312 2348 2380 apostolorum
2403 2310 2573 2377 Petri,
2625 2311 2951 2381 deprecatio
3003 2315 3057 2364 et
3101 2310 3440 2381 supplicatio
3483 2311 3659 2364 mini-

1962 2414 2191 2454 morum
2238 2396 2814 2453 archimandritarum
2869 2404 2925 2453 et
2972 2405 3314 2453 caeterorum
3354 2400 3656 2454 monacho-

1962 2505 2093 2542 rum
2122 2489 2384 2542 secundze
2420 2488 2598 2558 Syria:
2633 2489 2964 2557 provincia.

2034 2576 2225 2631 Gratia
2256 2577 2559 2631 Salvatoris
2603 2577 2865 2631 omnium
2898 2580 3159 2630 nostrum
3199 2577 3408 2631 Christi
3458 2593 3557 2630 nos
3588 2576 3655 2629 ad

1961 2671 2208 2719 vestram
2264 2664 2681 2720 beatitudinem
2712 2667 2976 2735 refugere
3036 2668 3188 2720 velut
3247 2666 3316 2719 de
3357 2666 3547 2719 hieme
3603 2672 3657 2719 et

1962 2757 2296 2822 tempestate
2328 2754 2397 2807 ad
2445 2759 2675 2823 portum
2716 2754 3146 2824 tranquillitatis
3204 2755 3504 2820 admoniti,
3558 2754 3662 2807 mi-

1962 2842 2118 2896 nime
2175 2842 2735 2896 circumvallantibus
2788 2842 2861 2913 (e)
2930 2843 3111 2896 teneri
3163 2842 3284 2912 jam
3346 2843 3648 2896 credimus.

1961 2932 2101 2984 Nam
2153 2930 2261 2983 etsi
2318 2931 2587 3000 patimur,
2646 2932 2961 3000 gaudentes
3020 2933 3368 2984 sustinemus
3396 2932 3657 2998 scientes,

1894 3032 1934 3087 α
1961 3019 2100 3089 quia
2118 3034 2232 3073 non
2277 3021 2410 3071 sunt
2431 3018 2719 3085 condigna:
2756 3019 3060 3090 passiones
3084 3020 3254 3089 hujus
3289 3020 3555 3090 temporis
3584 3020 3659 3074 ad

1959 3108 2221 3170 futuram
2240 3107 2507 3174 gloriam,
2534 3123 2656 3178 qua:
2675 3108 3025 3163 revelabitur
3044 3108 3105 3162 in
3124 3108 3286 3163 nobis
3307 3110 3491 3177 (Rom.
3514 3110 3651 3178 vui).

1962 3199 2244 3261 Quoniam
2278 3214 2408 3251 vero
2443 3198 2699 3251 Christus
2756 3199 2903 3251 Deus
2939 3203 3133 3251 noster
3187 3198 3509 3268 principem
3559 3215 3655 3268 pa-

1961 3290 2181 3340 storum
2216 3290 2273 3341 et
2299 3287 2593 3341 doctorem
2626 3291 2681 3340 et
2704 3287 2991 3341 medicum
3016 3288 3341 3341 animarum
3363 3286 3657 3341 constituit

1959 3390 2060 3429 vos
2091 3381 2147 3429 et
2179 3381 2432 3429 vestrum
2480 3380 2742 3430 sanctum
2801 3376 3091 3446 angelum,
3128 3376 3367 3445 dignum
3398 3381 3482 3430 est
3525 3392 3650 3446 pas-

1961 3464 2168 3531 siones,
2220 3481 2345 3535 qum
2394 3464 2559 3519 nobis
2607 3464 2994 3535 contigerunt,
3040 3481 3343 3534 exponere,
3370 3470 3426 3518 et
3471 3464 3660 3519 immi-

1961 3554 2277 3607 sericordes
2330 3555 2631 3607 ostendere
2682 3555 2867 3624 lupos,
2928 3555 3028 3623 qui
3078 3556 3359 3623 dissipant
3417 3570 3651 3624 gregem

1959 3643 2206 3699 Christi:
2244 3648 2304 3695 ut
2332 3643 2683 3697 auctoritatis
2716 3644 2917 3697 baculo
2946 3660 3040 3697 eos
3087 3646 3335 3713 expellat
3366 3646 3435 3697 de
3469 3644 3654 3697 medio

1959 3731 2171 3798 ovium,
2212 3731 2380 3785 verbo
2409 3737 2599 3786 autem
2643 3732 2912 3785 doctrinae
2944 3733 3197 3786 animam
3230 3738 3409 3800 sanet,
3444 3738 3501 3787 et
3532 3749 3655 3786 ora-

1958 3820 2130 3873 tionis
2164 3820 2596 3873 medicamentis
2633 3820 2877 3889 mitiget.
2911 3822 3020 3885 Qui
3050 3826 3241 3875 autem
3269 3823 3382 3876 sint
3420 3822 3534 3889 isti,
3594 3826 3652 3875 et

1960 3910 2059 3979 qui
2090 3910 2196 3963 hos
2251 3909 2551 3962 adversum
2586 3925 2689 3962 nos
2720 3912 3086 3978 armaverint,
3139 3910 3376 3964 audistis
3432 3912 3653 3980 utique,

1958 3997 2287 4052 beatissime
2315 4012 2326 4050 :
2364 3997 2603 4051 Severus
2633 3998 2727 4051 ille
2770 4004 2824 4051 et
2854 4000 3070 4065 Petrus,
3118 4000 3218 4069 qui
3249 4016 3543 4071 nunquam
3598 4001 3655 4053 in

1959 4086 2281 4139 Christiano
2330 4101 2573 4139 numero
2622 4088 2870 4155 reputati
2904 4093 3056 4153 sunt,
3110 4089 3211 4157 qui
3249 4104 3352 4157 per
3395 4089 3653 4157 singulos

1959 4176 2080 4229 dies
2125 4181 2380 4228 sanctam
2431 4174 2954 4228 Chalcedonensem
3004 4172 3305 4246 synodum,
3361 4178 3654 4229 sanctissi—

1960 4281 2119 4318 mum
2151 4270 2371 4334 patrem
2422 4270 2681 4317 nostrum
2718 4266 2961 4318 Leonem
3012 4264 3241 4334 publico
3292 4264 3653 4318 anathemate

1957 4354 2318 4424 impotentes,
2367 4354 2465 4424 qui
2506 4354 2788 4422 judicium
2843 4354 2944 4407 Dei
2998 4354 3143 4407 nihil
3187 4354 3554 4419 aestimantes,
3600 4360 3655 4407 et

1953 4444 2221 4496 colendos
2274 4457 2521 4495 canones
2559 4448 2886 4494 sanctorum
2944 4443 3177 4494 Patrum
3230 4441 3647 4507 conculcantes,

1952 4532 2247 4602 episcopos
2278 4531 2511 4601 quidem
2564 4530 2864 4600 principali
2898 4531 3153 4599 potentia
3183 4530 3453 4583 facientes
3485 4530 3649 4584 exhi-

1952 4621 2093 4687 beri,
2152 4626 2207 4673 et
2240 4636 2342 4674 nos
2400 4626 2664 4690 cogentes
2724 4620 2961 4673 illudere
3012 4619 3343 4689 praedictam
3396 4625 3650 4673 sanctam

1955 4708 2255 4779 synodum,
2354 4708 2647 4777 suppliciis
2732 4708 3233 4762 inmstiinabilibus
3312 4707 3652 4778 afﬂigentes.

1956 4798 2111 4851 Unde
2131 4802 2185 4850 et
2216 4797 2451 4867 quidam
2474 4813 2676 4850 eorum
2704 4796 2937 4866 injectus
2970 4799 3165 4867 plagas
3199 4798 3440 4851 minime
3470 4799 3650 4852 susti-

1953 4892 2173 4951 nentes,
2228 4886 2298 4939 de
2355 4885 2461 4939 hoc
2521 4888 2727 4938 saeculo
2786 4888 3156 4953 transierunt,
3216 4893 3271 4940 et
3304 4887 3651 4956 {nostrorum

1956 4989 2093 5028 vero
2131 4990 2243 5028 non
2278 4975 2482 5044 exigua
2529 4974 2836 5027 multitudo
2892 4982 3190 5045 perempta
3235 4980 3337 5030 est.
3376 4976 3654 5030 Euntibus

1953 5080 2202 5134 namque
2257 5064 2423 5117 nobis
2474 5064 2544 5117 ad
2597 5064 2896 5118 mandram
2959 5065 3181 5119 domini
3231 5065 3513 5120 Simeonis
3546 5081 3651 5135 pro

1954 5173 2122 5209 causa
2156 5154 2443 5221 Ecclesiae,
2478 5156 2732 5210 insidiati
2763 5160 2897 5209 sunt
2928 5157 3091 5211 nobis
3144 5156 3200 5209 in
3236 5156 3442 5210 itinere
3495 5172 3640 5226 pra:-

1888 4312 1928 4366 D

1955 5300 2094 5363 quas
2125 5284 2306 5336 caedes
2350 5300 2558 5361 quasve
2611 5283 3213 5363 injurias‘orthodoris
3243 5283 3492 5363 Severus
3532 5285 3643 5361 An-

1956 5353 2274 5419 tioclienus,
2331 5356 2635 5424 casterique
2696 5355 2964 5424 Acephali
3023 5356 3324 5407 intulerint
3372 5354 3429 5406 in
3463 5353 3648 5424 Syria,

1955 5440 2199 5494 sequens
2225 5425 2463 5494 epistola
2498 5426 2727 5479 indicat.
2759 5426 2880 5479 Sev.
2916 5426 3131 5479 Bmws.

2047 5496 2104 5565 ά)
2145 5496 2232 5549 Al.
2260 5499 2321 5564 [ir
2333 5502 2511 5549 mata.

2025 5564 2097 5637 (e)
2136 5568 2223 5621 Al.
2257 5567 2327 5621 ad
2355 5583 2459 5621 nos
2484 5564 2934 5624 calamitatibus.
