4038 6170
400 308 461 362 41
481 312 497 362 ι
1846 305 2222 363 HORMISDE
2246 306 2445 362 pm;
3318 284 3325 293 ’
3788 305 3883 360 442

402 438 539 496 dicti
595 438 968 512 coinquinati,
1023 443 1080 495 et
1120 437 1585 511 supervenientes
1641 437 1972 493 occiderunt
2014 454 2084 492 ex
2118 441 2169 495 A
2263 440 2462 492 Petrus
2495 434 2894 493 misericordia
2926 434 3025 491 Dei
3054 434 3355 508 presbyter
3386 438 3450 491 ut
3486 451 3678 507 supra.

404 529 569 585 nobis
594 534 876 585 trecentos
906 529 1328 601 quinquaginta
1377 528 1547 595 viros,
1580 528 1860 599 quosdam
1894 532 2086 582 autem
2268 527 2556 598 Eugenius
2587 526 2978 581 misericordia
3004 526 3107 581 Dei
3137 526 3432 597 presbyter
3461 532 3524 581 ut
3550 542 3744 597 supra.

408 620 885 686 vulneraverunt;
913 619 1055 674 alios
1076 634 1232 686 vero,
1276 616 1374 688 qui
1413 622 1725 689 potuerunt
1752 617 1822 672 ad
1851 617 2089 672 colenda
2270 616 2537 671 Geladius
2567 615 2959 670 misericordia
2996 614 3095 669 Dei
3119 614 3418 686 presbyter
3439 619 3502 669 ut
3521 631 3710 685 supra.

403 709 604 765 altaria
642 709 967 779 confugere,
1002 708 1217 763 ibidem
1249 712 1623 779 peremerunt
1655 713 1711 763 et
1739 708 2090 762 monasteria
2270 706 2473 759 Bassus
2506 704 2897 758 misericordia
2931 703 3030 758 Dei
3056 704 3356 774 presbyter
3396 709 3458 757 ut
3488 718 3678 772 supra.

405 798 801 865 incenderunt,
824 814 928 868 per
954 803 1179 861 noctem
1219 798 1511 851 mittentes
1540 797 1971 851 multitudinem
2006 796 2089 851 in-
2267 794 2544 850 Romulus
2575 794 2963 849 misericordia
2990 794 3087 847 Dei
3112 793 3406 864 presbyter
3435 797 3498 846 ut
3526 806 3718 863 supra.

2269 884 2561 938 Eusealius
2592 883 2985 938 misericordia
3014 883 3113 937 Dei
3134 882 3433 953 presbyter
3460 886 3523 936 ut
3551 897 3747 951 supra.

2265 973 2514 1027 Malchus
2544 972 2935 1027 misericordia
2964 972 3065 1026 Dei
3094 971 3387 1043 presbyter
3422 975 3487 1026 ut
3511 985 3705 1039 supra.

2270 1062 2534 1117 Leontius
2564 1061 2949 1115 misericordia
2976 1060 3350 1116 Deidiaconus
3382 1065 3442 1115 ut
3472 1075 3663 1129 supra.

2265 1151 2582 1221 Stephanus
2619 1150 3011 1205 misericordia
3044 1151 3141 1204 Dei
3173 1151 3467 1221 presbyter
3504 1154 3568 1203 ut
3594 1162 3797 1217 supra.

406 888 732 957 quietorum
782 886 1080 941 hominum
1110 888 1654 959 redemptorumque
1682 903 1911 941 omnem
1942 903 2089 957 pau-

404 979 682 1045 pertatem
713 975 1149 1029 ecclesiasticam
1178 977 1510 1048 hujusmodi
1539 976 1797 1047 pestiferi
1826 976 2091 1030 homines

404 1067 823 1119 consumentes.
864 1065 950 1119 Ad
1001 1066 1229 1135 singula
1266 1071 1458 1120 autem
1503 1066 1706 1120 delatae
1748 1067 1820 1120 ad
1845 1070 2089 1120 vestram

405 1153 817 1207 beatitudinem
867 1154 1152 1207 instruent
1201 1154 1408 1208 chartae
1442 1170 1476 1208 a
1523 1155 1945 1209 venerabilibus
1969 1154 2091 1208 fra—

404 1241 585 1294 tribus
612 1242 826 1295 Joanne
866 1246 922 1294 et
968 1241 1188 1312 Sergio,
1220 1258 1363 1312 quos
1396 1243 1734 1296 miseramus
1766 1242 2090 1296 Constanti-

406 1332 687 1401 n0polim,
732 1337 1022 1402 sperantes
1053 1332 1362 1386 vindictam
1406 1332 1530 1387 ﬁeri
1567 1333 1635 1386 de
1666 1332 1753 1387 his
1783 1349 1909 1402 quae
1944 1348 2094 1387 com-

406 1421 577 1474 missa
607 1425 758 1474 sunt.
796 1420 903 1474 Sed
948 1436 1042 1475 eos
1078 1437 1183 1474 nec
1210 1422 1381 1475 verbo
1413 1421 1681 1491 dignatus
1731 1424 1815 1474 est.
1844 1421 2091 1491 impera-

405 1514 514 1576 tor,
548 1509 645 1563 sed
673 1509 845 1563 etiam
881 1525 1011 1563 cum
1055 1511 1259 1579 grandi
1290 1511 1640 1564 contumelia
1670 1511 1907 1579 expulit,
1938 1525 2092 1563 com-

406 1598 656 1652 minatus
685 1598 766 1651 eis
797 1599 895 1668 qui
936 1598 1045 1652 ista
1075 1600 1454 1670 porrigerent.
1510 1599 1666 1653 Unde
1703 1598 1836 1652 hinc
1878 1604 1963 1652 est
1992 1616 2094 1653 nos

404 1688 494 1741 vel
522 1702 649 1740 sero
681 1702 1042 1755 cognoscere,
1093 1688 1368 1758 quoniam
1416 1690 1573 1743 tanta
1623 1688 1873 1759 parvitas
1906 1693 1959 1743 et
1990 1704 2092 1742 au-

407 1771 567 1826 dacia
636 1773 837 1827 talium
896 1775 1181 1830 malorum
1248 1776 1517 1831 adversus
1584 1777 1857 1831 Ecclesias
1922 1776 2091 1843 facta,

407 1860 584 1932 ipsius
614 1862 969 1918 immissione
1000 1865 1317 1934 composita
1360 1871 1465 1921 est.
1520 1867 1907 1935 Deprecamur
1937 1881 2093 1936 ergo,

406 1950 730 2005 beatissime
776 1958 958 2021 pater,
1017 1955 1402 2024 supplicantes
1448 1958 1504 2008 et
1551 1960 1842 2023 rogantes,
1892 1958 1955 2007 ut
2000 1970 2094 2008 ex-

408 2041 674 2109 surgatis,
706 2057 836 2095 cum
884 2043 1107 2097 fervore
1156 2050 1212 2096 et
1264 2044 1403 2111 zelo,
1455 2050 1508 2097 et
1566 2044 1917 2097 condoleatis
1945 2045 2095 2113 juste

408 2145 512 2198 pro
543 2145 779 2200 corpore
808 2131 1022 2185 laniato
1046 2134 1201 2199 (nam
1234 2138 1405 2202 caput
1431 2131 1563 2186 estis
1583 2132 1864 2203 omnium)
1896 2138 1953 2187 et
1978 2133 2097 2187 vin-

408 2217 602 2271 dicetis
631 2218 805 2273 ﬁdem
843 2225 1254 2291 contemptam,
1304 2237 1551 2276 canones
1580 2223 1956 2288 conculcatos,
2000 2223 2099 2275 Pa-

407 2311 523 2359 tres
575 2306 1016 2376 blasphematos,
1072 2314 1129 2362 et
1178 2309 1348 2363 talem
1400 2309 1685 2379 synodum
1732 2309 2097 2363 anathemate

407 2392 749 2462 impetitam.
782 2395 953 2448 Vobis
995 2412 1028 2449 a
1058 2398 1172 2450 Deo
1204 2397 1336 2450 data
1374 2403 1457 2451 est
1484 2402 1733 2467 potestas
1764 2402 1821 2451 et
1846 2397 2097 2451 auctori-

408 2485 493 2535 tas
522 2482 700 2551 ligare
728 2488 784 2536 et
825 2484 1061 2538 solvere.
1091 2485 1227 2537 Non
1271 2500 1411 2554 opus
1434 2485 1639 2539 habent
1676 2487 1775 2555 qui
1806 2484 1939 2538 sani
1963 2488 2099 2539 sunt

409 2570 667 2638 medicis,
707 2571 808 2625 sed
852 2572 1007 2625 male
1060 2572 1332 2628 habentes
1360 2574 1575 2643 (Matth
1610 2573 1744 2643 xvr).
1778 2574 2095 2643 Exsurgite,

410 2662 601 2714 Patres
641 2662 840 2728 sancti,
884 2661 1176 2715 venientes
1208 2663 1277 2716 ad
1327 2662 1624 2716 salvandos
1655 2678 1794 2728 nos;
1848 2661 2097 2717 imitato-

409 2764 499 2802 res
528 2754 707 2803 estote
736 2750 969 2804 Domini
1001 2750 1201 2817 nostri,
1252 2752 1353 2820 qui
1384 2751 1454 2805 de
1484 2752 1625 2805 caelo
1682 2766 1852 2822 super
1883 2754 2098 2805 terram

408 2838 637 2892 advenit
667 2854 925 2909 quaerere
960 2844 1247 2893 errantem
1293 2854 1493 2893 ovem:
1548 2841 1781 2893 Petrum
1810 2840 1976 2893 illum
2008 2855 2098 2893 re-

408 2927 605 2996 spicite
636 2928 957 2998 principem
1005 2928 1415 2997 apostolorum,
1446 2928 1606 2997 cujus
1636 2928 1828 2981 sedem
1858 2928 2095 2993 ornatis,

409 3020 466 3069 et
496 3017 734 3070 Paulum
768 3017 976 3087 quiest
1032 3032 1127 3069 vas
1157 3016 1472 3084 electionis,
1529 3016 1629 3087 qui
1657 3016 2095 3083 circumeuntes,
2137 3029 2178 3085 ο

409 3105 607 3158 orbem
633 3110 916 3159 terrarum
948 3105 1432 3159 illuminaverint:
1466 3121 1600 3158 nam
1633 3121 1841 3175 magna
1861 3106 2101 3158 vulnera

413 3193 726 3262 majoribus
756 3192 1019 3262 indigent
1067 3194 1428 3263 adjumentis.
1465 3193 1793 3247 Mercenarii
1844 3193 2101 3247 videntes

410 3282 575 3349 lupos
608 3281 897 3334 venientes
928 3282 1198 3335 adversus
1220 3297 1355 3337 oves
1391 3282 1693 3335 dimittunt
1721 3298 1814 3335 eas
1834 3281 2101 3352 dissipari

410 3370 480 3422 ab
514 3369 664 3422 illis:
700 3370 857 3423 vobis
897 3376 1087 3424 autem
1138 3370 1284 3424 veris
1312 3370 1636 3439 pastoribus
1667 3378 1724 3423 et
1753 3370 2100 3439 doctoribus,

410 3458 617 3529 quibus
655 3474 791 3510 cura
818 3474 925 3527 pro
957 3460 1136 3512 salute
1182 3459 1377 3512 ovium
1407 3459 1714 3512 commissa
1745 3464 1850 3524 est,
1894 3475 2097 3513 occur-

412 3546 486 3598 rit
518 3546 637 3615 ipse
683 3562 817 3616 grex
870 3562 1211 3616 cognoscere
1246 3562 1411 3601 suum
1443 3554 1755 3616 pastorem,
1788 3546 1858 3601 ab
1914 3548 2103 3603 immi-

413 3633 646 3687 tissimis
682 3634 881 3689 bestiis
912 3636 1208 3702 liberatus,
1242 3641 1299 3688 et
1330 3651 1524 3689 vocem
1558 3650 1805 3706 sequens
1833 3638 2098 3705 pastoris,

412 3720 555 3774 sicut
580 3722 850 3775 Dominus
880 3724 960 3775 ait
989 3738 1002 3776 :
1036 3723 1177 3777 Oves
1228 3738 1364 3777 meae
1387 3738 1576 3777 vocem
1612 3739 1802 3777 meam
1838 3723 2098 3778 audiunt.

412 3814 467 3863 et
502 3825 603 3880 ego
647 3826 918 3880 cognosco
946 3826 1060 3877 eas,
1107 3816 1162 3865 et
1208 3815 1484 3882 sequntur
1512 3827 1597 3865 me
1627 3812 1823 3880 (Joan.
1858 3813 1938 3881 χ).
1978 3814 2103 3867 Non

413 3914 550 3968 ergo
590 3898 913 3965 despiciatis
943 3915 1068 3966 nos,
1116 3901 1489 3966 sanctissime,
1524 3900 1625 3970 qui
1653 3916 1686 3952 a
1714 3900 1909 3954 bestiis
1949 3902 2102 3955 fero-

413 3986 574 4040 cibus
601 3986 860 4056 quotidie
888 3988 1274 4043 vulneramur.
1312 3989 1393 4044 Ad
1430 3990 1741 4059 perfectam
1774 3994 1967 4043 autem
2000 4007 2095 4044 uo-

412 4075 597 4129 titiam
637 4075 810 4128 vestri
852 4076 1033 4129 sancti
1082 4077 1291 4146 angeli,
1336 4077 1887 4131 anathematizamus
1917 4077 1977 4132 in
2009 4095 2101 4132 ea-

413 4163 543 4217 dem
594 4167 789 4217 nostra
842 4164 1239 4235 deprecatione
1288 4165 1563 4219 virtutem
1618 4166 1866 4220 habente
1925 4167 2105 4221 libelli

413 4268 611 4305 omnes
642 4252 928 4323 projectos
955 4259 1012 4307 et
1037 4254 1559 4308 excommunicatos
1591 4270 1623 4307 a
1654 4260 1838 4307 vestra
1876 4260 2102 4324 aposto-

413 4341 523 4395 lica
560 4342 713 4430 sede.
750 4342 1004 4396 Dicimus
1041 4348 1231 4396 autem
1269 4344 1617 4409 Nestorium,
1669 4342 1768 4413 qui
1797 4343 1905 4396 fuit
1935 4342 2106 4397 Cons-
2144 4375 2188 4430 Β

413 4428 976 4499 stantinopolitamus
1040 4432 1361 4502 episcopus,
1423 4431 1815 4501 Eutychetem,
1877 4431 2103 4485 Diosco-

414 4533 565 4583 rum,
588 4523 644 4572 et
672 4520 903 4573 Petrum
928 4520 1396 4586 Alexandrinum,
1427 4521 1527 4590 qui
1560 4519 1997 4589 cognominatus
2022 4524 2106 4573 est

418 4604 641 4673 Balbus,
674 4610 731 4659 et
772 4608 1027 4676 Petrum,
1076 4609 1176 4679 qui
1232 4609 1527 4663 dicebatur
1575 4609 1757 4675 Fullo,
1789 4608 2100 4663 Antioche-

418 4707 556 4745 num
588 4692 958 4748 nihilominus
987 4700 1045 4749 et
1083 4696 1373 4762 Acacium,
1402 4697 1500 4767 qui
1550 4697 1657 4750 fuit
1709 4697 2106 4752 Constantino-

416 4779 703 4849 politanus
766 4782 1087 4851 episcopus,
1155 4800 1355 4838 eorum
1426 4784 1994 4851 communicatorem,
2049 4791 2107 4838 et

416 4882 614 4922 omnes
635 4867 736 4939 qui
767 4884 947 4923 unum
973 4870 1203 4926 illorum
1234 4872 1637 4926 haereticorum
1668 4873 2006 4928 defendunt.

979 4973 1552 5016 SUBSCRIPTIONES.

526 5046 642 5115 Ego
668 5045 987 5101 Alexander
1030 5049 1421 5102 misericordia
1453 5050 1552 5103 Dei
1595 5048 1892 5119 presbyter
1924 5052 1981 5103 et
2013 5063 2103 5102 ar-

418 5133 803 5190 chimandrita
831 5136 1008 5190 sancti
1038 5137 1279 5191 Maronis
1308 5137 1645 5206 deprecatus
1675 5153 1821 5192 sum.

524 5223 756 5278 Simeon
788 5224 1178 5279 misericordia
1209 5226 1305 5279 Dei
1344 5227 1640 5297 presbyter
1670 5231 1727 5280 et
1780 5225 2103 5280 archiman-

418 5311 568 5367 drita
596 5319 659 5366 ut
689 5328 882 5383 supra.

522 5402 767 5455 Joannes
796 5401 1187 5456 misericordia
1213 5400 1314 5457 Dei
1345 5402 1618 5456 diaconus
1647 5408 1705 5457 et
1745 5402 2108 5473 dispensator

422 5492 486 5543 ut
515 5505 707 5559 supra.

526 5576 836 5649 Procopius
863 5578 1254 5635 misericordia
1268 5578 1370 5635 Dei
1388 5579 1681 5651 presbyter
1712 5584 1768 5635 et
1784 5579 2109 5637 archiman-

424 5665 571 5720 drita
600 5670 663 5720 ut
681 5683 872 5737 supra.

2269 1240 2503 1294 Carufas
2534 1240 2808 1294 diaconus
2842 1244 2904 1294 ut
2934 1254 3128 1308 supra.

2270 1330 2515 1384 Thomas
2548 1329 2842 1399 presbyter
2862 1333 2928 1382 ut
2956 1343 3133 1396 supra

2272 1417 2502 1472 Samuel
2532 1418 2802 1472 diaconus
2828 1423 2892 1471 ut
2922 1432 3115 1487 supra.

2272 1507 2601 1561 Theodorus
2637 1507 2933 1577 presbyter
2963 1511 3027 1559 ut
3055 1520 3252 1574 supra.

2269 1597 2517 1651 Joannes
2544 1594 2933 1650 misericordia
2963 1594 3062 1649 Dei
3083 1592 3381 1664 presbyter
3402 1596 3465 1646 ut
3486 1607 3682 1661 supra.

2273 1687 2519 1740 Joannes
2542 1686 2839 1755 presbyter
2867 1688 2928 1738 ut
2949 1698 3141 1755 supra.

2274 1774 2517 1829 Thomas
2545 1774 2819 1828 diaconus
2847 1778 2911 1827 ut
2938 1788 3132 1845 supra,

2273 1864 2521 1919 Joannes
2552 1864 2824 1917 diaconus
2855 1866 2919 1915 ut
2945 1877 3140 1932 supra.

2274 1952 2597 2007 Simeonius
2627 1952 2899 2005 diaconus
2929 1954 2995 2004 ut
3023 1965 3216 2019 supra.

2274 2041 2497 2095 Salinus
2527 2039 2974 2093 archimandrita
3010 2044 3075 2092 ut
3103 2053 3299 2108 supra.

2274 2129 2549 2182 Eusebius
2581 2128 2879 2198 presbyter
2909 2131 2971 2181 ut
3000 2141 3193 2197 supra.

2275 2219 2566 2288 Mucymus
2596 2216 2892 2287 presbyter
2918 2220 2982 2270 ut
3010 2230 3203 2285 supra.

2278 2306 2599 2362 Simeonius
2626 2306 2924 2377 presbyter
2952 2309 3016 2358 ut
3045 2320 3239 2373 supra.

2275 2395 2518 2449 Thomas
2548 2394 2841 2464 presbyter
2871 2398 2933 2447 ut
2961 2407 3153 2462 supra.

2272 2483 2514 2538 Jacobus
2539 2482 2836 2553 presbyter
2866 2485 2932 2535 ut
2956 2496 3149 2551 supra.

2273 2573 2519 2627 Joannes
2550 2571 2843 2642 presbyter
2874 2576 2936 2624 ut
2964 2584 3156 2639 supra.

2276 2662 2485 2717 Paulus
2515 2661 2815 2731 presbyter
2840 2668 2903 2715 ut
2935 2674 3126 2728 supra.

2276 2750 2502 2805 Priscus
2530 2749 2822 2821 presbyter
2855 2753 2918 2803 ut
2946 2762 3141 2817 supra.

2275 2837 2560 2892 Antonius
2588 2838 2884 2907 presbyter
2916 2841 2982 2891 ut
3002 2851 3195 2906 supra.

2276 2914 2525 2980 Joannes
2548 2926 2846 2997 presbyter
2878 2930 2943 2980 ut
2972 2940 3166 2996 supra.

2276 3016 2519 3070 Thomas
2549 3015 2847 3085 presbyter
2872 3019 2934 3068 ut
2964 3030 3157 3083 supra.

2278 3103 2539 3157 Julianus
2566 3104 2863 3174 presbyter
2893 3106 2954 3157 ut
2982 3116 3175 3171 supra.

2280 3191 2607 3246 Simeonius
2637 3192 2931 3263 presbyter
2960 3195 3021 3245 ut
3045 3204 3237 3260 supra.

2277 3280 2521 3334 Thomas
2550 3281 2847 3351 presbyter
2876 3284 2941 3334 ut
2968 3294 3161 3349 supra.

2278 3368 2602 3425 Simeonius
2631 3370 2929 3441 presbyter
2956 3374 3019 3423 ut
3046 3384 3236 3439 supra.

2278 3459 2544 3512 Zachaaus
2575 3460 2870 3529 presbyter
2899 3464 2961 3511 ut
2994 3472 3183 3527 supra.

2277 3547 2523 3600 Thomas
2554 3547 2847 3617 presbyter
2875 3551 2938 3600 ut
2962 3560 3155 3615 supra.

2279 3633 2605 3689 Simeonius
2637 3636 2932 3705 presbyter
2964 3638 3027 3687 ut
3054 3647 3249 3703 supra.

2279 3724 2527 3777 Thomas
2558 3725 2855 3794 presbyter
2884 3728 2949 3777 ut
2977 3738 3172 3792 supra.

2284 3811 2609 3866 Simeonius
2640 3813 2936 3883 presbyter
2973 3816 3039 3865 ut
3069 3824 3262 3881 supra.

2283 3901 2525 3955 Thomas
2548 3901 2840 3972 presbyter
2867 3908 2932 3955 ut
2960 3916 3154 3970 supra.

2281 3988 2512 4060 Sergius
2543 3990 2837 4061 presbyter
2867 3994 2928 4044 ut
2947 4005 3142 4059 supra,

2281 4078 2525 4131 Thomas
2554 4078 2851 4150 presbyter
2874 4083 2937 4133 ut
2964 4093 3157 4148 supra.

2282 4166 2558 4220 Eusebius
2583 4168 2880 4237 presbyter
2906 4170 2968 4219 ut
3002 4179 3192 4236 supra.
3255 4216 3264 4225 ,

2284 4254 2493 4308 Paulus
2515 4255 2811 4325 presbyter
2839 4260 2901 4309 ut
2927 4270 3119 4324 supra,

2282 4343 2530 4397 Joannes
2562 4344 2855 4414 presbyter
2876 4348 2937 4397 ut
2966 4358 3159 4412 supra.

2288 4428 2519 4498 Sergius
2542 4430 2816 4483 diaconus
2847 4435 2909 4483 ut
2939 4445 3130 4499 supra.

2284 4518 2425 4571 Item
2449 4518 2682 4589 Sergius
2712 4518 2983 4573 diaconus
3015 4523 3080 4571 ut
3107 4531 3301 4586 supra.

2278 4606 2537 4661 Julianus
2567 4607 2863 4677 presbyter
2893 4611 2959 4660 ut
2986 4620 3179 4676 supra.

2284 4692 2514 4763 Sergius
2548 4696 2845 4765 presbyter
2874 4700 2938 4749 ut
2958 4710 3153 4765 supra.

2284 4782 2623 4837 Ammonius
2644 4784 2916 4838 diaconus
2937 4789 3002 4839 ut
3028 4799 3221 4854 supra.

2284 4872 2528 4925 Thomas
2560 4873 2856 4944 presbyter
2889 4878 2952 4927 ut
2980 4889 3171 4943 supra.

2285 4959 2462 5014 Lucas
2489 4962 2788 5031 presbyter
2812 4966 2875 5015 ut
2905 4977 3096 5032 supra.

2285 5049 2531 5103 Thomas
2551 5049 2825 5104 diaconus
2855 5057 2919 5105 ut
2948 5066 3140 5120 supra.

2288 5137 2614 5193 Simeonius
2634 5138 2929 5209 presbyter
2956 5145 3020 5193 ut
3050 5154 3241 5209 supra.

2286 5227 2584 5281 Flavianus
2615 5228 3059 5282 archimandrita
3082 5233 3145 5280 ut
3175 5242 3368 5297 supra.

2285 5316 2569 5370 Monimus
2592 5315 2861 5370 diaconus
2886 5321 2949 5370 ut
2975 5331 3166 5386 supra.

2286 5403 2535 5460 Joannes
2561 5402 2831 5457 diaconus
2870 5407 2933 5457 ut
2957 5418 3151 5472 supra.

2289 5490 2541 5554 Joannes
2569 5492 2859 5563 presbyter
2882 5496 2947 5545 ut
2970 5506 3162 5561 supra.

2288 5582 2585 5648 Antonius
2612 5578 2875 5634 diaconus
2903 5583 2965 5634 ut
2994 5594 3188 5650 supra.

2291 5670 2553 5744 Thomas
2584 5667 2844 5723 diaconus
2872 5671 2935 5723 ut
2964 5684 3156 5739 supra.
