3998 6172
125 336 215 389 413

185 466 390 521 Eliseus
419 462 712 534 presbyter
744 464 805 517 ut
833 479 1025 533 supra.
1823 470 1869 521 Α

188 554 407 624 Sergius
436 552 703 606 diaconus
732 557 794 605 ut
823 567 1015 622 supra.

184 642 411 698 lsaacius
442 641 735 712 presbyter
755 644 817 694 ut
850 657 1041 711 supra.

182 730 396 799 Sergius
418 729 714 799 presbyter
745 734 807 783 ut
839 745 1030 800 supra.

182 822 411 876 Thomas
442 818 716 873 diaconus
742 824 803 872 ut
831 834 1022 889 supra.

181 911 409 964 Joannes
440 909 741 979 presbyter
773 912 833 961 ut
858 924 1050 978 supra.

181 999 460 1067 Philippus
489 997 760 1051 diaconus
786 1001 847 1051 ut
880 1012 1069 1067 supra.

182 1087 403 1142 Jacobus
430 1086 728 1156 presbyter
758 1092 819 1140 ut
850 1103 1044 1157 supra.

183 1174 441 1229 Zeuobius
469 1175 766 1244 presbyter
794 1179 858 1227 ut
890 1190 1082 1245 supra.

184 1265 344 1318 Horas
367 1264 647 1317 diaconus
680 1267 742 1316 ut
768 1279 957 1332 supra.

182 1353 407 1407 lsaacius
438 1352 740 1423 presbyter
770 1356 834 1405 ut
861 1368 1051 1423 supra.

180 1441 407 1495 Ananias
435 1440 735 1511 presbyter
763 1444 825 1493 ut
856 1457 1043 1511 supra.

182 1530 394 1600 Sergius
418 1530 725 1600 presbyter
753 1535 812 1583 ut
838 1546 1030 1599 supra.

181 1620 392 1675 Simeon
422 1619 728 1689 presbyter
755 1623 817 1673 ut
855 1635 1047 1690 supra.

181 1709 404 1764 Thomas
424 1707 731 1777 presbyter
754 1711 814 1761 ut
845 1724 1040 1777 supra.

178 1798 398 1851 Joannes
427 1796 735 1865 presbyter
760 1800 822 1849 ut
850 1812 1040 1865 supra.

180 1886 387 1941 Simeon
418 1885 728 1955 presbyter
755 1890 819 1938 ut
845 1900 1036 1955 supra.

180 1977 402 2030 Thomas
431 1974 744 2044 presbyter
770 1978 831 2027 ut
858 1989 1050 2044 supra.

180 2063 400 2117 Joannes
431 2061 741 2132 presbyter
770 2066 831 2115 ut
861 2078 1055 2132 supra.

182 2151 388 2205 Simeon
410 2150 720 2220 presbyter
746 2153 808 2205 ut
830 2166 1022 2221 supra.

186 2239 338 2293 David
368 2240 495 2292 thos
524 2239 802 2292 diaconus
832 2243 895 2291 ut
922 2256 1113 2309 supra.

1828 1767 1869 1821 ll

184 2330 403 2383 Thomas
431 2327 716 2381 diaconus
747 2332 813 2380 ut
842 2343 1033 2397 supra.

184 2419 401 2470 Joannes
435 2418 721 2471 diaconus
748 2421 811 2470 ut
839 2432 1028 2487 supra.

187 2507 440 2560 Lemneus
472 2505 777 2576 presbyter
804 2511 867 2558 ut
889 2522 1079 2575 supra.

188 2595 363 2648 Daniel
396 2594 854 2647 archimandrita
884 2598 946 2647 ut
986 2610 1177 2663 supra.

184 2683 388 2737 Simeon
418 2682 879 2737 archimandrita
909 2688 971 2736 ut
1004 2688 1194 2753 supra.

183 2772 459 2825 Abramius
491 2773 801 2843 presbyter
836 2777 896 2826 ut
926 2788 1117 2843 supra.

184 2863 335 2917 David
358 2864 664 2933 presbyter
686 2868 745 2915 ut
775 2878 963 2932 supra.

187 2952 479 3006 Dorotheus
501 2951 809 3023 presbyter
836 2955 898 3004 ut
924 2966 1115 3021 supra.

182 3040 484 3094 Antoninus
518 3039 823 3109 presbyter
855 3043 915 3091 ut
945 3055 1136 3110 supra.

185 3129 403 3183 Thomas
434 3130 744 3200 presbyter
773 3132 835 3180 ut
863 3144 1055 3198 supra.

186 3218 467 3273 Darsumas
512 3218 711 3289 (Forte
767 3217 1106 3273 Barsumas.
1157 3217 1359 3289 Hane.)
1406 3217 1701 3289 presbyter
1733 3222 1799 3274 ut

135 3322 288 3376 supra.

186 3395 388 3464 Sergius
420 3394 731 3467 presbyter
754 3399 818 3449 ut
849 3410 1041 3465 supra.

188 3483 433 3537 Eusebius
456 3484 765 3554 presbyter
803 3486 867 3536 ut
895 3499 1081 3553 supra.

188 3570 487 3625 Simeonius
511 3571 819 3642 presbyter
850 3576 914 3624 ut
952 3588 1142 3642 supra.

185 3658 457 3713 Marcellus
492 3658 799 3729 presbyter
829 3664 887 3711 ut
917 3675 1108 3728 supra.

186 3747 385 3800 Priscus
417 3748 727 3818 presbyter
754 3753 816 3800 ut
838 3763 1030 3816 supra.

187 3835 341 3889 Maras
362 3838 672 3907 presbyter
701 3840 765 3888 ut
795 3851 987 3904 supra.

186 3922 391 3993 Sergius
424 3925 735 3995 presbyter
761 3928 825 3977 ut
848 3940 1042 3993 supra.

184 4012 399 4068 Jacobus
417 4013 731 4084 presbyter
770 4017 831 4067 ut
861 4029 1051 4084 supra.

188 4102 412 4156 Thomas
444 4103 750 4173 presbyter
788 4107 850 4156 ut
882 4118 1074 4172 supra.

190 4191 309 4245 Item
339 4193 591 4246 Thomas
628 4192 921 4261 presbyter
950 4196 1011 4245 ut
1036 4207 1231 4261 supra.

188 4279 412 4333 Thomas
443 4280 749 4351 presbyter
770 4285 828 4332 ut
863 4296 1056 4349 supra.

191 4366 393 4422 Salinus
423 4370 731 4440 presbyter
760 4373 823 4421 ut
851 4384 1042 4438 supra.

190 4455 415 4511 Thomas
442 4458 748 4527 presbyter
778 4461 839 4508 ut
868 4472 1058 4527 supra.

192 4543 416 4598 Joannes
448 4546 754 4615 presbyter
783 4550 845 4597 ιιι
872 4561 1062 4615 supra.

194 4632 509 4687 Varasaldas
545 4632 842 4703 presbyter
867 4639 929 4686 ut
959 4650 1149 4704 supra.

192 4718 415 4775 Joannes
444 4722 724 4775 diaconus
754 4726 819 4774 ut
845 4738 1038 4791 supra.

192 4808 469 4863 Marcellus
501 4811 781 4863 diaconus
808 4815 871 4863 ut
900 4826 1090 4880 supra.

194 4895 502 4951 Simeonius
530 4899 828 4969 presbyter
852 4903 911 4952 ut
944 4914 1135 4968 supra.

194 4985 504 5040 Gennadius
535 4987 834 5057 presbyter
868 4992 929 5041 ut
954 5003 1145 5059 supra.

197 5071 423 5127 Thomas
457 5074 761 5145 presbyter
785 5079 844 5127 ut
876 5090 1071 5145 supra.

196 5158 505 5215 Simeonius
538 5163 839 5232 presbyter
865 5166 928 5215 ut
954 5179 1145 5233 supra.

194 5249 480 5304 Abramius
511 5252 810 5322 presbyter
831 5257 894 5305 ut
921 5268 1112 5322 supra.

194 5336 503 5393 Simeonius
538 5341 833 5410 presbyter
858 5346 926 5394 ut
956 5356 1146 5411 supra.

194 5425 413 5481 Jacobus
449 5429 749 5500 presbyter
780 5435 839 5482 ut
867 5446 1057 5500 supra.

195 5514 420 5569 Joannes
451 5517 753 5589 presbyter
784 5522 844 5573 ut
872 5534 1067 5590 supra.

197 5602 427 5660 Isidorus
466 5606 937 5663 archimandrita.

1838 4342 1884 4395 D

1406 331 1762 389 EPISTOLE
1798 330 1889 389 ET
1927 331 2273 389 DECRETA.

3487 338 3593 392 414

1967 465 2225 519 Julianus
2254 463 2554 536 presbyter
2578 469 2642 519 ut
2671 480 2863 537 supra.

1965 553 2208 608 Joannes
2230 558 2285 607 et
2315 554 2606 609 Romanus
2623 559 2680 608 et
2700 554 2945 610 Thomas
2962 555 3281 629 presbyteri
3303 561 3365 613 ut
3395 573 3587 629 supra.

1965 643 2287 697 Antoninus
2318 644 2588 698 diaconus
2620 648 2681 698 ut
2709 660 2901 714 supra.

1968 732 2249 787 Abraham
2304 733 2621 803 presbyter,
2674 734 2851 787 Maras
2897 732 3170 788 diaconus
3210 738 3266 791 et
3296 735 3583 792 Abraham

1896 820 2193 893 presbyter
2217 826 2280 875 ut
2308 838 2503 890 supra.

1967 910 2246 963 Zenobius
2286 915 2343 963 et
2369 910 2691 979 Stephanus
2724 910 3042 981 presbyteri
3072 916 3136 966 ιιι
3170 928 3359 983 supra.

1968 998 2291 1052 Simeonius
2324 1004 2381 1051 et
2411 998 2735 1051 Demetrius
2765 1000 3082 1071 presbyteri
3121 1006 3186 1055 ut
3218 1017 3407 1073 supra.

1966 1087 2208 1141 Thomas
2240 1093 2295 1140 et
2328 1088 2583 1140 Domuus
2614 1088 2931 1157 presbyteri
2960 1094 3021 1141 ut
3052 1106 3243 1159 supra.

1969 1174 2291 1229 Simeonius
2322 1180 2377 1227 et
2402 1175 2551 1228 Elias
2584 1176 2904 1246 presbyteri
2930 1182 2996 1229 ut
3026 1194 3216 1247 supra.

1972 1264 2267 1317 Abramius
2289 1269 2343 1318 et
2374 1265 2715 1335 Pelagianus
2747 1266 3063 1337 presbyteri
3097 1272 3158 1320 ut
3198 1284 3388 1338 supra.

1856 1422 1861 1425 ἱ
1970 1352 2261 1406 Romanus
2278 1358 2334 1405 et
2366 1353 2576 1406 Abram
2606 1353 2926 1424 presbyteri
2954 1359 3015 1408 ut
3045 1371 3236 1424 supra.

1968 1440 2291 1495 Simeonius
2332 1442 2629 1511 presbyter
2658 1448 2714 1495 et
2744 1443 2978 1497 Carufas
3010 1444 3282 1497 diaconus
3312 1447 3375 1498 ut
3401 1460 3591 1517 supra.

1967 1528 2288 1584 Simeonius
2310 1534 2366 1582 et
2394 1531 2641 1584 Joannes
2675 1532 2988 1602 presbyteri
3022 1538 3086 1585 ut
3115 1549 3307 1602 supra.

1968 1617 2291 1672 Simeonius
2321 1623 2377 1672 et
2403 1619 2663 1672 Julianus
2693 1620 3015 1690 presbyteri
3049 1627 3111 1675 ιιι
3133 1638 3333 1690 supra.

1969 1707 2353 1777 Eutychianus
2379 1712 2435 1759 et
2461 1708 2704 1761 Joannes
2731 1708 3003 1762 diaconus
3036 1714 3096 1762 ut
3120 1726 3310 1781 supra.

1966 1795 2209 1848 Thomas
2242 1801 2297 1849 et
2323 1795 2459 1849 item
2490 1796 2733 1850 Thomas
2748 1797 3065 1868 presbyteri
3096 1802 3159 1851 ut
3188 1815 3380 1869 supra.

1968 1883 2262 1938 Romanus
2292 1884 2565 1938 diaconus
2598 1890 2654 1939 et
2682 1886 2927 1940 Joannes
2969 1887 3265 1958 presbyter
3310 1891 3369 1942 ut
3400 1902 3595 1957 supra.

1969 1973 2244 2027 Eusebius
2286 1974 2737 2029 archimandrita
2771 1980 2828 2029 et.
2869 1977 3154 2029 Eustasius
3183 1976 3507 2048 presbyteri
3541 1981 3601 2029 ut

1897 2075 2089 2131 supra.

1966 2149 2209 2204 Jacobus
2236 2153 2292 2205 et
2320 2149 2607 2205 Eusebius
2629 2152 2952 2223 presbyteri
2984 2156 3047 2207 ut
3076 2169 3268 2222 supra.

1969 2238 2200 2309 Sergius
2232 2242 2288 2293 et
2319 2240 2497 2294 Maras
2529 2241 2852 2312 presbyteri
2886 2246 2946 2295 ut
2972 2258 3164 2312 supra.

1966 2327 2212 2381 Joannes
2233 2332 2287 2383 et
2307 2329 2565 2383 Julianus
2590 2329 2907 2401 presbyteri
2941 2336 3003 2384 ut
3032 2346 3223 2402 supra.

1970 2417 2178 2470 Paulus
2205 2422 2261 2471 et
2290 2417 2500 2471 lsacius
2534 2420 2855 2490 presbyteri
2884 2424 2945 2473 ut
2969 2436 3161 2490 supra.

1969 2505 2216 2559 Thomas
2245 2511 2301 2559 et
2327 2506 2605 2560 Dasianus
2636 2508 2951 2579 presbyteri
2984 2514 3047 2563 ut
3077 2525 3267 2580 supra.

1969 2594 2218 2650 Joannes
2245 2599 2301 2649 et
2333 2596 2529 2650 Daniel
2560 2597 2873 2668 presbyteri
2902 2603 2966 2652 ut
2995 2615 3189 2669 supra.

1970 2684 2205 2737 Jevenas
2243 2685 2543 2756 presbyter
2573 2690 2628 2740 et
2655 2686 2853 2741 Azizos
2885 2688 3158 2742 diaconus
3190 2691 3246 2741 et
3276 2685 3598 2741 archiman-

1901 2771 2049 2826 drita
2076 2778 2137 2826 ut
2175 2790 2367 2843 supra.

1967 2861 2251 2915 Antonius
2303 2861 2575 2915 diaconus
2634 2866 2689 2916 et
2736 2862 3186 2917 archimandrita
3243 2867 3299 2918 et
3341 2862 3585 2934 Cyrillus

1899 2950 2201 3020 presbyter
2227 2955 2289 3003 ut
2312 2966 2503 3020 supra.
3070 3002 3073 3007 ,

1832 3066 1873 3122 ρ
1969 3038 2071 3092 Job
2104 3039 2400 3109 presbyter
2427 3042 2481 3091 et
2515 3038 2837 3109 Stephanus
2877 3039 3149 3092 diaconus
3184 3043 3239 3093 et
3267 3038 3593 3093 archiman-

1905 3127 2055 3181 drita
2090 3131 2149 3179 ut
2182 3144 2372 3197 supra.

1978 3218 2178 3271 Bassus
2210 3216 2485 3269 diaconus
2513 3220 2568 3270 et
2600 3214 2836 3271 Basilius
2867 3215 3164 3287 presbyter
3184 3220 3249 3270 ut
3278 3232 3467 3289 supra.

1974 3305 2296 3359 Simeonius
2328 3310 2384 3358 et
2414 3307 2662 3359 Joannes
2695 3305 3015 3376 presbyteri
3046 3312 3108 3359 ut
3138 3322 3330 3376 supra.

1973 3393 2212 3446 Jacobus
2262 3393 2560 3463 presbyter
2599 3398 2656 3447 et
2693 3393 2952 3448 Julianus
2998 3393 3272 3447 diaconus
3311 3398 3367 3447 et
3409 3392 3601 3447 archi—

1905 3481 2193 3534 mandrita
2228 3485 2290 3534 ut
2320 3498 2515 3552 supra.

1976 3569 2298 3623 Simeonius
2318 3575 2373 3624 ct
2398 3570 2646 3640 Alpheus
2677 3568 2993 3641 presbyteri
3030 3572 3091 3623 ut
3121 3585 3314 3640 supra.

1975 3657 2223 3710 Joannes
2254 3660 2556 3728 presbyter
2586 3662 2642 3712 et
2674 3661 2868 3713 Petrus
2902 3658 3176 3711 diaconus
3210 3665 3269 3711 ut
3301 3674 3491 3729 supra.

1976 3744 2175 3797 Daniel
2208 3745 2482 3800 diaconus
2514 3753 2571 3801 et
2615 3748 2804 3801 Eunus
2844 3747 3119 3801 diaconus
3150 3746 3601 3801 archimandrita

1907 3835 1969 3885 ut
2000 3848 2192 3901 supra.

1976 3922 2296 3975 Alexander
2327 3927 2382 3978 et
2405 3923 2760 3993 Epiphanius
2793 3924 3108 3995 presbyteri
3134 3927 3198 3977 ut
3228 3940 3421 3994 supra.

1979 4010 2165 4063 Zoilus
2196 4016 2250 4064 et
2280 4011 2580 4064 Abramius
2620 4013 2936 4083 presbyteri
2963 4018 3027 4066 ut
3055 4029 3245 4083 supra.

1978 4098 2237 4152 Julianus
2264 4099 2579 4170 ‘presbyter
2619 4106 2676 4155 et
2714 4102 2955 4155 Joannes
3006 4100 3283 4154 diaconus
3323 4104 3377 4155 et
3418 4099 3602 4154 archi-

1908 4187 2197 4241 mandrita
2228 4194 2289 4241 ut
2318 4205 2511 4257 supra.

1982 4277 2213 4330 Carufas
2247 4282 2304 4331 et
2334 4276 2656 4333 Simeonius
2687 4276 3003 4349 presbyteri
3037 4282 3101 4331 ut
3128 4293 3319 4348 supra.

1982 4366 2309 4419 Timotheus
2336 4367 2606 4421 diaconus
2636 4373 2693 4421 et
2722 4369 2921 4421 Petrus
2950 4365 3264 4437 presbyteri
3304 4370 3369 4419 ut
3411 4379 3602 4435 supra.

1982 4453 2335 4507 Macedonius
2381 4456 2679 4527 presbyter
2727 4460 2781 4511 et
2824 4454 3271 4510 archimandrita
3320 4458 3382 4509 ut
3411 4468 3600 4523 supra.

1983 4541 2286 4612 Dionysius
2307 4545 2753 4600 archimandrita
2786 4550 2846 4598 ut
2879 4560 3072 4614 supra.

1980 4630 2229 4687 Joannes
2257 4634 2706 4689 archimandrita
2736 4639 2801 4687 ut
2822 4650 3012 4703 supra.

1980 4719 2307 4775 Simeonius
2334 4724 2628 4794 presbyter
2654 4728 2709 4776 et
2741 4720 3191 4777 archimandrita
3220 4724 3285 4775 ut
3304 4736 3496 4792 supra.

1982 4808 2171 4861 Menas
2226 4811 2499 4865 diaconus
2550 4817 2605 4865 et
2656 4810 3104 4865 archimandrita
3152 4814 3208 4864 et
3258 4809 3609 4864 Darabsabas

1912 4897 2213 4967 presbyter
2242 4905 2306 4955 ut
2338 4916 2529 4971 supra.

1986 4986 2219 5057 Sergius
2268 4989 2568 5060 presbyter
2594 4992 2649 5043 et
2694 4988 3027 5044 Theodorus
3067 4987 3515 5044 archimandrita
3547 4990 3611 5040 ut

1914 5096 2107 5151 supra.

1989 5166 2284 5239 Benjamin
2342 5165 2789 5221 archimandrita
2831 5171 2888 5221 et
2935 5166 3145 5221 Isacius
3192 5163 3508 5238 presbyteri
3549 5168 3611 5217 ut

1916 5274 2108 5329 supra.

1988 5344 2183 5400 Daniel
2217 5343 2514 5413 presbyter
2543 5349 2599 5398 et
2630 5344 3081 5400 archimandrita
3111 5348 3168 5397 et
3196 5341 3484 5399 Abraham
3524 5355 3610 5393 ar-

1916 5433 2299 5489 chimandrita
2336 5438 2402 5486 ut
2430 5449 2623 5503 supra.

1989 5521 2313 5579 Simeonius
2343 5522 2792 5577 archimandrita
2825 5524 2888 5576 ut
2909 5535 3101 5590 supra.
