4038 6170
449 257 555 312 415

1876 249 2287 310 HORMISDAS
2325 231 2526 309 pA‘pA:

3813 265 3889 321 416

1921 385 2263 444 EPISTOLA
2301 385 2482 444 XXIII.

1687 499 1767 540 AD
1821 498 2408 541 ARCHIMANDRITAS
2463 499 2704 542 SYBLE.

1312 582 1448 638 Illos
1485 583 1696 638 solatur
1723 581 2081 650 hortaturque
2109 585 2170 636 ut
2211 585 2271 637 in
2295 581 2401 652 ﬁde
2429 581 2695 637 catholica
2721 586 3082 653 perseverent.

525 677 815 755 Ὀρμίσδας
863 679 1177 746 ἐπίσκοπος,
1220 679 1616 754 πρεσϐυτέροις,
1664 683 1752 732 καὶ
1795 676 2149 754 ἀρχιμανδρί-

2330 680 2659 734 Hormisdas
2693 692 2715 714 ο
2743 680 3044 751 episcopus
3073 681 3440 753 presbyteris,
3475 682 3718 740 diaconis
3755 692 3804 742 et
3825 705 3893 742 ar-

450 791 566 833 ταις
609 778 716 832 τοῖς
761 770 810 822 ἐν
851 767 1068 843 δευτέρᾳ
1107 776 1264 844 Συρία
1307 767 1444 836 οὖσι,
1488 774 1575 822 καὶ
1613 769 1811 832 λοιποῖς
1849 766 2146 844 ὀρθοδόξοις

453 859 502 912 ἐν
537 857 830 931 οἱῳδήποτε
868 860 1156 912 ἁνατολικῶ
1189 859 1401 932 κλίματι
1443 857 1721 931 διάγσυσι,
1761 863 1848 912 καὶ
1882 859 1930 912 ἐν
1959 867 2020 931 τῇ
2054 866 2147 920 τῆς

454 949 826 1010 Ἀποστολικῆς
853 946 1112 1023 καθέδρας
1143 952 1381 1020 κοινωνίᾳ
1411 946 1766 1021 διαμένουσιν.

521 1075 971 1146 Ἀναγνωσθέντων
1017 1073 1340 1146 γραμμάτων
1389 1080 1483 1135 τῆς
1535 1074 1782 1148 ὑμετέρας
1827 1071 2033 1145 ἀγάπης
2075 1070 2148 1126 δι’

454 1161 521 1214 ὧν
561 1172 661 1216 τῶν
703 1163 906 1237 ἐχθρῶν
947 1170 1038 1216 τοῦ
1082 1167 1214 1215 Θεοῦ
1253 1162 1518 1238 ἀφροσύνη
1563 1162 1874 1238 ἐφανερώθη,
1917 1167 2005 1215 καί
2048 1169 2149 1215 τῶν

453 1253 688 1306 ἀπίστων
719 1258 749 1311 ἡ
796 1252 1032 1324 ἐπίμονος
1068 1253 1227 1324 μανία
1259 1252 1502 1327 λυπηρῶς
1543 1249 1677 1311 δήλη
1718 1255 1935 1324 γέγονεν,
1970 1252 2149 1314 οἵτινες

456 1339 635 1398 ἐπειδὴ
684 1348 755 1410 τῷ
795 1349 965 1400 κακῶς
1011 1343 1164 1402 ζῶντι
1211 1341 1466 1413 πνεύματι
1513 1339 1770 1414 ἐμίσησαν
1807 1341 1892 1393 τόν
1938 1342 2149 1414 Κύριον,

455 1434 521 1483 τά
559 1429 686 1502 μέλη
730 1428 920 1482 ἐκείνου
960 1428 1160 1491 ἀσεϐῶς
1203 1427 1505 1493 διώκουσιν,
1539 1434 1660 1481 ὅσον
1695 1429 1798 1482 ἀπὸ
1837 1438 1930 1490 τῆς
1977 1432 2151 1502 ύμετέ-

455 1540 547 1594 ρας
589 1519 924 1591 βεϐαιότητος
974 1517 1085 1570 ἐστι
1133 1523 1341 1590 γνῶναί,
1393 1518 1664 1589 ηύλόγησα
1701 1519 1787 1570 τόν
1817 1518 2026 1592 Κύριον,
2063 1523 2148 1570 τὸν

457 1611 546 1666 τὴν
584 1612 761 1660 πίστιν
799 1615 898 1660 τῶν
941 1607 1123 1660 ἑαυτοῦ
1174 1615 1504 1682 στρατιωτῶν
1547 1607 1738 1680 μεταξύ
1777 1617 1877 1659 τῶν
1915 1607 2150 1660 ἐναντίων

459 1697 796 1770 φυλάττοντα.
836 1700 936 1749 Καὶ
964 1697 1122 1748 πάλιν
1153 1705 1252 1749 τῶν
1288 1696 1574 1755 ἐκκλςσιων
1603 1700 1688 1749 τὸν
1725 1696 1898 1766 σάλον,
1930 1700 2016 1749 καὶ
2049 1704 2150 1750 τῶν

459 1785 659 1840 δούλων
696 1793 787 1839 τοῦ
831 1794 962 1838 Θεοῦ
1001 1787 1092 1848 τὰς
1133 1785 1437 1857 ἐπαχθείας,
1476 1791 1564 1838 καὶ
1606 1789 1725 1848 τοὺς
1767 1791 1958 1849 κόπους
1998 1807 2152 1839 κατα-

457 1883 649 1939 νοήσας
681 1878 938 1939 στενάζων
965 1879 1098 1928 κατά
1127 1879 1210 1929 τὸν
1242 1881 1528 1950 προφήτην,
1560 1875 1822 1949 ἐκέκραξα·
1852 1900 1879 1926 ‹‹
1904 1878 2146 1944 Ἀνάστα,

462 1967 636 2042 Κύριε,
673 1964 898 2020 δίκασσν
933 1969 1023 2022 τὴν
1063 1963 1215 2024 δίκην
1256 1985 1372 2035 σου,
1405 1968 1666 2038 μνήσθητι
1706 1973 1804 2018 τῶν
1841 1963 2152 2038 ὀνειδισμῶν

463 2077 576 2124 σου,
612 2063 710 2108 τῶν
752 2056 852 2108 ύπό
887 2057 1103 2130 ἄφρονος
1134 2055 1256 2113 ὅλην
1295 2059 1386 2112 τὴν
1425 2057 1639 2128 ἡμέραν.
1683 2078 1711 2104 ››
1743 2051 1935 2116 Ἡδέως
1970 2058 2057 2105 καὶ
2089 2055 2154 2106 τά

462 2146 575 2224 ἑξῆς
607 2146 794 2218 ὁμοίως
827 2145 1018 2216 ἐπάγω,
1056 2167 1084 2195 ‹‹
1116 2146 1200 2204 Μὴ
1233 2144 1452 2217 ἐπιλάθη
1494 2153 1588 2206 τῆς
1620 2151 1787 2216 φωνῆς
1819 2151 1918 2196 τῶν
1951 2146 2160 2206 ζητούν-

461 2256 560 2288 των
592 2254 668 2298 σε,
705 2237 735 2293 ἡ
767 2236 1117 2309 ύπερηφάνεια
1146 2241 1247 2287 τῶν
1278 2234 1569 2307 μισούντων
1601 2252 1659 2286 σε
1693 2232 1846 2291 ἀνέϐη
1876 2229 2158 2295 διαπαντὸς

462 2325 589 2398 πρὸς
639 2327 714 2377 σέ.
769 2346 797 2374 ››
848 2328 948 2376 Καί
994 2324 1092 2398 γάρ
1134 2327 1306 2397 ὥσπερ
1351 2328 1458 2397 χρὴ
1515 2325 1654 2395 ἡμᾶς
1700 2325 1756 2374 τὸ
1807 2320 2014 2396 ἑδραῖον
2063 2330 2156 2384 τῆς

462 2417 685 2474 πίστεως
732 2412 1024 2484 φυλάττειν,
1065 2412 1228 2474 οὕτως
1275 2412 1380 2484 οὐχ
1421 2413 1636 2487 ἁρμόζει
1674 2414 1788 2486 περὶ
1825 2419 1919 2472 τῆς
1962 2409 2160 2464 δικαιο-

467 2506 624 2564 σύνης
651 2509 744 2562 τῆς
777 2503 914 2563 θείας
944 2506 1159 2576 κρίσεως
1189 2500 1446 2556 ἀπιστεῖν.
1483 2501 1594 2554 Οὐκ
1623 2501 1733 2554 ἔστι
1761 2504 1889 2571 νέος,
1922 2498 2158 2572 ἀδελφοί,

465 2599 557 2652 τῆς
594 2589 870 2652 ἐκκλησίας
899 2590 1047 2652 οὗτος
1082 2591 1107 2642 ὁ
1138 2595 1315 2652 κόπος·
1345 2592 1482 2663 ὅμως
1514 2590 1562 2644 ἐν
1602 2590 1743 2662 αύτῷ
1783 2598 1856 2661 τῷ
1893 2596 2162 2642 ταπεινοῦ-

468 2683 609 2748 σθαι,
647 2679 895 2750 ὑψοῦται,
940 2681 1030 2734 καί
1072 2678 1142 2733 dt‘
1179 2680 1399 2748 ἐκείνων,
1444 2677 1514 2732 δι’
1551 2681 1619 2731 ὧν
1657 2681 1947 2751 πτωχεύειν
1994 2676 2158 2747 δοκεῖ,

465 2768 816 2832 πλουτίζεται.
846 2771 932 2822 Ἐν
959 2775 1111 2844 πείρᾳ
1144 2767 1257 2823 ἐστί
1295 2776 1404 2831 τοῖς
1433 2775 1641 2831 πιστοῖς
1679 2776 1771 2822 τοῦ
1803 2775 1936 2821 Θεοῦ
1974 2772 2032 2820 τὸ
2068 2765 2162 2821 διά

466 2861 557 2910 τοῦ
595 2858 818 2911 θανάτου
857 2865 958 2911 τῶν
1007 2859 1265 2932 σωμάτων
1307 2863 1399 2916 τὴν
1446 2859 1577 2921 ζωὴν
1609 2855 1892 2933 κερδαίνειν
1929 2865 2029 2910 τῶν
2067 2857 2165 2929 3'11)-

466 2956 599 3018 χῶν·
643 2947 1025 3001 ἀποϐάλλονται
1073 2946 1163 3022 μέν
1201 2949 1268 3000 τά
1307 2947 1506 3021 ῥέοντα,
1548 2945 1656 2999 ἀλλ’
1693 2945 2060 3021 ἐμπορεύονται
2099 2948 2164 2998 τά

468 3037 669 3102 αἰώνια,
702 3037 789 3090 καί
820 3035 870 3089 ἐν
900 3045 972 3110 τῷ
1001 3041 1086 3090 τὸν
1119 3034 1353 3110 διωγμὸν
1383 3034 1641 3090 ὁδοποιεῖν
1671 3037 1734 3109 τῇ
1772 3034 1985 3110 δοκιμῇ,
2019 3037 2165 3089 αἰτία

466 3131 661 3197 γίνεται
690 3133 784 3187 τῆς
823 3125 971 3189 ἀξίας
1010 3129 1040 3186 ἠ
1086 3123 1298 3200 δοκιμὴο
1335 3125 1545 3184 ἀνόητοι
1583 3128 1670 3178 καὶ
1711 3125 1760 3179 ἐν
1799 3126 1863 3198 τῇ
1905 3125 2162 3198 τυφλώσει

469 3217 762 3288 μαινόμενοι
811 3213 1106 3287 ἀγνοοῦσιν,
1165 3215 1245 3267 ὃτι
1312 3217 1398 3277 οὕς
1465 3215 1519 3268 ἐκ
1571 3223 1665 3276 τῆς
1724 3222 1824 3266 τῶν
1881 3213 2162 3288 ἀνθρώπων

469 3303 798 3377 ἀναστροφῆς
848 3307 1096 3377 χωρίζειν
1155 3300 1413 3356 δύνασθαι
1463 3304 1767 3376 νομίζουσι,
1822 3302 2039 3364 τούτους
2096 3303 2166 3366 εἰς

472 3395 560 3450 τήν
602 3391 873 3464 βασιλείαν
913 3394 1101 3464 ἄγουσι
1139 3399 1230 3444 τοῦ
1272 3400 1426 3445 Θεοῦο
1470 3391 1696 3446 ἐντεῦθεν
1744 3390 1794 3444 ἐν
1834 3391 2010 3454 αὐτοῖς
2059 3399 2167 3455 τοῖς

472 3479 730 3544 κινδύνοις
761 3482 815 3532 αἱ
855 3481 1184 3556 εὐφροσύναι,
1219 3483 1308 3534 καὶ
1351 3483 1381 3540 ἠ
1423 3486 1541 3557 περὶ
1572 3485 1630 3535 τὸ
1667 3483 1896 3553 πάσχειν
1934 3479 2164 3541 σπουδή·

473 3565 747 3640 ἐκδέχεται
790 3571 892 3644 γὰρ
945 3571 1064 3631 τοὺς
1101 3567 1300 3640 ἀγῶνας
1348 3577 1448 3622 τῶν
1499 3567 1666 3636 ἰδίων,
1718 3573 1745 3623 ὁ
1790 3579 1890 3622 τῶν
1932 3570 2168 3644 μεγάλων

475 3657 680 3732 δωρεῶν
721 3657 1100 3721 ἀνταποδότῆς.
1154 3661 1243 3721 Τίς
1295 3659 1391 3735 γὰρ
1441 3659 1533 3712 οὐκ
1571 3659 1630 3711 ἂν
1683 3659 1916 3712 ὁκλάσειε
1966 3659 2013 3712 ἐν
2061 3667 2168 3723 τοῖς

472 3755 664 3813 κακοῖς,
699 3749 743 3802 εἰ
777 3755 846 3821 μή
883 3747 976 3802 διὰ
1011 3756 1111 3801 τῶν
1141 3747 1377 3802 ἐπάθλων
1407 3751 1804 3824 παραμυθηθείη
1842 3751 1908 3802 τά
1936 3747 2165 3812 ἐναντία;

474 3837 634 3896 ἐκείνη
667 3836 807 3890 ἐστὶν
848 3839 876 3896 ἡ
913 3837 1052 3900 ἐλπίς
1094 3840 1122 3896 ἡ
1163 3842 1233 3910 μὴ
1279 3842 1647 3912 συγχωροῦσα
1686 3837 1734 3890 ἐν
1765 3837 1827 3909 τῇ
1868 3836 2172 3910 ἀνελπιστία

476 3928 612 3998 ἡμᾶς
655 3925 870 3979 ἀτονεῖνο
904 3925 1163 3979 ἀποκλείει
1201 3933 1301 3980 τῶν
1343 3927 1562 3997 θλίψεων
1600 3927 1656 3980 τό
1690 3926 1871 4002 πικρὸν
1901 3928 1931 3985 ἡ
1962 3927 2172 3998 γλυκεῖα

474 4025 649 4089 γεῦσις
688 4023 787 4068 τῶν
826 4015 1033 4090 ἀρετῶν.
1083 4020 1172 4078 Τίς
1211 4017 1309 4090 γάρ
1357 4015 1416 4068 ἂν
1465 4017 1661 4074 οἰηθεὶη
1695 4018 1762 4068 τά
1809 4021 2040 4090 παρόντα
2088 4035 2174 4088 με·

473 4105 626 4178 γάλα,
674 4104 850 4157 ἐννοῶν
888 4107 954 4157 τά
985 4104 1273 4178 ’με’λλοντα;
1322 4109 1400 4167 τίς
1453 4107 1540 4157 τὸν
1582 4108 1800 4157 θάνατον
1847 4104 2170 4180 ἀπαρνεῖται,

477 4197 519 4248 εἰ
559 4203 659 4247 τῶν
701 4194 983 4268 μελλόντων
1021 4197 1112 4252 τὴν
1154 4191 1424 4247 ἀντίδοσιν
1467 4200 1856 4256 κατανοήσειεν;
1898 4201 2170 4262 "Eva-rma,

477 4285 740 4358 ἀγαπητοί
775 4305 897 4359 μου,
931 4289 1018 4337 καὶ
1044 4284 1327 4337 ἀσάλευτον
1365 4289 1460 4342 τὴν
1493 4284 1670 4336 πίστιν
1707 4283 1901 4355 Βεϐαίῳ
1941 4284 2174 4357 λογισμῷ

478 4376 837 4448 φυλάττοντες,
893 4383 986 4436 τῆς
1039 4376 1302 4447 ὑπομονῆς
1356 4377 1441 4426 τὸν
1501 4376 1723 4441 ἔπαινον,
1775 4373 1822 4435 ἐς
1874 4371 1914 4444 ᾧ
1961 4376 2099 4426 ἔστιν
2143 4375 2173 4432 ἠ

479 4467 730 4538 σωτηρία,
783 4467 871 4515 καὶ
928 4471 1027 4515 τῶν
1083 4461 1290 4534 ἀγαθῶν
1349 4465 1506 4538 ἔργων
1553 4463 1612 4514 τό
1659 4461 1919 4536 βραϐεῖον,
1966 4471 2174 4537 καρπῷ-

479 4572 660 4610 σαστε.
693 4551 906 4624 Μεγάλα
931 4552 1060 4604 εἰσὶν
1090 4553 1161 4614 εἰς
1193 4551 1228 4604 ἀ
1257 4551 1551 4625 καλούμεθα
1583 4553 1631 4604 οἱ
1663 4549 1885 4614 ἀνάξιοι.
1917 4555 2000 4609 Μὴ
2043 4551 2176 4626 βρα-

481 4639 686 4693 δυνάτω
731 4641 762 4699 ἡ
804 4640 1071 4710 ἀσθένεια,
1117 4641 1198 4693 ὃτι
1250 4643 1276 4694 ό
1325 4641 1494 4693 καλῶν
1553 4638 1916 4703 ἀνταποδότης
1971 4645 2176 4709 πιστὸς,

481 4730 569 4781 καί
606 4726 826 4790 δυνατὸς
868 4729 1060 4802 βοηθός
1110 4729 1241 4782 ἐστι·
1274 4733 1344 4803 μὴ
1391 4738 1452 4804 τῇ
1499 4738 1598 4782 τῶν
1641 4732 1977 4802 καταθυμίων
2007 4728 2180 4784 ἐλπίδι

481 4818 862 4890 ἀπατηθῶμεν,
921 4823 1052 4892 μήτε
1110 4826 1210 4870 τῶν
1265 4816 1452 4885 ἡδέων,
1518 4825 1649 4893 μήτε
1707 4821 2054 4894 προκρίνωμεν
2114 4821 2180 4872 τά

483 4907 692 4982 εὐχερῆ·
728 4908 786 4959 ού
825 4907 1063 4983 τρυφηλά
1096 4911 1218 4982 ἡμῖν
1249 4913 1274 4961 ὀ
1321 4911 1509 4984 Κύριος
1542 4911 1706 4981 ἡμῶν,
1745 4908 1804 4960 ού
1843 4908 2182 4961 κολακευτικά

481 4997 838 5069 ἐπηγγείλατω
927 4997 1108 5060 ἐκεῖνος
1156 4997 1353 5051 ἔπαθλα
1400 4999 1682 5068 ὑπέσχετο,
1733 4996 1825 5049 οὐκ
1867 4997 2069 5072 ἀργίας.
2105 4997 2180 5049 Ού

486 5086 860 5160 συμϐαίνουσιν
904 5088 1108 5149 ἔπαινος
1153 5091 1239 5139 καὶ
1268 5088 1518 5160 ῥᾳθυμία.
1549 5091 1637 5149 Τίς
1687 5093 1780 5148 τῆς
1828 5084 2180 5158 ἀνταμείψεως

482 5180 653 5231 ἔσεται
692 5182 866 5244 τόπος,
910 5178 955 5230 εἰ
992 5175 1214 5250 οὐδεμία
1250 5176 1362 5228 ἐστὶ
1404 5179 1606 5248 φροντὶς
1641 5183 1733 5236 τῆς
1771 5177 1986 5250 ἀρετῆς
2032 5178 2179 5230 στενὴ

483 5270 512 5326 ἠ
561 5267 720 5335 πύλη,
766 5266 896 5320 ἁλλά
944 5266 1140 5320 πλάτεα
1188 5269 1255 5318 τά
1303 5263 1567 5338 βασίλεια·
1626 5263 1816 5336 ὀλίγοις
1864 5267 1893 5323 ἡ
1952 5262 2176 5332 εἴσοδος,

486 5357 618 5409 ἀλλά
646 5363 752 5419 τοῖς
783 5354 1041 5428 δοκίμοις.
1084 5355 1206 5426 Ούχ
1236 5354 1378 5406 οὗτοί
1417 5354 1545 5406 εἰσιν
1580 5354 1626 5405 οἱ
1656 5358 1853 5428 πρῶτοι
1881 5353 2024 5426 λόγοι
2054 5358 2180 5428 πρὸς

487 5445 706 5508 ἐκείνους
738 5446 824 5508 οὓς
864 5442 1098 5508 ἐδίδαξε,
1139 5466 1159 5494 ι
1195 5443 1469 5513 Δεώξουσι,
1502 5446 1588 5494 καὶ
1629 5441 1677 5495 ἐν
1704 5449 1816 5505 ταῖς
1858 5449 2180 5515 συναγωγαῖς

561 5576 577 5609 ¹
606 5575 683 5628 Ex
711 5574 820 5628 alia
848 5573 1151 5628 Latinitate
1180 5571 1393 5642 legitur
1423 5571 1575 5642 apud
1604 5569 1980 5642 Harduinum.

610 5645 687 5700 Ex
737 5645 912 5696 veteri
951 5644 1142 5696 codice
1194 5639 1484 5708 Vﬁticano,
1529 5657 1793 5712 expressa
1826 5640 1887 5695 in
1928 5639 2182 5696 editione

2257 767 2654 822 chimandritis
2683 768 2968 837 ;secundas
3013 769 3208 841 Syriae,
3261 775 3317 824 et
3357 771 3592 842 reliquis
3620 773 3894 830 orthodoxis

2256 855 2317 910 in
2365 874 2712 929 quocunque
2767 855 3040 913 Orientali
3093 860 3320 913 climate
3378 860 3726 931 degentibus,
3769 867 3892 919 etin

2258 947 2585 1018 apostolicae
2614 949 2764 1004 sedis
2802 949 3201 1005 communione
3227 949 3710 1021 permanentibus.

2332 1074 2348 1108 ¹
2409 1074 2586 1128 Lectis
2626 1073 2830 1128 litteris
2875 1074 3192 1130 dilectionis
3237 1079 3461 1142 vestrm,
3501 1075 3700 1147 quibus
3738 1077 3892 1134 inimi-

2258 1179 2453 1218 corum
2483 1163 2584 1218 Dei
2631 1163 2913 1235 patei‘acta
2939 1163 3169 1217 vesania
3211 1166 3312 1232 est,
3363 1169 3416 1218 et
3460 1164 3764 1220 inﬁdelium
3791 1183 3890 1236 per-

2257 1253 2414 1307 tinax
2458 1253 2619 1308 furor
2664 1254 2922 1308 dolenter
2977 1253 3287 1324 expositus,
3345 1253 3444 1325 qui
3493 1254 3627 1309 dum
3675 1256 3889 1311 redivivo

2259 1343 2465 1413 spiritu
2495 1343 2738 1398 oderunt
2767 1343 3089 1407 Dominum,
3122 1343 3380 1397 membra
3417 1342 3571 1398 illius
3612 1344 3769 1415 impie
3792 1362 3894 1415 per-

2259 1435 2597 1503 sequuntur,
2647 1437 2930 1504 quantum
2960 1433 3031 1487 ad
3062 1432 3396 1487 constantia:
3451 1437 3646 1487 vestra:
3694 1435 3896 1504 agnitio-

2259 1537 2391 1576 nem
2442 1521 2706 1576 benedixi
2748 1524 2951 1590 Deum,
3001 1521 3174 1576 ﬁdem
3220 1521 3469 1576 militum
3521 1539 3742 1576 suorum
3781 1523 3898 1578 inter

2260 1609 2494 1662 adversa
2520 1613 2858 1664 servantem.
2891 1609 2998 1664 Sed
3039 1626 3268 1664 rursum
3308 1609 3675 1665 Ecclesiarum
3705 1627 3897 1666 concus-

2261 1697 2483 1752 sionem
2567 1702 2622 1752 et
2683 1715 2976 1754 servorum
3051 1700 3153 1753 Dei
3234 1700 3548 1764 molestias,
3615 1701 3899 1772 laboresque

2263 1788 2646 1855 considerans,
2685 1789 2966 1860 propheta
2996 1788 3242 1859 gemitus
3284 1806 3446 1844 meos
3493 1790 3776 1861 adjuvante
3812 1792 3898 1845 cla-

2263 1877 2411 1930 mavi
2447 1893 2459 1930 :
2523 1877 2802 1949 Exsurge,
2838 1876 3099 1947 Domine,
3112 1877 3320 1947 judica
3347 1865 3579 1934 causam
3610 1883 3770 1949 tuam,
3812 1897 3901 1933 me-

2193 1966 2233 2020 B
2262 1982 2386 2020 mor
2409 1969 2525 2020 esto
2544 1965 3030 2038 improperiorum
3063 1969 3310 2036 tuorum,
3343 1985 3542 2023 eorum
3576 1986 3690 2041 quae
3715 1969 3776 2024 ab
3801 1969 3906 2022 insi-

2258 2055 2454 2127 piente
2481 2058 2614 2109 sunt
2644 2058 2760 2110 tota
2787 2055 2884 2111 die
2903 2055 3084 2126 (Psal.
3121 2057 3286 2128 Lxxn)
3321 2073 3334 2112 :
3362 2057 3612 2112 libenter
3632 2075 3694 2112 ea
3720 2073 3904 2128 quoque

2266 2161 2392 2217 qua!
2449 2145 3160 2216 sequunturjadjungens:
3211 2147 3304 2200 Ne
3358 2146 3709 2203 obliviscaris
3755 2162 3905 2201 vocem

2264 2234 2633 2308 quaerentium
2655 2238 2706 2290 te
2729 2252 2741 2290 :
2764 2234 3030 2307 superbia
3053 2252 3266 2305 eorum,
3281 2236 3382 2308 qui
3403 2239 3458 2291 le
3484 2237 3732 2301 oderunt,
3749 2252 3904 2291 ascen-

2264 2325 2350 2379 dit
2366 2341 2591 2397 semper
2610 2326 2688 2380 ad
2716 2328 2788 2380 te.
2822 2327 2964 2379 Nam
2997 2325 3144 2380 sicut
3176 2329 3404 2396 oportet
3446 2343 3554 2380 nos
3589 2327 3904 2381 stabilitatem

2266 2414 2400 2469 ﬁdei
2443 2414 2743 2482 custodire,
2799 2414 2882 2469 ita
2923 2431 3035 2468 non
3082 2417 3345 2470 convenit
3397 2417 3467 2470 de
3530 2415 3700 2471 divini
3744 2413 3904 2486 judicii

2266 2503 2533 2574 azquitate
2563 2503 2839 2558 difﬁdere.
2873 2505 2996 2558 Non
3043 2521 3225 2558 novus
3263 2505 3376 2572 hic,
3423 2505 3644 2573 fratres,
3691 2503 3903 2558 Ecclesiau

2263 2595 2442 2658 labor,
2477 2597 2532 2647 et
2558 2596 2749 2648 tamen
2781 2593 2916 2663 dum
2951 2593 3306 2661 humiliatur,
3340 2594 3604 2666 erigitur,
3653 2611 3711 2648 ac
3749 2610 3836 2665 per
3859 2610 3907 2646 ea

2270 2683 2478 2754 quibus
2511 2681 2676 2736 atteri
2729 2682 2997 2750 creditur,
3032 2683 3242 2738 damna
3288 2683 3565 2738 vitantur.
3620 2685 3694 2738 Ex‘
3733 2700 3820 2737 usu
3846 2686 3907 2735 est

2269 2771 2534 2826 ﬁdelibus
2563 2771 2682 2837 Dei,
2716 2775 2778 2825 ut
2827 2787 2930 2842 per
2971 2777 3184 2826 mortes
3214 2774 3703 2844 corpornmivitas
3732 2774 3909 2828 lucren-

2270 2865 2365 2916 tur
2394 2860 2720 2914 animarum
2754 2877 2768 2915 :
2813 2861 3087 2916 amittunt
3134 2861 3369 2933 quidem
3406 2863 3638 2931 caduca,
3680 2863 3767 2918 sed
3794 2876 3910 2915 mer-

2271 2954 2473 3006 cantur
2500 2955 2733 3016 acterna,
2769 2953 2824 3006 et
2855 2952 2990 3005 dum
3031 2952 3350 3022 persecutio
3391 2952 3547 3008 viam
3593 2953 3718 3008 facit
3745 2949 3910 3022 proba-

2271 3039 2436 3106 tioni,
2471 3039 2732 3109 probatio
2757 3054 2928 3094 causa
2955 3039 3019 3094 ﬁt
3043 3039 3235 3095 meriti
3264 3057 3276 3095 :
3329 3042 3574 3111 stutliet
3611 3042 3667 3096 in
3707 3039 3906 3094 cacitatt

2275 3129 2572 3183 saevientes
2608 3129 2885 3192 nesciunt,
2941 3128 3080 3200 quia
3123 3147 3267 3201 quos
3311 3129 3726 3185 conversationi
3769 3128 3912 3183 homi-

2277 3235 2417 3273 num
2445 3217 2777 3272 subtrahere
2810 3235 2867 3271 se
2897 3235 3062 3289 posse
3091 3219 3350 3287 credunt,
3383 3220 3453 3274 ad
3485 3220 3587 3275 Dei
3617 3235 3781 3291 regna
3813 3232 3911 3288 per-

2207 3270 2248 3326 ‘3
2277 3270 2538 3362 ἆιῖἐεῖιιέιῖ
2561 3270 2706 3361 iis};
2723 3270 2803 3360 in
2833 3270 3304 3378 magisigai;
3317 3270 3587 3378 gadet
3612 3270 3912 3363 signa...

2275 3396 2610 3468 passionum
2645 3412 2659 3450 :
2689 3400 2974 3467 exspectat
3005 3397 3155 3451 enim
3191 3412 3406 3466 agones
3437 3414 3673 3453 suorum
3702 3396 3792 3468 qui
3818 3410 3911 3449 ma-

2277 3502 2519 3555 gnorum
2567 3485 2879 3540 retributor
2931 3491 3016 3541 est
3078 3503 3408 3541 munerum.
3471 3488 3614 3542 Nam
3671 3485 3786 3558 quis
3824 3497 3912 3536 non

2275 3576 2641 3645 frangeretur
2690 3575 2873 3642 malis,
2937 3575 3050 3629 nisi
3104 3576 3542 3630 consolarentur
3608 3577 3820 3631 adversa
3866 3571 3915 3625 ὼ·

2277 3663 2572 3736 praemiis?
2603 3665 2739 3736 Spes
2784 3664 2881 3718 illa
2927 3669 3029 3729 est,
3078 3681 3209 3736 quae
3249 3681 3368 3720 non
3415 3665 3555 3720 sinit
3600 3665 3658 3720 in
3703 3665 3918 3734 despera-

2278 3755 2434 3809 tione
2463 3753 2704 3808 deﬁcere
2737 3771 2750 3808 :
2783 3754 3031 3809 excludit
3068 3754 3354 3825 siquidem
3401 3755 3825 3810 amaritudinem
3849 3751 3922 3804 tri-

2280 3843 2638 3898 bulationum
2669 3843 2850 3898 dulcis
2871 3859 3042 3915 sapor
3079 3844 3377 3899 virtutum.
3410 3845 3550 3909 Quis
3587 3845 3733 3899 enim
3763 3842 3919 3908 magni

2281 3933 2491 3988 habeat
2541 3937 2773 4004 (magna
2829 3934 3016 4006 ducat)
3075 3933 3402 4006 praesentia,
3455 3935 3638 3990 sciens
3684 3933 3924 3988 mstimarc

2281 4022 2558 4092 ventura?
2591 4022 2726 4088 Quis
2772 4023 3067 4096 dispendia
3118 4023 3245 4079 vitae
3293 4028 3514 4092 renuat,
3566 4025 3613 4078 si
3661 4038 3781 4094 qua:
3821 4025 3920 4073 sunl

2282 4109 2611 4180 recipienda
2659 4110 3019 4165 considerat?
3054 4110 3362 4180 Persistite,
3418 4110 3696 4164 carissimi
3723 4107 3924 4171 mihi,r‘.

2283 4200 2678 4254 inconcussam
2711 4199 2884 4253 ﬁdem
2915 4201 3025 4254 ﬁxa
3057 4199 3233 4254 animi
3267 4199 3476 4255 virtute
3511 4203 3807 4262 servantes,
3833 4210 3929 4266 per-

2284 4288 2620 4343 severantia:
2651 4289 2898 4356 laudem,
2917 4289 2975 4343 in
2997 4305 3111 4360 qua
3138 4295 3221 4342 est
3239 4290 3392 4344 salus
3409 4294 3466 4344 et
3491 4289 3768 4344 bonorum
3785 4287 3930 4340 horna

2285 4395 2424 4432 num
2456 4379 2668 4448 palma,
2699 4379 3050 4449 praesumite.
3081 4381 3282 4450 Magna
3301 4382 3432 4432 sunt
3462 4379 3530 4433 ad
3555 4394 3682 4451 qum
3708 4389 3924 4440 vocamur.

2286 4467 2543 4538 indigni:
2577 4484 2691 4521 non
2706 4469 2958 4523 retardet
2982 4469 3308 4536 inﬁrmitas,
3338 4469 3475 4539 quia
3498 4469 3598 4541 qui
3628 4471 3781 4522 vocat
3808 4459 3932 4518 retri-

2216 4553 2260 4607 D
2287 4558 2454 4611 butor
2485 4556 2688 4623 ﬁdelis,
2723 4561 2780 4611 et
2808 4557 2970 4611 fortis
2999 4557 3229 4628 adjutor
3267 4562 3370 4612 est.
3409 4559 3532 4612 Non
3568 4566 3932 4628 prosperorum

2288 4663 2386 4718 spe
2437 4645 2793 4716 decipiamur
2831 4651 2929 4700 aut
2970 4647 3230 4701 mollium
3265 4663 3278 4701 :
3324 4662 3429 4702 nec
3465 4647 3653 4701 facilia
3694 4655 3936 4717 propona-

2289 4750 2418 4789 mus
2451 4750 2463 4787 :
2508 4750 2625 4788 non
2663 4733 2930 4788 deliciosa
2970 4734 3134 4789 nobis
3178 4734 3455 4789 Dominus
3497 4740 3693 4789 noster
3747 4747 3849 4787 non
3876 4744 3920 4780 es

2287 4823 2494 4878 blanda
2526 4823 2858 4894 pollicitus:
2910 4824 3149 4895 praemia
3201 4824 3467 4895 promisit
3520 4825 3640 4890 ille,
3689 4838 3800 4876 non
3831 4818 3934 4871 otia.

2290 4913 2413 4967 Non
2445 4912 2589 4966 bene
2622 4912 2774 4966 laudi
2803 4913 3066 4967 convenit
3096 4918 3151 4968 et
3197 4912 3392 4984 quieti.
3419 4912 3555 4978 Quis
3585 4913 3739 4966 locus
3759 4908 3856 4963 erit
3874 4921 3937 4959 rc-

2289 5001 2693 5066 munerationi,
2725 5000 2768 5054 si
2810 5001 2968 5055 nulla
2993 5006 3078 5056 est
3109 5018 3243 5055 cura
3271 5001 3534 5056 virtutis?
3567 5003 3815 5071 Angusta
3843 5008 3941 5066 por-

2286 5095 2364 5159 ta,
2410 5090 2505 5144 sed
2554 5106 2729 5160 regna
2773 5090 3028 5145 diﬁusa:
3075 5091 3274 5161 paucis
3323 5091 3512 5145 aditus
3561 5091 3655 5144 sed
3705 5082 3940 5160 probatis.

2291 5180 2489 5234 Nonne
2536 5178 2657 5233 hinc
2689 5184 2823 5233 sunt
2869 5179 2935 5232 ad
2968 5196 3064 5233 eos
3095 5181 3304 5250 praevia
3334 5180 3526 5245 verba,
3560 5195 3705 5250 quos
3739 5173 3942 5231 docuit:

2287 5270 2722 5338 Persequentur,
2742 5274 2799 5323 et
2819 5270 2877 5322 in
2900 5267 3210 5341 synagogis
3231 5269 3615 5340 ﬂagellabant
3634 5283 3730 5321 vos
3755 5258 3943 5337 (Mallia.

2287 5356 2425 5427 xv)?
2482 5359 2590 5411 Per
2637 5357 3002 5428 patientiam,
3029 5358 3175 5412 sicut
3217 5358 3494 5429 scriptum
3545 5362 3650 5425 est,
3695 5351 3946 5428 possidea-

2288 5461 2415 5500 mus
2436 5446 2654 5501 animas
2683 5451 2926 5508 nostras,
2967 5463 3041 5502 ne
3080 5463 3174 5503 eas
3206 5463 3305 5519 per
3334 5447 3753 5520 impatientiam
3783 5441 3944 5497 dolea-

2287 5573 2531 5629 Roman.
2574 5573 2723 5641 l59l,
2754 5571 2920 5644 epist.
2953 5575 3045 5642 21,
3075 5588 3140 5629 ac
3169 5573 3440 5644 deinceps
3465 5572 3527 5629 in
3553 5570 3698 5627 aliis.
