4038 6170
1359 293 1366 296 -
1444 253 1796 311 EPISTOLIE
1835 253 1920 308 ET
1957 252 2291 311 DECRETA
3513 257 3617 311 418

141 387 549 461 μαστξγώσουσιν
603 385 767 456 ύμᾶς;
813 405 835 434 ι
879 387 973 436 Διά
1017 391 1112 446 τῆς
1172 385 1466 456 ὑπομονῆς,
1516 384 1687 446 κὰθῶς
1731 405 1736 418 ε

2022 402 2057 438 ιε
2089 385 2343 440 amissas.
2378 382 2601 439 Primus
2631 399 2856 439 crucem
2887 385 3164 441 Dominus
3193 391 3390 441 noster
3429 392 3486 442 et
3525 403 3617 458 pa-

1923 475 2136 530 tientize
2170 474 2348 546 ipsius
2371 473 2639 546 magister
2697 474 2969 544 ascendit,
3033 492 3135 529 suo
3204 475 3617 532 informaturus

1925 566 2208 636 exemplo,
2251 581 2392 636 quos
2419 568 2539 618 erat
2555 564 2856 635 adjuturus
2884 564 3120 620 auxilio.
3158 567 3282 637 Ipse
3329 565 3483 621 inter
3511 567 3618 620 vir-

1924 660 2076 711 tutes
2107 657 2323 710 lancem
2354 654 2561 709 retinet
2591 659 2644 709 et
2680 655 2920 723 labores,
2949 659 3104 709 stans
3133 661 3330 710 contra
3398 671 3619 710 venena

1923 745 2259 813 furentium,
2317 749 2378 798 ut
2431 745 2746 799 secundum
2827 744 3240 815 persecutionis
3286 745 3420 811 iras,
3505 746 3618 801 illis

1925 836 2124 891 interni
2162 834 2392 906 imperii
2422 835 2518 889 det
2540 850 2796 890 coronas.
2836 835 3150 902 Revolvite,
3205 851 3346 906 quas
3399 835 3617 890 Macha-

1924 927 2180 982 bceorum
2213 925 2395 980 exitus
2427 924 2744 995 pertinaces
2771 929 2928 978 vetus
2953 925 3193 978 historia
3220 925 3439 979 'laudes
3492 941 3619 996 per-

1926 1016 2184 1088 sequitur
2216 1031 2228 1068 :
2263 1031 2375 1086 quo
2408 1013 2579 1068 Judas
2619 1017 2673 1067 et
2717 1013 2815 1067 illa
2865 1030 3134 1084 suprema
3173 1014 3430 1068 ﬁdelium
3490 1016 3623 1086 plia-

1923 1106 2053 1161 lanx
2088 1104 2286 1159 mortis
2334 1103 2551 1158 honore
2609 1103 2927 1158 referatur:
2979 1103 3040 1157 in
3107 1109 3325 1174 quanto
3381 1121 3476 1159 ore
3545 1105 3622 1158 sit

1926 1199 2191 1250 constans
2221 1194 2469 1265 populus
2496 1192 2554 1246 in
2581 1197 2780 1247 monte
2811 1197 3181 1264 consumptus
3213 1210 3226 1248 :
3256 1198 3312 1248 et
3339 1193 3461 1248 haec
3493 1211 3622 1248 om—

1924 1301 2026 1339 nes
2060 1301 2161 1355 pro
2185 1282 2556 1337 custodienda
2586 1281 2712 1353 lege
2771 1282 2998 1335 virtutis
3053 1283 3270 1353 species
3302 1288 3357 1336 et
3415 1283 3619 1338 umbra

1923 1375 2251 1430 futurorum
2282 1376 2436 1428 tanta
2467 1372 2724 1442 exempla
2759 1377 3099 1427 meruerunt
3141 1387 3152 1427 :
3188 1388 3293 1426 nos
3324 1371 3384 1426 in
3442 1373 3623 1427 Patri-

1924 1465 2030 1520 bus
2060 1463 2325 1530 vidimus,
2361 1461 2742 1533 palpavimus,
2773 1461 3143 1532 probavimus
3191 1477 3363 1532 quem
3419 1478 3621 1532 sequa-

1926 1571 2077 1609 mur.
2112 1553 2258 1618 Quid
2290 1567 2412 1607 non
2437 1551 2800 1606 referendum
2835 1558 2916 1607 est
2950 1551 3070 1617 rei,
3132 1551 3288 1622 quod
3343 1552 3626 1622 denegan-

1929 1645 2068 1699 dum
2101 1646 2184 1697 est
2214 1641 2440 1697 veritati
2472 1658 2485 1696 :
2523 1641 2661 1712 quid
2693 1657 2807 1696 non
2860 1640 3114 1695 debitum
3173 1640 3570 1710 Redemptoris
3599 1640 3626 1694 Τ

1929 1733 2172 1789 libenter
2216 1729 2764 1786 communicavimus
2823 1731 3094 1800 dogmata
3150 1729 3257 1783 ista
3307 1730 3621 1785 vobiscum.

1927 1823 2072 1880 Dicit
2101 1824 2256 1877 enim
2295 1821 2754 1893 sapientissimus
2787 1821 3080 1886 Salomon,
3127 1819 3346 1874 Beatus
3371 1817 3472 1891 qui
3487 1836 3628 1892 prm-

1926 1913 2084 1968 dz'cat
2113 1913 2341 1968 verbum
2364 1912 2423 1967 in
2448 1928 2647 1968 aurem
2668 1910 2984 1965 obedientis
3002 1907 3216 1982 (Eccti.
3258 1909 3384 1981 xxv)
3421 1925 3434 1964 :
3494 1927 3628 1981 gau-

1930 2002 2090 2057 dium
2121 2007 2206 2057 est
2248 2001 2530 2073 siquidem
2583 2000 2836 2056 volentes
2895 1998 3129 2070 alloqui,
3174 2001 3231 2053 et
3289 1999 3362 2053 ad
3415 2003 3627 2054 rectam

1927 2091 2079 2147 viam
2136 2109 2252 2160 eos,
2317 2091 2416 2163 qui
2468 2107 2584 2146 non
2634 2088 3004 2156 reluctentur,
3046 2088 3281 2143 hortari.
3345 2089 3627 2144 Tenemus

139 260 235 314 417

141 496 380 551 γραπται,
413 476 724 547 κτησώμεθα
759 475 852 536 τὰς
891 473 1084 528 ἑαυτῶν
1130 473 1342 545 ψυχάς,
1385 479 1586 547 μήποτε
1623 477 1815 537 ταύτας

145 565 223 620 διὰ
257 574 349 626 τῆς
386 564 508 636 οὐχ’
544 565 804 636 ὑπομονῆς
850 562 1158 636 ἀγλήσωμεν
1198 562 1559 626 ἀπολέσαντες.
1607 570 1816 637 Πρῶτος

147 657 204 715 εἰς
234 658 314 706 τὸν
355 655 575 728 σταυρὸν
605 656 630 706 ό
671 655 858 726 Κύριος
890 655 1053 725 ἡμῶν,
1088 657 1174 706 καὶ
1205 661 1298 715 τῆς
1329 655 1590 726 ὑπομονῆς
1631 653 1816 706 ἑαυτοῦ

146 742 471 811 διδάσκαλος,
514 743 728 802 ἀνῆλθεν
766 742 816 796 ἐν
855 751 926 795 τῶ
969 741 1088 815 ἰδίῳ
1118 752 1291 796 τυπῶν
1322 741 1668 817 ὑποδείγματι
1697 742 1819 797 ἐκεί-

143 854 262 902 νους,
294 830 366 893 οἷς
408 831 581 904 ἔμελλε
630 831 859 904 βοηθεῖν.
903 833 1068 895 Αύτὸς
1107 833 1297 906 μεταξὺ
1337 842 1437 886 τῶν
1476 833 1689 908 ἀρετῶν,
1729 835 1817 886 καὶ

144 931 230 976 τῶν
261 927 448 992 κόπων,
495 926 577 974 τόν
623 926 776 994 ζυγὸν
813 921 1050 994 κατέχει,
1095 924 1368 996 ἱστάμενος
1409 923 1540 996 μετά
1577 933 1676 976 τῶν
1727 920 1818 981 δη-

145 1013 378 1087 λητηρίων
418 1019 517 1064 τῶν
555 1014 871 1086 μεμηνότῶν,
912 1015 994 1064 ἵνα
1038 1015 1172 1066 κατά
1207 1017 1300 1071 τὴν
1340 1013 1493 1088 ὀργὴν
1531 1020 1622 1065 τοῦ
1665 1010 1819 1084 διωγ-

145 1110 254 1174 μοῠ,
302 1101 478 1165 αὐτὸς,
529 1106 617 1154 καὶ
663 1111 756 1165 τῆς
792 1102 999 1154 αἰωνίου
1050 1101 1325 1174 βασελείας
1363 1107 1482 1164 τοὺς
1535 1105 1816 1174 στεφάνους

145 1192 402 1265 παράσχῃ.
440 1191 863 1264 Ἀναλογίσασθε,
898 1194 1021 1245 ποία
1059 1199 1158 1244 τῶν
1187 1191 1505 1246 Μακαϐαίων
1544 1195 1574 1250 ἡ
1617 1189 1813 1260 ἔξοδος,

144 1289 234 1342 τοῖς
286 1289 605 1356 καρτερικοῖς
645 1284 675 1340 ἡ
719 1282 878 1350 πάλη,
926 1284 1129 1357 ἱστορία
1167 1290 1266 1334 τῶν
1306 1281 1522 1334 ἐπαίνων
1561 1281 1813 1354 ἐφέπεται,

143 1371 247 1441 ποία
294 1367 520 1434 Ἰούδας,
569 1369 773 1429 κάκείνη
816 1379 915 1423 τῶν
955 1369 1191 1444 ἀδελφῶν
1231 1373 1261 1430 ἡ
1322 1371 1539 1443 φάλαλξ,
1594 1373 1816 1424 Θανάτου

144 1468 247 1531 τιμῇ
288 1458 690 1533 ἀναγορεύεταις
731 1459 782 1512 ἐν
819 1465 985 1522 ποίοις
1026 1460 1138 1513 ἐστὶ
1188 1465 1442 1534 στόμασιν
1481 1466 1506 1513 ό
1545 1460 1664 1523 λαός
1705 1459 1729 1513 ὁ
1770 1459 1818 1511 ἐν

143 1559 201 1619 τῷ
243 1554 340 1623 ᾄσει
394 1548 694 1612 ἀναλωθείς·
735 1553 821 1602 καὶ
867 1550 1022 1603 αὗται
1070 1556 1237 1603 πᾶσαι
1286 1552 1338 1602 αἱ
1388 1547 1634 1623 δυνάμεις
1692 1549 1816 1624 ὑπὲρ

144 1647 221 1700 τῆς
255 1642 343 1690 τοῦ
386 1642 546 1711 νόμου
588 1639 838 1711 φυλακῆς,
881 1641 1204 1713 ὁμοιώματα,
1247 1643 1334 1692 καὶ
1374 1643 1519 1692 σκιαὶ
1562 1648 1656 1692 τῶν
1696 1638 1816 1712 μελ-

209 1695 218 1700 -
445 1695 455 1711 .
594 1695 604 1711 ,
910 1695 918 1713 .
1045 1695 1054 1713 ι
1191 1695 1203 1706 ι
1696 1695 1704 1712 .

143 1729 304 1780 λόντων
343 1727 524 1793 οὖσαι,
557 1729 857 1792 ἠξιώθησαν
886 1728 1325 1804 παραδειγμάτων
1355 1729 1636 1798 τοσούτων,
1671 1731 1816 1802 ἡμεῖς
1861 1695 1900 1751 Β

145 1817 182 1871 έν
214 1825 310 1880 τοῖς
351 1819 619 1894 πατράσιν
670 1818 981 1895 ἑωράκαμεν,
1026 1819 1448 1892 ἐψηλάφησαμεν,
1493 1817 1816 1892 ἐδοκιμάσα-

146 1927 217 1979 μει
243 1908 287 1960 ἐν
316 1914 421 1961 τίνι
450 1909 888 1982 ἀκολουθήσομεν.
924 1914 987 1963 Τί
1015 1909 1107 1962 ούκ
1146 1909 1423 1985 ἐφαρμόζει
1548 1911 1816 1976 ὑποθέσει;

147 1999 186 2050 τί
216 1997 404 2071 ἀπᾴδει
446 2009 540 2062 τῆς
591 2000 864 2068 ἀληθείας;
910 2002 961 2052 τί
1006 2000 1099 2052 ούκ
1139 1999 1392 2072 ὀφείλεται
1442 2008 1512 2070 τῷ
1549 1998 1814 2072 λυτρῶτῆ;

144 2089 458 2162 καταθυμίως
498 2097 833 2161 κοινωνοῦμεν
881 2088 928 2141 ἐν
979 2091 1181 2151 τούτοις
1230 2088 1350 2162 ύμῖν
1404 2095 1511 2150 τοῖς
1567 2085 1816 2160 δόγμασι.

145 2182 258 2248 ,λέγει
293 2180 397 2252 γάρ
437 2197 539 2230 που
579 2180 606 2230 6
649 2183 944 2250 σοφώτατος
985 2178 1240 2250 Σολομὼν,
1288 2201 1308 2228 α
1352 2178 1618 2252 Μακάριος
1648 2179 1682 2229 '6
1723 2197 1820 2235 κη-

143 2270 324 2341 ρύσσων
384 2267 537 2341 λόγον
588 2268 658 2330 εἰς
705 2267 862 2326 ἀκοὴν
910 2269 1276 2332 ὑπακούοντος
1330 2291 1357 2319 ››
1407 2269 1690 2344 εύφροσμίη
1733 2267 1824 2342 μέν

145 2352 214 2408 οὖν
241 2357 348 2410 ἐστι
390 2362 450 2410 τὸ
484 2354 822 2428 διαλέγεσθαῖ
848 2365 954 2420 τοῖς
988 2358 1240 2429 θέλουσιν,
1275 2361 1362 2411 καὶ
1392 2361 1519 2433 πρὸς
1549 2363 1642 2417 την
1672 2358 1824 2432 ὀρθὴν

147 2443 240 2497 ὶδόν
290 2446 416 2508 τούς
464 2449 536 2520 μὴ
587 2447 1014 2510 ἀντιπαλαίοντας
1062 2450 1462 2524 προτρέπεσθαι.
1525 2450 1825 2520 Κατέχομεν

144 2535 224 2609 γὰρ
266 2535 513 2607 ἑνεχυοον
563 2544 656 2598 τῆς
707 2541 931 2598 πίστεως
980 2545 1072 2599 τῆς
1127 2539 1393 2612 ύμετερας,
1435 2538 1526 2595 τήν
1575 2535 1676 2589 ἀπό
1724 2544 1823 2588 τῶν

144 2625 446 2696 γραμμάτων
495 2625 903 2698 ὁμολογηθεῖσαν
950 2629 1216 2696 ἔνστασιν,
1271 2624 1344 2679 δι’
1384 2623 1444 2688 ἧς
1494 2626 1547 2679 ἐκ
1592 2633 1685 2688 τῆς
1725 2632 1824 2677 τῶν

144 2713 438 2786 “Fax-’5?
485 2713 654 2786 λύμης
694 2718 1040 2790 χωρισθέντες
1090 2715 1160 2778 εἰς
1209 2715 1273 2768 τά
1314 2724 1408 2778 τῆς
1451 2714 1823 2776 ’Λποστολικῆς

144 2800 376 2875 καθέδρας
439 2801 708 2876 δόγματα,
765 2807 851 2857 καὶ
899 2803 1102 2867 ἐντολάς
1161 2804 1535 2879 έπανέρχεστε,
1585 2803 1680 2874 ὀψε
1735 2804 1824 2876 μὲν

146 2887 216 2942 οὖν
250 2893 521 2955 ἐπιϐάντες
571 2902 663 2955 τῆς
705 2890 831 2946 ὀδοῦ
881 2902 974 2956 τῆς
1016 2893 1281 2956 ἀληθείας·
1324 2893 1436 2946 ἀλλ’
1485 2893 1760 2965 εύλογητός
1798 2893 1822 2944 6

148 2984 252 3043 Θεὸς
283 2983 381 3034 ούκ
423 2983 492 3044 εἰς
534 2982 674 3044 τέλος
716 2981 1121 3049 ἐπιλανθάνεται,
1155 2983 1210 3046 ὃς
1246 2980 1504 3052 παιδεύει,
1536 2985 1623 3036 καὶ
1664 2982 1823 3048 ἰᾶται,

145 3073 213 3120 καὶ
246 3068 371 3124 ούδέ
412 3079 507 3133 τῆς
540 3074 801 3144 ἡνωμένῆς
832 3071 991 3125 αὐτοῦ
1027 3078 1247 3145 ποίμνης
1280 3075 1345 3124 τά
1385 3072 1620 3147 πρόϐατα
1650 3089 1828 3146 καρτε-

144 3166 206 3229 ρεῖ
241 3169 340 3211 τῶν
395 3160 830 3214 ἐπιϐουλευόντων
873 3162 1038 3214 λύκων
1085 3171 1148 3234 τῆ
1207 3162 1417 3238 άρπαγῄ⁹
1472 3159 1822 3229 διασπᾶσθαι,

147 3250 188 3307 0';
223 3245 312 3300 διὰ
338 3257 436 3310 τῆς
468 3254 780 3324 κεκραμένης
810 3249 1098 3326 αύστηρίας
1131 3247 1254 3304 οὐδὲ
1292 3259 1387 3314 τῆς
1413 3249 1694 3323 ἀσφαλείας
1727 3257 1827 3300 τῶν

149 3331 273 3388 ιδίων
313 3341 564 3413 ύπερορᾷ,
609 3337 734 3392 ούδέ
770 3347 863 3402 τῆς
905 3344 1187 3414 σωτηρίας.
1219 3339 1378 3393 Ἀλλά
1412 3344 1465 3393 τί
1505 3339 1825 3412 θαυμαστόν,

150 3425 183 3476 ti
213 3430 270 3477 τὰ
318 3428 561 3502 πρόϐατα
608 3429 1028 3502 καταλειφθέντος
1068 3428 1256 3483 ἐκείνου
1304 3438 1395 3483 τοῦ
1436 3430 1541 3493 ἑνός
1582 3433 1669 3482 καὶ
1707 3427 1830 3486 ἀλη-

151 3515 266 3568 θινοῦ
316 3522 561 3590 ποιμένος
612 3516 1088 3594 διασκορπισθέντα
1135 3521 1160 3572 6
1211 3527 1519 3594 πανοῦργος,
1568 3519 1594 3572 6
1641 3520 1832 3591 αἵμασι

148 3610 467 3679 περνρμένος,
511 3611 599 3660 καὶ
639 3609 830 3683 ἅρπαξ,
873 3616 987 3671 ταῖς
1035 3605 1265 3682 ἐνέδραις
1314 3608 1584 3683 ἐτάραξεν;
1627 3609 1692 3658 Οἱ
1737 3610 1830 3665 τὴν

145 3695 415 3765 ασῨάλειαν
455 3700 548 3754 τήν
589 3695 730 3749 ἰδίαν
769 3698 1258 3770 καταλιμπάνοντες,
1301 3697 1450 3750 αὐτοὶ
1481 3700 1693 3759 ἑαυτοὺς
1724 3702 1832 3758 τοῖς

148 3780 386 3848 κινδύνοις
437 3786 522 3858 ὑφ’
570 3787 637 3837 ὧν
687 3789 1073 3861 σπαράττονται
1121 3785 1481 3859 ἐμϐάλλουσιν.
1533 3792 1691 3839 ⁴Ωστε
1745 3788 1833 3836 καὶ

146 3877 217 3923 νῦν
249 3885 375 3946 γοῦν
417 3876 651 3949 στερροῖς
692 3875 928 3949 βήμασιν
968 3877 1016 3929 ἐν
1055 3886 1116 3951 τῇ
1158 3874 1268 3949 ὁδῷ
1306 3885 1406 3930 τῶν
1444 3879 1676 3950 πατέρων
1704 3876 1833 3950 πρὸς

151 3962 197 4020 ἓν
229 3961 571 4040 ανεδράμετε,
615 3968 846 4025 ἕνστητε·
892 3963 1112 4019 δύναται
1150 3969 1248 4040 γάρ
1287 3966 1345 4018 τό
1383 3969 1476 4018 τοῦ
1527 3971 1658 4017 Θεοῦ
1699 3963 1834 4026 ἕλεος

151 4055 217 4101 ui
251 4054 343 4108 τὴν
382 4062 484 4105 τῶν
524 4053 692 4105 ἄλλων
729 4056 917 4128 ὁμοίως
951 4052 1232 4130 διόρθωσιν
1270 4063 1342 4126 τῷ
1381 4057 1607 4128 ύμετέρῳ
1638 4054 1832 4126 μισθῷ,

150 4137 183 4188 ιὶ
215 4147 332 4214 παρ’
371 4141 516 4212 ὑμῶν
557 4144 686 4216 πρὸς
725 4145 783 4195 τό
824 4144 963 4206 ιύθες
1004 4141 1303 4216 όδηγηθεῖν,
1337 4143 1669 4215 λογίσασθαι.
1701 4140 1836 4194 Ἀλλ’

153 4237 349 4291 lavi-0'3;
399 4231 656 4298 καθόλου,
711 4231 812 4284 ἀπὸ
853 4241 944 4286 τοῦ
987 4231 1264 4308 βορϐόρου,
1307 4232 1356 4286 ἐν
1401 4229 1440 4306 ᾧ
1488 4234 1536 4285 οἱ
1588 4233 1837 4305 αἱρετικοὶ

1930 2181 2082 2236 enim
2113 2181 2368 2236 obsidem
2402 2181 2535 2235 ﬁdei
2587 2184 2810 2246 vestrae,
2855 2179 2974 2250 ,sub
3022 2179 3342 2232 litterarum
3409 2176 3625 2247 profes-

1929 2270 2089 2326 sione
2119 2270 2521 2338 constantiam,
2549 2285 2663 2340 qua
2692 2285 2723 2322 a
2753 2273 3261 2339 transgressorum‘
3286 2266 3626 2336 contagione

1929 2360 2115 2431 divisi,
2149 2361 2217 2415 ad
2247 2360 2576 2432 apostolicae
2607 2358 2756 2414 sedis
2788 2358 3059 2429 dogmata
3113 2361 3171 2411 et
3218 2356 3486 2411 mandata
3536 2371 3625 2410 re-

1930 2450 2179 2518 curritis,
2205 2466 2333 2506 sero
2404 2449 2640 2520 quidem
2701 2448 2850 2502 viam
2911 2445 3164 2501 veritatis
3217 2445 3487 2516 ingressi;
3532 2445 3628 2500 sed

1929 2539 2267 2596 benedictus
2285 2541 2455 2606 Deus,
2489 2537 2588 2609 qui
2619 2554 2734 2592 non
2779 2538 2838 2592 in
2869 2537 3043 2591 ﬁnem
3099 2535 3476 2602 obliviscitur,
3529 2535 3629 2606 qui

1932 2630 2188 2700 corripit,
2214 2635 2270 2684 et
2302 2629 2584 2694 medetur,
2618 2644 2722 2682 nec
2772 2627 3041 2682 continue
3095 2625 3289 2696 gregis
3348 2625 3435 2678 sui
3498 2641 3629 2679 oves

1933 2719 2150 2791 patitur
2194 2717 2593 2772 insidiantium
2649 2717 2924 2787 luporum
2997 2715 3305 2786 rapacitate
3367 2711 3627 2782 discerpi,

1935 2809 2035 2880 qui
2066 2823 2169 2879 per
2198 2805 2570 2862 districtionis
2599 2805 3064 2876 temperantiam,
3109 2819 3210 2858 nec
3224 2801 3629 2856 coercitionem

1935 2913 2171 2952 suorum
2201 2895 2464 2966 negligit,
2497 2910 2602 2950 nec
2631 2896 2904 2964 salutem.
2939 2892 3052 2947 Sed
3111 2891 3248 2963 quid
3315 2891 3527 2945 mirum
3585 2888 3632 2943 si

1865 2994 1904 3051 C
1936 3003 2066 3042 oves
2096 2985 2293 3040 relicto
2325 2985 2410 3039 illi
2443 3001 2576 3050 uno,
2596 2988 2652 3038 et
2672 2999 2805 3038 vero
2863 2985 3086 3053 pastore
3149 2981 3457 3051 dispersas,
3515 2977 3628 3034 cal-

1936 3076 2109 3142 lidus,
2143 3079 2413 3128 cruentus
2444 3077 2498 3127 et
2519 3088 2690 3145 rapax
2717 3070 2968 3126 turbavit
3014 3069 3282 3124 insidiis?
3325 3068 3432 3132 Qui
3489 3070 3632 3120 tute-

1936 3167 2052 3223 lam
2081 3181 2244 3219 suam
2275 3164 2564 3229 deserunt,
2598 3161 2707 3232 ipsi
2737 3177 2796 3216 se
2829 3158 3119 3232 periculis,
3151 3157 3358 3229 quibus
3409 3156 3629 3211 lanien-

1936 3260 2049 3323 tur,
2083 3261 2392 3326 exponunt.
2423 3255 2564 3323 Ergo
2595 3267 2745 3305 nunc
2801 3249 2990 3304 saltim
3042 3247 3235 3302 solidis
3267 3245 3527 3318 passibus
3571 3244 3632 3299 in

1936 3344 2089 3400 viam
2120 3347 2372 3411 Patrum,
2410 3342 2480 3396 ad
2513 3357 2686 3413 quam
2722 3337 3062 3404 recurristis,
3085 3335 3329 3391 insistite
3364 3353 3377 3390 :
3428 3340 3634 3406 potens

1940 3435 2048 3490 erit
2106 3431 2500 3488 misericordia
2557 3429 2678 3500 Dei,
2743 3429 2992 3484 aliorum
3055 3440 3288 3498 quoque
3343 3423 3637 3479 correctio-

1941 3539 2072 3578 nem
2110 3521 2359 3578 mercedi
2415 3523 2636 3586 vestras,
2688 3517 2735 3572 si
2794 3535 2828 3572 a
2880 3515 3040 3571 vobis
3097 3514 3166 3568 ad
3195 3517 3414 3570 rectum
3472 3512 3639 3568 dedu-

1940 3619 2161 3674 cantur,
2223 3610 2524 3666 ascribere.
2577 3607 2683 3662 Sed
2713 3606 2775 3661 in
2817 3609 3005 3661 totum
3053 3619 3150 3659 vos
3191 3621 3223 3658 a
3278 3618 3462 3669 emno,
3524 3615 3637 3672 quo

1941 3700 2199 3757 immersi
2231 3698 2482 3755 haeretici
2514 3701 2808 3764 tenentur,
2857 3694 3102 3763 avellite,
3184 3699 3242 3748 et
3289 3691 3637 3747 excutientes

1941 3789 2371 3846 immunditiam
2397 3786 2649 3858 pulveris
2665 3783 3017 3852 inhaerentis,
3043 3781 3387 3853 generaliter
3410 3779 3635 3834 univer-

1945 3896 2038 3935 sos
2068 3879 2137 3932 ab
2173 3876 2496 3948 apostolicis
2547 3873 2918 3947 dogmatibus
2975 3871 3326 3927 declinantes
3369 3869 3640 3941 religiosa

1948 3967 2321 4022 detestatione
2361 3965 2650 4020 damnate.
2679 3963 2870 4018 Nulla
2901 3961 3147 4016 tenebris
3174 3977 3302 4015 cum
3337 3959 3460 4015 luce
3487 3975 3640 4014 com-

1943 4057 2139 4112 munio
2162 4053 2214 4125 (Ι
2246 4055 2368 4111 Cor.
2392 4054 2468 4124 vi)
2496 4070 2511 4122 ;
2537 4067 2643 4107 nec
2674 4052 2772 4123 qui
2803 4067 2904 4122 per
2943 4056 3096 4105 recta
3138 4049 3345 4105 itinera
3375 4048 3642 4118 gradiun-

1946 4147 2060 4209 tur,
2083 4141 2320 4212 vestigia
2342 4157 2444 4196 sua
2473 4156 2603 4194 cum
2627 4139 2977 4194 deviantium
3009 4154 3203 4193 errore
3262 4136 3636 4207 conjungunt.

1949 4231 2284 4287 Tenendum
2314 4240 2398 4285 est
2425 4230 2561 4285 ﬁdei
2591 4229 2903 4297 vinculum,
2955 4234 3010 4282 et
3039 4226 3338 4281 vitandum
3382 4226 3450 4280 de
3505 4241 3640 4295 per-

151 4322 505 4383 καταποθέντες
539 4321 912 4396 κεκράτηνται,
956 4321 1324 4392 ἀποσπάσατε,
1364 4325 1452 4374 καὶ
1490 4321 1746 4384 ἐκτινάξαν

2044 4338 2057 4376 ι
2089 4320 2350 4375 societate
2382 4319 2710 4390 contagium
2747 4334 2758 4373 :
2790 4317 2927 4389 quia
2957 4315 3273 4370 secundum
3290 4314 3639 4384 Apostolum,

148 4411 226 4463 τίεν
271 4407 599 4485 ἀκαθαρσίαν
648 4417 739 4465 τοῦ
780 4421 1045 4488 κονιορτοῦ
1091 4417 1184 4466 τοῦ
1235 4411 1587 4478 κολληθέντος,
1627 4413 1836 4484 γενικῶς

153 4496 362 4561 ἅπαντας
412 4505 533 4563 τοὺς
584 4500 688 4554 ἀπό
737 4511 836 4555 τῶν
880 4503 1261 4556 Ἀποστολικῶν
1312 4499 1589 4576 δογμάτων
1630 4500 1839 4553 ἀποκλί-

154 4604 338 4652 ναντας,
390 4589 593 4642 εὐσεϐεῖ
639 4589 954 4666 ἀποκηρύξει
1003 4593 1360 4667 κατακρίνατε.
1413 4615 1440 4642 ‹‹
1483 4587 1720 4664 Οὐδεμία
1765 4596 1838 4661 τῷ

156 4679 306 4728 σκότει
343 4682 571 4752 πρόςτὸ
615 4688 719 4752 φῶς
759 4686 1024 4748 κοινωνία,
1063 4700 1090 4735 ι
1124 4684 1240 4734 οὔτε
1279 4682 1328 4734 οἱ
1369 4677 1460 4734 διὰ
1497 4687 1595 4733 τῶν
1635 4679 1839 4732 εύθειῶν

159 4759 276 4814 ὀδών
316 4764 626 4838 βαδίζοντες
666 4773 732 4823 τά
769 4771 963 4824 ἑαυτῶν
1001 4775 1128 4844 ἴχνη
1169 4773 1302 4846 μετά
1340 4779 1440 4824 τῶν
1471 4769 1842 4824 ἀποκλινόντων

158 4851 332 4916 πῖνῶδης
371 4860 721 4913 συνάπτουσι.
768 4864 1135 4933 Κατασχετέος
1175 4859 1288 4914 ἐστὶ
1326 4869 1419 4923 τῆς
1457 4862 1681 4922 πίστέως
1727 4861 1842 4913 σύν-

158 4935 360 5012 δεσμΰς,
423 4951 512 4998 καὶ
570 4954 896 5022 παραιτητέα
953 4953 982 5008 ἠ
1042 4949 1097 5003 ἐκ
1135 4960 1245 5014 ¹τῆς
1295 4949 1521 5003 ἀπίστου
1578 4950 1840 5012 κοινωνίας

155 5034 294 5101 λύμη,
343 5035 420 5086 ὅτι
469 5040 605 5089 κατὰ
653 5039 740 5090 τὸν
787 5039 1130 5110 Ἀπόστολον,
1185 5063 1213 5091 ι(
1255 5040 1309 5092 ὃν
1358 5045 1546 5114 τρόπον
1597 5041 1623 5092 ό
1664 5038 1841 5092 ἑαυτὸν

155 5122 466 5191 προσιολλῶν
507 5134 579 5196 τῷ
633 5129 806 5202 Κυρίῳ
847 5127 895 5180 ἓν
932 5129 1138 5202 πνεῦμά
1177 5127 1338 5197 ἐστιν,
1382 5125 1544 5190 όῦτως
1584 5128 1610 5180 6
1658 5127 1844 5180 κολλώ-

158 5226 288 5276 μενος
325 5219 382 5283 τῇ
426 5217 587 5287 πόρνῃ
632 5215 680 5266 ἓν
718 5219 914 5286 γίνεται
955 5226 1127 5290 σῶμα·
1172 5241 1199 5268 ››
1244 5216 1518 5289 ἀγαπῶσιν
1549 5219 1603 5269 αἱ
1644 5215 1842 5291 ἀρεταί’

158 5295 240 5356 τάς
273 5297 500 5358 ἀλλήλων
541 5306 836 5371 κοινωνίας,
880 5311 967 5359 καὶ
1005 5311 1125 5369 τοὺς
1167 5307 1515 5380 κολλωμένους
1557 5305 1687 5378 αὐτῇ
1729 5305 1843 5379 μεθ’

158 5383 326 5450 ξσκυτῆς
356 5392 384 5448 ἡ
417 5389 632 5446 ἀσέϐεια
661 5392 713 5447 ἓν
746 5395 817 5465 τῷ
850 5394 998 5468 βυθῷ
1020 5400 1402 5458 καταποντίζει.
1426 5402 1507 5449 Ἐν
1535 5395 1839 5468 ὀφθαλμοῖς,

163 5491 207 5523 εν
238 5486 302 5550 τῷ
341 5485 580 5554 στόματι,
625 5482 675 5535 ἐν
721 5483 905 5547 αὐταῖς
944 5492 1058 5548 ταῖς
1098 5491 1285 5561 χερσίν
1333 5485 1436 5538 εἰσι
1473 5492 1574 5537 τῶν
1611 5488 1844 5560 πατέρων

163 5565 222 5616 τὰ
255 5562 500 5642 δόγματα,
533 5570 570 5624 ἆ
608 5571 885 5645 φυλάττειν
923 5573 1282 5647 ἐντελλόμιθα·
1312 5576 1426 5630 καθ’
1464 5573 1690 5634 εκάστην
1716 5575 1843 5648 πρὸς

1952 4410 2440 4482 quemadmodum
2470 4408 2569 4481 qui
2593 4409 2841 4463 adhaeret
2853 4405 3088 4462 Domino
3106 4422 3249 4460 unus
3266 4402 3507 4476 spiritus
3517 4405 3604 4457 est
3625 4419 3637 4457 :

1948 4503 2032 4555 ita
2045 4499 2144 4572 qui
2154 4501 2401 4556 adhxret
2411 4497 2719 4568 meretrici,
2734 4514 2910 4552 unum
2921 4513 3128 4568 corpus
3142 4494 3399 4565 efﬁcitur
3411 4491 3564 4565 (Ibid
3572 4493 3604 4564 .)
3627 4508 3640 4547 :

1954 4594 2151 4645 amant
2172 4590 2410 4645 virtutes
2461 4589 2701 4660 collegia
2744 4605 2846 4642 sua
2885 4591 2986 4642 :at
3027 4586 3383 4641 adhaerentes
3429 4581 3537 4636 sibi
3565 4598 3647 4636 se-

1951 4696 2082 4735 cum
2110 4679 2377 4751 impietas
2406 4679 2469 4734 in
2499 4678 2791 4751 profunda
2830 4675 3115 4746 demergit
3148 4691 3161 4729 :
3194 4674 3255 4730 in
3306 4675 3642 4744 conspectu,

1949 4768 2008 4825 in
2038 4769 2239 4836 oculis,
2272 4768 2330 4825 in
2372 4785 2490 4836 ore,
2544 4767 2604 4822 in
2642 4767 2781 4838 ipsis
2811 4764 3077 4821 manibus
3117 4768 3251 4818 sunt
3284 4765 3514 4818 Patrum
3537 4763 3644 4816 do-

1950 4863 2144 4930 gmata
2177 4874 2304 4928 quas
2325 4855 2698 4911 custodienda
2729 4854 3067 4908 mandamus
3100 4867 3112 4906 :
3156 4851 3415 4924 quotidie
3439 4867 3543 4905 nos
3575 4849 3645 4904 ad

1950 4945 2440 5002 conservationem
2503 4943 2591 4998 sui
2665 4942 2906 4996 concilia
2972 4941 3299 4996 veneranda
3367 4938 3645 4994 constrin-

1949 5039 2111 5108 gunt.
2144 5036 2401 5105 Longum
2423 5037 2508 5088 est
2536 5031 2832 5102 sigillatim
2872 5030 3136 5087 universa
3164 5034 3419 5086 retexere
3455 5028 3650 5084 :Chal-

1955 5126 2336 5180 cedonensem
2369 5122 2672 5195 synodum,
2732 5122 2793 5176 in
2861 5138 2975 5192 qua
3022 5120 3282 5176 omnium
3327 5116 3646 5174 reverentia

1952 5213 2298 5280 continetur,
2327 5217 2508 5304 seqet
2540 5210 2851 5266 venerandi
2883 5210 3085 5266 Leonis
3116 5209 3340 5281 prolata
3382 5208 3452 5262 de
3508 5204 3648 5278 ipsis

1953 5305 2346 5376 apostolorum
2375 5300 2708 5374 praecordiis
2747 5300 3012 5356 instituta
3062 5305 3120 5354 et
3149 5314 3311 5354 nosse
3370 5312 3474 5351 nos
3514 5310 3648 5350 con-

1952 5394 2128 5461 venit,
2161 5397 2218 5448 et
2255 5392 2404 5447 tueri
2436 5408 2449 5446 :
2482 5391 2542 5446 in
2573 5390 2662 5446 his
2690 5389 2963 5445 vexillum
3019 5387 3173 5457 ﬁdei,
3201 5387 3262 5441 in
3311 5385 3398 5440 his
3435 5401 3650 5458 propu-

1955 5482 2262 5556 gnaculum
2291 5480 2543 5536 veritatis
2577 5497 2591 5534 :
2633 5480 2692 5536 in
2737 5478 2828 5534 his
2861 5477 3114 5534 Christus
3162 5473 3492 5547 agnoscitur
3526 5492 3539 5543 ;
3590 5475 3650 5530 in

1955 5572 2044 5629 his
2070 5569 2482 5643 redemptionis
2507 5575 2723 5627 nostra:
2751 5583 2883 5642 spes
2920 5571 2978 5624 et
3008 5581 3178 5624 causa
3204 5569 3479 5625 servatur.
3534 5567 3653 5624 Hoc
