4038 6170
391 206 498 261 419

1827 204 2205 261 ΗΟΒΜΙεΒᾸΕ
2242 205 2458 261 PAP/E.

3783 209 3877 260 420

389 347 483 402 τὴν
522 342 750 415 φυλακὴν
789 342 981 395 ἑαυτῶν
1008 344 1065 395 αἱ
1105 342 1389 413 σεϐάσμιαι
1420 338 1634 393 σύνοδοι
1662 346 1984 415 περισφίγγοι

2281 360 2285 395 ι
2323 341 2464 396 illud
2496 341 2652 413 quod
2681 341 2741 396 in
2770 342 3043 413 Apostolo
3076 342 3136 410 (Ι
3160 343 3292 396 Cor.
3329 343 3386 411 ν)
3418 342 3657 413 legimus
3685 343 3876 397 funda-

389 434 728 507 Μακρηγορία
777 431 889 484 ἐστὶ
936 435 1049 484 καθ’
1095 432 1309 482 ἕκαστον
1357 432 1529 482 πάντα
1578 437 1842 504 φανεροῦνθ
1882 432 1947 482 τὰ
1994 439 2087 494 τῆς

389 519 439 573 ἓν
477 517 778 578 Χαλκηδόνι
819 518 1062 588 συνόδου,
1096 519 1144 571 ἐν
1252 538 1435 571 πασων
1472 519 1533 571 τὸ
1574 518 1726 580 σέϐας
1764 522 2083 593 περιέχεται,

392 610 543 674 ἀλλὰ,
589 614 677 661 καὶ
714 612 781 661 τὰ
820 612 962 683 παρὰ
1000 614 1092 661 τοῦ
1145 607 1575 680 σεϐασμιωτάτου
1624 612 1840 670 Λέοντός
1888 629 2088 683 προενε-

388 702 584 769 χθέντα
623 698 676 760 ἐξ
714 698 873 759 αὐτῆς
904 717 1003 748 των
1046 697 1371 749 Ἀποστόλων
1410 698 1503 759 τῆς
1542 694 1763 771 καρδίας
1803 699 2082 771 ὁρίσματα,

388 792 474 839 καὶ
511 792 798 857 γιινὼσκειν
838 786 974 857 ἡμᾶς
1012 792 1284 859 προσήκει,
1329 790 1415 836 καὶ
1453 792 1643 860 τηρεῖν.
1676 792 1756 837 Ἐν
1795 789 1996 848 τούτοις
2027 790 2085 840 τὸ

390 875 672 947 σεϐάσμιον
720 883 812 936 τῆς
859 880 1113 939 πίστεως,
1156 873 1204 926 ἑν
1252 878 1454 935 τούτοις
1504 876 1551 925 οἱ
1600 884 1943 949 προμαχῶνες
1990 884 2084 938 τῆς

387 962 650 1027 ἀληθείας,
685 962 734 1015 ἐν
763 966 964 1025 τούτοις
994 966 1019 1015 ό
1053 967 1281 1037 Χριστὸς
1314 968 1645 1034 γινώσκεται,
1681 962 1729 1014 ἐν
1759 964 1963 1025 τούτοις
1992 972 2085 1027 τῆς

385 1054 687 1127 λυτρώσεως
725 1061 818 1114 τῆς
858 1054 1107 1126 ἡμετέρας
1149 1055 1177 1110 ἡ
1221 1052 1383 1119 ἔλπὶς,
1426 1056 1512 1103 καὶ
1554 1053 1797 1113 ὑπόθεσις
1838 1052 2088 1123 φυλάττε-

385 1162 489 1194 ται.
535 1138 700 1203 Οὖτός
731 1141 869 1193 ἐστιν
909 1140 1113 1206 ἐκεῖνος,
1148 1140 1201 1192 ὃν
1238 1139 1289 1192 ἐν
1328 1149 1400 1211 τῷ
1438 1142 1737 1212 ’Λποστόλῳ
1778 1140 2081 1214 ἀνέγνωμεν,

387 1230 635 1302 θεμέλιος,
688 1229 738 1282 ἓν
870 1229 1051 1282 ἑαυτὸν
1100 1250 1179 1291 τις
1238 1230 1673 1303 παραλογίζεται,
1721 1233 1765 1282 εἷ
1814 1250 1891 1291 τις
1935 1231 2081 1299 ξύλα,

387 1323 599 1394 χόρτον,
634 1318 870 1391 καλάμην
899 1318 1377 1390 καταναλισκόμενα
1410 1328 1481 1389 τῷ
1511 1322 1638 1393 πυρὶ
1670 1316 2085 1391 ἐποικοδομῆσαι

384 1410 664 1483 πειρασθῇ·
718 1406 769 1461 ἐν
808 1411 1023 1470 ταύταις
1065 1407 1297 1481 ἀνῃρήθη
1340 1411 1405 1459 τὰ
1450 1408 1725 1479 Εὐτυχοῡς
1764 1412 1850 1460 καὶ
1887 1415 2083 1461 Νεστο-

382 1496 498 1568 ρίου
557 1502 669 1556 ταῖς
729 1493 969 1557 συνόδοις
1020 1493 1335 1570 δηλητηρια,
1382 1496 1563 1558 οἶτινες
1612 1497 1664 1559 ἐξ
1709 1495 1937 1559 ἐναντίας
1989 1505 2082 1559 τῆς

387 1581 703 1645 δεσποτικῆς
760 1588 851 1636 τοῦ
914 1582 1283 1657 σωτηριωδους
1322 1587 1615 1658 μυστηρίου
1668 1586 1980 1658 οἰκόνομίας,
2032 1586 2081 1638 ἓν

383 1674 489 1744 ὅσῳ
538 1671 748 1745 ἐναντίῳ
804 1673 997 1746 μεταξὺ
1056 1677 1250 1724 ἑαυτῶν
1292 1672 1627 1746 συλλογισμῷ
1686 1674 2080 1746 φιλονεικοῦσιν,

383 1764 482 1814 ὑπὸ
543 1782 643 1813 τινι
697 1769 791 1823 τῆς
846 1760 1137 1835 ἱεροσυλίας
1198 1761 1402 1819 ἰσότητι
1461 1765 2083 1837 συμφωνοῦσινηοῖνισοι

380 1858 495 1912 ταῖς
534 1856 782 1923 γνώμαις,
826 1854 912 1902 καὶ
950 1850 1221 1923 ὁμόψυχοι
1258 1860 1320 1924 τῇ
1364 1850 1595 1923 ἀσεϐείᾳ·
1636 1852 1703 1902 ὧν
1741 1854 1767 1904 ό
1806 1853 1977 1923 ἓτεφος
2008 1857 2079 1925 μὴ

386 1939 543 1992 θέλων
581 1941 672 1997 τὴν
722 1942 971 2014 παρθένον
1010 1945 1214 2014 Μαρίαν
1254 1944 1387 1993 Θεοῦ
1430 1942 1557 1993 εἶναι
1594 1946 1910 2015 γεννητριαν,
1952 1942 2080 2016 οἱπερ

382 2027 432 2080 ἐν
469 2038 541 2099 τῷ
582 2034 741 2103 κυρίῳ
777 2032 921 2102 ἡμῶν
960 2030 1090 2082 εἰσιν
1129 2031 1362 2102 ἡνωμένα
1394 2027 1604 2105 διαιρεῖ,
1639 2032 1663 2081 ό
1706 2028 1765 2082 δέ
1802 2038 1988 2105 ἔτερος,
2032 2031 2081 2084 ἐν

381 2125 489 2189 ὅσῳ
518 2114 634 2170 ἴδια
672 2127 771 2170 τῶν
802 2119 1156 2172 συνελθουσῶν
1187 2122 1406 2191 φύσεων,
1431 2124 1518 2171 καὶ
1556 2120 1621 2172 τὰ
1661 2118 1829 2177 ἀληθῆ
1866 2123 2076 2192 συγχεῖ,

382 2211 441 2259 τὸ
489 2212 777 2281 μυστήριον
816 2217 906 2269 τῆς
958 2211 1206 2282 ἡμετέρας
1246 2208 1549 2283 λυτρὼσεως
1599 2208 1881 2262 σϐέννυσιν·
1925 2210 2079 2272 ἄλλος

384 2299 635 2347 Φωτεινοῦ
676 2299 766 2352 τὴν
807 2298 1102 2369 θρησκείαν,
1145 2298 1312 2371 ἔτερος
1350 2300 1443 2348 τοῦ
1485 2299 1740 2359 Μάνεντος
1788 2302 1878 2355 τὴν
1926 2296 2080 2371 ἀφρο-

382 2385 541 2440 σύνην
583 2382 760 2435 ἀσεϐεῖ
798 2387 1065 2455 συγγενείᾳ
1106 2384 1398 2435 συνάπτων.
1438 2387 1583 2436 Κατὰ
1615 2386 1831 2454 τούτων,
1864 2383 2081 2457 ἀδελφοί

377 2469 659 2542 ἀγαπητοὶ,
694 2475 1081 2546 προηοὴθησαν
1110 2473 1349 2546 ἰατρεῖαι,
1383 2471 1575 2535 ἐκεῖνας
1604 2481 1668 2545 τῇ
1700 2481 1791 2526 τοῦ
1820 2474 2077 2547 λογισμοῦ

379 2557 600 2631 δυνάμει
641 2557 1031 2629 διεκδικήσατε,
1064 2558 1243 2618 ἐπειδὴ
1282 2561 1352 2622 εἰς
1392 2563 1684 2635 ἀνατροπὴν
1730 2561 1897 2614 αὐτῶν
1928 2563 2079 2634 ὁρᾶτε

376 2652 495 2710 τοὺς
544 2651 831 2722 αἱρετικούς
878 2646 971 2701 διὰ
1012 2657 1103 2711 τῆς
1143 2649 1377 2712 ἀσεϐείας
1417 2654 1768 2722 μαχομένους.
1820 2653 1904 2708 Μὴ
1945 2654 2079 2703 ἔστω

376 2736 425 2789 ἓν
464 2739 594 2809 ὄκνῳ
640 2746 732 2800 τῆς
773 2734 1123 2801 διδασκαλίας
1164 2742 1194 2798 ἡ
1236 2737 1471 2797 ἀλήθεια·
1522 2744 1646 2810 ποία
1705 2743 1813 2813 χρὴ
1868 2737 2075 2811 σπουδῇ

377 2828 468 2884 τὴν
518 2829 778 2900 σωτηρίαν
827 2826 1153 2899 ἀγαπᾶσθαι,
1196 2830 1349 2880 ὁπότε
1396 2830 1547 2902 ὁρᾶτε
1584 2831 1677 2887 τὴν
1729 2831 2079 2903 θανατηφόρον

2125 1641 2163 1694 Β

375 2914 630 2967 ἀπώλειαν
670 2918 803 2967 οὕτω
846 2916 1213 2990 στεργομένηη
1257 2913 1595 2989 Λίδεσθῶμεν
1634 2917 1875 2989 νωχελῶς
1916 2938 2079 2989 σαφη-
2116 2945 2156 2999 C

375 3006 610 3067 νίζεσθαι
648 3013 742 3066 τῆς
772 3002 1016 3067 ἀληθείας
1050 3009 1169 3067 τοὺς
1207 3007 1415 3078 νόμους,
1456 3008 1609 3059 ὁπότε
1648 3006 1900 3079 ἐπιμόνως
1943 3003 2078 3060 διεκ-

377 3089 647 3143 δικοῦνται
685 3094 740 3144 αἱ
776 3092 989 3146 πλάναι.
1035 3098 1136 3145 Καί
1172 3096 1293 3156 τούς
1330 3094 1603 3169 ἀρχηγούς
1642 3097 1732 3168 μὲν
1771 3104 1870 3148 τῶν
1908 3103 2077 3146 κακῶν

375 3181 703 3254 έφὲυρέσεων,
739 3180 774 3231 ἆ
808 3183 1116 3255 προείπομεν
1158 3182 1413 3236 συνοδικά
1455 3186 1806 3256 θεσπισματα,
1848 3181 2076 3246 δικαίαις

376 3273 715 3341 κατακρίσεσι
754 3271 1232 3343 μετέρχονται·ἁλλ“
1272 3275 1418 3344 ἡμεῖς
1455 3276 1543 3323 καὶ
1580 3276 1776 3325 τούτων
1804 3276 1920 3334 τοὺς
1963 3271 2079 3323 ἁκο-

374 3355 593 3417 λούθους
632 3356 769 3418 ὁπως
815 3356 1095 3424 ἐκκλίνητε,
1148 3362 1337 3432 ὁμοίως
1383 3361 1865 3433 ὑπομιμνησκομεν,
1916 3359 2004 3422 ούς
2043 3362 2073 3419 η

379 3444 725 3503 Ἀποστολικὴ
775 3445 1023 3520 καθέδρα,
1067 3452 1155 3499 καὶ
1195 3448 1441 3500 κατέλαϐε
1480 3448 1879 3522 παραπλησίους
1926 3453 2075 3509 ὄντας

377 3542 484 3596 τοῖς
526 3534 708 3587 ἑνυτῶν
748 3532 1116 3601 διδασκάλοις,
1150 3540 1236 3588 καὶ
1265 3544 1373 3598 τοῖς
1412 3539 1767 3610 κατακριθεῖσι
1808 3538 2075 3600 συνέζευξε

375 3624 624 3695 Τιμόθεον
679 3626 765 3675 τὸν
818 3623 1156 3697 πατραλοίαν,
1214 3628 1301 3677 καὶ
1352 3627 1649 3699 Διόσκορον,
1710 3629 1797 3678 καὶ
1860 3630 2070 3700 Πέτρον,

375 3710 497 3772 τούς
559 3708 935 3785 Ἀλεξανδρεῖς,
999 3712 1233 3765 ’Δκὸικιον
1290 3712 1381 3765 τὸν
1438 3714 2071 3780 Κωνσταυτινουπολίτην,

374 3799 506 3851 πετά
532 3808 630 3851 τῶν
670 3799 852 3853 ἑαυτόῦ
891 3798 1207 3869 ἀκολούθων,
1250 3802 1500 3864 ὡσαύτως
1544 3806 1733 3877 Πέτρον
1770 3807 1856 3855 τὸν
1886 3809 2077 3855 Ἀντιο-

375 3893 548 3959 χείας,
589 3897 661 3959 τῷ
708 3889 1047 3962 προλεχθέντι
1086 3892 1261 3962 ὅμοιον
1299 3900 1361 3963 τῇ
1411 3910 1467 3943 τε
1501 3890 1693 3963 πλάνη,
1736 3895 1823 3944 καὶ
1860 3899 1933 3962 τῷ
1970 3891 2076 3944 όνό-

375 3996 522 4049 ματι,
563 3975 698 4028 ἀλλὰ
729 3981 817 4028 καὶ
856 3984 1071 4052 Σευῆρον
1101 3984 1193 4031 τοῦ
1234 3979 1394 4031 αὐτοῦ
1424 3984 1584 4032 τόπου
1624 3977 1774 4033 οὐδὲν
1804 3978 1957 4039 ἧττον
1987 3984 2074 4033 καὶ

375 4066 468 4117 τοῦ
512 4066 611 4130 ἰοῦ,
654 4068 831 4117 Ξενέαν
869 4066 957 4118 τὸν
986 4067 1352 4141 Ἰεραπολίτην,
1389 4068 1553 4143 Κύρον
1591 4070 1677 4121 τόν
1705 4066 1942 4135 Ἐδέσης,
1982 4072 2075 4122 Πέ-

372 4174 491 4229 τρον
523 4155 612 4206 τόν
650 4157 960 4227 Ἀπαμείας,
991 4155 1048 4208 όύ
1088 4158 1240 4228 μόνον
1281 4159 1407 4231 ύπέρ
1438 4167 1530 4220 τῆς
1572 4158 1783 4222 οἰκείας,
1816 4158 1945 4210 ἀλλὰ
1985 4162 2072 4210 καὶ

2196 437 2477 498 mentum,
2502 431 2560 485 in
2590 447 2705 502 quo
2730 430 2983 501 seipsum
3016 431 3249 501 decipit,
3284 432 3544 503 quisquis
3572 432 3753 501 ligna,
3810 433 3877 485 fe-

2195 537 2355 587 num,
2393 521 2633 590 stipulas
2659 519 3073 575 consumendas
3122 520 3354 589 ignibus
3428 520 3877 590 supermdiﬁcare

2192 608 2513 664 teutaverit.
2544 609 2641 663 His
2672 608 2972 662 interfecta
3003 614 3136 661 sunt
3194 608 3518 679 Eutychetis
3566 615 3620 663 et
3641 609 3881 663 Nestorii

2196 713 2413 751 venena
2442 698 2697 751 conciliis
2741 714 2753 751 :
2786 697 2921 767 quia
2945 697 3247 751 adversum
3297 698 3600 751 dominicae
3659 698 3880 767 dispen-

2194 787 2429 841 sationis
2469 787 2696 841 salubre
2727 786 3094 857 mysterium,
3127 787 3261 840 dum
3294 787 3579 839 contraria
3635 788 3791 841 inter
3835 806 3883 841 se

2193 874 2579 945 disputatione
2604 875 2887 940 nituntur,
2921 875 3025 928 sub
3054 875 3299 945 quadam
3325 875 3606 943 sacrilegii
3657 877 3884 946 aequali-

2195 968 2311 1018 tate
2363 963 2748 1031 consentiunt,
2806 963 3105 1017 sententiis
3174 964 3448 1034 dispares,
3506 969 3561 1017 et
3591 965 3883 1034 impietate

2193 1054 2541 1107 concordes:
2619 1068 2867 1123 quorum
2925 1053 3070 1106 alter
3142 1054 3341 1106 nolens
3372 1052 3595 1106 beatam
3656 1053 3883 1106 Mariam

2193 1139 2475 1210 virginem
2511 1138 2611 1194 Dei
2642 1156 2764 1193 esse
2796 1138 3155 1209 genitricem,
3184 1139 3240 1192 in
3261 1139 3503 1192 Domino
3531 1145 3727 1192 nostro
3762 1155 3883 1209 qua:

2194 1229 2359 1282 unita
2386 1232 2538 1293 sunt,
2570 1228 2787 1295 dividit,
2823 1228 2969 1281 alter
3019 1228 3153 1281 dum
3212 1228 3676 1281 convenientium
3736 1233 3889 1280 natu-

2195 1333 2387 1371 rarum
2437 1316 2674 1387 propria
2721 1322 2774 1370 et
2833 1320 2989 1370 certa
3030 1316 3349 1383 confundit,
3392 1317 3727 1387 mysterium
3790 1332 3882 1369 no-

2195 1412 2325 1460 strae
2356 1405 2771 1475 redemptionis
2805 1404 3115 1474 exstinguit
3150 1422 3163 1458 ε
3194 1404 3337 1458 alter
3372 1404 3604 1459 Photini
3654 1410 3883 1471 sectam,

2194 1494 2337 1547 alter
2366 1495 2602 1549 Manetis
2634 1494 2914 1547 insaniam
2946 1493 3125 1564 impia
3157 1493 3494 1562 contagione
3524 1494 3885 1561 contingens.

2192 1584 2507 1637 Adversum
2538 1583 2660 1647 hos,
2691 1582 3041 1636 dilectissimi
3076 1582 3301 1647 fratres,
3358 1582 3587 1650 provisa
3634 1582 3886 1635 remedia

2193 1673 2289 1726 illa
2323 1672 2499 1726 animi
2519 1672 2727 1724 virtute
2750 1670 3057 1737 defendite,
3082 1686 3195 1741 qua
3222 1670 3279 1723 in
3312 1670 3745 1723 labefactionem
3794 1687 3885 1723 eo-

2194 1778 2322 1815 rum
2356 1759 2560 1815 videtis
2616 1759 2912 1813 hasreticos
2970 1758 3262 1829 impietate
3319 1774 3598 1829 pugnare.
3663 1759 3791 1812 Non
3823 1759 3887 1811 sit

2192 1851 2357 1921 pigra
2388 1848 2639 1903 veritatis
2670 1848 2928 1902 assertio.
2964 1848 3085 1914 Quo
3126 1848 3314 1901 studio
3366 1853 3591 1918 oportet
3642 1849 3887 1902 salutem

2191 1939 2373 2008 diligi,
2441 1953 2571 1991 cum
2640 1937 2875 1991 videatis
2947 1936 3332 2006 perditionem
3402 1936 3755 1989 mortiferam
3812 1938 3885 1989 sic

2190 2026 2413 2082 amari?
2461 2026 2675 2097 pudeat
2723 2025 3190 2096 segniter'asseri
3220 2025 3473 2079 veritatis
3519 2026 3671 2095 leges
3709 2042 3721 2078 :
3755 2042 3884 2079 cum

2189 2122 2306 2171 tam
2352 2116 2723 2187 pertinaciter
2769 2114 3152 2169 defendantur
3209 2130 3447 2168 errores.
3508 2115 3574 2167 Et
3623 2119 3885 2169 auctores

2190 2205 2422 2277 quidem
2446 2205 2838 2258 inventionum
2875 2204 3179 2269 malarum,
3215 2220 3343 2274 quae
3369 2203 3738 2273 praediximus
3786 2222 3879 2275 sy-

2189 2294 2389 2348 nodica
2418 2294 2727 2347 constituta
2750 2292 2929 2363 justis
2960 2292 3536 2346 condemnationibus
3564 2293 3884 2364 insequun—

2190 2384 2449 2437 turzsed
2494 2399 2592 2435 vos
2636 2382 2809 2436 etiam
2871 2398 3141 2452 sequaces
3196 2397 3395 2435 eorum
3444 2388 3507 2434 ut
3563 2381 3883 2449 declinetis,

2189 2471 2404 2541 pariter
2457 2472 2852 2539 admonemus,
2909 2487 3053 2540 quos
3104 2470 3417 2540 apostolica
3471 2470 3630 2523 sedes
3677 2477 3735 2523 et
3785 2470 3884 2523 de-

2187 2560 2496 2631 prehendit
2532 2576 2697 2631 pares
2730 2560 3059 2614 auctoribus
3089 2560 3229 2623 suis,
3267 2564 3322 2611 et
3375 2559 3669 2628 conjunxit
3726 2559 3886 2613 addi-

2188 2649 2292 2703 ctis
2310 2649 2633 2719 (damnatis)
2664 2648 3025 2703 Timotheum
3058 2648 3421 2718 parricidam,
3457 2652 3510 2700 et
3544 2648 3884 2701 Dioscorum

2188 2740 2245 2791 et
2272 2736 2499 2790 Petrum
2533 2735 2971 2803 Alexandrinos,
3005 2737 3270 2789 Acacium
3301 2737 3885 2805 Constantinopolita-

2188 2841 2349 2893 num,
2374 2841 2501 2878 curn
2526 2824 2864 2895 sequacibus
2896 2827 3032 2879 suis.
3064 2825 3482 2879 Autiochenum
3517 2840 3748 2895 quoque
3783 2826 3887 2878 Pe-

2188 2917 2343 2967 trum
2374 2913 2644 2984 praedicto
2668 2914 2918 2969 similem
2950 2915 3095 2968 sicut
3127 2930 3318 2967 errore
3350 2914 3428 2967 sic
3454 2914 3683 2966 nomine
3719 2930 3733 2967 :
3785 2915 3885 2967 sed

2187 3006 2241 3056 et
2285 3002 2556 3057 Severum
2607 3002 2865 3072 ejusdem
2920 3002 3051 3067 loci,
3112 3001 3488 3055 nihilominus
3543 3002 3612 3069 fet
3651 3002 3886 3066 veneni,

2186 3091 2467 3147 Xenaiam
2498 3090 2785 3161 (Xeneam)
2825 3092 2959 3144 item
2986 3090 3415 3160 Hieropolitem,
3454 3091 3464 3123 '
3503 3090 3711 3160 Cyrum
3769 3091 3887 3143 Ela.

2186 3179 2419 3234 deusem
2462 3180 2881 3250 (Edessenum),
2911 3179 3140 3233 Petrum
3163 3181 3453 3249 Apameae,
3487 3193 3599 3230 non
3622 3177 3743 3247 jam
3777 3194 3885 3248 pro

2184 3286 2287 3323 sua
2331 3274 2577 3335 tantum,
2634 3270 2729 3323 sed
2778 3286 2883 3338 pro
2930 3268 3174 3323 aliorum
3228 3284 3458 3338 quoque
3511 3267 3887 3321 damnatione

2184 3358 2578 3412 damnandos:
2608 3357 2709 3428 qui
2742 3374 2871 3411 cum
2904 3373 2961 3411 se
2989 3356 3325 3427 opinionum
3362 3371 3591 3408 suarum
3612 3356 3885 3410 sordibus

2183 3448 2574 3501 indesinenter
2605 3447 2924 3513 involvunt,
2959 3447 3103 3500 alios
3137 3463 3365 3517 quoque
3418 3446 3693 3513 docendo,
3748 3462 3881 3517 qum

2183 3539 2329 3591 male
2361 3537 2603 3591 assecuti
2642 3541 2794 3605 sunt,
2862 3537 3216 3607 polluerunt,
3282 3535 3564 3606 generalis
3618 3536 3883 3589 mandati

2183 3626 2517 3680 salubritate
2549 3642 2647 3679 vos
2677 3641 2887 3679 moneo
2931 3640 2942 3679 :
2978 3624 3271 3695 Quidquid
3318 3625 3587 3679 adversus
3650 3625 3885 3695 regulas

2184 3715 2415 3768 Patrum
2453 3714 2521 3767 de
2553 3713 2902 3785 quibuslibet
2930 3713 3386 3785 .commentariis
3439 3712 3751 3783 profertur,
3790 3712 3886 3766 ab-

2178 3802 2355 3873 jicite.
2382 3804 2581 3857 Nullus
2606 3819 2705 3857 vos
2734 3802 3251 3871 incongruentibus
3282 3802 3600 3872 praeceptis,
3637 3807 3737 3854 aut
3774 3818 3882 3855 no-

2182 3892 2264 3945 vis
2296 3896 2518 3945 moveat
2548 3892 2840 3946 institutis.
2874 3892 2929 3947 Si
2953 3892 3105 3945 enim
3151 3890 3425 3945 mundani
3482 3895 3635 3956 sunt,
3695 3896 3754 3944 et
3783 3892 3885 3944 Ec—

2182 3981 2378 4034 clesias
2408 3985 2601 4034 tenere
2658 3996 2776 4034 non
2828 3986 3068 4051 possunt
3096 3996 3109 4034 :
3151 3983 3286 4051 quia
3310 3980 3391 4032 eis
3408 3980 3673 4033 convenit
3694 3980 3885 4049 magis

2183 4069 2418 4136 discere,
2452 4084 2624 4139 quam
2657 4069 2883 4125 docere.
2917 4069 3082 4123 Nefas
3123 4074 3209 4123 est
3237 4069 3391 4122 enim
3437 4068 3709 4123 altaribus
3769 4068 3883 4138 piis

2180 4158 2488 4229 peregrina
2518 4158 2728 4212 inferre
2781 4158 3108 4212 libamina:
3167 4158 3302 4229 quia
3351 4164 3530 4211 certos
3590 4157 3883 4228 religiosis

373 4244 500 4319 ὑπὲρ
538 4252 632 4306 τῆς
680 4253 781 4297 τῶν
818 4244 987 4297 ἄλλων
1033 4247 1221 4317 ὁμοίως
1263 4245 1550 4313 ἀπωλείας,
1592 4248 1956 4320 κοῖτακριτέους

2285 4247 2504 4318 ciplinis
2544 4246 2824 4301 terminos
2858 4248 3005 4301 Deus
3055 4248 3204 4300 inter
3245 4247 3367 4317 ipsa
3406 4262 3633 4317 quoque
3688 4247 3880 4300 cultus

372 4353 503 4395 τινες
543 4332 591 4385 ἓν
631 4332 738 4405 ὅσῳ
780 4333 992 4395 ἑαυτούς
1030 4340 1138 4396 τοῖς
1176 4334 1361 4407 ῥύποις
1401 4344 1493 4397 τῆς
1536 4332 1675 4396 ἰδιας
1709 4332 1865 4397 δόξης
1905 4334 2071 4387 ἀπαύ-

375 4441 509 4484 στως
549 4421 895 4493 ἐγκυλίουσιν,
937 4421 1124 4484 ἄλλους
1172 4425 1360 4495 ὁμοίως
1401 4423 1449 4474 ἐν
1487 4432 1559 4493 τῷ
1601 4421 1902 4488 διδάσκειν,
1950 4427 2069 4485 τοὺς

374 4519 543 4571 κακῶς
582 4510 759 4571 αύτοῖς
789 4509 1248 4573 ἀκολουθήσαντας
1280 4511 1546 4583 ἐμόλυναν,
1589 4510 1682 4565 διὰ
1726 4519 1928 4583 γενικῆς
1966 4532 2067 4564 σω-

372 4596 666 4671 τηριὼδους
710 4598 915 4661 ἐντολῆς
946 4601 1068 4672 ύμῖν
1109 4609 1363 4674 παραινῶ.
1398 4607 1505 4653 Πᾶν
1535 4600 1614 4653 ὃτι
1662 4597 1749 4653 οὖν
1789 4601 2070 4664 ἐξεναντίας

374 4695 475 4739 τῶν
540 4696 804 4760 πατρικῶν
874 4694 1113 4755 κανόνων,
1189 4690 1241 4753 ἐξ
1305 4687 1626 4749 οἱωνδήποτε
1688 4691 2071 4764 ύποπνημάτων

374 4777 732 4849 προενεχθείη,
776 4775 1079 4831 ἀπώσαστε.
1122 4776 1322 4841 Μηδεὶς
1362 4779 1497 4852 ὑμᾶς
1537 4778 1887 4854 ἀπροσφόροις
1915 4801 2074 4855 προσ-

375 4863 665 4936 τάγμασιν,
708 4869 737 4924 ὴ
785 4870 1045 4940 νεωτέροις
1087 4869 1342 4940 όρίσμασι
1388 4872 1694 4921 καινισάτω.
1746 4870 1789 4920 εἰ
1836 4872 1926 4941 μὲν
1972 4872 2072 4943 γάρ

376 4953 478 5005 εἰσι
528 4957 789 5025 κοσμικοὶ,
822 4958 909 5006 καί
949 4954 1008 5006 ού
1059 4952 1306 5009 δύνανται
1346 4960 1439 5019 τὰς
1487 4956 1767 5018 ἐκκλησίας
1808 4962 2073 5029 κατέχειν,

376 5038 555 5101 ἐπειδὴ
596 5042 800 5105 τούτοις
831 5043 1048 5117 ἁρμόζει
1080 5048 1137 5096 τό
1168 5043 1542 5111 διδάσκεσθαι,
1586 5046 1776 5119 μᾶλλον
1817 5048 1845 5104 ἡ
1882 5044 2075 5099 διδάσ-

372 5150 493 5184 κειν·
546 5130 790 5204 ἀθέμιτον
838 5137 937 5207 γὰρ
986 5142 1093 5194 τοῖς
1137 5134 1439 5206 σεϐασμίοις
1486 5138 1880 5210 θυσιαστηρίοις
1932 5136 2072 5199 ξένας

376 5225 679 5296 προσφέρειν
711 5220 965 5290 σπονδὰς,
1014 5220 1207 5275 ἐπειδεί
1246 5230 1423 5294 σαφεῖς
1461 5224 1721 5278 εύσεϐέσιν
1762 5224 2074 5298 ἐπιστήμαις

375 5310 525 5383 ὄρους
565 5310 614 5363 ἐν
658 5312 833 5374 αὐτοῖς
876 5314 1065 5384 ὁμοίως
1106 5320 1199 5375 τῆς
1242 5309 1383 5374 ἰδίας
1422 5319 1575 5385 τιμῆς
1622 5320 1733 5389 τρῖς
1783 5320 2074 5390 προοιμίοις

449 5452 849 5537 ’.Facuudus,-
902 5470 1058 5537 pag.’
1101 5458 1257 5537 tos,“
1289 5455 1555 5537 meminit
1590 5456 1971 5537 ‘hujusncyri,
2022 5460 2077 5537 et

375 5524 776 5582 Nestorianum
822 5524 1267 5583 facitheminit
1302 5532 1360 5582 et
1408 5524 1701 5583 Enuodius
1748 5524 1998 5584 distinct.
2045 5530 2076 5582 6

2180 4336 2633 4407 suipraescripsit
2661 4335 2827 4391 initia
2852 4352 2865 4402 ;
2900 4336 3049 4389 inter
3082 4336 3279 4390 levitas
3304 4341 3359 4389 et
3388 4336 3669 4405 populum
3706 4352 3879 4389 suum

2181 4426 2369 4479 divisit
2392 4426 2666 4480 ofﬁcium.
2698 4426 2826 4481 Alia
2857 4428 2942 4478 est
2972 4428 3226 4494 potestas
3248 4425 3572 4491 hominum,
3616 4425 3728 4477 alia
3772 4425 3883 4477 mi-

2181 4514 2415 4568 nisteria
2446 4515 2804 4568 sacerdotum
2857 4513 3008 4585 (Luc.
3073 4513 3171 4584 x):
3223 4514 3479 4567 incitavit
3517 4514 3710 4584 potius
3767 4514 3878 4567 Do-

2181 4603 2426 4667 minum,
2460 4619 2629 4673 quam
2662 4603 2923 4673 placavit,
2955 4603 3052 4673 qui
3075 4608 3379 4657 externum
3422 4602 3615 4673 ignem
3669 4603 3885 4657 divinis

2182 4690 2367 4761 adytis
2398 4706 2688 4744 sacrorum
2725 4695 3036 4745 temerator
3056 4690 3289 4745 invexit.
3324 4692 3459 4755 Quis
3479 4696 3565 4744 est
3613 4692 3714 4761 qui
3768 4692 3888 4746 sibi

2182 4780 2239 4833 in
2271 4779 2474 4832 alienis
2506 4779 2783 4833 institutis
2807 4779 3049 4851 jubendi
3079 4781 3475 4835 auctoritatem
3509 4781 3689 4851 possit
3720 4797 3889 4834 assu-

2181 4884 2356 4934 mere,
2389 4883 2520 4922 cum
2577 4884 2691 4922 non
2731 4869 2803 4922 sit
2854 4869 3194 4939 ambiguum
3232 4870 3523 4924 offerentis
3582 4869 3877 4923 honorem

2182 4956 2437 5010 debitum
2469 4974 2570 5027 pro
2601 4957 2720 5010 sola
2741 4956 2913 5010 ofﬁcii
2945 4959 3395 5028 prtesumptione
3454 4958 3769 5028 punitum?
3820 4960 3887 5013 ln

2181 5046 2339 5117 regia
2366 5046 2857 5101 Oziasreverentia
2882 5051 2939 5101 et
2985 5047 3480 5102 administratione
3520 5049 3891 5118 permansis-

2182 5142 2267 5190 set
2317 5136 2411 5205 (II
2452 5138 2580 5191 Par.
2626 5136 2795 5207 xxvu),
2828 5137 2875 5190 si
2936 5137 3186 5190 monitus
3244 5143 3419 5191 tanta;
3469 5137 3884 5193 destructiouis

2182 5226 2441 5296 exemplo
2472 5242 2535 5279 ac
2566 5226 2846 5295 religiosis
2894 5226 3187 5289 institutis,
3234 5227 3491 5281 timendo
3539 5243 3714 5297 quam
3768 5228 3896 5282 haec

2184 5315 2525 5369 assumendo
2554 5314 2794 5369 meliora
2825 5318 3198 5386 temperasset
3225 5315 3458 5384 (melius
3478 5316 3849 5388 imperasset)
3874 5334 3892 5373 :

2184 5457 2533 5515 Victor'l‘un.
2566 5462 2623 5515 et
2650 5458 2858 5532 Evagr.
2883 5460 2984 5517 lib.
3009 5477 3089 5531 ui,
3122 5476 3245 5533 cap.
3279 5464 3368 5519 3t.
