4038 6170
173 246 249 299 421
642 242 645 247 ’
1421 231 1784 290 EPISTOLIE

1984 230 2294 287 DECRETA.
3504 233 3609 287 422

171 368 432 448 προέγραψε,
477 365 665 440 μεταξὺ
709 369 957 430 Λευιτῶν,
994 367 1082 417 καὶ
1128 369 1221 416 τοῦ
1272 360 1412 416 ἰδίου
1464 366 1588 415 λαου
1646 361 1803 417 διεῖλε

1984 364 2011 417 d
2036 363 2173 417 dum
2196 378 2297 415 nec
2327 360 2761 431 prohibentibus
2792 359 3106 414 cultoribus
3163 362 3365 431 templi
3426 365 3603 432 perti—

171 472 243 521 τῆν
282 460 591 531 λειτουργίαν.
632 453 791 512 Ἀλλη
837 452 979 506 ἐστὶν
1020 454 1051 511 ἡ
1101 460 1200 504 τῶν
1244 451 1527 526 ἀνθρώπων
1572 452 1800 519 ἐξουσία,

1984 469 2018 506 x
2058 455 2368 505 temerator
2398 449 2640 515 absistit,
2685 448 2835 502 inter
2863 448 3047 519 ipsam
3088 450 3259 519 lepra!
3309 450 3604 505 abomina-

168 552 290 605 ἄλλαι
330 548 379 600 αἱ
434 553 527 598 τῶν
575 545 745 618 ἱερέων
800 543 1103 617 ὑπηρεσίαι·
1153 541 1421 616 παρώξυνε
1474 543 1664 614 μᾶλλον
1718 546 1805 595 τὸν

1984 556 2125 595 mem
2172 555 2497 610 percussus,
2546 538 2745 592 altaria
2795 542 2851 591 et
2898 538 3084 591 ofﬁcia
3131 538 3294 609 regni
3336 541 3605 609 perdidit,

170 641 337 714 Κύριον,
367 640 487 709 ἤπερ
522 633 847 697 ὶξιλεὼσατο,
876 633 932 693 ὃς
970 632 1235 706 ἀλλότριον
1271 636 1376 706 πῦρ
1416 631 1465 683 ἐν
1500 638 1610 693 τοῖς
1650 632 1805 693 θείοις

1984 647 2048 683 ιη
2081 629 2396 683 ministeria
2445 626 2749 682 sacerdotis
2799 627 3031 681 invadit.
3078 628 3271 682 Sciant
3313 645 3449 699 ergo
3492 647 3605 684 non

165 726 343 787 ἀδύτοις
368 727 431 776 τὰ
464 724 569 797 ἱερά
604 723 827 795 μολύνας
857 721 1204 792 ἐπεισηνεγκε·
1235 726 1323 782 Τὶς
1352 720 1512 787 ἐστιν,
1546 722 1599 783 ὁς
1640 721 1806 791 ἐαυτῷ

1984 734 2033 771 se
2079 722 2309 786 accepta
2347 733 2379 769 a
2421 718 2558 782 Deo,
2602 731 2728 786 quze
2778 715 2846 768 de
2904 716 3186 769 mandatis
3233 718 3355 787 ejus
3403 735 3432 771 a
3468 735 3606 788 pra)-

166 818 204 871 ὶν
235 816 492 887 ἀλλοτρίοις
532 814 854 883 θεσπίσμασι
892 818 983 863 τοῦ
1027 809 1246 862 κελεύειν
1289 813 1378 867 τὴν
1409 810 1676 862 αὐθεντίαν
1718 808 1808 862 δύ-

1984 806 2305 876 mptoribus
2347 810 2736 871 assumuntur,
2786 805 3018 874 quando
3066 821 3245 858 unum
3295 806 3365 859 ad
3412 813 3607 860 osten-

165 926 283 959 ναται
313 900 641 977 προσλαϐεἰν;
680 904 766 951 καὶ
804 901 905 974 γὰρ
938 898 1031 950 οὐκ
1067 900 1206 950 ἔστιν
1243 898 1525 972 ἀμφίϐολόν
1559 918 1610 951 τι
1648 918 1808 973 προσ-

1984 912 2132 949 mem
2170 894 2466 948 sententiae
2484 893 2691 946 vivacis
2723 893 3015 946 dedecoris
3047 894 3296 964 (magnae
3339 895 3606 949 deformi-

166 1000 335 1068 φέροντα
368 992 514 1063 τιμὴν
548 992 1014 1063 κεχρεωστημένην
1053 989 1179 1061 ὑπὲρ
1220 994 1379 1060 μόνης
1426 995 1518 1051 τῆς
1558 990 1803 1062 ἔγχειρή-

1984 985 2067 1051 tis)
2108 1000 2276 1054 pcena
2310 982 2572 1049 servavit,
2608 982 2745 1034 alios
2784 983 2941 1035 velox
2973 982 3205 1036 ﬂamma
3233 986 3602 1055 consumpsit.

166 1104 265 1144 σεως
290 1089 371 1142 τῆς
413 1079 733 1153 λειτουργίας
770 1079 1159 1151 τετιμωρῆσθαι
1194 1076 1243 1128 ἓν
1282 1086 1353 1149 τῷ
1383 1086 1505 1149 ναῷ.
1553 1079 1729 1139 Ὀζῖας
1759 1075 1809 1128 έν

1984 1073 2074 1126 lod
2098 1074 2143 1125 si
2174 1080 2326 1138 sunt,
2370 1088 2499 1142 qua:
2542 1069 2835 1139 religionis
2884 1070 3076 1141 aliquo
3124 1074 3310 1125 colore
3351 1080 3608 1127 contecta

236 1168 460 1240 εὐλαϐείᾳ,
507 1172 597 1219 καὶ
628 1175 690 1225 τῆ
721 1168 979 1239 ὑπηρεσίᾳ
1010 1164 1276 1237 διέμεινεν,
1321 1168 1364 1219 εἰ
1397 1165 1454 1221 δὲ
1484 1170 1806 1227 νουθετηθεὶς

1984 1164 2049 1229 it,
2089 1161 2233 1215 vires
2282 1161 2491 1214 habere
2532 1164 2844 1230 nequeunt,
2890 1176 3017 1230 qua:
3060 1161 3233 1214 tantis
3280 1164 3609 1217 auctoribus

1914 1252 2287 1305 reluctantur.
2321 1249 2544 1303 Clamat
2577 1249 2787 1302 Paulus
2821 1250 3138 1317 apostolus,
3168 1251 3324 1303 Licet
3352 1268 3475 1317 nos,
3509 1255 3611 1306 aut

1914 1340 2153 1411 angelus
2184 1338 2253 1393 de
2280 1338 2423 1392 caelo
2451 1337 2799 1407 evangelizet
2840 1338 3014 1403 vobis,
3046 1341 3425 1410 praeterquam
3464 1341 3611 1412 quod

1915 1428 2437 1497 evangelizavimus
2468 1427 2643 1489 vobis,
2675 1428 2985 1480 anathema
3012 1428 3088 1479 sit
3116 1427 3263 1498 (Gal.
3299 1430 3357 1497 ι).
3389 1431 3497 1483 Nec
3528 1447 3612 1484 se-

1916 1520 2029 1573 mel
2061 1520 2167 1572 hoc
2196 1517 2400 1571 dixisse
2445 1515 2672 1582 sufficit,
2706 1516 2915 1585 repetit
2958 1516 3185 1570 salubre
3223 1519 3559 1573 mandatum
3593 1536 3606 1574 :

1920 1609 2084 1663 Sicut
2121 1605 2490 1677 praediximus
2526 1611 2578 1661 et
2605 1621 2757 1659 nunc
2790 1604 2999 1658 iterum
3033 1604 3179 1672 dico,
3214 1606 3279 1659 Si
3306 1610 3433 1677 quis
3460 1609 3614 1662 vobis

1919 1696 2419 1769 evangelizaverit,
2453 1697 2659 1763 praeter
2690 1694 2750 1747 id
2775 1694 2923 1764 quod
2951 1694 3270 1765 accepistis,
3303 1697 3615 1752 anathema

1917 1787 2013 1842 sit.
2050 1787 2244 1841 Servet
2288 1800 2424 1854 ergo
2479 1786 2649 1837 latam
2700 1799 2801 1853 pro
2835 1782 2968 1836 ﬁdei
3005 1784 3438 1838 conservatione
3484 1801 3611 1839 sen-

1920 1875 2185 1941 tentiam,
2219 1870 2479 1944 quisquis
2513 1870 2884 1941 apostolicam
2917 1868 3175 1940 sequitur
3206 1870 3569 1941 disciplinam
3601 1888 3616 1927 :

1920 1970 1976 2020 et
1998 1964 2229 2035 quidem
2260 1961 2423 2016 nobis
2453 1976 2589 2013 cura
2619 1974 2735 2013 non
2770 1958 2989 2026 defuit;
3022 1974 3155 2012 nam
3193 1960 3422 2029 gemino
3454 1961 3615 2032 lega-

1919 2053 2094 2108 tionis
2121 2051 2310 2105 ofiicio
2339 2048 2620 2120 quidquid
2653 2047 2712 2101 in
2758 2047 3023 2117 precibus
3061 2047 3301 2115 humile,
3337 2049 3614 2121 quidquid

1920 2142 1981 2196 in
2012 2138 2454 2211 allegationibus
2500 2137 2855 2201 rationabile,
2894 2136 3173 2206 quidquid
3222 2137 3282 2191 in
3332 2140 3615 2193 mandatis

1922 2231 2149 2284 salubre
2180 2227 2510 2281 detulimus.
2549 2225 2658 2280 Sed
2690 2226 2949 2296 nunquid
2996 2225 3123 2279 ideo
3153 2226 3503 2298 negligenda
3532 2233 3617 2282 cst

1916 2319 2157 2391 justitias
2189 2317 2322 2370 via?
2353 2316 2459 2380 Qui
2492 2331 2713 2369 errores
2752 2318 2889 2368 suos
2924 2314 3112 2385 diligit
3156 2317 3452 2387 (quoniam
3482 2318 3613 2371 inti-

1924 2410 2122 2464 delitas
2186 2423 2317 2460 suos
2378 2421 2602 2459 errores
2639 2410 2813 2471 amat,
2873 2407 3005 2471 etc.)
3050 2421 3179 2458 cum
3231 2406 3612 2459 obstinatione

1922 2498 2199 2571 perfidiis,
2242 2511 2356 2549 non
2388 2498 2521 2547 sunt
2561 2490 2846 2563 jungendi
2877 2509 3004 2546 cum
3037 2494 3369 2547 cadentibus
3400 2495 3611 2564 lapsus.

1923 2590 2054 2645 Sine
2083 2590 2271 2639 nostra
2304 2582 2647 2653 contagione
2686 2586 2945 2652 pereant,
2976 2581 3077 2651 qui
3116 2583 3186 2635 ab
3224 2582 3615 2652 impietatihus

1926 2677 2041 2732 suis
2075 2691 2176 2729 nec
2216 2674 2492 2743 castigato
2534 2688 2727 2724 errore
2762 2671 3070 2725 declinant.
3122 2672 3186 2725 Et
3232 2671 3343 2725 alia
3393 2689 3564 2726 manu
3598 2690 3610 2726 :

164 2766 252 2839 παρ’
289 2766 674 2841 ὂπαρελάϐετε,
736 2765 972 2839 ἀνάθεμα
1020 2769 1175 2822 ἔστω.
1209 2789 1238 2817 ››
1288 2768 1537 2822 Φυλάττει
1581 2772 1681 2843 γὰρ
1726 2771 1817 2826 τὴν

1984 2782 2072 2819 eus
2093 2780 2192 2819 vos
2234 2778 2407 2816 sanos
2448 2760 2754 2825 custodiat,
2792 2758 2907 2827 ﬁlii
2942 2758 3323 2815 dilectissimi.
3376 2761 3519 2814 Data
3559 2778 3611 2815 iv

164 2856 508 2925 προς-λεχθεῖσαν
561 2858 666 2907 ὑπό
713 2862 806 2917 τῆς
846 2857 1078 2927 φυλακῆς
1126 2861 1219 2917 τῆς
1264 2862 1491 2919 πίστεως
1536 2857 1813 2930 ἀπίφασιν,

1988 2872 2051 2911 us
2093 2853 2225 2908 Feb.
2279 2852 2451 2922 (anno
2494 2850 2701 2905 Christi
2739 2850 2863 2918 518)
2897 2852 3028 2918 post
3068 2850 3426 2903 consulatum
3467 2854 3613 2921 Aga-

168 2944 198 2990 ιῖ
217 2961 280 3003 τις
304 2952 359 3016 τῇ
387 2944 738 3017 Ἀποστολικῇ
769 2945 1044 2997 ἀκολουθεῖ
1072 2942 1419 3018 διδασκαλίαι
1450 2950 1538 2998 καὶ
1569 2949 1691 3020 ἡμῖν
1728 2951 1816 3022 μὲν
1857 2968 1897 3023 C
1926 2945 2047 3018 peti
2078 2944 2141 2997 V.
2178 2943 2238 2997 C.

165 1269 219 1330 τῷ
243 1255 567 1329 ὑποδείγματι
605 1264 701 1318 τῆς
739 1257 1001 1316 τοσαύτης
1041 1254 1361 1317 ἐπιπλήξεως
1389 1255 1493 1308 ἀπὸ
1532 1265 1629 1308 τῶν
1666 1258 1808 1329 ἱερῶν

164 1346 400 1408 διατάξεων
432 1344 658 1417 ἐφοϐήθη
693 1344 885 1417 μᾶλλον
918 1346 947 1403 ἦ
976 1345 1325 1417 κατετόλμησε
1354 1348 1569 1412 τούτων,
1606 1345 1809 1416 ἄμεινον

160 1436 205 1489 ἂν
240 1434 566 1487 ἐϐασίλευσεν·
609 1434 723 1486 ἀλλ’
762 1431 940 1492 ἐπειδη
982 1432 1120 1506 μηδὲ
1169 1434 1466 1486 κωλυόντων
1503 1454 1602 1487 των
1640 1433 1812 1505 ἐπιμε-

160 1526 291 1583 λητων
316 1532 398 1576 τοῦ
426 1532 550 1575 ναοῦ
580 1526 607 1576 ὁ
641 1523 881 1596 ἐπίμονος
914 1523 1222 1597 παραϐάτης
1261 1523 1484 1582 ἀπέστη.
1521 1524 1601 1576 Ἐν
1632 1523 1810 1584 αὐτοῖς

160 1613 439 1687 βὸιλύγματι
479 1612 670 1687 λέπρας
708 1613 923 1684 πληγεὶς
968 1620 1077 1673 τοῖς
1122 1615 1521 1687 θυσιαστηρίοις
1571 1617 1665 1670 τὴν
1712 1612 1810 1664 λει-

159 1709 355 1778 τουργίαν
382 1711 468 1764 τῆς
504 1702 781 1775 βασιλείας
813 1701 1091 1767 ἀπολέσας,
1220 1702 1481 1777 ὐπηρεσίᾳ
1510 1710 1602 1754 τοῦ
1642 1703 1810 1776 ἱερέως

161 1792 351 1845 ἐπελθών·
403 1794 803 1844 Γινωσκέτωσαν
853 1795 1129 1865 τοιγαροῦν
1181 1796 1251 1863 μὴ
1302 1792 1429 1843 εἶναι
1485 1798 1599 1862 Θεῷ
1658 1810 1814 1865 φροσ-

163 1880 301 1946 ϐατὰ,
346 1883 468 1956 ἅπερ
517 1880 575 1933 ἐκ
622 1886 715 1932 τᾶν
763 1880 922 1931 αὐτοῦ
967 1879 1180 1931 ἐντολῶν
1218 1880 1360 1954 παρὰ
1398 1888 1496 1932 τῶν
1542 1879 1813 1954 τολμηρῶν

162 1970 483 2043 ὑφαρπάζεται,
522 1973 681 2021 ὁπότε
715 1968 802 2021 ἕνα
838 1972 963 2042 προς
996 1965 1246 2031 ἐπίδειξιν
1276 1977 1370 2030 τῆς
1408 1968 1716 2040 ἀποφάσεως
1746 1977 1810 2041 τῇ

163 2067 231 2120 τῆς
263 2059 469 2131 μεγάλης
520 2057 788 2131 ἀκοσμίας
824 2061 1054 2132 τιμωρίᾳ
1090 2057 1350 2129 ἐφυλαξεν,
1396 2058 1582 2119 ἄλλως
1619 2059 1812 2128 ταχινή

162 2146 258 2217 φλὸξ
299 2147 647 2205 κατηνάλωσε.
696 2147 782 2198 Διό
839 2144 904 2203 δὴ
956 2150 1085 2219 ἤπερ
1124 2147 1240 2198 τινὰ
1283 2147 1386 2199 εἰσί
1427 2166 1528 2198 τινι
1570 2147 1815 2218 σχήματί

163 2238 389 2308 θρησκείας
432 2233 743 2308 δεδεγμένα,
789 2235 949 2306 ἰσχὺν
987 2238 1125 2299 ἕΖειν
1173 2234 1233 2287 οὐ
1275 2231 1494 2288 ὃὺναται
1531 2238 1815 2296 τοσαύταις

162 2322 401 2385 αὐθεντίαις
454 2323 937 2396 καταπαλαιόμενα.
988 2329 1093 2394 Βοᾷ
1147 2323 1351 2385 Παῦλος
1398 2326 1424 2376 ὁ
1474 2324 1811 2386 Ἀπόστολοςο

167 2433 181 2459 ι
207 2413 434 2483 κᾲνημεις,
458 2413 486 2471 ἦ
522 2412 741 2483 ἅγγελος
772 2411 826 2474 ἐξ
854 2411 1071 2486 οὐρανοῦ
1094 2411 1494 2483 εὐαγγελίζηταὶ
1513 2415 1667 2485 ύμας,
1691 2414 1813 2486 παρ’

161 2499 180 2548 ὁ
203 2499 634 2573 εὶαγγιλισάμεθα,
666 2499 899 2572 ἀνάθεμα
918 2503 1070 2553 ἔστω·
1097 2519 1122 2554 υ
1146 2501 1251 2572 οὐχ
1267 2500 1407 2564 ἅπαξ
1426 2502 1643 2575 εἰρηκὼς
1662 2509 1815 2554 τοῦτο

162 2586 362 2659 iptio-6w
381 2588 660 2642 ἐπανέλαϐε
682 2587 849 2647 δὲτὴν
870 2589 1237 2661 ὑγειαίνουσαυ
1255 2589 1481 2657 ἐντολὴν,
1509 2613 1535 2641 ‹‹
1558 2598 1625 2652 ὡς
1646 2595 1819 2666 προεί-

160 2694 298 2747 πομεν,
342 2682 423 2729 καὶ
458 2680 582 2751 ἄρτι
626 2677 783 2729 πάλιν
820 2677 969 2748 λέγω,
1006 2681 1051 2731 εἷ
1093 2699 1174 2741 τις
1222 2681 1357 2751 ὑμᾶς
1405 2680 1813 2751 εὐαγγελίσεται,

169 3038 231 3088 οὖν
256 3044 433 3112 ρροντὶς
465 3041 715 3113 ἐνέλειῲε.
751 3046 850 3095 Καὶ
886 3044 984 3116 γὰρ
1014 3050 1077 3115 τῇ
1118 3048 1209 3103 τῆς
1242 3040 1300 3094 δε
1340 3039 1530 3105 διπλῆς
1569 3048 1832 3120 ὑπηρεσίᾳ
1865 3043 2164 3122 πρεσϐείας,
2201 3040 2245 3090 εἴ
2274 3056 2326 3088 τι
2364 3034 2414 3087 ἓν
2443 3042 2556 3096 ταῖς
2597 3032 2813 3092 δεήσεσι
2850 3036 3105 3098 ταπεινὸν,
3141 3036 3186 3086 εἳ
3222 3053 3273 3086 τι
3311 3034 3360 3087 έν
3389 3042 3502 3097 ταῖς
3536 3032 3616 3088 δι·

170 3129 437 3200 ιαιολογίαις
466 3131 700 3203 εὔλογον,
734 3134 779 3183 εἶ
806 3130 910 3183 τιέν
943 3138 1058 3193 ταῖς
1096 3130 1323 3193 ἐντολαῖς
1371 3134 1740 3207 ὑπηνέγκαμεν.
1775 3120 1931 3189 Ἀλλά
1968 3138 2037 3207 μὴ
2083 3128 2176 3184 διὰ
2215 3134 2367 3179 τοῦτο
2411 3124 2671 3197 ἀμελητέα
2707 3123 2848 3176 ἐστὶν
2887 3126 2916 3182 ἡ
2957 3121 3080 3184 ὁδὸς
3118 3131 3210 3184 τῆς
3251 3120 3611 3191 δικαιοσύνης

169 3214 303 3275 ἐπειδή
347 3222 433 3282 τὰς
475 3217 626 3281 ἰδίας
673 3220 872 3282 πλάνας
914 3222 1094 3292 ἀγαπᾷ
1136 3222 1268 3293 μετά
1316 3220 1563 3284 ἀπονοίας
1612 3226 1641 3282 ἡ
1692 3226 1935 3293 ἀπιστία,
1984 3221 2076 3274 οὐκ
2108 3222 2221 3271 ἔστι
2260 3216 2613 3267 συνάπτεσθαι
2651 3214 2782 3285 μετά
2819 3219 2910 3264 τοῦ
2946 3220 3045 3263 τῶν
3089 3215 3379 3265 πίπτόντων
3410 3213 3621 3271 ὀλισθή-

169 3325 307 3375 ματος,
333 3309 441 3360 ἄνεκ
468 3314 569 3371 τῆς
602 3311 851 3383 ἡμετέρας
882 3309 1051 3382 λύμης
1080 3308 1497 3363 ἀπολλύσθωσαν
1529 3314 1575 3363 οἱ
1607 3312 1709 3365 ἀπὸ
1740 3323 1839 3367 τῶν
1869 3314 2071 3367 οἰκείων
2103 3306 2348 3361 ἀσεϐειῶν
2377 3301 2515 3378 μηδὲ
2552 3305 2969 3376 μαστιγουμένης
3000 3302 3091 3363 τῆς
3130 3301 3331 3365 πλάνης
3370 3301 3621 3356 ἐκκλίνον-

167 3411 240 3454 τες.
269 3401 352 3447 Καὶ
380 3397 522 3472 ἑτέρᾳ
550 3403 723 3472 χειρί⁸
745 3405 804 3450 Ὁ
836 3401 962 3460 Θεὸς
994 3398 1128 3471 ὑμᾶς
1158 3400 1482 3470 ὑγιαίνοντας
1516 3397 1826 3476 διαφνλάξη,
1860 3406 2006 3455 τέκνα
2034 3398 2303 3473 ἀγαπητὰ.

223 3481 379 3544 Ἐδόθη
408 3489 790 3561 προτεσσάρων
821 3485 971 3540 εἰδῶν
1001 3492 1359 3562 Φευρουαρίων
1387 3489 1518 3562 μετὰ
1546 3495 1640 3550 τὴν
1668 3494 1919 3545 ὑπατείαν
1942 3494 2240 3564 Ἀγαπητοῦ
2270 3492 2361 3539 τοῦ
2390 3484 2779 3558 λαμπροτάτου.

678 3586 704 3612 ⁸
745 3578 1075 3632 EPISTULA
1112 3579 1283 3633 XXIV.
1923 3587 2075 3637 trum
2095 3578 2405 3651 pertinent,
2429 3582 2484 3628 et
2506 3574 2576 3627 ad
2600 3573 2867 3627 mandata
2881 3570 3177 3638 catholica,
3194 3571 3315 3626 sine
3329 3572 3441 3626 alia
3460 3572 3620 3643 cupis

246 3677 310 3716 Αι)
346 3678 648 3719 ποικκειι
703 3679 1263 3720 TARRACONENSEM
1322 3681 1703 3724 EPISCOPUM.
1926 3666 2382 3739 transgressione
2424 3678 2687 3727 servare;
2722 3676 2976 3731 sperans,
3009 3664 3071 3713 ut
3100 3662 3416 3731 prorogatis
3440 3677 3621 3732 genc-

170 3745 463 3806 Libenterde
489 3755 621 3822 ejus
648 3752 709 3807 in
730 3753 972 3807 Italiam
997 3753 1242 3809 adventu
1263 3755 1567 3825 audivisse,
1590 3757 1819 3813 litteras
1928 3758 2142 3812 ralibus
2180 3755 2249 3808 ad
2310 3752 2711 3823 Hispanienses
2769 3749 3043 3802 Ecclesias
3099 3750 3443 3818 constitutis,
3492 3767 3620 3821 quia

217 3837 277 3889 ad
297 3839 714 3911 Hispanienses
733 3841 802 3895 de
823 3840 1226 3897 ecclesiasticis
1245 3843 1526 3901 institutis
1544 3847 1617 3903 ab
1638 3864 1701 3903 eo
1720 3848 1821 3904 da-
1927 3852 2026 3901 aut
2055 3843 2441 3915 negligentius
2472 3845 2574 3895 aut
2616 3838 2992 3909 irreligiosius
3031 3838 3197 3906 fiunt,
3231 3839 3621 3893 ecclesiasticis

219 3927 291 3979 tas
312 3930 523 3999 probat,
555 3930 723 4001 eique
742 3930 894 3985 vices
916 3948 1055 3985 suas
1080 3932 1405 3990 committit.
1929 3933 2243 4005 disciplinis
2288 3928 2661 4001 congruentia
2691 3931 2712 3951 ⁶
2755 3928 3076 3982 sanciamus
3110 3944 3123 3982 :
3176 3929 3330 3999 quod
3378 3929 3622 4000 amplexi

221 4014 574 4073 Dilectissimo
612 4020 773 4073 fratri
798 4021 1001 4075 loanni
1032 4021 1353 4076 Hormisda.
1930 4041 2147 4089 sumus,
2182 4026 2406 4093 captata
2439 4019 2602 4073 istius
2645 4017 2914 4072 desiderii
2958 4017 3242 4072 facultate.
3280 4018 3428 4082 Quid
3469 4019 3622 4074 enim

220 4101 346 4157 Fecit
388 4107 618 4163 dilectio
659 4113 754 4163 tua
806 4126 929 4163 rem
968 4112 1192 4164 caritati
1242 4116 1295 4166 et
1336 4112 1471 4167 ﬁdei
1501 4129 1822 4184 congruen-
1932 4118 2030 4168 aut
2050 4110 2211 4166 vobis
2232 4108 2472 4176 dulcius,
2502 4122 2675 4178 quam
2699 4122 2827 4159 cum
2853 4105 3117 4159 fidelibus
3147 4106 3308 4176 loqui
3334 4106 3362 4161 7
3388 4113 3486 4160 aut
3512 4110 3624 4162 Deo

166 4191 270 4258 tem,
292 4199 347 4247 ut
373 4197 684 4252 adventum
716 4204 877 4253 tuum
910 4200 980 4253 ad
1012 4200 1231 4253 Italiam
1261 4200 1425 4255 nobis
1464 4202 1695 4256 directis
1727 4205 1821 4258 lit-

1933 4202 2122 4273 aptius
2153 4198 2439 4271 (beatius),
2472 4212 2644 4269 quam
2663 4194 2955 4249 deviantes
2988 4193 3058 4247 ab
3089 4210 3283 4248 errore
3315 4196 3627 4249 revocare?

168 4278 272 4332 teris
295 4282 584 4354 indicaret,
616 4289 673 4340 et
703 4304 832 4358 quas
872 4288 931 4341 in
961 4292 1017 4342 te
1047 4288 1119 4342 sit
1148 4305 1373 4343 summa
1404 4290 1687 4360 religiosae
1721 4308 1818 4345 vo-
1860 4296 1903 4349 D
1931 4292 2253 4347 Salutantes
2330 4287 2506 4357 igitur
2586 4285 2882 4339 caritatem
2945 4299 3059 4355 qua
3132 4283 3456 4354 jungimur,
3523 4299 3627 4354 per

168 4364 357 4424 luntatis
385 4375 734 4429 ostenderet.
777 4379 964 4446 Atque
1002 4376 1223 4431 utinam
1270 4378 1340 4431 ad
1371 4378 1647 4449 plenioris
1678 4380 1823 4435 affe-

170 4460 262 4509 ctus
288 4462 600 4518 satietatem
649 4465 974 4535 praesentiae
1019 4469 1135 4520 tua:
1181 4466 1344 4521 nobis
1384 4466 1592 4538 gaudia
1639 4467 1821 4521 conti-

170 4543 355 4617 gissent,
386 4556 449 4604 ut
478 4555 839 4623 gratulemur
869 4572 974 4609 nos
1023 4560 1079 4609 et
1108 4555 1394 4626 colloquio
1429 4561 1483 4610 et
1518 4556 1825 4627 praesentia

171 4631 269 4701 inii,
300 4654 461 4708 quam
494 4659 697 4697 sumus
725 4649 853 4699 ante
886 4661 990 4714 per
1019 4646 1227 4716 scripta
1256 4646 1557 4716 complexi.
1590 4646 1825 4700 Verum-

170 4722 317 4779 tamen
347 4730 620 4799 probasti,
655 4732 1023 4788 dilectissime
1052 4734 1252 4802 frater,
1286 4750 1400 4805 quo
1445 4734 1825 4790 Christianam

172 4809 303 4868 ﬁdem
335 4820 624 4874 veneraris
658 4821 883 4890 affectu,
917 4823 1055 4877 dum
1091 4841 1158 4877 ea
1202 4840 1331 4895 quae
1364 4824 1435 4878 ad
1465 4825 1693 4894 regulas
1724 4827 1827 4880 Pa-

418 4951 727 5029 sequentes
791 4948 1056 5029 epistolas
1126 4949 1827 5029 collector_decretalium

170 5013 523 5091 fPlSlQlarum}
556 5017 790 5091 S_urium
824 5013 1103 5086 imitatus,
1138 5021 1333 5074 retulit
1365 5021 1433 5074 ad
1466 5021 1828 5074 consulatum

169 5076 356 5152 Agapiti
385 5076 727 5153 secundum,
760 5093 817 5142 et
861 5091 931 5145 ad
979 5076 1194 5145 anulum
1240 5093 1469 5145 Domini
1504 5093 1624 5145 541.
1664 5091 1828 5155 Quod

169 5160 400 5236 silvarum
426 5163 604 5236 esset,
638 5167 932 5236 oporteret
968 5164 1322 5236 Hormisdam
1356 5163 1560 5236 viginti
1601 5166 1657 5215 et
1696 5164 1828 5236 plu-_-

170 5218 297 5308 {ilius
311 5227 470 5280 annis
497 5218 897 5308 pontificatum
919 5234 1369 5308 administrasse,
1402 5218 1504 5304 qui
1533 5218 1830 5287 communi

170 5302 391 5369 omnium
425 5302 767 5369 scriptorum
798 5305 1099 5368 sententia,
1134 5321 1250 5359 non
1286 5302 1437 5357 ultra
1474 5322 1681 5359 novem
1728 5321 1829 5357 an-

171 5372 251 5411 nos
282 5367 463 5421 sedem
508 5367 882 5441 apostolicam
937 5376 1143 5430 tenuit.
1193 5376 1580 5439 Quamobrem
1632 5374 1831 5429 lectori

171 5441 465 5517 Etrgratum
504 5456 597 5495 me
636 5444 918 5517 facturum
947 5446 1218 5516 judicavi,
1263 5446 1310 5499 si
1352 5447 1517 5500 hasce
1558 5447 1830 5517 epistolas

173 5500 471 5588 tigrni‘isdaz,
520 5516 822 5588 consulatu
884 5500 1115 5588 Agapiti
1164 5500 1550 5588 consignatas,
1592 5500 1829 5588 ‘praace-

171 5566 399 5633 dentibus
437 5566 635 5640 eadem
674 5592 815 5643 nota
857 5566 1144 5645 coiistilari
1185 5566 1477 5662 insigtiiitis
1517 5566 1831 5661 ἐπὶ)ῇυῖέέ-

1934 4380 2263 4436 Cassianum
2316 4377 2617 4431 diaconum
2678 4379 2842 4429 tuum
2900 4373 3312 4443 significamus,
3375 4390 3478 4427 nos
3537 4373 3623 4428 di-

1933 4468 2145 4524 rexisse
2175 4465 2468 4538 generalia
2499 4464 2826 4531 constituta,
2869 4463 3077 4533 quibus
3099 4463 3185 4517 vel
3214 4479 3280 4516 ea
3310 4478 3438 4533 qua:
3462 4463 3628 4532 juxta

1934 4576 2183 4616 canones
2222 4558 2436 4614 servari
2488 4557 2732 4611 debeant
2776 4558 3172 4624 competenter
3201 4552 3505 4623 ediximus,
3540 4553 3628 4609 vel

1934 4649 2083 4703 circa
2113 4665 2211 4704 eos
2242 4648 2341 4719 qui
2372 4662 2438 4701 ex
2477 4646 2628 4700 clero
2670 4646 2994 4699 Graecorum
3022 4642 3280 4709 veniunt,
3321 4659 3495 4713 quam
3526 4643 3627 4697 ha-

1934 4737 2068 4793 bere
2117 4739 2379 4807 oporteat
2426 4733 2773 4799 cautionem,
2834 4730 3181 4785 sufﬁcienter
3232 4730 3624 4784 instruximus.

1935 4826 2046 4883 Sen
2100 4829 2158 4881 et
2245 4840 2427 4879 causae
2492 4821 2673 4893 ipsius
2754 4819 3017 4876 ordinem
3075 4818 3628 4887 instructionemque

1936 4967 2083 5006 rem.
3140 4943 3265 4998 Sav.
3311 4945 3519 4999 Bmms.

2008 5019 2249 5075 Erravil
2265 5018 2467 5072 Binius
2492 5034 2620 5072 cum
2650 5032 2881 5071 errasse
2898 5012 3142 5070 credidit
3162 5015 3521 5068 collectorem
3539 5015 3631 5068 de-

1936 5092 2259 5157 cretalium,
2294 5090 2396 5160 qui
2428 5090 2597 5143 hasce
2622 5087 2900 5156 epistolas
2929 5085 3005 5140 ad
3032 5103 3250 5160 annum
3291 5088 3384 5139 521
3412 5086 3632 5160 referre

1935 5163 2133 5223 voluit,
2163 5156 2317 5232 quod.
2339 5176 2543 5232 nempe
2574 5159 2935 5213 consulatum
2967 5156 3324 5232 ordinarium
3353 5156 3630 5232 gerebant

1947 5225 2221 5287 Valerius
2239 5236 2293 5285 et
2325 5225 2706 5296 Justinianus,
2725 5227 3247 5283 extraordinarium
3264 5225 3395 5279 vero
3419 5231 3467 5278 Α
3472 5225 3635 5296 gapi—

1940 5308 2049 5369 tus,
2073 5308 2135 5357 ut
2166 5306 2403 5374 ipsemet
2423 5302 2693 5356 collector
2722 5303 3004 5375 αηηοιαίγ.Δ
3020 5299 3291 5375 tuendum
3311 5296 3507 5375 itaque
3522 5296 3637 5375 fuit

1938 5376 2000 5430 in
2014 5367 2276 5438 editione,
2335 5391 2485 5440 cum,
2508 5390 2613 5443 pro
2632 5388 2786 5428 anno
2805 5376 2928 5438 521,
2948 5372 3043 5424 541
3065 5369 3126 5423 in
3142 5367 3399 5438 margine
3414 5367 3637 5438 positus

1942 5451 2027 5501 est
2055 5447 2240 5501 inquit
2266 5447 2325 5500 R.
2359 5445 2416 5499 C.

2010 5464 2416 5573 ﬁgitﬁgit;
2442 5512 2709 5587 Amplexi
2761 5527 2960 5567 sumus
2987 5508 3244 5582 capitam
3280 5507 3450 5566 istius
3488 5508 3635 5565 desi-

1940 5587 2093 5646 derii
2123 5587 2477 5645 facultatem.
