4038 6170
381 212 484 265 423

1836 205 2219 262 HORMISDE
2257 206 2453 262 ΡΑΡᾹΞ

3769 209 3866 263 424

380 341 605 395 abunde
635 340 876 394 decretis
906 340 1295 394 ecclesiasticis
1326 356 1423 393 vos
1468 339 1769 401 docebunt,
1801 345 1866 394 ut
1894 357 2071 410 agno-
2113 343 2158 395 Α
2183 346 2289 409 put
2314 338 2575 394 Ecclesiae
2604 338 2885 408 Christus,
2913 339 3123 394 Christi
3152 344 3346 394 autem
3394 340 3590 395 vicarii
3616 344 3865 398 sacerdo-

378 434 599 485 scentes
630 434 686 482 et
732 429 1046 499 impiorum
1079 427 1615 498 transgressionem,
1650 434 1705 482 et
1744 429 2071 497 apostolicae

377 519 528 573 sedis
560 534 774 582 curam,
810 534 914 588 pro
945 520 1176 572 Patrum
1204 519 1417 588 regulis
1451 519 1845 585 excubantem,
1878 523 2069 572 osten-

378 607 523 662 datis
550 623 646 661 vos
686 623 923 677 perosos
966 607 1186 676 (perosa
1226 606 1457 677 habere)
1500 609 1905 661 damnatorum
1932 624 2073 662 con-

378 697 573 763 sortia,
609 701 664 749 et
693 711 886 749 amare
918 696 1195 749 ﬁdelium.
1230 696 1296 749 Et
1325 697 1460 766 quia
1490 712 1592 765 per
1624 696 2070 750 insinuationem

380 786 701 841 dilectionis
741 790 854 839 ture
899 784 1069 854 hujus
1112 785 1277 838 nobis
1308 792 1393 839 est
1424 785 1522 839 viae
1563 786 1842 856 patefacta
1880 785 2069 855 provi-

377 874 565 929 dentia
590 873 690 944 (al.
722 873 1046 943 prudentia.
1084 875 1306 939 HARD.),
1340 891 1774 929 remuneramus
1796 875 2068 929 sollicitu-

374 963 567 1018 dinem
600 968 774 1029 tuam,
806 967 861 1015 et
890 962 1123 1016 servatis
1155 964 1469 1034 privilegiis
1491 966 2066 1035 metropolitanorum

372 1053 523 1106 vices
572 1051 731 1105 vobis
777 1051 1101 1121 apostolicae
1146 1052 1291 1106 sedis
1341 1060 1576 1108 eatenus
1612 1055 1960 1124 delegamus,
2005 1058 2067 1108 ut

370 1141 639 1211 inspectis
688 1140 830 1208 istis,
878 1140 993 1194 sive
1055 1157 1121 1195 ea
1172 1158 1299 1212 qua;
1350 1144 1420 1195 ad
1466 1158 1712 1198 canones
1752 1144 2062 1213 pertinent,

370 1231 487 1285 sive
528 1246 594 1284 ea
625 1246 753 1301 quas
778 1246 811 1284 a
841 1229 1005 1284 nobis
1037 1234 1172 1284 sunt
1204 1247 1389 1301 nuper
1418 1233 1708 1301 mandata,
1747 1238 2061 1300 serventur,

370 1321 485 1375 sive
510 1337 577 1375 ea
620 1338 747 1391 quas
793 1322 861 1375 de
913 1321 1304 1375 ecclesiasticis
1348 1322 1531 1376 causis
1574 1328 1684 1377 tuae
1731 1322 2066 1377 revelationi

367 1410 735 1481 contigerint,
773 1411 877 1465 sub
924 1414 1022 1464 tua
1062 1410 1223 1464 nobis
1274 1410 1661 1467 insinuatione
1715 1413 2059 1483 pandantur.

368 1499 484 1552 Erit
510 1500 614 1553 hoc
663 1499 835 1553 studii
878 1516 941 1552 ac
986 1499 1385 1553 sollicitudinis
1423 1505 1555 1566 tum,
1606 1505 1667 1554 ut
1711 1502 1884 1555 talem
1916 1505 1972 1555 te
2003 1501 2063 1554 in

364 1587 456 1644 his
488 1605 616 1659 quas
636 1588 1021 1658 injunguntur
1043 1588 1322 1655 exhibeas,
1349 1593 1411 1643 ut
1444 1588 1611 1643 [idem
1645 1589 2063 1660 integritatem-

366 1694 477 1749 que
522 1678 664 1747 ejus,
733 1678 895 1747 cujus
938 1693 1131 1731 curam
1182 1678 1439 1747 suscipis,
1488 1678 1751 1733 imiteris.
1802 1680 1942 1732 Data
2008 1694 2061 1732 IV

365 1783 548 1821 nonas
577 1766 810 1837 Aprilis,
844 1767 1083 1837 Agapito
1112 1768 1171 1821 V.
1194 1768 1251 1823 C.
1290 1767 1525 1825 consule
1556 1768 1711 1839 (zEra
1744 1783 1863 1823 nLv.
1896 1768 2061 1823 Anno
2110 1800 2113 1805 -

367 1856 496 1912 Chr.
536 1859 635 1910 517
669 1857 728 1910 in
761 1872 867 1911 ms.
903 1856 1133 1919 codice).

949 1945 1287 2001 EPISTOLA
1324 1947 1471 2001 XXV.

591 2052 664 2090 AD
709 2051 1073 2092 UNIVERSOS
1114 2051 1455 2091 EPISCOPOS
1492 2050 1843 2092 HISPANIE.

362 2125 410 2179 Ι.
434 2127 511 2180 De
537 2124 930 2179 sacerdotibus
953 2126 1124 2193 juxta
1140 2128 1363 2180 statuta
1389 2140 1669 2179 canonum
1699 2123 2055 2179 ordinandis.

432 2216 522 2267 II.
566 2215 640 2267 Ut
663 2230 767 2283 pro
797 2213 1131 2284 episcojuatu
1162 2211 1459 2284 praemium
1499 2230 1613 2267 non
1642 2212 1984 2283 accipiatur.

436 2304 561 2355 III.
597 2305 677 2357 De
710 2302 950 2356 concilio
988 2318 1093 2373 per
1127 2319 1310 2356 annos
1336 2301 1592 2373 singulos
1628 2302 1985 2356 celebrando.

434 2388 833 2443 Dilectissimis
872 2388 1145 2443 fratribus
1178 2388 1459 2442 universis
1492 2388 1773 2459 episcopis
1806 2403 1907 2459 per
1937 2388 2058 2441 His-

363 2477 596 2549 paniam
629 2478 953 2530 constitutis
985 2478 1304 2531 Hormisda.

434 2564 740 2617 Benedicta
787 2564 1031 2618 Trinitas
1088 2566 1236 2619 Deus
1276 2570 1491 2631 noster,
1543 2564 1642 2636 qui
1686 2581 1791 2636 per
1828 2565 2058 2620 miseri-

363 2652 621 2705 cordiam
671 2669 833 2707 suam
906 2656 1176 2708 Romanae
1232 2655 1562 2724 reipublicae
1605 2670 1709 2724 per
1762 2654 2057 2707 universas

361 2745 553 2809 partes
583 2758 701 2795 suae
732 2742 885 2812 pacis
917 2743 1335 2813 tranquillitate
1366 2743 1591 2809 diffusa,
1631 2743 1795 2797 nobis
1827 2758 2055 2813 quoque

357 2829 507 2884 viam
561 2831 1025 2886 demonstranda:
1072 2833 1221 2887 circa
1270 2849 1376 2886 nos
1407 2833 1648 2886 invicem
1684 2832 1932 2886 caritatis
1964 2832 2051 2885 in-

2183 433 2284 494 tes,
2315 427 2393 481 sic
2418 431 2472 481 et
2501 426 2562 480 in
2591 426 2871 495 eligendis
2902 427 2994 481 his
3023 442 3220 481 curam
3250 432 3477 498 oportet
3505 446 3625 484 esse
3654 432 3868 502 perspi-

2181 532 2367 571 cuam.
2402 516 2981 587 lrreprenhensibiles
3027 517 3184 570 enim
3234 533 3353 571 esse
3401 519 3683 585 convenit,
3734 535 3869 590 quos

2179 619 2423 674 praaesse
2464 620 2691 659 necesse
2738 609 2824 659 est
2865 605 3222 675 corrigendis
3255 621 3268 659 :
3324 622 3427 660 nec
3474 606 3754 678 quidquid
3791 608 3870 662 illi

2179 692 2372 746 deesse
2403 708 2685 762 personae,
2716 709 2892 763 penes
2927 709 3103 763 quam
3132 698 3217 747 est
3247 694 3517 764 religioni
3560 712 3785 748 summa
3819 702 3871 750 et

2179 782 2495 836 substantia
2536 782 2874 853 disciplinae.
2928 783 3188 836 Estimet
3217 782 3347 854 quis
3390 785 3638 853 pretium
3687 785 3871 838 domi-

2177 871 2290 923 nici
2320 872 2528 941 gregis,
2561 876 2629 924 ut
2674 871 2815 925 sciat
2856 872 3012 942 quod
3051 872 3325 926 meritum
3354 873 3739 927 constituendi
3770 874 3864 928 de-

2176 966 2299 1014 ceat
2327 977 2447 1014 esse
2478 961 2736 1030 pastoris.
2773 962 2884 1015 Hoc
2917 962 2997 1015 ita
3028 962 3145 1030 fiet,
3181 961 3227 1015 si
3265 978 3383 1015 non
3414 962 3716 1016 sacerdotii
3746 980 3869 1033 gra-

2177 1049 2281 1102 dus
2304 1050 2450 1105 saltu
2480 1049 2731 1118 quodam
2762 1050 2975 1119 passim
3007 1050 3162 1104 laicis
3204 1051 3646 1105 transferantur.
3682 1052 3870 1123 Longa

2176 1136 2343 1191 debet
2366 1137 2542 1191 vitam
2583 1154 2745 1191 suam
2777 1139 3120 1208 probatione
3168 1144 3504 1207 monstrare,
3537 1141 3631 1194 cui
3665 1142 3870 1211 guber-

2174 1227 2377 1280 nacula
2408 1227 2847 1282 committuntur
2879 1228 3160 1283 Ecclesiae.
3195 1230 3318 1283 Non
3349 1244 3627 1298 negamus
3656 1246 3780 1283 esse
3810 1231 3866 1284 in

2174 1315 2332 1369 laicis
2377 1317 2491 1370 Deo
2534 1316 2774 1385 placitos
2805 1332 3012 1384 mores,
3047 1318 3147 1371 sed
3189 1318 3400 1372 milites
3431 1335 3560 1371 suos
3599 1319 3870 1389 probatos

2174 1405 2282 1458 sibi
2311 1410 2581 1475 quaerunt
2623 1405 2882 1460 instituta
2921 1407 3130 1461 ﬁdelia.
3169 1408 3395 1461 Discere
3440 1407 3599 1477 prius
3627 1408 3868 1479 quisque

2174 1493 2345 1547 debet
2375 1498 2688 1564 antequam
2720 1495 2946 1563 doceat;
2980 1502 3035 1550 et
3062 1498 3391 1567 exemplum
3422 1496 3711 1566 religiosae
3743 1514 3865 1552 con-

2175 1583 2518 1636 versationis
2552 1584 2622 1637 de
2655 1601 2713 1637 se
2745 1586 2935 1653 potius
2957 1584 3081 1638 aliis
3108 1591 3397 1655 praestare,
3425 1601 3597 1656 quam
3621 1602 3863 1642 sumere.

2174 1671 2651 1726 Emendationem
2699 1689 2821 1728 esse
2867 1675 3129 1728 convenit
3158 1675 3389 1745 populo,
3429 1690 3603 1745 quam
3642 1692 3866 1730 necesse

2172 1766 2254 1815 est
2297 1777 2462 1815 orare
2497 1778 2602 1831 pro
2642 1764 2874 1833 populo.
2917 1764 3111 1834 Longa
3141 1763 3537 1817 observatione
3567 1764 3867 1833 religiosus

2169 1851 2354 1903 cultus
2404 1853 2678 1918 tradatur,
2722 1856 2787 1905 ut
2832 1852 3040 1915 luceat,
3087 1856 3142 1907 et
3183 1852 3538 1906 clericalibus
3578 1853 3867 1923 obsequiis

2167 1939 2516 1993 erudiendus
2550 1940 2843 2010 inserviat,
2876 1946 2939 1995 ut
2966 1943 3036 1994 ad
3068 1942 3378 1996 venerandi
3402 1942 3612 2011 gradus
3644 1959 3867 1997 summa

2164 2029 2498 2100 perductus,
2532 2029 2631 2099 qui
2669 2029 2741 2083 sit
2785 2030 3002 2084 fructus
3050 2030 3391 2085 humilitatis
3436 2032 3727 2086 ostendat.
3761 2033 3866 2087 Nec

2165 2118 2289 2172 leve
2329 2133 2433 2171 nec
2489 2134 2733 2173 vacuum
2772 2119 2902 2185 fuit,
2945 2121 3099 2190 quod
3141 2135 3246 2173 nec
3278 2119 3431 2189 apud
3475 2126 3700 2174 veteres
3744 2122 3865 2190 qui-

2167 2207 2321 2273 dem,
2355 2207 2463 2261 nisi
2488 2207 2723 2263 Levitici
2752 2209 2978 2278 generis
3001 2209 3130 2277 viri,
3161 2209 3233 2263 ad
3260 2214 3456 2263 sancta
3482 2209 3865 2264 admitteban-

2165 2299 2261 2350 tur
2288 2296 2511 2363 altaria,
2558 2313 2630 2350 ne
2661 2298 2927 2367 pessime,
2962 2298 3181 2352 meritis
3210 2300 3574 2368 contemptis,
3609 2304 3709 2353 aut
3742 2315 3861 2369 pre-

2164 2385 2267 2449 tio,
2304 2390 2402 2439 aut
2433 2386 2890 2456 praesumptione
2928 2387 2997 2442 ad
3038 2403 3227 2441 sacros
3266 2389 3451 2442 cultus
3485 2388 3673 2458 impar
3710 2404 3861 2442 acce-

2166 2474 2347 2528 deret.
2390 2476 2546 2528 Tunc
2582 2475 2909 2545 migrabant
2949 2492 3051 2547 per
3096 2476 3255 2530 illam
3301 2476 3749 2547 praerogativam
3783 2477 3861 2531 fa-

2164 2562 2461 2618 miliarum
2493 2564 2562 2618 ad
2604 2564 2868 2619 instituta
2920 2566 3203 2619 cultorum
3239 2580 3252 2620 :
3285 2582 3438 2619 nunc
3479 2571 3563 2620 est
3600 2566 3863 2620 doctrina

2163 2666 2270 2720 pro
2306 2667 2535 2721 genere.
2568 2652 2727 2715 Quod
2780 2653 2893 2707 illis
2933 2654 3045 2707 fuit
3084 2655 3258 2721 nasci,
3296 2654 3405 2709 hoc
3455 2653 3623 2708 nobis
3653 2653 3855 2708 imbui.

2166 2741 2297 2793 Illos
2326 2741 2697 2795 tabernaculo
2725 2742 2897 2796 dabat
2923 2747 3149 2807 natura,
3190 2759 3293 2797 nos
3322 2743 3593 2796 altaribus
3615 2744 3861 2813 parturit

2162 2827 2483 2898 disciplina.
2516 2830 2627 2881 Nec
2646 2833 2868 2882 tantum
2890 2829 2959 2883 de
2981 2829 3140 2883 laicis
3162 2829 3483 2884 consecrari
3505 2830 3859 2893 inhibemus,

360 2918 553 2986 dulsit,
588 2924 651 2974 ut
681 2922 781 2992 qui
832 2922 1187 2976 cohaeremus
1236 2922 1508 2976 ﬁrmitate
1551 2921 1704 2990 ﬁdei,
1743 2922 2056 2991 jungamur
2095 2928 2134 2984 C
2163 2917 2259 2971 sed
2292 2932 2395 2972 nec
2426 2918 2493 2971 de
2520 2918 2928 2987 paenitentibus
2955 2918 3187 2989 quidem
3223 2918 3528 2989 quisquam
3555 2919 3624 2972 ad
3657 2919 3858 2989 hujus-

357 3023 587 3079 quoque
629 3011 813 3064 votiva
874 3011 1234 3081 jucunditate
1288 3010 1580 3081 colloquii,
1644 3026 1757 3081 quo
1805 3010 2046 3077 facilius,

358 3096 495 3151 dum
524 3113 627 3167 per
656 3099 976 3153 litterarum
1020 3100 1338 3153 ministeria
1367 3100 1438 3153 ad
1469 3116 1565 3153 vos
1596 3116 1777 3170 usque
1820 3103 2050 3169 perten-

357 3185 567 3252 dimus,
601 3188 770 3241 etiam
799 3188 974 3242 corda
1002 3193 1190 3242 vestra
1222 3189 1293 3242 ad
1317 3188 1647 3259 religiosum
1670 3188 1887 3241 cultum
1921 3204 2052 3257 apo-

356 3273 567 3328 stolicis
596 3276 1081 3331 admonitionibus
1123 3277 1426 3331 incitemus
1457 3294 1470 3331 :
1506 3282 1563 3331 et
1606 3277 1746 3331 dum
1791 3277 2049 3330 dilectio-

355 3363 444 3417 nis
466 3368 672 3417 nostrze
699 3365 908 3434 pignus
938 3366 1236 3421 reddimus
1264 3367 1419 3419 velut
1450 3366 1742 3436 quoddam
1771 3366 2046 3433 debitum,

354 3451 589 3522 plenum
620 3454 766 3506 circa
798 3454 976 3507 Deum
1000 3456 1384 3508 monstremus
1419 3454 1705 3509 allectum.
1732 3454 2048 3522 Jungamus

354 3540 555 3609 igitur,
619 3540 973 3595 dilectissimi
1024 3542 1246 3609 fratres,
1320 3540 1623 3596 continuas
1691 3546 1746 3595 et
1805 3542 2047 3596 humiles

353 3645 572 3700 preces,
607 3634 664 3683 et
697 3630 1003 3684 Dominum
1043 3635 1305 3685 nostrum
1339 3630 1453 3684 oris
1483 3634 1541 3685 et
1569 3630 1754 3684 cordis
1782 3631 2049 3702 lacrymis

355 3718 739 3789 supplicantes
787 3719 911 3789 jugi
957 3720 1361 3789 deprecatione
1411 3734 1737 3789 poscamus,
1785 3724 1841 3774 et
1878 3719 2049 3774 insti-

354 3807 578 3861 tutione
609 3812 663 3861 et
696 3824 868 3878 opere
900 3807 979 3862 illi
1013 3808 1176 3878 cujus
1209 3825 1331 3863 esse
1362 3808 1619 3863 membra
1648 3808 1909 3878 cupimus
1934 3810 2049 3863 ha:-

353 3911 583 3951 reamus
613 3913 626 3951 :
661 3913 765 3951 nec
803 3914 1063 3968 unquam
1107 3898 1176 3953 ab
1222 3898 1321 3953 illa
1362 3898 1454 3952 via
1497 3914 1626 3969 quas
1666 3898 1923 3954 Christus
1964 3902 2048 3953 est

353 3985 518 4039 devio
552 3987 780 4041 tramite
827 3986 1200 4053 declinemus,
1236 4004 1308 4041 ne
1349 3987 1420 4041 ab
1451 4003 1517 4041 eo
1542 3988 1696 4057 juste
1737 4004 1908 4059 quem
1939 4003 2045 4042 nos

350 4072 528 4143 impie
577 4075 959 4145 relinquimus
1011 4076 1358 4131 deseramur.
1406 4077 1567 4141 Quod
1626 4094 1755 4131 cum
1811 4078 2044 4147 superni

349 4162 560 4218 favoris
591 4164 800 4218 auxilio
833 4180 899 4218 ea
942 4165 1108 4219 nobis
1136 4170 1325 4235 potest
1356 4167 1577 4220 ratione
1606 4166 1959 4235 contingere,
1990 4166 2037 4220 si

2164 3006 2321 3060 modi
2369 3007 2611 3077 gradum
2658 3007 2932 3077 profanus
2974 3013 3284 3062 temerator
3331 3008 3561 3077 aspiret.
3594 3008 3750 3063 Satis
3779 3010 3859 3062 illi

2159 3096 2473 3165 postulanti
2500 3096 2571 3149 sit
2602 3097 2785 3150 venia.
2823 3097 2945 3161 Qua
2986 3096 3330 3150 conscientia
3381 3096 3633 3149 absolvat
3671 3112 3855 3163 reum,

2161 3184 2260 3255 qui
2290 3201 2347 3238 se
2374 3189 2599 3255 peccata
2638 3202 2740 3240 sua
2770 3186 2983 3256 populo
3011 3186 3114 3240 scit
3151 3190 3294 3240 teste
3327 3184 3689 3239 confessum?
3724 3186 3857 3249 Quis

2159 3272 2333 3343 (cum)
2369 3275 2548 3344 enim,
2579 3290 2753 3345 quem
2793 3276 2963 3346 paulo
2996 3279 3129 3329 ante
3174 3274 3319 3329 vidit
3344 3275 3650 3345 jacentem,
3688 3290 3857 3329 vene-

2158 3367 2317 3416 retur
2370 3363 2680 3417 antistitem
2700 3364 2727 3417 ’ἶ
2789 3364 3107 3419 Prteferens
3154 3363 3489 3435 (perferens)
3542 3364 3856 3418 miserandi

2158 3451 2415 3506 criminis
2444 3451 2650 3519 labem,
2693 3468 2809 3508 non
2852 3453 3025 3509 habet
3047 3452 3299 3509 lucidam
3333 3452 3637 3509 sacerdotii
3666 3453 3855 3524 digni-

2156 3545 2352 3595 tatem.

2971 3632 3041 3687 II.

2229 3719 2341 3772 Hoc
2371 3734 2599 3790 quoque
2630 3720 2700 3775 ad
2740 3720 3038 3791 praemissa
3068 3720 3456 3791 adjungimus,
3490 3736 3561 3774 ne
3607 3719 3854 3775 benedi-

2155 3807 2423 3876 ctionem,
2458 3825 2586 3878 quas
2618 3810 2810 3864 divina
2845 3826 2968 3865 esse
3001 3809 3251 3865 creditur
3282 3826 3387 3881 per
3415 3809 3853 3877 impositionem

2156 3910 2376 3960 manus,
2414 3897 2541 3967 quis
2571 3898 2756 3969 pretio
2809 3904 3101 3969 comparet
3141 3913 3153 3952 :
3188 3898 3462 3969 quoniam
3494 3905 3627 3952 ante
3657 3900 3852 3953 oculos

2156 4000 2276 4039 esse
2307 3987 2595 4053 convenit,
2632 3987 2786 4058 quod
2814 3987 3013 4042 Simon
3053 3987 3334 4057 Spiritum
3366 3993 3623 4041 sanctum
3655 3989 3851 4042 volens

2156 4074 2551 4144 redemptione
2609 4077 2872 4144 mercari,
2932 4076 3179 4145 apostoli
3230 4077 3404 4131 fuerit
3471 4076 3851 4131 detestatione

2154 4177 2458 4232 percussus
2492 4164 2645 4234 (Act.
2675 4165 2813 4235 VIII).
2845 4166 3000 4220 Tunc
3031 4165 3233 4220 deinde
3256 4166 3385 4237 quis
3413 4182 3526 4220 non
3547 4166 3657 4220 vile
3688 4170 3853 4237 putat

351 4252 664 4321 apostolica
695 4254 981 4322 dogmata,
1032 4253 1079 4307 si
1128 4256 1360 4309 Patrum
1406 4255 1679 4308 mandata
1731 4270 2037 4307 servemus.
2083 4283 2123 4339 ρ
2152 4267 2271 4305 esse
2319 4253 2473 4323 quod
2523 4253 2818 4309 venditur?
2853 4256 3024 4309 Istam
3079 4255 3466 4309 sacerdotibus
3515 4254 3852 4309 ordinandis

348 4342 494 4396 Dicit
531 4343 687 4397 enim
737 4344 1013 4397 Dominus
1042 4348 1236 4397 noster
1264 4359 1276 4398 :
1312 4343 1418 4411 Qui
1460 4343 1656 4414 diligit
1686 4360 1795 4410 me,
1823 4359 2039 4397 sermo-

347 4446 477 4485 nem
507 4447 688 4486 meum
715 4431 980 4497 servabit,
1012 4435 1066 4485 et
1089 4433 1264 4486 Pater
1282 4449 1443 4487 meus
1468 4433 1674 4503 diliget
1701 4449 1850 4496 eum,
1880 4436 1934 4485 et
1968 4433 2044 4487 ad

348 4534 477 4573 eum
520 4520 829 4584 veniemus,
862 4524 917 4574 et
956 4520 1307 4575 mansionem
1347 4521 1504 4593 apud
1559 4536 1708 4587 eum,
1744 4520 2043 4588 faciemus

350 4606 551 4677 (Joan.
592 4608 726 4677 xxv).
778 4610 840 4662 Et
887 4609 1019 4664 licet
1070 4609 1189 4663 haec
1232 4609 1455 4680 possint
1501 4610 1842 4679 generaliter
1892 4611 2041 4663 dicta

349 4694 608 4749 sufficere
640 4699 703 4748 ut
738 4696 823 4749 vel
877 4696 1226 4751 declinemus
1269 4702 1478 4767 errata,
1519 4698 1605 4752 vel
1653 4698 2040 4752 custodiamus

349 4782 629 4838 catholica
689 4785 1016 4852 constituta,
1068 4791 1264 4841 tamen
1294 4786 1429 4857 quia
1470 4787 1703 4841 Joannis
1751 4787 1942 4841 fratris
1986 4791 2042 4841 et

349 4872 672 4943 coepiscopi
715 4874 894 4927 nostri
937 4876 1099 4929 nobis
1140 4876 1528 4931 insinuatione
1585 4878 1883 4946 vulgatum
1932 4882 2035 4943 est,

348 4966 545 5015 contra
566 4976 851 5015 canonum
878 4965 1253 5019 reverentiam
1276 4967 1553 5019 nonnulla
1575 4963 1863 5035 praesumi,
1892 4965 2041 5034 peri-

348 5050 565 5115 culum,
593 5050 747 5122 quod
776 5050 1106 5106 doctoribus
1130 5053 1395 5107 imminet
1428 5054 1495 5108 de
1526 5054 1915 5107 taciturnitate
1936 5054 2037 5107 de-

347 5140 589 5209 clinans,
624 5145 679 5193 et
706 5142 1037 5212 prophetica
1068 5158 1202 5197 voce
1229 5146 1627 5212 compunctus,
1651 5159 1764 5213 qua
1785 5141 1993 5196 dicitur
2022 5158 2034 5195 :

346 5230 602 5300 Loquere
631 5246 702 5282 ne
742 5232 934 5285 taceas
978 5230 1146 5297 (Isai.
1192 5232 1371 5300 xvui),
1403 5230 1765 5302 generalibus
1805 5231 2035 5286 edicen-

347 5317 483 5373 dum
514 5318 725 5373 credidi
755 5318 1094 5373 constitutis.

1166 5408 1210 5461 Ι.

420 5496 490 5549 Ut
513 5494 575 5550 in
620 5495 1013 5551 sacerdotibus
1046 5495 1399 5563 ordinandis,
1445 5511 1576 5567 quas
1618 5501 1752 5551 sunt
1789 5513 1822 5551 a
1850 5497 2032 5552 Patri-

346 5582 451 5640 bus
472 5584 807 5656 praescripta
832 5587 889 5641 et
910 5584 1144 5641 deﬁnita
1173 5584 1435 5657 cogitetis
1463 5601 1476 5641 :
1514 5584 1650 5657 quia
1670 5585 1815 5643 sicut
1836 5591 1920 5643 est
1944 5602 2031 5644 ca.

2148 4342 2527 4396 reverentiam
2558 4348 2739 4397 servet
2767 4344 2989 4411 electio,
3023 4352 3085 4397 ut
3110 4344 3171 4398 in
3214 4344 3374 4413 gravi
3419 4360 3719 4398 murmure
3750 4360 3851 4414 po-

2153 4430 2424 4500 pulorum
2458 4431 2715 4485 divinum
2760 4432 3024 4486 credatur
3070 4448 3193 4486 esse
3226 4433 3529 4502 judicium.
3573 4433 3657 4486 lbi
3697 4433 3851 4486 enim

2152 4519 2321 4585 Deus,
2352 4520 2451 4573 ubi
2499 4520 2740 4589 simplex
2779 4521 2901 4575 sine
2944 4522 3224 4591 pravitate
3276 4538 3602 4577 consensus.
3635 4522 3851 4577 Verum

2150 4623 2253 4661 nec
2282 4608 2428 4661 hanc
2458 4608 2695 4679 quidem
2726 4614 2945 4679 partem
2978 4610 3382 4664 sollicitudinis
3415 4616 3469 4665 et
3498 4612 3851 4665 admonitio-

2150 4698 2237 4752 nis
2268 4698 2607 4765 omiltimus,
2639 4714 2711 4753 ne
2742 4700 2828 4753 vel
2845 4700 2943 4754 ille
2967 4717 3026 4755 se
3053 4717 3085 4755 a
3114 4702 3279 4771 culpa
3302 4702 3545 4756 aestimet
3565 4703 3848 4767 alienum,

2149 4787 2269 4859 qui,
2305 4787 2409 4841 etsi
2445 4788 2566 4858 ipse
2614 4789 2849 4860 quidem
2880 4806 2913 4843 a
2950 4791 3344 4861 redemptione
3378 4792 3540 4858 liber,
3588 4791 3851 4847 initiave-

2147 4877 2222 4930 rit
2242 4877 2642 4932 benedictione
2672 4879 2910 4949 mystica
2936 4879 3308 4946 sacerdotem,
3352 4884 3407 4934 et
3438 4886 3630 4935 tamen
3662 4882 3736 4935 ad
3770 4882 3849 4935 al-

2146 4965 2325 5019 terius
2369 4966 2654 5036 redempti
2700 4968 3051 5022 voluntatem
3093 4968 3180 5022 vel
3221 4974 3421 5039 sponte
3477 4969 3538 5023 in
3596 4969 3710 5023 hoc
3759 4970 3851 5022 vel

2146 5056 2481 5109 necessitate
2514 5056 2886 5110 consenserit.
2934 5056 3081 5121 Quid
3120 5057 3355 5127 prodest
3389 5056 3471 5111 illi
3510 5073 3615 5111 suo
3648 5073 3850 5112 errore

2146 5159 2261 5198 non
2300 5145 2502 5215 pollui,
2552 5146 2653 5217 qui
2698 5162 3039 5201 consensum
3083 5151 3316 5217 praestat
3350 5148 3608 5203 erranti?
3638 5147 3849 5203 Procul

2147 5233 2321 5288 dubio
2352 5239 2547 5288 contra
2577 5236 2847 5291 mandata
2876 5236 3181 5291 committit
3210 5240 3266 5290 et
3306 5236 3406 5308 qui
3436 5236 3606 5292 habet
3634 5252 3849 5307 pecca-

2144 5324 2267 5375 tum
2299 5323 2622 5392 proprium,
2668 5329 2725 5379 et
2763 5324 2864 5396 qui
2910 5331 3205 5396 peccatum
3252 5327 3511 5399 sequitur
3562 5326 3845 5381 alienum.

2143 5411 2436 5465 Incassum
2477 5412 2704 5467 animus
2741 5415 2954 5468 resistit
2996 5414 3320 5485 cupiditati,
3372 5416 3420 5470 si
3466 5430 3583 5470 non
3625 5415 3849 5470 resistit

2143 5504 2201 5554 et
2245 5499 2457 5555 timori.
2506 5501 2790 5556 Adversus
2848 5503 2971 5558 haec
3028 5503 3277 5575 facilius,
3334 5506 3447 5560 Deo
3505 5504 3843 5576 adjuvante,

2139 5587 2559 5660 providebitur,
2621 5591 2668 5646 si
2716 5590 2865 5651 circa
2914 5594 3395 5666 metropolitanos
3450 5592 3752 5667 privilegia
3811 5610 3845 5651 ε
