3998 6172
174 299 263 349 i233
1465 308 1817 365 EPISTO[./E
1856 312 1941 365 ΕΤ
1978 312 2299 369 DECRETA
2314 356 2326 369 .

3540 333 3644 388 426

170 436 358 489 sanctis
393 437 647 491 Patribns
677 439 983 493 constituta
1011 448 1427 511 permaneant:
1458 446 1503 499 si
1537 450 1834 519 metropo-
1874 448 1919 502 A
1944 451 2073 507 disti
2124 454 2279 512 enim
2332 454 2471 510 boni
2503 456 2845 514 documenta
2891 462 3199 535 pontiﬁcis,
3232 466 3370 521 dum
3407 472 3465 523 et
3492 486 3637 540 prce-

168 525 313 579 litani
345 526 490 579 circa
508 527 801 597 parochias
833 545 962 583 suas
993 531 1255 587 ordinem
1289 551 1455 589 suum
1489 552 1552 590 ea
1593 554 1704 608 qua
1736 540 1833 593 de-

168 620 244 666 cet
288 615 641 668 veneratione
676 617 1015 685 custodiant,
1068 626 1130 673 ut
1185 638 1288 675 nec
1337 624 1535 677 electio
1575 628 1836 696 praesulis

166 707 339 773 empta
372 703 535 756 detur
560 706 779 773 pretiis,
815 711 872 760 et
922 724 1027 761 nec
1070 710 1436 781 obsequentis
1486 715 1557 768 sit
1599 717 1836 786 qumsita

165 791 432 861 operibus,
468 793 564 846 sed
594 794 672 847 ita
700 796 809 848 ﬁxa
838 797 1233 853 habeanturiu
1255 802 1539 869 cordibus,
1563 806 1835 875 quemad-

164 881 377 933 modum
395 882 727 950 releguntur
754 885 811 937 in
832 885 1159 955 Scripturis.
1193 890 1249 943 Si
1281 893 1439 944 nulla
1461 894 1575 946 sint
1595 895 1653 947 in
1685 899 1829 949 tem-

163 970 255 1039 plis
286 970 641 1040 emptionum
664 973 904 1040 semina,
940 976 1097 1029 nulla
1129 984 1292 1031 erunt
1328 980 1581 1036 fomenta
1615 984 1831 1038 discor-

163 1059 254 1111 dizr
279 1074 291 1123 ;
324 1059 440 1125 sed,
478 1067 751 1130 regnante
780 1065 1035 1131 caritate,
1070 1066 1175 1120 sub
1199 1068 1294 1121 illa
1321 1087 1493 1140 quam
1520 1072 1682 1127 nobis
1705 1090 1834 1144 pro-

163 1148 295 1201 misit
317 1149 464 1201 Deus
497 1154 551 1203 et
581 1151 843 1205 retribuit
871 1170 1009 1223 pace
1040 1154 1278 1210 vivatur.

942 1244 1035 1298 III.

218 1326 292 1382 Ob
330 1326 438 1381 hoc
487 1330 681 1383 Patres
737 1332 1094 1386 Providentia
1142 1351 1253 1404 qua
1308 1336 1551 1405 Spiritus
1602 1344 1826 1394 sanctus

157 1417 379 1469 cultores
410 1434 543 1471 suos
586 1435 973 1490 compungere
1006 1422 1273 1492 dignatus
1323 1431 1405 1479 est
1454 1427 1694 1495 incitati,
1738 1430 1824 1483 bis

156 1505 205 1559 in
232 1522 369 1559 anno
396 1522 503 1575 per
544 1510 843 1576 parochias
886 1510 1137 1579 singulas
1188 1514 1429 1567 concilia
1485 1516 1681 1570 haberi
1732 1518 1824 1572 de-

156 1594 269 1647 bere
298 1595 636 1661 docuerunt,
676 1604 738 1651 ut
791 1598 851 1651 in
886 1615 1062 1653 unum
1110 1601 1269 1669 juxta
1302 1603 1543 1657 salubris
1585 1606 1821 1660 institu-

154 1682 303 1737 tionis
335 1684 607 1754 dogmata
647 1688 998 1757 congregati,
1050 1706 1151 1759 pro
1195 1691 1587 1747 ecclesiasticis
1638 1697 1819 1750 causis

155 1774 432 1827 tractandis
465 1774 644 1829 libere
677 1777 1068 1844 convenirent,
1105 1784 1163 1832 ut
1192 1780 1238 1833 si
1266 1782 1430 1850 juxta
1463 1789 1659 1837 votum
1694 1786 1821 1839 uni-

154 1878 290 1916 versa
316 1864 661 1931 consistunt,
701 1868 876 1920 Deum
903 1868 1117 1937 junctis
1166 1871 1417 1937 vocibus,
1458 1874 1556 1943 qui
1593 1880 1827 1944 prmstat

153 1952 463 2019 desiderata,
506 1956 857 2010 collaudent.
912 1958 1150 2012 Difﬁcile
1204 1965 1287 2014 est
1326 1961 1479 2015 enim
1526 1969 1587 2016 ut
1636 1966 1825 2035 cujus-

153 2056 297 2111 quam
328 2058 421 2096 cor
442 2044 639 2113 pravis
680 2044 759 2098 sic
788 2046 1225 2115 cogitationibus
1258 2050 1581 2119 induretur,
1614 2056 1677 2105 ut
1707 2071 1738 2107 a
1767 2071 1825 2108 se

152 2131 413 2200 patiantur
456 2134 749 2204 culpanda
796 2136 941 2200 ﬁeri,
978 2153 1107 2191 cum
1139 2145 1373 2194 noverat
1404 2141 1531 2210 (sibi
1575 2143 1823 2197 subeun-

153 2219 291 2289 dum)
312 2238 366 2273 se
386 2223 681 2291 judicium
702 2225 1026 2279 subiturum
1062 2244 1182 2281 esse
1206 2230 1453 2283 concilii.
1488 2232 1825 2288 Prwcinctos

154 2309 209 2360 ad
237 2309 371 2363 hanc
408 2311 569 2365 viam
602 2330 829 2384 semper
884 2315 1107 2369 lumbos
1137 2317 1406 2384 habeant,
1464 2320 1702 2375 scientes
1735 2339 1822 2375 ra-

151 2396 335 2452 tionem
370 2406 607 2454 actuum
641 2418 873 2457 suorum
906 2420 1027 2457 esse
1056 2406 1425 2462 reddendam.
1462 2408 1822 2480 Suspendan-

152 2491 229 2537 tur
253 2487 315 2541 ab
340 2488 558 2542 illicitis
591 2508 693 2560 per
724 2492 1111 2561 formidinem,
1138 2499 1192 2548 et
1212 2497 1310 2566 qui
1331 2498 1691 2568 nequiverint
1720 2517 1823 2570 per

152 2575 419 2642 pudorem.
450 2581 534 2632 De
566 2582 955 2634 conveniendo
988 2582 1076 2635 bis
1107 2583 1166 2637 in
1200 2601 1347 2638 anno
1379 2593 1578 2641 notum
1609 2594 1694 2643 est
1723 2606 1821 2643 ca—

152 2679 299 2718 nones
340 2672 572 2721 sanctos
622 2670 1013 2736 constituisse;
1048 2676 1103 2726 et
1151 2676 1500 2743 pra-ﬁnitum
1561 2678 1820 2747 quidem,

152 2752 188 2803 si
213 2755 461 2822 possibile
497 2761 610 2823 est,
645 2756 1050 2813 inviolabiliter
1084 2764 1345 2816 convenit
1384 2766 1674 2819 custodiri.
1715 2768 1820 2821 Sed

153 2842 189 2895 si
213 2850 298 2897 aut
324 2850 661 2915 temporum
694 2848 1074 2917 necessitates,
1117 2856 1216 2904 aut
1246 2860 1603 2923 emergentes
1637 2873 1820 2910 causae

154 2930 235 2983 hoc
270 2948 377 2985 non
420 2935 730 3003 patiuntur
769 2935 1019 3006 impleri,
1074 2941 1250 2994 semel
1289 2943 1489 2996 saltem
1539 2945 1819 3014 (quamvis

153 3033 243 3072 non
274 3020 512 3093 licuerit)
550 3024 671 3077 sine
705 3026 817 3077 ulla
852 3028 1211 3082 excusatione
1270 3031 1632 3101 praecipimus
1681 3049 1812 3087 con-

154 3109 328 3162 venire.
375 3112 528 3178 Haec,
579 3111 777 3166 fratres
813 3115 1109 3183 carissimi,
1144 3122 1201 3171 et
1249 3119 1357 3172 alia
1400 3137 1529 3190 quae
1582 3123 1815 3177 Patrum

154 3199 328 3267 regulis
356 3201 755 3268 continentur,
790 3204 848 3257 in
898 3205 1059 3258 labiis
1089 3211 1145 3260 et
1190 3207 1250 3260 in
1282 3210 1547 3263 cordibus
1606 3213 1817 3266 nostris

154 3287 299 3341 invisa
318 3291 723 3343 retractatione
754 3293 1096 3346 meditemur
1121 3315 1134 3360 ;
1154 3300 1228 3361 et,
1248 3296 1393 3350 sicut
1416 3298 1687 3368 scriptum
1713 3307 1814 3368 est,

152 3391 409 3433 narremus
420 3397 489 3433 ea
514 3379 667 3449 ﬁliis
686 3385 916 3447 nostris,
937 3388 997 3435 ut
1016 3400 1083 3437 ea
1106 3384 1445 3439 meditantur
1465 3387 1524 3441 in
1553 3390 1818 3446 cordibus

154 3464 263 3529 suis,
286 3467 548 3522 sedentes
563 3467 621 3521 in
642 3469 1193 3537 domo,ambulantes
1211 3473 1269 3526 in
1292 3474 1520 3541 itinere,
1542 3478 1818 3533 dormien-

156 3554 219 3604 tes
242 3559 399 3625 atque
413 3560 719 3627 surgentes
740 3558 926 3627 (Deut.
946 3562 1023 3629 Vl)
1050 3576 1062 3613 :
1087 3560 1221 3631 quia
1253 3563 1448 3618 beatus
1472 3565 1532 3618 in
1559 3567 1813 3635 Domino,

154 3642 230 3710 qui
252 3643 306 3697 in
333 3646 450 3716 tege
471 3648 607 3714 ejus
631 3648 1001 3702 meditabitur
1021 3649 1112 3703 die
1136 3668 1205 3704 ac
1226 3657 1387 3706 nocte
1409 3656 1592 3723 (Psal.
1620 3658 1674 3727 ι).
1707 3661 1816 3713 lIoc

155 3736 195 3783 et
213 3734 463 3803 magister
494 3737 781 3806 gentium,
816 3738 1158 3808 discipulum
1191 3758 1358 3795 suum
1392 3756 1615 3799 secutus
1652 3749 1813 3803 insti-

154 3821 253 3889 tuit,
281 3825 628 3880 admonens:
669 3828 805 3881 Herc
827 3830 1126 3899 meditare,
1170 3832 1229 3886 in
1256 3832 1345 3887 his
1389 3837 1505 3888 esto
1538 3838 1593 3903 (I
1624 3838 1809 3893 Thess.

155 3909 212 3977 In)
243 3918 325 3966 :et
358 3916 670 3986 subjiciens
710 3918 1149 3989 plenitudinem,
1201 3924 1450 3977 Attende
1487 3925 1590 3978 tibi
1627 3930 1681 3979 et
1708 3927 1815 3981 do-

154 4000 329 4067 ctrinae,
373 4004 591 4075 inquit,
641 4006 774 4075 quia
821 4007 865 4059 si
898 4007 1158 4063 ﬁdelibus
1210 4012 1332 4065 sine
1389 4014 1814 4071 intermissione

154 4086 504 4147 incumbimus
543 4093 841 4160 institutis,
877 4113 1210 4167 separamur
1262 4117 1294 4153 a
1341 4102 1491 4155 vitiis
1537 4104 1673 4157 dum
1706 4104 1814 4159 im-

154 4192 295 4246 pensa
317 4198 449 4236 cura
473 4182 673 4238 divino
704 4186 864 4255 operi
894 4185 1148 4241 humano
1176 4189 1365 4243 locum
1398 4208 1512 4245 non
1543 4193 1815 4263 relinquit

154 4271 319 4323 errori.
354 4273 453 4325 Dat
485 4289 544 4325 rv
576 4288 777 4326 nomas
810 4275 1039 4344 Aprilis,
1071 4279 1315 4348 Agapito
1347 4279 1469 4334 viro
1499 4281 1811 4338 clarissimo

154 4361 349 4415 consule
376 4362 555 4429 (anno
587 4363 815 4417 Domini
844 4364 989 4433 517).

690 4472 1023 4527 EPISTOLA
1060 4474 1246 4530 XXVI.

663 4576 741 4615 an
787 4575 1193 4619 SALLUSTIUM
1229 4565 1270 4616 '.

156 4641 435 4732 Sallustius
466 4649 819 4732 Inpostoticg
857 4650 1011 4732 sedis
1031 4652 1294 4732 .vicarius
1322 4656 1688 4732 constituitur
1708 4678 1815 4732 per

356 4719 629 4776 Baeticam
673 4726 729 4773 et
776 4722 1139 4778 Lusitaniam
1183 4727 1568 4799 (provincias).

211 4804 491 4862 Carissimo
527 4809 951 4882 (Dilectissimo)
993 4813 1155 4867 fratri
1189 4816 1454 4871 Sallustio
1488 4820 1810 4875 Hormisda.

212 4892 572 4965 Suscipientes
612 4900 784 4969 plena
836 4901 1210 4957 fraternitatis
1258 4910 1368 4959 tuae
1398 4908 1584 4962 votiva
1617 4915 1810 4979 gratu-

158 4976 332 5036 latione
361 4987 670 5058 colloquia,
707 5005 833 5059 quae
865 5007 969 5045 nos
1001 4993 1247 5063 gemina:
1288 4996 1485 5049 salutis
1516 5002 1627 5053 tua:
1667 5001 1811 5054 laeti-

158 5067 432 5128 ﬁcaverunt
479 5077 691 5131 indicio
742 5078 1043 5149 (siquidem
1078 5085 1396 5139 retulerunt
1436 5090 1489 5140 te
1529 5091 1812 5158 corporali

157 5172 261 5214 cum
316 5165 707 5234 spiritualibus
754 5169 953 5222 ofﬁciis
1004 5171 1401 5228 incolumitate
1455 5177 1808 5247 subnixum),

158 5261 439 5318 congruum
513 5272 634 5310 esse
712 5261 1106 5329 perspeximus
1182 5263 1327 5317 hanc
1391 5264 1570 5335 ipsam
1638 5285 1808 5338 quam

159 5346 317 5393 mente
344 5344 594 5413 gerimus
627 5345 707 5416 (α)
740 5349 1007 5419 expedire
1039 5352 1301 5425 (aperire)
1333 5353 1614 5412 laetitiam.
1676 5359 1810 5414 Edi-

216 5479 280 5563 (a)
489 5486 761 5563 Bomana,
784 5489 974 5563 rerbis
999 5493 1285 5563 expedire.

219 5550 283 5619 (ὁ)
320 5555 463 5609 Edit.
495 5558 655 5613 Rom.
693 5550 849 5614 addit
878 5550 1101 5618 sacras.

218 5623 233 5638 ‘
267 5623 581 5694 Spalensem
615 5631 787 5701 episc.
816 5648 829 5686 :
863 5632 944 5688 ita
972 5650 1077 5689 ms.
1114 5651 1163 5691 c.
1195 5636 1335 5691 Just.

490 5727 769 5797 PATROL.
821 5731 1039 5799 LXIII.

1945 543 2187 601 dicanda
2220 547 2376 611 facis,
2420 551 2473 601 et
2508 563 2573 601 ea
2599 549 2836 604 suadere
2884 568 3000 605 non
3049 554 3261 611 diﬁ'ers.
3304 558 3639 630 Praerogati-

1943 650 2071 688 vam
2106 636 2172 690 de
2221 636 2400 690 nostri
2452 637 2801 707 sumpsimus
2834 640 3106 696 electione
3133 644 3357 713 judicii,
3407 649 3639 718 quando

1941 723 1995 777 id
2032 729 2082 777 te
2114 730 2318 796 sponte
2360 726 2625 796 amplecti
2672 727 2944 798 (operari)
2997 731 3301 787 didicimus
3344 738 3500 806 quod
3540 754 3641 793 cae-

1943 813 2079 867 teris
2111 815 2479 885 imperamus.
2516 816 2756 871 Oramus
2785 819 3071 889 siquidem
3104 822 3357 879 divinam
3394 827 3644 882 clemen-

1940 901 2077 956 tiam
2130 904 2340 973 (divina
2392 905 2711 975 beneﬁcia),
2764 914 2996 963 cunctos
3050 916 3105 964 et
3160 911 3283 966 haec
3334 916 3405 969 ad
3453 917 3637 971 studia

1938 994 2329 1049 ecclesiasticae
2353 996 2505 1065 pacis
2524 996 3368 1057 instrumentatransmisimus.
3390 1004 3474 1058 Tu
3508 1010 3642 1059 vota

1938 1087 2129 1137 nostra
2186 1089 2241 1138 et
2283 1085 2437 1139 ﬁdeli
2511 1086 2891 1153 intelligentia
2945 1090 3271 1159 percepisti,
3349 1096 3405 1145 et
3460 1093 3636 1148 ofﬁcii

1933 1174 2193 1242 protinus
2224 1175 2525 1229 devotione
2549 1176 2868 1245 complesti,
2910 1178 3126 1231 cunctis
3152 1179 3420 1234 fratribus
3466 1182 3635 1236 inno-

1934 1266 2148 1316 tescens
2179 1281 2308 1334 quas
2364 1282 2464 1335 per
2492 1266 2779 1319 ccelestem
2836 1266 3079 1335 gratiam
3120 1269 3337 1321 cunctis
3369 1271 3630 1339 profutu-

1931 1368 1994 1405 ra
2026 1369 2389 1419 cognoveras.
2425 1354 2881 1425 Suffragantibus
2913 1354 3090 1425 igitur
3122 1356 3223 1410 tibi
3280 1361 3361 1411 tot
3416 1360 3636 1413 meritis

1932 1442 2041 1510 pia:
2076 1444 2473 1499 sollicitudinis
2526 1450 2582 1499 et
2620 1444 2850 1507 laboris,
2906 1448 3057 1498 certe
3109 1444 3230 1513 jam
3277 1446 3517 1501 delectat
3545 1447 3633 1503 in-

1924 1529 2169 1599 juugere
2192 1548 2320 1601 qua:
2345 1532 2414 1585 ad
2446 1530 2626 1585 nostri
2650 1548 2847 1585 curam
2866 1536 3087 1586 constat
3113 1533 3287 1587 ofﬁcii
3318 1535 3626 1605 pertinere,

1928 1625 1992 1673 ut
2034 1621 2339 1690 provinciis
2390 1627 2549 1676 tanta
2594 1622 3019 1693 longinquitate
3058 1622 3376 1693 disjunctis,
3413 1630 3467 1679 et
3500 1642 3629 1679 nos-

1865 1754 1904 1806 Β
1934 1714 2083 1763 tram
2124 1712 2307 1780 possis
2347 1714 2615 1767 exhibere
2664 1729 2994 1784 personam,
3029 1716 3084 1765 et
3130 1714 3365 1766 Patrum
3416 1714 3629 1784 regulis

1936 1799 2207 1855 adhibere
2256 1803 2591 1857 custodiam.
2626 1804 2786 1857 Vices
2836 1802 3027 1872 itaque
3060 1806 3282 1856 nostras
3312 1819 3416 1873 per
3457 1802 3630 1857 Baeti-

1934 1902 2059 1940 cam
2091 1888 2554 1962 Lusitaniamque
2584 1890 2926 1962 provincias,
2961 1891 3129 1945 salvis
3159 1891 3474 1963 privilegiis
3501 1909 3629 1964 qua!

1936 1979 2392 2048 metropolitanis
2450 1981 2731 2052 episcopis
2795 1980 3041 2035 decrevit
3097 1981 3425 2052 antiquitas,
3480 1999 3641 2053 prae~

1936 2067 2082 2120 senti
2122 2068 2225 2122 tibi
2268 2070 2606 2125 auctoritate
2658 2070 3093 2137 committimus,
3155 2076 3429 2141 augentes
3469 2076 3625 2127 tuam

1934 2155 2105 2227 hujus
2131 2160 2566 2230 participatione
2589 2159 2895 2215 ministerii
2918 2159 3278 2231 dignitatem,
3311 2162 3625 2217 relevantes

1936 2251 2158 2301 nostras
2212 2248 2469 2319 ejusdem
2520 2250 2776 2304 remedio
2830 2250 3269 2321 dispensationis
3325 2250 3617 2308 excubias.

1937 2336 2001 2388 Et
2029 2336 2158 2390 licet
2183 2337 2252 2391 de
2284 2338 2526 2408 singulis
2566 2356 2685 2393 non
2735 2339 2994 2410 indigeas
3024 2340 3270 2407 edoceri,
3304 2356 3476 2411 quem
3503 2341 3621 2412 jam

1931 2426 2295 2495 probavimus
2326 2429 2544 2482 cautius
2594 2429 2860 2483 universa
2890 2445 3134 2497 servare,
3184 2428 3400 2501 gratius
3432 2435 3619 2485 tamen

1932 2529 2053 2567 esse
2084 2516 2248 2583 solet,
2299 2517 2344 2569 si
2403 2518 2614 2572 iterum
2668 2524 2878 2574 trames
2927 2520 3278 2588 ostendatur,
3310 2525 3368 2575 et
3415 2520 3624 2575 laboris

1931 2603 2209 2672 injunctio
2279 2609 2542 2677 superius
2618 2609 2865 2663 formata
2917 2611 3291 2664 monstretur.
3352 2612 3624 2665 Paternas

1928 2693 2106 2762 igitur
2136 2696 2365 2765 regulas
2406 2702 2463 2751 et
2510 2699 2733 2752 decreta
2764 2715 2796 2752 a
2844 2699 3055 2754 sanctis
3088 2698 3327 2753 deﬁnita
3366 2700 3623 2754 conciliis

1930 2783 2197 2837 omnibus
2246 2788 2522 2840 servanda
2572 2789 2933 2843 mandamus.
3003 2789 3067 2843 In
3119 2788 3213 2843 hic
3265 2789 3621 2859 viligantiam

1927 2876 2108 2939 tuam,
2141 2874 2199 2926 in
2253 2874 2340 2928 his
2389 2892 2582 2930 curam
2635 2877 2897 2932 fraternae
2951 2878 3174 2932 monitu
3214 2878 3622 2933 exhortationis

1930 2963 2308 3017 extendimus.
2359 2965 2456 3019 Hic
2487 2982 2552 3019 ea
2609 2983 2722 3037 qua
2758 2967 2996 3036 dignum
3023 2971 3110 3021 est
3149 2966 3468 3022 reverentia
3498 2983 3623 3023 cus-

1852 3054 1891 3108 C
1926 3050 2142 3117 toditis,
2174 3054 2401 3107 nullum
2459 3056 2735 3125 relinquit
2791 3056 2975 3125 culpae
3024 3056 3232 3124 locum,
3267 3072 3371 3111 nec
3409 3061 3622 3113 sanctae

1926 3141 2341 3195 observationis
2372 3144 2755 3198 obstaculum.
2788 3145 2869 3199 Ibi
2895 3145 2978 3198 fas
3022 3144 3297 3217 nefasque
3326 3146 3625 3218 praescrip-

1926 3232 2047 3283 tum
2101 3235 2203 3298 est,
2249 3231 2329 3285 ibi
2358 3232 2720 3301 prohibitum
2768 3234 2836 3287 ad
2868 3233 3025 3303 quod
3076 3234 3268 3287 nullus
3299 3233 3506 3288 audeat
3536 3250 3620 3287 as-

1926 3319 2136 3389 pirare,
2182 3319 2259 3373 ibi
2309 3338 2639 3375 concessum
2673 3323 2813 3393 quid
2868 3322 3070 3377 debeat
3102 3338 3262 3377 mens
3292 3325 3406 3378 Deo
3451 3323 3625 3393 placi-

1926 3414 2056 3462 tura
2080 3425 2452 3479 praesumere.
2495 3412 2726 3475 Quoties
2749 3411 3088 3466 universalis
3116 3413 3297 3483 poscit
3327 3412 3624 3484 religionis

1926 3513 2115 3564 causa,
2148 3498 2220 3552 ad
2250 3499 2558 3553 concilium
2595 3504 2649 3553 te
2690 3499 2880 3554 cuncti
2925 3499 3128 3554 fratres
3172 3506 3443 3555 evocante
3485 3518 3624 3556 con-

1924 3586 2195 3640 veniant:
2250 3592 2305 3640 et
2334 3588 2381 3640 si
2433 3605 2577 3659 quos
2608 3604 2807 3642 eorum
2862 3587 3121 3659 specialis
3167 3589 3387 3660 negotii
3435 3589 3627 3660 pulsat

1925 3675 2216 3729 contentio
2248 3676 2549 3747 (intentio),
2578 3677 2773 3748 jurgia
2790 3677 2942 3732 inter
2966 3694 3063 3732 eos
3085 3679 3285 3733 oborta
3306 3695 3623 3751 compesce,

1924 3764 2178 3818 discussa
2245 3766 2418 3819 sacris
2498 3766 2719 3835 legibus
2784 3767 3223 3822 determinando
3284 3768 3622 3824 certamina.

1925 3854 2207 3923 Quidquid
2243 3858 2435 3908 autem
2469 3855 2581 3908 illis
2610 3872 2713 3927 pro
2746 3857 2859 3911 ﬁde
2897 3863 2953 3911 et
2983 3857 3267 3912 veteribus
3300 3858 3627 3913 constitutis

1924 3943 2009 3995 vel
2035 3942 2270 4012 provida
2292 3943 2661 4012 dispositione
2680 3945 3002 4017 praecipies,
3020 3948 3106 4001 vel
3124 3964 3384 4018 personae
3408 3952 3616 4002 nostra:

1925 4032 2261 4086 auctoritate
2297 4032 2571 4087 formabis
2612 4034 2938 4105 (ﬁrmabis),
2987 4040 3171 4090 totum
3223 4037 3289 4091 ad
3320 4036 3618 4092 scientiam

1924 4125 2179 4173 nostram
2230 4121 2519 4175 instructae
2568 4123 2863 4177 relationis
2910 4125 3281 4179 attestatione
3307 4126 3625 4195 perveniat,

1923 4213 1987 4262 ut
2020 4208 2064 4233 "
2095 4213 2287 4263 noster
2308 4211 2535 4265 animus
2557 4212 2731 4266 ofﬁcii
2748 4214 2981 4267 caritate
3004 4213 3141 4279 dati,
3176 4219 3234 4267 et
3253 4220 3385 4269 tuus
3407 4214 3624 4268 securi-

1929 4302 2042 4352 tate
2072 4298 2400 4368 perfruatur
2430 4301 2671 4371 accepti.
2696 4303 2843 4356 Deus
2861 4306 2915 4358 te
2947 4302 3296 4357 incolumem
3323 4303 3627 4369 custodiat,

1856 4360 1899 4414 Β
1930 4387 2103 4442 frater
2135 4387 2446 4443 carissime.

2618 4479 2955 4535 EPISTOLA

2102 4581 2363 4622 JUSTINI
2412 4583 2858 4624 IMPERATORIS
2903 4586 2981 4625 AD
3027 4584 3207 4626 BORM
3253 4586 3447 4627 SDAM.

2135 4656 2204 4710 Se
2235 4655 2641 4728 imperatorem
2671 4658 2916 4714 electum
2947 4675 3067 4714 esse
3098 4658 3409 4733 signiﬁcat.

1994 4743 2246 4797 Justinus
2278 4747 2571 4816 Augustus
2605 4747 2918 4801 Hormisdse
2946 4765 3129 4818 papae.

1995 4831 2093 4883 Dei
2128 4832 2405 4886 beneﬁcia
2434 4834 2567 4888 licet
2606 4835 2817 4902 multis,
2855 4836 3101 4890 maxime
3141 4840 3337 4893 tamen
3386 4839 3633 4899 summis

1919 4919 2284 4988 pontiﬁcibus
2325 4922 2590 4974 convenit
2617 4923 2875 4978 indicari.
2913 4926 3159 4980 Proinde
3184 4927 3473 4983 sanctitati
3506 4945 3633 4985 ves-

1921 5011 2024 5061 trae
2058 5025 2162 5078 per
2192 5010 2385 5079 bas(t))
2434 5011 2789 5066 declaramus
2836 5016 3108 5085 epistolas
3166 5017 3322 5087 quod
3372 5018 3631 5089 primum

1922 5098 2179 5166 quidem,
2214 5100 2615 5169 inseparabilis
2659 5102 2953 5157 Trinitatis
2997 5105 3212 5173 favore,
3264 5107 3469 5162 deinde
3514 5118 3636 5162 am‘

1920 5187 2305 5255 plissimorum
2342 5206 2647 5258 procerum
2675 5194 2817 5246 sacri
2852 5196 3031 5248 nostri
3065 5196 3263 5265 palatii
3301 5202 3353 5250 et
3395 5197 3607 5251 sanctis

1921 5276 2050 5329 simi
2085 5282 2335 5344 senatus,
2369 5295 2474 5331 nec
2502 5296 2619 5333 non
2649 5282 2923 5337 electione
2956 5284 3276 5338 ﬁrmissimi
3311 5301 3339 5338 e
3360 5286 3631 5353 xercitus,

1921 5364 1991 5418 δά
2031 5364 2341 5436 imperium
2388 5384 2516 5434 nos,
2548 5369 2684 5425 licet
2714 5372 2977 5427 nolentes
3009 5389 3071 5427 ac
3126 5378 3478 5443 recusantes,
3522 5376 3638 5433 ele-

1992 5506 2036 5580 *ξ
2079 5508 2405 5580 Voluntaria
2436 5515 2568 5566 tuus
2610 5513 2845 5569 animus
2898 5515 3102 5569 ofﬁciis
3133 5517 3373 5574 caritate
3403 5520 3552 5577 datis
3580 5529 3638 5580 et

1918 5592 1987 5633 ex
2021 5578 2193 5650 hujus
2222 5581 2438 5638 decreti
2459 5585 2769 5641 securitate
2798 5588 3129 5657 perfruatur
3155 5591 3421 5664 acceptis.

3136 5772 3215 5830 14
