3998 6172
250 441 354 492 429

252 586 348 624 mo
392 567 793 623 desideramus
841 567 1043 621 ardore
1090 565 1376 636 perveniri
1421 565 1803 620 concordiam.
1849 563 1944 618 Fi—
1981 571 2028 621 A

248 659 361 713 lius
391 662 675 728 praeterea
700 660 897 712 noster
926 656 1012 710 vir
1043 656 1391 710 clarissimus
1422 656 1624 711 Gratus
1654 654 1797 708 sacri
1827 669 1950 708 con-

249 747 464 802 sistorii
502 763 694 801 comes
743 751 800 800 et
839 744 1114 814 magister
1143 745 1334 799 scrinii
1375 745 1668 800 memoria:
1703 743 1951 798 ostendit

250 837 312 891 in
343 853 399 890 se
432 843 686 890 vestrum
718 835 1077 906 allegationis
1111 851 1228 889 sua:
1272 835 1599 888 maturitate
1623 833 1946 904 judicium:

248 927 410 996 cujus
445 942 606 979 mora
639 925 900 979 sensibus
932 925 1147 989 vestris,
1185 940 1251 978 eo
1291 923 1598 990 referente,
1630 922 1836 977 melius
1867 938 1949 974 as-

249 1021 474 1070 seretur
504 1017 681 1085 (anno
708 1014 940 1068 Domini
972 1017 1112 1081 518).

693 1137 1058 1192 EXEMPLUM
1100 1137 1515 1191 RELATIONIS

390 1242 620 1282 JOANNIS
661 1242 896 1281 EPISCOPI
938 1241 1428 1280 CONSTANTINOPOLI
1468 1242 1566 1280 PER
1607 1241 1819 1280 GRATUM

1008 1331 1191 1369 MISSE.

257 1442 335 1496 Ut
365 1444 825 1495 communionem
861 1442 1137 1495 Romana:
1175 1440 1438 1494 Ecclesiae
1466 1439 1733 1510 impetret
1771 1438 1953 1495 mil/it

315 1512 582 1566 libellum
613 1528 724 1584 quo
753 1512 924 1582 ﬁdem
953 1511 1302 1584 catholicam
1334 1512 1660 1584 proﬁtetur;
1682 1515 1736 1563 et
1769 1511 1952 1581 lpSiuS

310 1583 676 1654 pontiﬁcis-7a
703 1601 764 1637 se
787 1601 993 1638 nomen
1015 1584 1077 1636 in
1104 1583 1392 1654 diptychis
1419 1583 1770 1654 descriptum
1800 1599 1950 1648 esse;

314 1653 544 1727 legato:
569 1672 678 1726 per
706 1671 848 1726 quos
866 1671 990 1726 pax
1010 1653 1389 1710 constituatur
1413 1653 1802 1709 destinandos.

309 1779 561 1835 Domino
589 1784 644 1834 et
674 1796 779 1850 per
814 1780 1007 1834 omnia
1041 1779 1141 1833 Dei
1173 1779 1416 1833 amatori
1449 1779 1808 1833 sanctissimo
1840 1780 1948 1832 fra-

236 1869 307 1921 tri
341 1873 400 1922 et
435 1868 840 1923 comministro
872 1868 1191 1922 Hormisdaa
1221 1869 1468 1923 Joannes
1495 1867 1554 1922 in
1587 1868 1831 1922 Domino
1860 1885 1946 1922 sa-
1991 1876 2030 1930 Β

236 1961 440 2012 lntem.

306 2048 516 2101 Saluto
562 2051 810 2102 vestram
866 2047 1250 2106 sanctitatem,
1295 2045 1585 2100 carissime
1624 2046 1682 2100 in
1731 2046 1951 2100 Christo

238 2138 441 2200 frater,
477 2143 534 2190 et
566 2136 821 2190 salutans
861 2135 1134 2206 praedico,
1169 2137 1444 2205 quoniam
1480 2140 1632 2189 recta
1671 2135 1812 2189 ﬁdes
1839 2135 1949 2188 sal-

234 2241 300 2278 va
331 2230 445 2288 est,
492 2225 700 2278 caritas
735 2225 1104 2278 fraternitatis
1134 2225 1360 2278 ﬁrmata
1392 2229 1494 2277 est.
1526 2226 1639 2277 Hoc
1675 2225 1821 2277 Deus
1857 2241 1947 2278 so-

235 2314 321 2367 lus
351 2320 570 2384 potens
590 2331 694 2384 per
715 2313 970 2367 studium
995 2313 1447 2367 Christianorum
1473 2317 1529 2365 et
1553 2312 1945 2383 plissimorum

234 2403 662 2473 imperatorum
701 2403 827 2456 ﬁeri
867 2403 1068 2456 voluit.
1113 2402 1371 2456 Scribere
1410 2402 1588 2472 igitur
1634 2404 1944 2472 apostolice

233 2496 286 2544 et
318 2490 605 2560 rescripta
642 2491 929 2561 suscipere
964 2491 1214 2544 fraterne
1241 2490 1339 2544 Dei
1372 2507 1566 2543 amore
1597 2491 1939 2560 dignemini.

235 2583 346 2651 Ego
388 2582 550 2634 enim
588 2579 902 2651 inquisibili
934 2579 1155 2632 ratione
1192 2578 1511 2632 doctrinam
1547 2579 1945 2632 sanctissimo-

236 2687 362 2726 rum
414 2673 810 2741 apostolorum
848 2669 1164 2722 secundum
1210 2668 1577 2721 traditionem
1619 2673 1947 2721 sanctorum

235 2763 480 2815 Patrum
527 2765 748 2826 tenens,
781 2757 1049 2811 similiter
1078 2758 1360 2810 honorem
1398 2757 1866 2810 consubstantiali
1894 2761 1950 2811 et

232 2866 334 2920 per
405 2848 606 2903 omnia
661 2852 868 2901 sanctae
911 2846 1178 2900 Trinitati
1230 2847 1428 2913 offero,
1471 2847 1616 2900 sicut
1661 2845 1719 2898 in
1764 2847 1948 2900 Nicasa

233 2955 470 2992 cccxvur
507 2943 686 2991 castus
717 2936 1124 3006 promulgavit,
1160 2940 1215 2988 et
1259 2935 1319 2988 in
1359 2935 1854 3004 Constantinopoli
1885 2951 1948 2991 CL

232 3034 563 3083 conventus
605 3027 872 3093 ﬁrmavit,
910 3032 964 3081 et
994 3027 1052 3079 in
1088 3025 1367 3094 Ephesina
1398 3043 1455 3078 cc
1499 3026 1768 3090 ﬁrmavit,
1801 3029 1855 3077 et
1887 3025 1946 3078 in

233 3116 604 3172 Chalcedone
656 3120 973 3170 conventus
1019 3131 1189 3168 ncxxx
1223 3117 1455 3168 Patrum
1487 3114 1752 3168 ﬁrmavit.
1791 3113 1948 3167 Hanc

232 3224 364 3276 ergo
402 3207 584 3260 ﬁdem
616 3221 796 3276 usque
829 3204 898 3258 ad
932 3205 1199 3257 ultimum
1223 3203 1541 3256 anhelitum
1565 3219 1670 3272 per
1699 3203 1944 3271 gratiam
1984 3185 2024 3239 (ἶ

234 3298 327 3349 Dei
355 3295 716 3357 custodiens,
745 3293 1139 3364 spiritualibus
1161 3292 1536 3363 amplexibus,
1564 3297 1679 3344 tam
1698 3295 1946 3345 vestram

233 3387 600 3439 sanctitatem
635 3399 806 3454 quam
841 3383 1012 3436 etiam
1045 3382 1388 3436 orthodoxas
1418 3381 1694 3433 Ecclesias
1727 3397 1790 3434 ex
1827 3381 1945 3434 ani-

233 3491 324 3528 mo
371 3474 727 3542 amplector,
774 3488 887 3524 una
933 3475 1121 3524 tecum
1169 3471 1227 3523 in
1278 3469 1515 3522 veritate
1566 3469 1839 3535 sentiens,
1890 3474 1947 3524 et

231 3579 342 3617 una
390 3570 593 3616 tecum
635 3576 869 3629 sperans
915 3559 1010 3612 illo
1058 3559 1148 3612 die
1197 3575 1298 3628 per
1345 3558 1489 3610 hanc
1534 3557 1706 3610 ﬁdem
1740 3558 1945 3612 salvari

233 3652 382 3706 bona
443 3651 746 3704 voluntate
798 3648 999 3712 Patris,
1053 3652 1109 3701 et
1159 3647 1315 3713 Filii,
1349 3652 1402 3699 et
1441 3647 1683 3715 Spiritus
1744 3647 1942 3701 sancti.

235 3738 739 3795 Consubstantiali
771 3738 922 3790 enim
956 3736 1217 3791 Trinitati
1261 3735 1444 3789 omnis
1493 3736 1675 3803 gloria
1708 3736 1947 3789 debetur

235 3847 385 3885 nunc
411 3834 477 3884 et
508 3829 568 3881 in
601 3827 806 3881 saecula
841 3827 1198 3880 saeculorum.
1226 3825 1468 3879 Omnem
1505 3824 1560 3876 in
1591 3823 1812 3876 Christo
1838 3824 1946 3879 fru-

233 3921 599 3984 ternitatem,
635 3933 762 3987 qua:
793 3903 923 3969 cum
952 3921 1138 3969 vestra
1169 3919 1252 3968 est
1284 3914 1598 3972 sanctitate,
1630 3929 1734 3982 ego
1760 3919 1815 3967 et
1846 3913 1944 3984 qui

233 4024 470 4062 mecum
507 4006 822 4076 plurimum
863 4005 920 4058 in
956 4004 1196 4058 Domino
1229 4003 1566 4070 salutamus.
1593 4003 1835 4055 Tantum
1877 4002 1946 4055 ad

235 4095 716 4152 satisfaciendum
752 4091 1102 4162 scripsimus,
1148 4097 1210 4145 ut
1257 4096 1312 4145 et
1357 4090 1683 4144 venerabile
1738 4105 1945 4142 nomen

234 4194 450 4240 sanctae
496 4182 912 4238 recordationis
956 4181 1178 4248 Leonis,
1213 4180 1500 4249 quondam
1543 4179 1700 4232 urbis
1750 4179 1945 4231 Romae

235 4272 687 4346 archiepiscopi,
722 4271 780 4324 in
826 4270 996 4325 sacris
1026 4268 1306 4339 diptychis
1350 4274 1611 4337 tempore
1644 4283 1945 4320 consecra-

235 4365 413 4419 tionis
452 4367 694 4434 propter
720 4360 1080 4414 concordiam
1104 4360 1456 4428 afﬁgcretur,
1489 4362 1544 4410 et
1574 4363 1822 4410 vestrum
1853 4356 1945 4410 be-

236 4455 539 4508 nedictum
587 4467 799 4505 nomen
847 4447 1111 4501 similiter
1152 4446 1211 4500 in
1258 4446 1537 4516 diptychis
1583 4445 1941 4515 praedicetur.

237 4544 303 4596 Ut
325 4544 398 4596 de
433 4539 709 4596 omnibus
740 4544 929 4592 autem
963 4536 1199 4590 satisﬁat
1232 4542 1429 4589 vestrm
1461 4533 1745 4588 sanctitati
1777 4534 1949 4604 (quo-

238 4635 395 4686 niam
424 4645 630 4702 pacem
658 4635 902 4682 vestram
938 4625 1356 4695 amplectimur,
1401 4630 1454 4678 et
1483 4625 1550 4679 de
1573 4624 1793 4678 unitate
1825 4639 1947 4677 san-

240 4726 469 4775 ctarum
501 4718 604 4772 Dei
649 4716 1026 4770 Ecclesiarnm
1061 4717 1368 4782 curamus),
1417 4730 1683 4784 rogamus
1713 4729 1812 4766 vos
1843 4728 1946 4782 pa-

239 4809 434 4864 ciﬁcos
484 4809 637 4861 viros
685 4805 989 4872 destinare,
1025 4808 1083 4858 et
1120 4808 1319 4857 vestrm
1361 4802 1566 4872 dignos
1615 4801 1946 4872 apostolica;

241 4899 414 4964 sedis,
455 4897 557 4967 qui
604 4895 849 4950 debeant
888 4893 1228 4958 satisfacere,
1265 4897 1322 4946 et
1361 4890 1805 4944 satisfactionem
1836 4906 1946 4944 no-

243 4991 420 5041 stram
467 4985 778 5055 suscipere,
823 4988 887 5038 ut
935 4989 992 5037 et
1040 4983 1100 5036 in
1148 4982 1253 5035 hac
1299 4983 1460 5050 parte
1509 4978 1765 5033 Christus
1797 4980 1946 5032 Deus

242 5081 438 5130 noster
477 5074 852 5145 gloriﬁcetur,
888 5071 989 5142 qui
1036 5086 1138 5142 per
1168 5086 1266 5123 vos
1309 5084 1510 5139 pacem
1552 5068 1699 5122 hanc
1729 5068 1946 5122 mundo

244 5164 509 5219 servavit.
573 5166 817 5232 Accepta
857 5176 955 5214 xm
994 5158 1260 5213 calendas
1298 5156 1555 5212 Januarii
1615 5158 1791 5227 (anno
1841 5157 1945 5210 Do-

246 5255 388 5308 mini
418 5253 565 5323 518),
599 5256 727 5323 post
758 5249 1113 5305 consulatum
1145 5247 1392 5318 Agapiti.

829 5375 1159 5431 EPISTULA
1197 5375 1369 5429 XXIX.

402 5485 472 5522 AD
509 5483 754 5522 JOANNEH
797 5477 1473 5522 CONSTANTINOPOLITANUM
1517 5475 1803 5515 EPISCOPUH

905 5567 1286 5608 RESPONSORIA.

255 5679 628 5733 Commendat
649 5681 940 5734 Joannem
969 5676 1328 5748 episcopum,
1348 5677 1397 5728 et
1410 5674 1621 5748 gaudet
1643 5671 1944 5748 concilium

325 5750 783 5807 Chalcedonense
807 5752 860 5802 et
875 5743 1221 5818 dita'Leonis
1236 5743 1509 5818 epistolas
1525 5744 1602 5818 ab
1621 5743 1946 5818 escomple-

329 5836 456 5878 πω.
480 5821 565 5879 Ad
592 5821 858 5878 Ecclesiae
883 5814 1336 5876 communionem
1376 5814 1790 5872 admittendum
1819 5814 1944 5886 pol-

1568 433 1921 488 EPISTOLZE
1961 432 2050 488 ET
2089 430 2442 486 DECRETA.

3651 435 3756 488 430

2129 559 2410 624 licetur,si
2424 576 2621 616 nomen
2633 559 2836 616 Acacii
2845 576 2874 614 ε
2886 559 3174 631 diptychis
3188 560 3374 618 sacris
3393 564 3751 634 expunxeril.

2131 651 2435 706 Hormisda
2463 651 2663 706 Joanni
2696 651 2958 721 episcopo
2986 651 3644 723 Constantinopolitano.

2132 741 2439 812 Spirituale
2475 741 2748 811 gaudium
2781 741 3007 794 directis
3036 741 3242 795 caritas
3286 747 3384 796 tua
3414 743 3756 812 signiﬁcavit

2059 831 2344 898 alfatibus,
2375 831 2630 884 docendo
2659 835 2719 884 ut
2748 830 3040 884 catholica:
3072 829 3366 901 religionis
3390 831 3754 903 disciplinam

2058 921 2260 974 ordine
2299 937 2400 974 suo
2445 920 2618 974 vestri
2667 926 2940 990 pastores,
2973 919 3086 972 Deo
3131 924 3329 974 nostro
3368 920 3624 990 juvante,
3661 938 3754 975 re-

2058 1009 2332 1078 ceperint.
2385 1010 2512 1062 Haec
2553 1025 2672 1061 esse
2712 1007 2989 1061 beneﬁcia
3041 1007 3443 1062 misericordias
3491 1025 3755 1080 superna:

2061 1099 2189 1168 quis
2224 1097 2482 1152 dubitet?
2518 1099 2646 1152 Haec
2679 1098 2805 1168 quis
2851 1096 3075 1151 dubitet
3105 1097 3443 1152 venerabilis
3479 1097 3755 1169 principis

2057 1188 2291 1257 tropaeis
2336 1186 2616 1256 adjungi‘?
2647 1186 2755 1250 Qui
2796 1186 3050 1256 ambigat
3080 1185 3214 1256 quia
3246 1187 3430 1256 major
3463 1187 3516 1240 ei
3550 1188 3620 1242 de
3652 1187 3754 1241 hac

2056 1292 2193 1346 pace
2225 1292 2398 1347 quam
2446 1276 2513 1329 de
2555 1276 2905 1346 quibuslibet
2938 1275 3154 1345 praeliis
3199 1276 3528 1346 triumphus
3559 1278 3751 1348 acqui-

2060 1366 2247 1419 ritur?
2277 1366 2448 1420 Istius
2475 1365 2687 1419 laboris
2721 1365 2904 1434 gloria
2935 1366 3114 1420 nescit
3143 1381 3404 1419 occasum
3443 1381 3456 1420 :
3489 1367 3626 1436 quia
3657 1367 3755 1420 ubi

2063 1455 2209 1508 Deus
2240 1461 2392 1508 recte
2437 1455 2660 1522 colitur,
2712 1471 3008 1526 nunquam
3056 1454 3518 1509 adversariorum
3557 1457 3756 1509 crescit

2059 1543 2354 1614 iniquitas.
2398 1543 2726 1596 Dilectionis
2757 1547 2870 1598 tute
2898 1543 3315 1598 confessionem
3348 1548 3642 1614 gratanter
3670 1561 3755 1597 ac-

2057 1633 2335 1702 cepimus,
2388 1649 2492 1703 per
2551 1649 2725 1703 quam
2779 1637 2985 1687 sanctae
3033 1633 3238 1704 synodi
3282 1633 3752 1703 comprobantur,

2055 1722 2207 1775 inter
2236 1738 2378 1792 quas
2407 1722 2815 1776 instauratione
2842 1722 3282 1777 constitutorum
3310 1721 3570 1776 omnium
3601 1723 3756 1777 Chal-
3787 1737 3802 1758 ι

2057 1809 2380 1864 cedonense
2433 1811 2740 1864 concilium
2790 1811 3164 1881 praedicastis,
3226 1816 3282 1866 et
3337 1810 3749 1865 catholicorum

2061 1915 2303 1952 numero
2351 1899 2590 1970 adjungi
2636 1899 2963 1955 desiderans
3001 1901 3181 1955 sancti
3238 1916 3400 1972 papae
3448 1901 3650 1956 Leonis
3696 1901 3756 1954 in

2059 1989 2346 2060 diptychis
2395 2006 2603 2043 nomen
2654 2006 2939 2044 asseveras
2990 1991 3284 2062 scriptum.
3320 1991 3431 2045 Ista
3471 1991 3758 2046 laudanda

2059 2084 2212 2145 sunt,
2276 2079 2320 2132 si
2377 2079 2745 2157 perfectionis
2789 2079 3171 2150 subsequatur
3212 2080 3484 2134 effectus:
3519 2079 3619 2151 qui
3665 2097 3753 2134 re-

2059 2167 2249 2237 cipere
2276 2168 2735 2223 Chalcedonense
2766 2168 3093 2236 concilium,
3130 2173 3186 2224 et
3219 2169 3382 2240 sequi
3407 2170 3588 2223 sancti
3619 2170 3756 2224 Leo-

2060 2257 2148 2310 nis
2210 2258 2500 2328 epistolas,
2559 2262 2614 2312 et
2667 2257 2852 2312 adhuc
2909 2273 3122 2312 nomen
3178 2258 3365 2311 Acacii
3427 2257 3752 2325 defendere,

2057 2347 2165 2400 hoc
2216 2351 2302 2400 est
2346 2345 2496 2400 inter
2539 2364 2596 2400 se
2637 2347 3020 2417 discrepantia
3067 2347 3377 2402 vindicare.
3427 2347 3564 2411 Quis
3615 2347 3754 2402 Dio—

2058 2452 2280 2490 scorum
2350 2441 2405 2490 et
2475 2436 2844 2507 Eutychetem
2910 2436 3321 2504 condemnans,
3391 2435 3753 2492 innocentem

2057 2525 2356 2579 ostendere
2388 2526 2570 2595 possit
2613 2525 2918 2580 Acacium?
2948 2524 3083 2590 Quis
3128 2525 3497 2580 Timotheum
3544 2530 3600 2581 et
3639 2528 3750 2582 Pe-

2055 2619 2207 2668 trum
2258 2614 2724 2681 Alexandrinum,
2751 2619 2807 2668 et
2837 2615 3015 2668 alium
3047 2617 3276 2668 Petrum
3307 2615 3750 2680 Antiochenam,

2057 2708 2112 2756 et
2170 2719 2440 2773 sequaces
2498 2720 2699 2758 eorum
2757 2704 3070 2771 declinans,
3120 2703 3263 2756 sicut
3309 2703 3578 2769 diximus,
3639 2720 3752 2758 non

2055 2791 2422 2846 abominetur
2468 2793 2751 2860 Acacium,
2785 2792 2883 2862 qui
2923 2807 3121 2846 eorum
3163 2792 3632 2845 communionem
3670 2809 3754 2846 se-

2056 2881 2218 2930 cutus
2286 2878 2406 2931 est?
2461 2879 2535 2932 De
2591 2881 2826 2931 caritate
2882 2877 3162 2948 siquidem
3222 2881 3322 2931 tua
3369 2878 3608 2932 meliora
3651 2879 3751 2932 Dei

2059 2966 2473 3036 omnipotentis
2517 2971 2910 3035 exspectamus
2940 2965 3174 3033 auxilio,
3207 2965 3482 3020 habentes
3520 2966 3752 3036 optimte

2054 3055 2455 3124 promissionis
2500 3071 2682 3125 spem,
2733 3054 2878 3108 sicut
2917 3054 2984 3107 ad
3036 3070 3140 3108 nos
3172 3071 3300 3125 quae
3351 3054 3607 3109 direxisti
3651 3060 3753 3110 tua

2055 3145 2264 3214 scripta
2296 3143 2626 3210 ostendunt,
2662 3149 2850 3197 tecum
2898 3143 2954 3197 in
2995 3143 3234 3197 veritate
3267 3143 3540 3210 sentiens,
3573 3149 3625 3198 et
3669 3145 3750 3216 ip-

2057 3250 2118 3287 sa
2139 3234 2467 3300 defendens,
2501 3249 2733 3303 sperans
2763 3233 2822 3286 in
2845 3233 2944 3286 illo
2973 3233 3187 3303 judicio
3216 3250 3318 3304 per
3345 3234 3469 3304 ipsa
3501 3239 3556 3288 te
3587 3251 3750 3304 posse

2056 3321 2279 3376 salvari.
2322 3321 2454 3375 Post
2493 3321 2612 3375 haec
2665 3321 2802 3392 quid
2850 3325 3044 3387 restat,
3079 3321 3188 3374 nisi
3229 3326 3293 3376 ut
3339 3322 3485 3376 sedis
3515 3328 3751 3394 aposto-

2055 3410 2195 3478 licm,
2229 3412 2390 3482 cujus
2435 3411 2609 3465 ﬁdem
2653 3416 2707 3464 te
2755 3410 2894 3464 dicis
2939 3410 3224 3481 amplecti,
3275 3411 3534 3482 sequaris
3577 3412 3748 3465 etiam

2054 3500 2175 3554 sine
2203 3500 2587 3571 trepidatione
2623 3500 2877 3570 judicia?
2908 3500 3091 3569 Igitur
3134 3500 3395 3570 partibus
3441 3501 3750 3555 Orientali-

2053 3590 2159 3644 bus
2211 3590 2447 3644 ostende
2493 3606 2595 3661 per
2646 3593 2699 3643 te
2732 3590 2884 3660 quod
2933 3594 3246 3660 sequantur
3289 3591 3636 3661 exemplum,
3688 3594 3779 3644 ut'

2055 3677 2315 3731 omnium
2367 3679 2510 3744 laus,
2563 3678 2663 3748 qui
2713 3677 2950 3731 correcti
3009 3677 3242 3739 fuerint,
3287 3678 3402 3732 tuis
3460 3679 3748 3733 laboribus

2053 3767 2389 3838 applicetur.
2419 3768 2562 3837 Ergo
2589 3783 2717 3820 cum
2739 3783 2949 3835 magna
2977 3767 3301 3835 denunties,
3328 3772 3384 3821 et
3402 3767 3578 3822 ﬁdem
3597 3768 3749 3822 beati

2054 3855 2296 3925 apostoli
2342 3855 2495 3909 Petri
2538 3859 2593 3908 te
2641 3856 2909 3925 amplecti
2957 3855 3264 3926 signiﬁces,
3317 3861 3468 3912 recte
3510 3857 3748 3911 credens

2053 3942 2113 3996 in
2161 3960 2227 3995 ea
2282 3941 2524 3995 salutem
2573 3947 2827 3995 nostram
2869 3959 3038 4012 posse
3082 3943 3409 4004 subsistere,
3460 3943 3746 4011 libellum,

2053 4031 2214 4100 cujus
2245 4030 2597 4084 continentia
2645 4031 2838 4084 subter
2878 4047 3103 4085 annexa
3143 4035 3246 4098 est,
3294 4047 3328 4084 a
3378 4031 3612 4086 caritate
3650 4036 3749 4086 tua

2055 4119 2438 4190 subscriptum
2483 4118 2554 4172 ad
2601 4134 2704 4171 nos
2749 4119 2954 4190 dirige,
2984 4123 3048 4174 ut
3077 4119 3201 4173 sine
3231 4120 3596 4174 conscientias
3625 4121 3747 4174 for-

2053 4209 2270 4262 midine
2313 4223 2483 4260 unam
2516 4206 3008 4273 communionem,
3057 4206 3202 4260 sicut
3245 4223 3499 4271 oramus,
3540 4208 3749 4263 habere

2054 4297 2358 4368 possimus.
2396 4298 2503 4350 Pro
2538 4312 2782 4366 persona
2809 4313 3042 4367 quoque
3086 4294 3190 4348 ﬁlii
3222 4295 3400 4348 nostri
3449 4295 3604 4350 Grati
3641 4296 3750 4350 viri

2055 4385 2355 4440 clarissimi
2389 4386 2504 4439 Deo
2538 4390 2732 4440 nostro
2765 4384 2977 4456 gratias
3023 4384 3144 4438 sine
3187 4383 3501 4438 cessatione
3530 4385 3748 4455 persol-

1986 4485 2029 4538 D
2056 4475 2263 4541 vimus,
2296 4475 2457 4545 cujus
2499 4475 2641 4528 ﬁdes
2680 4479 2737 4529 et
2776 4477 2932 4528 recta
2961 4472 3265 4527 credulitas
3307 4477 3568 4528 nostrum
3603 4473 3751 4529 circa

2058 4581 2118 4621 se
2149 4565 2414 4620 excitavit
2453 4565 2748 4632 affectum;
2774 4565 2982 4635 dignus
3014 4580 3074 4617 re
3113 4579 3248 4617 vera
3285 4563 3386 4634 qui
3430 4565 3603 4619 tantas
3657 4581 3752 4620 cu-

2053 4671 2177 4710 ram
2219 4655 2531 4726 susciperet
2571 4655 2832 4720 actionis,
2867 4657 2922 4708 et
2961 4653 3195 4707 maximi
3229 4651 3505 4725 principis
3548 4654 3621 4711 ad
3648 4671 3752 4711 nos

2055 4743 2324 4798 mandata
2354 4744 2651 4814 perferret.

2744 4830 3076 4886 EPISTOLA

2107 4937 2401 4975 JUSI‘INIANI
2439 4937 2507 4974 AD
2548 4936 2856 4974 HORMISDAM
2899 4936 3050 4975 MISSA
3089 4935 3190 4974 PER
3229 4936 3450 4977 EUMDEM
3491 4937 3704 4978 GRATUII

2577 5025 2632 5062 ιιι
2642 5025 2930 5062 PERATORIS
2969 5025 3234 5064 LEGATUM.

2058 5117 2170 5170 Pro
2188 5132 2333 5186 pace
2360 5118 2416 5169 et
2444 5113 2667 5186 unitate
2688 5114 3000 5170 Orientalis
3021 5115 3296 5171 Ecclesia
3317 5116 3642 5185 pontiﬁcem
3661 5131 3749 5170 ro-

2126 5185 2243 5259 gat,
2267 5190 2330 5240 ut
2349 5186 2403 5240 si
2426 5185 2617 5259 minus
2636 5203 2697 5240 se
2718 5187 3279 5259 Constantinopolim
3303 5187 3442 5243 velit
3459 5186 3748 5255 conferre,

2125 5258 2342 5329 legatos
2367 5258 2582 5312 mittat.

2123 5365 2479 5420 Justinianus
2511 5380 2702 5418 comes
2730 5364 3044 5419 Hormisdae
3075 5380 3256 5435 papte.

2128 5453 2512 5509 Desiderabile
2530 5459 2778 5525 tempus,
2804 5453 2957 5524 quod
2980 5452 3217 5507 summis
3237 5449 3384 5505 votis
3402 5452 3746 5524 optavimus,

2056 5544 2247 5599 divina
2277 5543 2601 5607 clementia,
2633 5544 2858 5598 dolores
2887 5541 3114 5612 generis
3145 5540 3386 5594 humani
3415 5543 3746 5614 respiciens,

2053 5633 2250 5704 largiri
2272 5633 2503 5702 dignata
2529 5638 2632 5698 est,
2659 5648 2772 5703 quo
2797 5647 2997 5684 omnes
3019 5629 3281 5684 catholici
3295 5633 3353 5684 et
3376 5632 3492 5686 Deo
3513 5633 3751 5704 perfecti

2052 5723 2251 5779 ﬁdeles
2279 5719 2563 5794 majestati
2594 5721 2718 5792 ejus
2757 5736 2817 5776 se
2854 5718 3046 5774 valent
3082 5718 3504 5775 commendare.
3535 5721 3749 5777 Idcirco

2059 5814 2161 5869 has
2192 5813 2262 5869 ad
2283 5813 2672 5884 apostolatum
2702 5815 2978 5876 vestrum,
3000 5809 3180 5865 libera
3211 5809 3441 5865 licentia
3451 5810 3570 5880 jam
3601 5810 3745 5865 mihi
