4038 6170
315 341 414 395 431

1754 337 2008 392 HORMIS

2118 339 2129 390 Σ
2169 338 2369 391 ΡΑΡίΕ
3687 342 3776 393 432

303 477 586 534 beneﬁcio
639 477 855 532 ccelesti
907 475 1154 544 indulta,
1207 473 1407 528 direxi.
1473 473 1748 528 Dominus
1799 478 2010 527 etenim
2049 475 2096 528 A
2125 473 2494 527 manifestum
2531 471 2878 526 desiderium
2910 471 3277 526 correctionis
3305 473 3625 528 ostendunt.
3654 476 3780 547 Ergo

309 575 502 622 noster
535 566 944 620 invictissimus
983 565 1297 634 imperator
1347 563 1723 617 orthodoxam
1770 564 2002 633 reﬁgio-

307 674 438 711 nem
471 672 698 726 semper
738 657 1089 724 amplectens
1133 653 1527 706 ardentissima
1567 653 1698 719 ﬁde,
1745 654 2014 724 cupiens-

308 763 419 816 que
452 750 834 798 sacrosanctus
885 743 1156 795 Ecclesias
1201 743 1270 794 ad
1303 743 1668 795 concordiam
1709 759 2008 809 revocare;

314 850 446 887 mox
476 839 540 887 ut
589 833 825 902 adeptus
853 837 937 883 est
985 830 1200 883 ccelesti
1226 831 1441 900 judicio
1474 830 1681 883 infulas
1724 832 2016 900 principa-

309 924 408 988 les,
438 922 824 975 sacerdotibus
857 921 949 973 hic
980 919 1179 989 positis
1219 920 1573 972 denuntiavit
1618 925 1678 972 ut
1707 937 1810 989 pro
1842 937 2007 990 regu-

307 1013 378 1066 lis
406 1011 730 1081 apostolicis
760 1009 1067 1063 unirentur
1102 1009 1360 1062 Ecclesia:
1398 1024 1410 1060 :
1446 1014 1500 1062 et
1533 1025 1742 1079 magna
1775 1011 2006 1079 quidem

306 1117 439 1171 pars
495 1099 628 1153 ﬁdei
682 1104 767 1152 est
813 1098 1128 1168 composita
1178 1098 1290 1150 Deo
1343 1105 1590 1150 auctore.
1647 1099 1722 1152 De
1769 1098 2002 1153 nomine

305 1189 704 1244 tantummodo
737 1189 920 1242 Acacii
955 1193 1155 1240 vestrae
1199 1185 1572 1240 beatitudinis
1617 1189 1878 1241 convenit
1909 1205 2006 1241 au-

305 1279 426 1334 dire
458 1294 822 1333 consensum.
854 1279 1034 1340 Quam
1055 1276 1128 1329 ob
1154 1291 1381 1329 causam
1407 1277 1672 1329 dominus
1701 1283 1895 1331 noster
1924 1295 2006 1331 se-

305 1368 642 1423 renissimus
685 1367 950 1436 princeps
992 1367 1224 1420 Gratum
1265 1365 1454 1419 virum
1495 1367 1823 1433 sublimem,
1859 1384 2006 1420 una-

305 1457 522 1510 nimem
559 1454 703 1508 mihi
733 1454 1006 1522 amicum,
1038 1469 1166 1506 cum
1210 1453 1435 1523 paginis
1468 1456 1740 1523 Augustis
1771 1456 1841 1509 ad
1883 1472 2007 1509 san-

306 1546 560 1598 ctitatem
599 1549 758 1597 tuam
794 1541 1130 1608 transmisit,
1167 1547 1227 1596 ut
1272 1543 1454 1596 modis
1499 1544 1768 1598 omnibus
1809 1545 2004 1614 digne-

306 1639 401 1687 tur
431 1632 985 1702 Constantinopolim
1027 1631 1096 1684 ad
1130 1631 1352 1702 reliqua
1397 1633 1719 1686 concordim
1763 1651 2002 1703 compo-

307 1721 495 1774 nenda
524 1721 717 1774 venire
747 1738 758 1774 :
794 1721 890 1774 sed
923 1721 1137 1790 absque
1170 1721 1417 1790 quadam
1450 1721 1718 1775 dilatione
1747 1729 2000 1776 vestrum

307 1814 700 1880 exspectamus
731 1810 1066 1877 adventum,
1103 1827 1274 1880 quem
1321 1810 1366 1863 si
1406 1827 1518 1880 qua
1556 1812 1813 1879 tarditas,
1849 1813 2004 1884 quod

306 1899 434 1953 ﬁeri
469 1915 587 1953 non
624 1899 811 1966 debet,
861 1899 1099 1953 forsitan
1140 1900 1460 1967 retinuerit,
1511 1901 1744 1955 interim
1791 1903 1878 1955 vel
1925 1919 2007 1956 sa-

307 1988 564 2042 cerdotes
594 1988 828 2042 idoneos
871 1989 1158 2043 destinare
1189 1989 1446 2056 festinet;
1481 1990 1616 2060 quia
1660 1995 1810 2045 totus
1842 2008 2007 2046 mun-

309 2077 415 2131 dus
457 2077 711 2147 partium
753 2083 1078 2132 nostrarum
1122 2095 1425 2132 conversus
1457 2080 1525 2133 ad
1569 2081 1846 2135 unitatem
1889 2098 2009 2136 mo-

308 2182 400 2219 ras
446 2181 564 2220 non
614 2167 848 2237 patitur.
883 2168 1212 2222 Accelerate
1253 2185 1412 2239 ergo,
1450 2169 1677 2222 domine
1715 2169 2007 2224 sanctissi-

306 2270 420 2321 me,
453 2272 525 2309 ne
559 2257 720 2311 vobis
749 2257 1100 2325 absentibus,
1133 2275 1262 2328 quas
1300 2259 1507 2312 debent
1546 2259 2006 2330 praesidentibus,

309 2345 630 2400 ordinari...
683 2346 902 2400 Scimus
953 2347 1166 2400 etenim
1221 2347 1438 2401 litteras
1496 2353 1700 2401 vestrae
1758 2348 2006 2403 beatitu-

309 2434 460 2488 dinis
520 2439 576 2489 et
631 2440 1053 2489 antecessorum
1116 2440 1434 2490 vestrorum
1477 2437 1542 2490 ad
1595 2437 1883 2491 Orientem
1929 2437 2009 2491 di-

309 2527 491 2576 rectas
537 2523 677 2593 quid
733 2541 905 2594 super
948 2526 1053 2578 hac
1093 2525 1290 2578 eadem
1339 2542 1508 2578 causa
1555 2526 1901 2579 contineant.
1941 2528 2008 2579 Ut

310 2616 502 2665 autem
545 2612 693 2666 nihil
727 2614 1218 2684 praetermittatur,
1250 2619 1488 2685 propter
1525 2631 1754 2667 causam
1800 2615 2008 2685 saepius

309 2705 709 2768 memoratam,
744 2703 815 2756 ab
850 2703 1224 2757 invictissimo
1266 2720 1400 2773 rege
1445 2703 1740 2772 religionis
1780 2719 2006 2774 quoque

308 2790 608 2858 negotium
651 2790 770 2844 ﬁlio
817 2797 1003 2845 vestro
1044 2793 1162 2846 viro
1208 2791 1439 2845 sublimi
1485 2793 1653 2846 Grato
1702 2797 1786 2846 est
1822 2792 2009 2862 injun-

312 2883 488 2945 ctum,
520 2880 745 2935 favente
779 2881 1022 2935 Domino
1051 2886 1244 2934 nostro
1275 2881 1404 2933 Jesu
1439 2880 1684 2936 Christo.

894 2987 1224 3041 EPISTOLA
1268 2987 1425 3042 XXX.

738 3094 807 3130 AD
868 3094 1060 3130 CA‘JSAIU
1071 3093 1143 3130 ΠΜ
1181 3092 1246 3130 ΑΒ
1256 3093 1560 3130 ELATENSEH
1571 3117 1581 3128 .

314 3168 488 3221 Docel
519 3166 822 3221 Dardaniae
849 3170 904 3219 el
934 3166 1166 3236 Illyrici
1190 3165 1484 3236 episcopos
1511 3165 1588 3218 ad
1615 3164 1768 3219 sedis
1787 3167 2011 3235 aposto-

383 3237 505 3296 lica
544 3239 1019 3302 communionem,
1054 3236 1426 3306 Eulyehiana
1469 3236 1669 3289 haeresi
1709 3237 2006 3304 damnata,

383 3307 640 3374 rediisse,
673 3312 727 3361 et
758 3309 826 3361 de
856 3307 1140 3378 legatione
1170 3311 1230 3360 in
1262 3308 1548 3360 Orientem
1577 3306 1776 3361 missa.

382 3414 758 3469 Dilectissimo
790 3414 950 3467 fratri
985 3414 1246 3481 Caesario,
1284 3415 1371 3467 vel
1420 3414 1505 3466 his
1554 3413 1653 3484 qui
1704 3414 1807 3468 sub
1841 3414 2010 3469 dilec-

313 3503 486 3557 tionis
521 3506 634 3556 tuas
662 3502 1027 3556 ordinatione
1055 3503 1395 3563 consistunt,
1431 3503 1752 3557 Ilormisda.

382 3593 607 3645 Justum
636 3597 719 3645 est
751 3595 812 3644 ut
843 3591 941 3660 qui
969 3591 1245 3645 catholica
1275 3591 1681 3645 communione
1712 3592 2008 3656 laetamini,

315 3680 611 3734 nobiscum
661 3681 730 3735 de
781 3680 1062 3746 Ecclesiae,
1111 3681 1157 3734 si
1209 3697 1322 3752 qua
1368 3681 1650 3750 provenit,
1705 3683 2012 3737 concordia

314 3770 643 3840 gaudeatis;
680 3774 741 3824 ut
783 3771 1268 3840 quemadmodum
1316 3787 1463 3824 unus
1502 3771 1666 3824 nobis
1704 3788 2011 3826 consensus

315 3864 400 3913 est
439 3859 594 3925 ﬁdei,
643 3853 724 3914 ita
763 3861 837 3913 sit
877 3859 1171 3914 individua
1218 3860 1526 3930 gratulatio
1579 3877 2008 3931 prosperorum.

319 3949 509 4002 Nostis
560 3950 808 4020 qualiter
839 3951 1188 4006 detestabilis
1237 3952 1589 4021 Eutychiana
1636 3953 1864 4007 haeresis
1909 3971 2013 4024 per

316 4038 631 4093 Orientales
684 4045 873 4109 serpat
914 4041 1208 4109 Ecclesias,
1252 4046 1305 4094 et
1341 4043 1563 4112 quoties
1609 4044 1862 4112 praefatae.
1911 4061 2012 4098 su—

313 4127 671 4197 perstitionis
730 4129 884 4182 virus
927 4130 1174 4200 synodus
1218 4132 1500 4199 generalis
1544 4132 1891 4200 exstinxerit,
1924 4133 2012 4187 vel

319 4218 546 4287 quoties
574 4218 695 4287 ejus
730 4234 998 4288 sequaces
1030 4219 1283 4272 salubria
1314 4220 1535 4273 monita
1568 4222 1890 4290 apostolicze
1930 4238 2011 4276 se-

312 4306 398 4360 dis
456 4307 791 4376 spreverint,
840 4312 914 4374 et,
969 4308 1132 4377 quasi
1180 4309 1579 4362 erubescentes
1631 4326 1835 4363 manus
1876 4311 2008 4364 dare

310 4395 558 4462 veritati,
613 4401 714 4450 aut
752 4397 1077 4467 apostolicze
1129 4398 1274 4451 sedis
1323 4399 1828 4464 praedicationibus
1877 4401 2010 4454 obe-

311 4485 455 4550 dire,
484 4485 544 4538 in
583 4485 688 4539 hac
725 4490 920 4539 tamen
961 4486 1345 4540 obstinatione
1383 4487 1778 4556 perstiterunt.
1831 4489 2009 4542 Elatio

313 4574 468 4626 enim
501 4590 727 4644 semper
755 4575 917 4628 affert
963 4574 1132 4628 saluti
1170 4575 1512 4644 periculum,
1559 4592 1662 4645 per
1711 4593 1880 4646 quam
1923 4577 2007 4647 ip-

313 4663 431 4716 sius
456 4662 721 4716 inventor
751 4663 1008 4716 diabolus
1031 4665 1291 4733 angelica
1313 4669 1589 4734 potestate
1621 4665 1872 4734 privatus
1904 4671 2006 4720 est.

312 4753 421 4805 Pro
453 4749 541 4804 his
585 4751 882 4805 nobiscum
929 4753 1241 4823 saepissime
1285 4754 1608 4808 fraternitas
1650 4760 1834 4807 vestra
1874 4772 2007 4808 con-

312 4839 516 4904 doluit,
543 4839 874 4910 apostolicze
905 4857 1022 4894 non
1057 4841 1360 4896 immemor
1390 4843 1669 4907 lectionis,
1707 4860 1818 4914 qua
1851 4861 2010 4898 mon-

312 4933 523 4982 stratur
559 4944 572 4983 :
625 4927 686 4984 Si
725 4928 945 4998 patilur
987 4948 1158 4985 unum
1201 4932 1536 4999 membrum,
1576 4931 2010 5004 compalz'unlur

313 5017 511 5073 omnia
559 5019 815 5072 membra
861 5019 920 5089 (Ι
953 5021 1075 5074 Cor.
1107 5022 1225 5089 xu).
1260 5021 1367 5074 Sed
1413 5022 1709 5089 Dominus,
1745 5023 1842 5091 qui
1891 5024 2010 5077 vult

312 5124 511 5161 omnes
541 5108 803 5162 homines
835 5110 1020 5163 salvos
1058 5111 1181 5164 ﬁeri
1221 5111 1385 5164 et/ad
1432 5111 1818 5180 cognitionem
1860 5112 2006 5164 veri-

311 5196 443 5248 tatis
488 5197 701 5263 venire,
739 5213 887 5251 nunc
943 5201 1255 5252 multorum
1297 5215 1494 5251 sensus
1538 5199 1890 5264 illuminans,
1926 5201 2006 5252 eis

312 5284 661 5339 desiderium
685 5289 1009 5356 apostolicae
1033 5289 1455 5341 communionis
1480 5289 1743 5349 infundit,
1773 5291 2002 5358 utquod

310 5372 529 5426 dudum
559 5375 878 5430 intentione
923 5377 1328 5446 pra3dicabant,
1364 5377 1470 5430 hoc
1515 5394 1668 5430 nunc
1700 5378 2005 5430 correctio-

309 5461 397 5514 nis
437 5463 789 5531 professione
840 5467 1244 5520 condeinnent.
1283 5465 1536 5528 Quorum
1588 5466 1836 5519 reditum
1877 5467 2004 5519 ideo

311 5551 530 5620 absque
564 5553 905 5623 suspicionis
936 5571 1129 5608 morsu
1174 5555 1502 5624 recipimus,
1533 5556 1667 5624 quia
1700 5557 1835 5609 dum
1882 5572 2007 5624 pec-

306 5644 496 5694 catum
527 5640 650 5696 sine
679 5643 871 5714 aliquo
905 5643 1282 5699 excusationis
1323 5643 1603 5697 velamine
1645 5645 2002 5710 confitentur,

2125 563 2378 633 episcopi
2413 567 2526 615 tam
2563 563 2827 628 Dardani,
2861 579 3032 632 quam
3065 560 3274 631 Illyrici
3304 578 3450 632 pene
3489 579 3690 633 omnes,
3721 582 3782 619 ne

2125 653 2236 705 sint
2281 668 2472 705 errore
2526 651 2944 705 condemnandi
2998 651 3310 720 praeterito,
3359 655 3604 720 petentes
3652 653 3784 708 beati

2123 741 2276 794 Petri
2325 742 2714 810 apostolorum
2760 741 3034 811 principis
3071 741 3554 808 communionem,
3588 747 3639 795 et
3666 742 3783 795 scri-

2121 831 2235 900 ptis
2266 837 2321 884 et
2352 830 2732 900 legationibus
2772 830 3064 883 destinatis
3109 845 3168 883 se
3197 830 3520 899 apostolica:
3552 831 3688 884 sedis
3714 848 3786 885 re-

2120 920 2269 990 gulis
2311 921 2543 973 obedire
2591 920 2955 972 confirmant.
2992 921 3094 972 Pro
3134 919 3340 989 quibus
3391 925 3657 989 quantum
3698 937 3785 975 nos

2121 1014 2377 1078 Oporteat
2420 1009 2720 1077 gratulari,
2757 1007 2858 1060 soli
2901 1023 3147 1078 quorum
3194 1009 3338 1062 fides
3384 1008 3560 1061 fervet
3605 1009 3787 1063 intelli-

2119 1103 2281 1168 gunt.
2317 1097 2618 1152 Sciendum
2654 1097 2809 1150 vobis
2843 1103 2923 1150 est
2954 1097 3129 1166 igitur
3159 1097 3624 1151 anathematizari
3654 1115 3787 1153 nunc

2116 1188 2186 1241 ab
2208 1188 2343 1257 ipsis
2368 1203 2595 1257 quoque
2627 1187 2971 1254 Nestorium,
3003 1187 3102 1257 qui
3126 1187 3332 1240 dividit
3363 1187 3786 1241 incarnationem

2116 1275 2347 1329 Domini
2379 1276 2559 1329 nostri
2589 1277 2718 1329 .lesu
2743 1275 2968 1342 Christi,
3008 1281 3063 1328 et
3099 1292 3197 1346 per
3231 1277 3339 1329 hoc
3369 1276 3512 1329 duos
3543 1275 3681 1330 ﬁlios
3709 1294 3786 1331 co-

2114 1370 2283 1418 natur
2331 1380 2603 1418 asserere.
2643 1365 2940 1434 Eutychos,
2982 1365 3169 1417 carnis
3217 1381 3437 1434 negans
3489 1366 3782 1434 veritatem,

2114 1458 2171 1508 et
2212 1455 2352 1507 duas
2392 1459 2623 1507 naturas
2663 1454 2721 1506 in
2770 1471 2882 1506 una
2921 1470 3164 1522 persona
3207 1470 3323 1506 non
3372 1453 3696 1524 prmdicans,
3733 1460 3788 1509 ut

2117 1541 2488 1597 hlanicliaeam
2548 1541 2912 1610 phantasiam
2970 1540 3233 1594 Ecclesiis
3286 1540 3494 1594 Christi
3543 1539 3786 1610 quemad-

2113 1631 2350 1684 modum
2396 1630 2617 1700 putavit
2659 1630 2956 1694 iusereret,
2999 1629 3174 1683 simili
3218 1629 3441 1683 ratione
3481 1629 3778 1683 damnatur.

2112 1719 2210 1772 His
2237 1720 2572 1789 adjungitur
2617 1720 2920 1772 Dioscorus
2964 1719 3408 1784 Alexandrinus,
3443 1719 3542 1789 qui
3571 1719 3782 1772 malitia:

2116 1809 2369 1880 praefatae
2400 1808 2786 1874 consentiens,
2824 1807 2884 1861 in
2916 1813 3108 1862 sancto
3151 1807 3595 1863 Chalcedonensi
3623 1807 3785 1860 conci-

2119 1898 2199 1951 lio
2224 1897 2510 1968 particeps
2546 1897 2932 1951 damnationis
2965 1898 3213 1963 elfcctus,
3247 1903 3305 1951 et
3337 1897 3615 1950 malorum
3645 1895 3786 1950 semi-

2118 2003 2259 2041 num
2300 1988 2547 2056 aequales
2586 1987 2801 2039 fructus
2844 1987 3160 2054 inveniens,
3199 1986 3258 2040 in
3307 2002 3438 2041 eam
3487 1985 3678 2039 cecidit
3715 1986 3786 2038 fo-

2117 2093 2280 2130 veam
2330 2092 2504 2146 quam
2559 2076 2822 2128 fidelibus
2873 2076 3126 2146 parabat.
3181 2075 3334 2129 Facti
3395 2080 3525 2128 sunt
3572 2075 3788 2128 istorum

2120 2181 2471 2219 successores
2519 2165 2849 2218 Timotheus
2900 2166 3125 2218 .‘Elurus
3165 2169 3219 2218 et
3267 2165 3517 2219 Petrus:
3567 2178 3787 2234 quorum

2120 2254 2226 2307 sibi
2257 2254 2471 2324 ubique
2502 2255 2786 2307 consensit
2815 2253 3109 2324 iniquitas,
3157 2259 3212 2308 et
3259 2254 3603 2308 mentientes
3637 2251 3787 2323 magi-

2118 2347 2261 2396 stros
2300 2343 2361 2396 in
2388 2344 2543 2396 nullo
2571 2344 2860 2411 deserunt,
2895 2345 2991 2397 sed
3035 2344 3092 2396 in
3126 2344 3397 2397 omnibus
3441 2341 3786 2414 pravitatibus

2120 2433 2480 2486 antecedunt.
2520 2432 2586 2486 lli
2628 2433 2928 2502 approbati
2959 2437 3094 2486 sunt
3132 2433 3418 2502 generalis
3450 2431 3679 2486 materia
3706 2431 3787 2483 lse-

2117 2521 2318 2590 sionis,
2387 2537 2636 2592 quorum
2699 2523 2756 2575 et
2822 2539 3024 2576 manus
3087 2522 3456 2576 sacerdotalis
3521 2517 3784 2590 sanguinis

2117 2611 2429 2664 maculavit
2457 2610 2680 2679 effusio,
2713 2615 2768 2664 et
2797 2611 2968 2664 vitam
3016 2610 3413 2665 innocentium
3456 2609 3685 2682 peremit
3711 2609 3783 2661 in-

2117 2698 2339 2752 teritus.
2389 2699 2606 2752 Habent
2640 2714 2742 2768 per
2781 2699 3113 2753 universum
3144 2701 3433 2754 mundum
3464 2715 3496 2752 a
3525 2695 3785 2751 catholicis

2117 2786 2292 2841 inﬁxa
2322 2792 2550 2841 aeternas
2588 2787 2971 2842 damnationis
3018 2789 3302 2859 stigmata,
3338 2805 3482 2859 quos
3514 2784 3784 2842 orthodoxi

2117 2893 2234 2930 non
2291 2877 2479 2930 solum
2512 2878 2770 2932 fecerunt
2816 2877 3236 2931 communionis
3284 2883 3565 2948 expertes,
3611 2889 3784 2929 verum

2117 2966 2291 3020 etiam
2345 2983 2442 3019 eos
2493 2966 2951 3021 Christianorum
3007 2966 3323 3037 spoliavere
3367 2965 3658 3021 vocabulo.
3701 2965 3784 3017 Pc-

2050 3059 2089 3114 C
2117 3061 2270 3110 trum
2321 3055 2744 3110 Antiochenum
2793 3072 2922 3110 cum
2956 3056 3090 3123 suis,
3125 3055 3289 3109 sicuti
3331 3055 3404 3108 ab
3447 3055 3533 3108 his
3572 3054 3635 3108 de
3678 3051 3784 3122 qui-

2119 3143 2226 3198 bus
2257 3160 2329 3198 ne
2373 3161 2707 3199 sermonum
2749 3145 3014 3216 polixitas
3061 3149 3393 3199 nasceretur
3441 3145 3547 3198 hoc
3587 3147 3782 3196 tantum

2122 3233 2329 3287 dixisse
2380 3234 2642 3302 sufﬁciat,
2678 3237 2908 3289 Petrum
2953 3239 3009 3289 et
3055 3236 3177 3306 ejus
3208 3235 3391 3289 socios
3442 3235 3500 3288 in
3546 3233 3691 3287 nullo
3727 3231 3784 3282 ab

2122 3337 2321 3376 eorum
2355 3324 2454 3394 qui
2494 3323 2750 3378 damnati
2789 3329 2923 3378 sunt
2961 3325 3231 3395 dogmate
3276 3325 3615 3394 discrepere.
3655 3321 3783 3385 Quos

2119 3412 2355 3467 Aeacius
2406 3413 2714 3484 aliquando
2746 3414 3154 3483 condemnans,
3191 3414 3252 3467 in
3289 3415 3488 3468 laudes
3531 3428 3652 3467 suas
3689 3425 3784 3462 om-

2119 3501 2278 3555 nium
2327 3502 2784 3556 Christianorum
2826 3521 2927 3557 ora
2975 3507 3352 3572 converterat,
3385 3508 3444 3557 et
3487 3519 3577 3557 eos
3620 3501 3784 3570 impu-

2121 3606 2304 3660 gnans
2335 3593 2433 3662 qui
2464 3593 2878 3670 Eutychianam
2928 3594 3195 3648 haeresim
3227 3593 3611 3658 vindicabant,
3639 3591 3785 3644 ﬁdem

2120 3680 2435 3734 colentibus
2481 3682 2841 3751 gratissimus
2888 3687 3252 3753 apparuerat.
3295 3683 3406 3738 Sed
3459 3682 3589 3737 huic
3633 3678 3785 3734 solitis

2120 3768 2423 3824 insidiator
2467 3771 2759 3826 fraudibus
2803 3773 2959 3842 quod
2999 3773 3372 3826 fraudabatur
3419 3771 3633 3826 invidit.
3664 3769 3782 3823 Nam

2120 3865 2317 3928 postea
2349 3862 2450 3914 hos
2490 3879 2621 3914 suos
2669 3861 2974 3932 complices
3013 3863 3223 3916 habere
3267 3863 3614 3928 desiderans,
3659 3863 3710 3913 et
3735 3856 3781 3909 ir.

2122 3948 2430 4002 catholicos
2468 3967 2629 4004 arma
2675 3957 3030 4018 convertens,
3074 3967 3205 4005 cum
3252 3951 3388 4021 ipsis
3438 3949 3651 4004 invenit
3686 3961 3784 4000 sor-

2122 4041 2234 4091 tem
2263 4053 2405 4108 quos
2439 4040 2652 4109 optavit
2679 4040 2890 4094 habere
2925 4040 3248 4110 participes.
3285 4041 3541 4111 Longum
3571 4043 3648 4093 est
3687 4034 3784 4105 epi-

2121 4127 2279 4180 stola:
2313 4127 2585 4182 brevitate
2631 4147 2734 4199 per
2763 4129 3028 4185 universa
3067 4130 3405 4184 discurrere.
3446 4129 3596 4185 Unde
3626 4142 3684 4180 ex
3721 4129 3784 4177 to-

2121 4215 2235 4269 tius
2265 4233 2488 4270 summa
2517 4219 2734 4288 negotii
2759 4224 2985 4290 partem
3018 4219 3272 4290 aliquam
3299 4236 3402 4290 pro
3436 4216 3784 4273 instructioue

2121 4305 2450 4373 direximus,
2497 4306 2818 4376 judicantes
2867 4309 3020 4379 quod
3065 4313 3221 4362 tanta
3269 4325 3358 4362 res
3404 4314 3644 4363 vestram
3686 4319 3782 4357 non

2121 4396 2296 4464 possit
2326 4396 2501 4449 latere
2534 4396 2834 4464 notitiam;
2873 4398 3164 4468 praecipue
3207 4414 3338 4452 cum
3386 4398 3495 4452 hoc
3524 4412 3625 4466 per
3655 4408 3786 4465 pra)—

2121 4483 2482 4538 decessorum
2527 4490 2850 4540 nostrorum
2884 4487 3100 4542 litteras
3131 4487 3330 4540 vestris
3360 4487 3535 4540 fuerit
3563 4480 3786 4554 regioni-

2119 4573 2225 4626 bus
2253 4575 2604 4628 nuntiatum.
2638 4575 2800 4638 Quod
2831 4580 2886 4630 et
2911 4594 3014 4630 nos
3044 4593 3148 4646 pro
3178 4576 3266 4629 his
3297 4592 3426 4647 qua:
3459 4590 3639 4645 nuper
3666 4569 3787 4626 acci-

2119 4662 2328 4718 derunt
2370 4663 2787 4718 fraternitatem
2846 4670 3093 4720 vestram
3151 4665 3476 4720 curavimus
3524 4665 3784 4718 instruen-

2118 4751 2268 4819 dam,
2309 4768 2378 4806 ne
2408 4753 2617 4808 alicubi
2647 4769 2750 4823 per
2782 4753 3170 4824 ignorantiam
3208 4755 3469 4809 ﬁdelium
3500 4754 3681 4807 locum
3711 4749 3784 4802 in-

2116 4843 2311 4896 venire
2352 4843 2526 4912 possit
2565 4843 2858 4913 subreptio
2922 4845 3329 4914 praedictorum
3373 4838 3784 4916 (perditorum);

2117 4932 2210 4985 sed
2245 4932 2346 5002 qui
2374 4932 2638 4986 nituntur
2665 4933 2801 4986 talia
2831 4933 3116 4986 vindicare
3140 4951 3308 4988 sacrz-e
3341 4934 3624 4988 consortio
3654 4943 3788 4984 com-

2117 5021 2408 5073 munionis
2444 5022 2674 5076 arcendi
2720 5022 3041 5075 evidentius
3080 5022 3454 5079 iuuotescant.
3503 5023 3675 5093 Igitur
3701 5014 3787 5072 ubi

2115 5110 2355 5164 interest
2400 5111 2553 5177 ﬁdei,
2603 5106 2883 5182 quidquid
2933 5112 3004 5165 ad
3055 5114 3297 5182 gratiam
3347 5114 3517 5182 hujus
3561 5109 3787 5181 pertinet

2116 5201 2308 5253 saeculi
2354 5206 2661 5269 respuatur
2694 5217 2706 5254 :
2741 5218 2870 5254 cum
2916 5218 3018 5255 nec
3059 5203 3334 5254 naturalis
3385 5201 3603 5255 all‘ectio
3632 5198 3786 5252 rebus

2116 5290 2317 5342 debeat
2353 5290 2675 5343 coelcstibuS
2706 5291 2998 5361 anteponi,
3045 5296 3103 5344 ut
3136 5291 3277 5345 illud
3311 5297 3653 5360 przeccptum
3693 5287 3786 5338 Do-

2116 5379 2257 5432 mini
2287 5380 2643 5448 compleatur
2670 5396 2681 5432 :
2709 5380 2817 5443 Qui
2844 5386 3006 5433 amat
3029 5383 3260 5451 patrem
3287 5383 3387 5434 aut
3411 5381 3648 5433 matrem
3668 5373 3786 5445 plus

2113 5485 2282 5539 quam
2323 5485 2432 5534 me,
2464 5484 2580 5522 non.
2618 5471 2704 5521 est
2733 5485 2819 5522 me
2851 5469 3060 5540 dignus
3090 5469 3324 5537 (Malth.
3356 5472 3434 5538 x).
3479 5470 3553 5522 De
3583 5461 3784 5520 caeteris

2115 5574 2242 5627 quae
2285 5556 2344 5610 in
2393 5557 2692 5626 religionis
2740 5573 2928 5627 causa,
2960 5559 3316 5614 confidentes
3359 5557 3561 5613 divinis
3589 5550 3784 5609 beneﬁ-

2112 5643 2234 5712 ciis,
2283 5645 2554 5714 praesenti
2614 5650 2872 5718 tempore
2909 5648 3122 5706 iterum
3168 5649 3237 5705 de
3268 5648 3514 5706 Orientis
3541 5643 3784 5718 partibus
