4038 6170
248 247 338 300 43:3

1546 223 1899 292 EPISTOLzE
1940 239 2023 292 ET
2061 237 2396 292 DECRETA.

3620 237 3724 291 434

245 391 534 448 speramus,
575 379 630 428 et
672 373 891 442 legatos
917 370 1231 426 direximus
1265 369 1505 425 Domino
1534 371 1663 424 Jesu
1694 370 1916 424 Christo
1955 372 2003 423 A
2031 370 2079 422 si
2110 370 2209 440 qui
2239 370 2488 441 episcopi
2517 370 2676 425 vobis
2723 370 3094 433 occurrerint,
3141 375 3198 424 et
3239 370 3519 437 libellum,
3558 372 3720 442 cujus

243 464 535 535 supplicate
558 462 644 533 [F.
681 461 1044 532 supplicate],
1074 464 1136 514 ut
1166 460 1286 530 ipse
1315 459 1413 530 qui
1450 475 1555 528 pro
1577 457 1790 528 pietate
1817 474 1921 511 sua

242 567 558 625 prosperum
575 549 1318 612 donavitinitium,similem
1331 548 1640 601 concedere
1655 547 1922 615 dignetur

243 643 506 697 effr-ctum.
532 641 818 694 Urbanum
834 640 984 693 sedis
997 638 1326 709 apostolicae
1344 637 1724 702 defensorem,
1746 636 1920 690 etiam

240 733 359 786 huic
380 736 572 800 aptum
594 730 846 800 negotio,
867 729 938 782 ad
959 728 1252 782 caritatem
1271 731 1429 781 tuam
1453 726 1762 780 direximus
1784 744 1797 794 ;
1819 742 1922 796 per

243 837 396 893 quem
429 820 496 872 de
536 820 932 873 universarum
970 819 1271 872 eil‘ectuum
1313 832 1614 871 causarum
1646 832 1919 885 responso

240 926 476 980 congruo
510 909 768 979 cupimus
810 925 941 979 quae
973 913 1103 960 sunt
1135 907 1319 961 votiva
1348 921 1714 976 cognoscere.
1772 905 1921 958 Deus

240 1016 323 1052 vos
380 999 696 1052 incolumes
750 997 1052 1062 custodiat,
1101 996 1304 1050 fratres
1334 994 1636 1048 carissimi.
1690 995 1833 1048 Data
1864 1011 1917 1047 γι

238 1088 348 1141 idus
376 1086 761 1156 Septembres,
798 1087 1084 1141 Florentio
1139 1085 1258 1138 viro
1307 1084 1623 1138 clarissimo
1670 1083 1919 1138 consule.

235 1225 543 1265 OBSERVATIO
575 1228 622 1264 ρ.
657 1227 878 1264 ΑΝτοκη
910 1225 1028 1264 eam
1072 1226 1141 1263 an
1176 1225 1365 1264 ANNUM
1397 1225 1604 1263 cumsri
1634 1211 1757 1274 515,
1782 1224 1835 1261 Ν.
1865 1209 1916 1260 3.

296 1317 371 1371 Ad
401 1334 617 1370 annum
653 1317 860 1372 Christi
907 1320 1006 1370 3515
1057 1316 1394 1370 revocandae
1427 1317 1631 1370 littera:
1666 1315 1922 1370 Hormis-

236 1391 310 1444 dm
336 1390 402 1442 ad
435 1388 744 1443 Cat-sarium
779 1390 1168 1442 Arelatensem
1201 1390 1534 1458 episcopum
1569 1389 1816 1456 scriptae,
1858 1386 1919 1438 in

233 1461 426 1531 quibus
454 1461 624 1513 docet
667 1461 965 1514 Hormisda
1003 1461 1303 1514 Dardanize
1349 1466 1406 1512 et
1455 1460 1665 1531 Illyrici
1698 1459 1918 1531 episco-

234 1529 322 1602 pos
349 1531 415 1585 ad
449 1533 600 1585 sedis
630 1533 954 1601 apostolicae
1005 1532 1474 1585 communionem
1525 1529 1783 1595 rediisse,
1836 1529 1914 1602 si-

235 1599 568 1673 gniﬁcatque
603 1599 911 1672 selegatos
942 1606 999 1655 in
1035 1603 1326 1657 Orientem
1363 1602 1601 1655 misisse.
1644 1603 1721 1654 Ea
1762 1599 1917 1673 enim

233 1671 452 1743 epistola
471 1671 832 1727 diciturdqu
862 1689 917 1728 vr
938 1673 1072 1728 idus
1096 1677 1272 1744 Sepie
1291 1674 1495 1736 mbres,
1519 1671 1807 1728 Florentio
1841 1671 1908 1724 V.

234 1747 282 1800 C.
322 1761 430 1799 cos.
491 1745 772 1798 Baronius
844 1751 900 1799 et
945 1746 1274 1798 collectores
1321 1745 1692 1798 conciliorum
1742 1747 1915 1796 autu-

233 1823 436 1869 mantes
478 1833 701 1869 annum
741 1817 950 1871 Christi
993 1819 1094 1870 518
1144 1815 1329 1884 Magni
1361 1823 1417 1869 et
1472 1814 1738 1869 Florentii
1774 1829 1911 1866 con-

232 1889 402 1940 sulatu
434 1892 700 1940 notatum
731 1888 925 1955 fuisse,
957 1888 1187 1941 easdem
1222 1887 1465 1940 retulere
1492 1887 1561 1940 ad
1593 1902 1724 1940 eum
1763 1884 1916 1938 Chri-

233 1958 292 2010 sti
321 1975 559 2012 annum.
593 1960 802 2012 Verum
830 1975 896 2011 eo
928 1976 1078 2012 anno
1110 1960 1347 2028 Magnus
1376 1959 1528 2010 solus
1559 1957 1754 2010 consul
1790 1972 1916 2028 pro-

233 2029 398 2096 cessit,
433 2030 682 2100 ideoque
714 2047 795 2083 eae
839 2030 1063 2095 litterae,
1098 2047 1226 2083 cum
1262 2030 1469 2099 quibus
1513 2029 1718 2098 aliqum
1752 2027 1916 2079 annis

232 2102 594 2170 sequentibus
653 2102 799 2155 datae
843 2101 1255 2154 connexionem
1300 2101 1530 2164 habent,
1585 2101 1656 2152 ad
1701 2113 1916 2152 annum

234 2175 320 2225 515
347 2175 585 2226 omnino
617 2174 993 2238 retrahendze,
1037 2175 1094 2226 et
1127 2174 1184 2226 in
1215 2189 1359 2225 nova
1394 2171 1775 2226 Conciliorum
1798 2170 1917 2223 edi—

235 2244 373 2296 tione
401 2245 460 2297 in
490 2261 662 2298 suum
692 2245 954 2298 ordinem
978 2244 1343 2298 restituenda:
1365 2249 1548 2296 erunt.

772 2359 797 2384 ⁸
827 2351 1155 2405 EPlSTOLA
1193 2351 1363 2405 XXXI.

663 2457 732 2494 AD
769 2457 1130 2494 JUSTINIANUM
1170 2454 1478 2494 AUGUSTUM.

235 2528 316 2582 Ad
355 2545 561 2600 pacem
605 2529 1021 2598 assequendam
1079 2528 1372 2600 Acacium,
1416 2525 1836 2591 damnandum,
1865 2524 1919 2578 le

721 2608 890 2672 gaios
930 2600 1092 2655 milli
1113 2599 1418 2670 significat.

298 2689 594 2743 Hormisda
625 2690 924 2760 episcopus
953 2688 1278 2744 Justiniano
1308 2690 1586 2757 Augusto.

298 2779 637 2832 Litterarum
667 2784 980 2831 vestrarum
1007 2778 1154 2831 serie
1187 2777 1478 2846 religionis
1498 2792 1605 2848 ope
1639 2775 1913 2847 pollente,

238 2867 537 2922 devotionis
583 2867 938 2937 optatissime
967 2866 1353 2938 gratulatione
1393 2872 1673 2936 suscepta,
1707 2865 1919 2935 gratias

241 2957 502 3011 divinitati
553 2957 879 3022 retulimus,
930 2957 1066 3026 quia
1118 2955 1357 3009 dedistis
1387 2955 1661 3008 indicium
1696 2954 1854 3008 facile
1889 2971 1920 3008 a

245 3047 378 3100 vobis
400 3048 522 3101 ﬁeri
562 3046 718 3117 quod
751 3047 1135 3116 potuissemus
1182 3044 1421 3098 hortari.
1467 3045 1604 3097 Hinc
1651 3048 1734 3096 est
1765 3041 1919 3112 quod

242 3137 356 3205 quia
395 3141 605 3206 sponte
637 3134 949 3188 laudabilia
992 3133 1216 3203 cupitis,
1246 3133 1417 3203 digne
1448 3133 1516 3185 ad
1566 3132 1920 3202 principatus

243 3226 438 3295 apicem
477 3225 713 3295 generis
753 3224 934 3290 vestri
978 3228 1277 3276 stemmata
1330 3226 1732 3292 pervenerunt.
1764 3221 1919 3283 Qua-

245 3322 454 3385 propter
482 3313 738 3368 insistite
788 3317 841 3366 et
874 3312 1158 3382 religiosae
1209 3311 1522 3365 vivacitatis
1573 3310 1778 3363 animis
1811 3309 1918 3361 ini-

247 3403 450 3468 minete,
486 3409 550 3456 ut
578 3401 1069 3472 quemadmodum
1092 3416 1196 3469 pro
1227 3401 1390 3454 bonae
1413 3398 1722 3452 voluntatis
1753 3396 1919 3450 initio

246 3506 402 3559 genus
433 3497 694 3545 vestrum
721 3490 928 3542 meruit
960 3489 1186 3542 culmen
1212 3487 1465 3557 imperii,
1496 3487 1554 3538 in
1589 3491 1800 3539 aeterna
1824 3501 1922 3566 vo.-

246 3580 314 3633 bis
341 3581 403 3634 de
457 3580 810 3652 perfectione
835 3579 1018 3647 gloria
1057 3579 1168 3631 sint
1209 3577 1506 3646 triumphi.
1556 3576 1748 3628 Viiete
1808 3590 1922 3645 quo

247 3669 502 3723 desiderio
539 3669 614 3722 ad
648 3669 800 3739 pacis
832 3668 1041 3738 gaudia
1074 3668 1398 3721 ludificatus
1430 3667 1525 3720 diu
1559 3665 1807 3718 mundus
1839 3680 1924 3716 ex-

249 3759 413 3813 hortet
451 3760 766 3828 (exsultet).
798 3759 1077 3828 Respicite
1113 3757 1500 3826 generalitatis
1542 3756 1783 3820 animos,
1826 3771 1921 3805 ve-

248 3848 328 3900 stri
357 3848 813 3918 praesumptione
843 3846 1124 3913 beneﬁcii,
1158 3852 1311 3900 certa
1348 3863 1443 3915 spe
1474 3845 1681 3915 quietis
1703 3842 1919 3908 attolli;

251 3953 344 3990 non
374 3944 453 3992 est
484 3938 644 4008 quod
678 3954 735 3989 se
774 3937 1032 3990 dubietas
1073 3935 1305 4000 inserat,
1337 3951 1457 3986 non
1511 3939 1594 3986 est
1627 3933 1778 4003 quod
1815 3931 1921 3984 ali-

252 4027 364 4095 quid
412 4026 809 4094 ambiguitatis
851 4023 1095 4091 accedat,
1143 4040 1273 4078 cum
1321 4022 1629 4085 testamiui,
1677 4021 1828 4091 quod
1872 4023 1926 4072 et

257 4131 338 4168 aos
367 4118 604 4187 quidem
638 4118 780 4168 bene
815 4114 1092 4178 novimus,
1137 4112 1404 4165 accedere
1444 4111 1514 4164 ad
1552 4110 1923 4163 Eeclesiaruin

251 4207 598 4259 coneordiam
627 4204 923 4273 religionis
956 4201 1255 4272 (religiosi)
1288 4200 1562 4270 principis
1606 4204 1752 4251 vota.
1785 4199 1928 4260 Qua-

1955 1679 1993 1732 Β

2027 459 2438 513 continentiam
2481 459 2837 530 percepistis,
2877 476 2911 514 a
2964 477 3021 513 se
3070 460 3457 530 subscriptum
3512 461 3718 516 offerre

2026 549 2331 614 voluerint,
2355 549 2644 619 suscipite,
2677 549 2873 619 eisque
2915 549 3166 619 praebete
3213 555 3420 604 sanctae
3460 567 3718 605 commu-

2027 638 2216 696 nionis
2246 640 2616 692 consortium.
2663 639 2719 693 Si
2766 654 2898 691 vero
2950 645 3310 692 occurrentes
3360 640 3469 710 ipsi
3501 657 3568 694 eo
3603 658 3718 712 quo

2028 727 2290 797 superius
2321 728 2571 781 diximus
2598 727 2794 782 ordine
2841 729 3100 798 proﬁteri
3148 729 3463 797 noluerint,
3500 747 3530 783 a
3562 728 3720 784 vobis

2029 817 2294 888 equidem
2347 817 2452 871 sub
2501 818 2837 871 sacerdotali
2867 818 3162 871 affectione
3217 822 3573 874 tractentur:
3625 819 3721 873 sed

2028 923 2216 976 neque
2258 906 2415 960 vobis
2446 906 2518 959 sit
2548 922 2677 960 cum
2711 907 2798 960 his
2833 923 3027 960 mensa
3056 909 3400 973 communis,
3433 925 3622 980 neque
3654 909 3721 962 ab

2026 997 2113 1050 his
2166 996 2249 1048 vel
2298 995 2564 1049 victualia
2613 997 2975 1066 prmsumatis
3021 999 3294 1066 accipere,
3341 997 3452 1050 nisi
3497 1002 3720 1052 tantum

2027 1086 2480 1152 subvectionem,
2509 1085 2555 1138 si
2595 1102 2763 1138 causa
2793 1087 3132 1156 poposcerit,
3161 1091 3217 1141 et
3247 1087 3719 1158 hospitalitatem,

2027 1192 2100 1229 ne
2128 1175 2362 1228 credant
2387 1191 2444 1228 se
2487 1175 2723 1228 omnino
2756 1174 3045 1228 fastidiose
3087 1175 3403 1244 despectos.
3448 1177 3588 1231 Cum
3620 1192 3722 1227 au-

2026 1269 2141 1318 tem
2159 1263 2711 1333 Constantinopolim
2739 1265 2851 1317 Deo
2873 1263 3179 1332 adjuvante
3205 1264 3494 1331 veneritis,
3516 1265 3574 1317 in
3594 1280 3723 1318 eam

2028 1354 2266 1408 secedite
2282 1370 2454 1423 quam
2469 1353 2542 1404 im
2555 1359 2781 1423 perator
2794 1353 3104 1423 praebuerit
3120 1353 3504 1419 mansionem;
3527 1356 3582 1406 et
3595 1354 3721 1406 nul-

2027 1447 2144 1498 lum
2178 1445 2246 1497 ad
2278 1443 2679 1496 salutationem
2711 1448 2956 1496 vestram
3001 1442 3160 1511 prius
3199 1442 3538 1511 permittatis
3575 1459 3725 1496 acce-

2027 1533 2178 1600 dere,
2200 1532 2446 1602 exceptis
2465 1532 2552 1584 his
2567 1547 2711 1601 quos
2727 1532 2850 1602 ipse
2871 1530 3090 1583 miserit
3117 1530 3448 1599 imperator,
3465 1535 3562 1583 aut
3581 1547 3724 1601 quos

2028 1629 2238 1675 nostra:
2281 1621 2699 1674 communionis
2739 1637 2858 1673 esse
2916 1619 3276 1689 cognoscitis,
3317 1620 3497 1673 donec
3534 1620 3722 1690 ipsum

2026 1711 2345 1782 principem
2379 1711 2646 1775 videatis;
2695 1710 2787 1763 cui
2823 1708 3173 1780 prmsentati,
3207 1708 3539 1773 salutantes,
3572 1707 3720 1761 litte-

2025 1817 2116 1854 ras
2148 1806 2370 1854 nostras
2399 1801 2616 1866 offerte,
2653 1802 3027 1868 suggerentes
3060 1813 3341 1867 magnum
3375 1813 3479 1850 nos
3511 1797 3580 1850 de
3603 1797 3725 1866 ejus

2022 1889 2266 1960 imperio
2312 1889 2589 1959 gaudium
2633 1887 2974 1958 percepisse,
3031 1892 3088 1942 et
3145 1886 3393 1940 nimium
3443 1886 3719 1957 gratulari

2025 1979 2178 2050 quod
2212 1995 2342 2032 eum
2378 1980 2524 2032 Deus
2558 1978 2923 2046 omnipotens
2953 1977 3023 2030 ad
3047 1976 3152 2030 hoc
3174 1977 3378 2041 evexit,
3407 1975 3576 2046 juxta
3598 1976 3724 2045 ejus

2027 2084 2212 2121 sacras
2245 2068 2478 2134 litteras,
2519 2070 2580 2120 ut
2618 2067 2934 2119 secundum
2967 2083 3032 2120 ea
3063 2082 3192 2135 quae
3220 2070 3353 2118 sunt
3386 2065 3454 2118 ab
3495 2070 3723 2134 aposto-

2025 2157 2149 2211 licae
2177 2157 2324 2210 sedis
2351 2156 2660 2210 constituta
2684 2155 3046 2225 praesulibus,
3102 2157 3217 2209 Deo
3266 2159 3500 2208 auctore
3547 2158 3602 2208 et
3635 2170 3722 2207 re-

2027 2262 2141 2317 gno
2172 2247 2292 2316 ejus
2323 2246 2635 2311 adnitente,
2669 2246 3046 2299 Ecclesiarum
3089 2250 3145 2298 et
3182 2260 3292 2314 pax
3332 2248 3389 2297 et
3416 2243 3606 2297 unitas
3637 2243 3725 2296 his

2027 2336 2382 2406 temporibus
2412 2335 2727 2389 desiderata
2753 2334 3070 2404 proveniat.
3106 2333 3216 2397 Qui
3247 2333 3293 2386 si
3335 2350 3432 2386 vos
3461 2333 3724 2386 hortatus

2027 2426 2202 2480 fuerit
2252 2434 2309 2480 ut
2351 2423 3053 2494 Constantinopolitanum
3086 2423 3328 2476 videatis
3368 2421 3722 2492 episcepum,

2028 2515 2288 2569 intimate
2346 2531 2441 2568 vos
2498 2513 2786 2585 prmﬁnita
2836 2513 3072 2579 habere,
3139 2527 3264 2581 quae
3312 2509 3485 2564 etiam
3529 2510 3596 2564 al)
3644 2510 3725 2563 eis

2028 2621 2177 2675 saepe
2219 2608 2352 2658 sunt
2382 2603 2631 2673 cognita,
2661 2619 2788 2673 qua:
2811 2603 2882 2656 ab
2917 2601 3194 2655 universis
3219 2599 3502 2670 episcopis
3529 2600 3724 2652 catho-

2030 2694 2196 2748 licam
2221 2693 2691 2747 communionem
2711 2691 3191 2762 amplectentibus
3221 2690 3499 2759 professio
3523 2689 3727 2742 debeat

2028 2783 2323 2841 celebrari.
2352 2784 2477 2835 Hmc
2508 2783 2555 2835 si
2585 2782 2888 2851 episcopus
2920 2778 3591 2847 Constantinopolitauus
3611 2776 3719 2830 im-

2027 2876 2186 2946 plere
2218 2876 2450 2944 paratus
2488 2876 2592 2936 est,
2625 2871 2676 2924 ei
2721 2874 3014 2939 gratanter
3065 2867 3448 2932 occurrimus;
3495 2866 3542 2918 si
3593 2881 3725 2919 vero

1963 2985 2000 3037 Β
2031 2965 2175 3018 sedis
2196 2962 2517 3032 apostolicae
2543 2957 3007 3013 adhortationem
3029 2956 3192 3026 sequi
3210 2955 3548 3022 contemnit,
3583 2953 3725 3024 quid

2030 3068 2257 3108 necesse
2290 3057 2372 3105 est
2406 3055 2471 3104 ut
2518 3050 2587 3103 ad
2633 3048 2987 3102 occasionem
3033 3044 3419 3098 contentionis
3453 3042 3720 3096 salutatio

2033 3148 2222 3197 nostra
2249 3139 2526 3211 proﬁciat,
2553 3138 2761 3210 quibus
2796 3152 2914 3190 non
2946 3140 3030 3188 est
3059 3131 3462 3203 disputationis
3493 3136 3591 3186 aut
3609 3147 3726 3185 cer-

2030 3230 2264 3286 taminis
2307 3245 2476 3282 causa
2514 3228 2574 3281 in
2610 3224 2933 3280 mandatis?
2984 3224 3040 3278 Si
3088 3239 3220 3276 vero
3261 3222 3578 3292 imperator
3620 3220 3727 3275 sibi

2031 3320 2242 3392 aperiri
2274 3318 2515 3373 voluerit
2547 3317 2684 3388 quid
2717 3315 2789 3368 sit
2819 3314 2968 3385 quod
3020 3313 3087 3366 ab
3142 3312 3408 3381 episcopo
3459 3310 3584 3364 ﬁeri
3631 3327 3727 3379 po-

2032 3411 2272 3476 stuletis,
2302 3409 2548 3462 formam
2579 3406 2757 3460 libelli
2780 3421 2949 3475 quam
2972 3402 3212 3473 portatis
3237 3400 3541 3455 ostendite.
3565 3400 3722 3464 Quod

2033 3500 2080 3553 si
2136 3500 2204 3552 de
2261 3498 2624 3551 anathemate
2692 3493 2879 3548 Acacii
2934 3491 3312 3556 consentiens,
3374 3505 3726 3543 successores

2033 3589 2156 3658 ejus
2189 3585 2392 3641 dixerit
2422 3585 2761 3649 recitandos,
2803 3582 2874 3636 ob
2919 3582 3026 3635 hoc
3054 3581 3206 3651 quod
3263 3584 3498 3649 prOpter
3525 3577 3728 3648 ;defen-

2031 3679 2248 3731 sionem
2284 3672 2761 3728 Chalcedonensis
2801 3671 2997 3741 synodi
3046 3669 3223 3739 aliqui
3269 3683 3468 3721 eorum
3499 3666 3728 3736 (nempe

2035 3765 2386 3836 Euptiemius
2418 3768 2472 3817 et
2501 3761 2881 3830 Macedonius)
2908 3758 3123 3813 fuerint
3180 3757 3377 3811 exsilio
3420 3756 3726 3816 denortati,

2032 3854 2397 3912 insinuabitis
2439 3851 2584 3905 nihil
2635 3867 2731 3904 vos
2764 3851 2832 3904 de
2881 3848 3060 3903 libelli
3110 3862 3274 3918 posse
3325 3847 3510 3900 forma
3541 3845 3731 3899 decer—

2034 3963 2188 4018 pere,
2225 3945 2282 3997 in
2314 3959 2426 4013 qua
2456 3957 2725 4011 sequaces
2756 3939 3157 3993 damnatorum
3178 3936 3409 4007 {pariter
3437 3935 3732 3989 continen-

2037 4034 2266 4089 tur.Sed
2299 4034 2338 4084 si
2378 4047 2472 4083 eos
2507 4031 2573 4083 ab
2605 4031 2709 4083 hac
2734 4045 2849 4082 non
2880 4027 3182 4097 potueritis
3214 4025 3531 4080 intentione
3562 4024 3732 4078 deﬁe-

2037 4130 2213 4188 ctere;
2278 4122 2478 4174 saltem
2552 4120 2657 4172 hoc
2727 4117 3089 4187 acquiescite,
3149 4120 3212 4169 ut
3251 4113 3732 4168 anathematizato

2040 4211 2362 4283 specialiter
2405 4223 2508 4278 per
2553 4206 2834 4270 libellum,
2877 4221 3048 4275 quem
3092 4203 3248 4256 vobis
3281 4201 3566 4265 dedimus,
3599 4203 3735 4252 Aca-

255 4301 469 4364 ἓποΡῖεΓ
503 4300 681 4348 tam“?
716 4292 1172 4363 magnanimitati
1202 4290 1409 4360 gratias
1432 4294 1684 4359 age-mes»
1721 4291 1934 4357 tiliam-il
1973 4307 2011 4361 C
2039 4305 2146 4367 cio,
2206 4301 2274 4354 de
2333 4298 2817 4369 praedecessorum
2878 4295 3000 4363 ejus
3049 4291 3382 4346 nominibus
3457 4293 3731 4354 taceatur,

257 4400 536 4451 possumus
614 4382 892 4452 petitione
945 4382 1319 4450 deprecamur
1369 4384 1430 4431 ut
1480 4377 1666 4431 Acacii
1721 4393 1932 4429 nomen

254 4488 365 4525 cum
403 4473 748 4544 sequacibus
801 4471 935 4536 suis,
986 4471 1136 4540 quod
1183 4471 1349 4539 plene
1376 4467 1610 4520 unitatis
1665 4465 1932 4519 Ecclesia—

257 4579 364 4616 rum
396 4563 638 4632 impedit
669 4560 966 4630 gaudium,
1003 4558 1386 4612 damnationis
1418 4557 1620 4611 ordine
1653 4555 1724 4609 sit
1751 4572 1933 4608 remo-

259 4655 380 4703 tum.
418 4652 528 4705 Nos
571 4650 726 4703 enim
769 4647 1170 4701 convenientes
1200 4662 1382 4699 causae
1417 4644 1678 4716 qualitati
1721 4643 1936 4696 direxi-

260 4754 367 4791 mus
398 4739 641 4805 legatos,
670 4738 880 4808 quibus
905 4735 1287 4805 przesentibus
1317 4734 1546 4787 initium
1583 4734 1736 4804 quod
1776 4732 1933 4786 dedi-

265 4829 315 4880 sti
349 4829 539 4897 gaudii
574 4828 754 4898 possit
784 4827 1100 4880 secundum
1149 4841 1272 4895 qum
1305 4824 1589 4878 mandatis
1640 4823 1937 4878 continen-

263 4921 338 4969 tur
367 4916 593 4988 impleri
625 4916 799 4987 (anno
833 4915 1056 4969 Domini
1085 4914 1228 4983 517).

911 5021 1280 5076 INDICULUS

422 5129 565 5174 QUEM
606 5127 956 5168 ACCEPERUNT
996 5124 1188 5164 LEGATI
1227 5124 1566 5164 APOSTOLlCzE
1598 5123 1760 5160 SEDIS.

829 5202 1070 5271 Legatos
1107 5198 1360 5252 instruit.

325 5289 459 5343 Cum
478 5292 592 5344 Deo
614 5289 861 5360 propitio
891 5294 1078 5359 partes
1098 5287 1413 5342 Orientales
1436 5285 1658 5340 fueritis
1679 5282 1940 5354 ingressi,

329 5420 351 5444 ⁸
383 5415 532 5466 Hanc
556 5415 854 5481 epistolam
886 5429 1014 5466 cum
1047 5428 1248 5465 novem
1290 5409 1664 5480 sequentibus
1707 5407 1774 5481 de
1807 5423 1941 5476 pace

289 5487 319 5534 At
346 5486 556 5537 unitate
587 5480 890 5540 Orientalis
923 5484 1181 5536 Ecclesim
1217 5483 1442 5551 scripsit
1473 5480 1771 5534 Horinisda
1803 5494 1943 5548 pon-

275 5553 394 5608 zifex
423 5572 572 5609 anno
605 5557 830 5611 Domini
863 5558 983 5608 5H).
1022 5555 1250 5610 Curavit
1279 5569 1373 5606 eas
1408 5552 1616 5606 deferri
1651 5567 1749 5620 per
1780 5551 1942 5620 lega-

277 5627 475 5681 tionem
523 5629 638 5683 sedi
679 5626 1024 5698 apostolicae,
1075 5641 1189 5696 qua
1237 5626 1552 5680 Germanus
1596 5628 1653 5676 et
1697 5623 1940 5676 Joannes

2044 4391 2258 4447 abrasis
2289 4404 2487 4442 eorum
2509 4387 2577 4440 de
2605 4379 3398 4461 diptychoruminscriptione
3419 4375 3731 4430 vocabulis.

2044 4481 2166 4546 Quo
2216 4480 2360 4533 facto
2404 4476 2734 4546 episcopum
2785 4468 3480 4538 Constantinopolitanum
3532 4465 3592 4518 in
3649 4481 3737 4517 ve-

2045 4574 2218 4623 stram
2241 4565 2704 4620 commnnionem
2729 4560 2986 4630 accipite.
3023 4557 3303 4611 Libellum
3335 4571 3466 4608 vero
3494 4555 3584 4607 vel
3617 4552 3737 4623 epi-

2045 4657 2199 4728 scepi
2267 4648 2912 4720 Constantinopolitani,
2977 4647 3065 4700 vel
3113 4645 3381 4709 aliorum,
3438 4659 3580 4714 quos
3638 4657 3738 4695 vos

2045 4746 2333 4815 suscipere
2385 4745 2498 4796 Deo
2550 4742 2775 4793 volente
2834 4735 3158 4805 contigerit,
3218 4734 3406 4804 primo
3469 4732 3639 4801 agite,
3677 4735 3740 4783 ut

2045 4839 2325 4908 prmsentc
2357 4831 2570 4902 populo
2596 4828 2881 4882 recitetur.
2917 4824 3078 4888 Quod
3122 4823 3166 4876 si
3212 4824 3319 4876 hoc
3343 4821 3467 4875 ﬁeri
3497 4836 3611 4873 non
3643 4835 3742 4889 po-

2045 4925 2235 4990 tuerit,
2293 4922 2493 4975 saltem
2529 4919 2587 4971 in
2635 4916 2942 4970 secretario
2985 4912 3365 4985 praesentibus
3412 4909 3628 4964 clericis
3687 4914 3744 4962 et

2047 5009 2506 5068 archimandritis
2529 5007 2832 5075 relegatur.
2856 5006 2986 5058 Hmc
3009 5003 3202 5056 omnia
3220 5001 3266 5054 si
3290 5003 3403 5054 Deo
3423 4998 3635 5054 fuerint
3659 5014 3744 5051 vo-

2048 5102 2198 5155 lente
2213 5097 2932 5168 completa,imperatorem
2950 5097 3152 5164 rogatu
3167 5092 3744 5162 [F.imperatorroge-

2048 5189 2186 5260 tur],
2212 5193 2273 5241 ut
2296 5186 2593 5240 destinatis
2614 5184 2785 5237 sacris
2808 5200 2910 5253 per
2929 5180 3406 5250 metropolitanos
3428 5176 3740 5246 episcepos,

2051 5279 2176 5348 adju
2189 5277 2332 5329 netis
2347 5277 2522 5345 ipsius
2539 5274 2785 5345 episcopi
2800 5264 3745 5338 Conslantinopolitani1itteris,in-

2052 5401 2326 5472 episcopi,
2367 5401 2613 5454 Blandus
2659 5399 2974 5469 presbyter,
3010 5395 3164 5472 Felix
3190 5397 3245 5445 et
3287 5391 3591 5472 Dioscorus
3619 5390 3741 5444 dia-

2051 5463 2178 5527 coni
2217 5463 2620 5540 fungebantur,
2660 5463 2886 5540 'quique
2934 5471 3269 5537 sequentem
3300 5463 3618 5540 indiculum
3654 5478 3741 5514 re-

2049 5561 2182 5600 rum
2213 5535 2564 5614 agendarum
2600 5535 2630 5596 a
2659 5535 2929 5613 pontiﬁce
2963 5535 3321 5608 acceperunt.
3362 5535 3494 5589 Sav.
3532 5535 3738 5588 BtNtUS.
