4038 6170
240 158 344 216 435

1680 162 2054 218 ΗΟΗΜΙΞΒᾸΞ
2095 165 2291 218 ΡΑΡίΕ

3636 170 3740 221 436

238 293 833 365 notescatepiscopum
853 295 1679 363 Constantinopolitanum,suo
1699 311 1927 365 quoque
1967 299 2012 349 A
2041 294 2341 349 clementia
2383 296 2575 349 divina
2630 295 2915 365 provexit;
2969 296 3038 350 ob
3086 296 3193 350 hoc
3234 296 3447 352 scilicet
3498 302 3560 352 ut
3609 304 3737 352 tan-

240 400 517 439 consensu
546 384 830 439 celebrata
852 385 1204 455 professione
1235 400 1407 456 quam
1430 384 1593 437 sedes
1622 385 1933 454 apostolica

241 473 561 539 destinavit,
583 473 641 527 in
660 474 936 528 unitatem
952 472 1379 527 communionis
1395 473 1566 526 fuisse
1581 478 1930 543 susceptum,

242 564 449 635 quibus
488 562 691 617 litteris
723 563 895 617 etiam
930 562 1082 633 ipsos
1116 561 1377 616 hortetur
1414 562 1623 616 similia
1654 563 1929 633 proﬁteri,

242 653 402 716 Quod
443 652 488 705 si
536 652 595 705 in
635 652 739 707 hac
769 654 929 722 parte
970 650 1281 721 imperator
1322 651 1535 722 aliquid
1583 652 1933 706 difﬁcultatis

242 741 515 806 attulerit,
579 741 878 811 episcopus
948 739 1632 810 Constantinopolitanus,
1709 741 1934 795 directis

242 830 719 902 praeceptionibus
768 829 1047 900 episcopis
1077 829 1204 898 :suis
1234 830 1655 899 paroecialibus,
1691 829 1775 884 vel
1836 846 1935 884 cre-

241 920 376 974 teris
402 918 875 989 metropolitauis,
910 918 989 973 eis
1036 918 1417 987 praesentibus
1461 918 1559 989 qui
1587 936 1619 972 a
1650 919 1809 973 vobis
1837 936 1935 990 pa-

241 1010 381 1065 riter
414 1009 613 1065 directi
663 1009 900 1077 fuerint,
953 1008 1089 1080 quid
1148 1009 1267 1079 ipse
1311 1008 1529 1075 fecerit,
1567 1009 1929 1064 innotescat:

242 1099 391 1169 quod
431 1099 501 1152 ab
551 1113 619 1152 eo
675 1097 859 1152 modis
905 1096 1173 1152 omnibus
1214 1113 1309 1150 vos
1341 1103 1563 1168 oportet
1596 1099 1841 1168 exigere,
1875 1102 1937 1152 ut

240 1190 375 1244 facti
406 1190 580 1261 hujus
628 1189 953 1244 testimonio
996 1193 1355 1259 peragrante,
1404 1189 1572 1243 etiam
1618 1190 1931 1257 universos,

244 1280 331 1336 vel
364 1280 463 1351 qui
494 1280 663 1349 longe
694 1284 827 1334 sunt
854 1278 1047 1349 positi,
1079 1279 1253 1332 latere
1295 1294 1409 1332 non
1452 1279 1646 1349 possit.

802 1420 1135 1475 EPISTOLA
1172 1421 1377 1476 XXXII.

727 1545 794 1581 AD
834 1543 1094 1583 JUSTINUM
1134 1543 1441 1582 AUGUSTUM.

241 1653 332 1708 Ab
352 1651 445 1731 iis
474 1651 594 1731 qui,
622 1650 894 1731 admissis
922 1651 1396 1731 Chalcedonensis
1429 1651 1659 1731 concilii
1696 1653 1937 1731 decretis

309 1722 592 1796 Acacium
612 1722 884 1776 damnare
896 1723 1597 1796 recusabunfmavendum;
1611 1724 1936 1796 legatosque

308 1794 376 1848 ob
391 1810 592 1921 pudicam
604 1796 659 1848 et
668 1796 930 1849 unionem
959 1792 1271 1849 Orientalis
1292 1795 1554 1851 Ecclesiae
1565 1792 1770 1851 missos
1783 1792 1933 1851 com-

308 1882 440 1920 men
551 1908 562 1919 .

308 1882 562 1920 menaaz.

308 1990 607 2045 Hormisda
635 1990 857 2045 Justino
889 1993 1165 2061 Augusto.

310 2082 373 2133 In
399 2084 623 2134 tantum
658 2095 760 2150 pro
801 2080 980 2150 gratia
1016 2079 1338 2134 Divinitatis
1377 2080 1579 2151 gloriae
1611 2084 1811 2136 vestras
1859 2082 1939 2136 fa-

242 2185 394 2223 mam
424 2172 643 2223 constat
690 2172 999 2235 extensam,
1060 2174 1117 2223 et
1157 2169 1234 2222 ita
1281 2185 1377 2224 vos
1411 2170 1759 2241 suffragante
1805 2170 1936 2226 vitae

240 2257 444 2312 merito
475 2257 842 2313 laudabiliter
869 2259 1085 2313 mundo
1117 2258 1357 2329 contigit
1387 2258 1763 2329 innotescere,
1798 2276 1937 2330 pro-

238 2346 669 2401 batissimorum
702 2347 1003 2401 hominum
1034 2348 1305 2417 opinione
1335 2349 1624 2419 vulgante,
1672 2354 1736 2404 ut
1766 2366 1938 2421 super

242 2450 338 2488 vos
382 2435 573 2506 potius
620 2436 884 2490 credatur
919 2437 1172 2491 delatum
1222 2437 1450 2491 culmen
1482 2437 1731 2508 imperii,
1763 2456 1935 2510 quam

240 2541 343 2595 per
371 2524 681 2595 imperium
726 2542 825 2579 vos
871 2526 1078 2596 aliquis
1109 2527 1261 2580 dicat
1299 2526 1549 2596 agnosci.
1584 2528 1813 2581 Certum
1849 2535 1934 2583 est

241 2614 477 2683 quidem
510 2614 841 2684 hujusmodi
872 2614 1236 2684 provectione
1270 2619 1452 2669 vestra
1482 2615 1726 2683 pristino
1743 2617 1931 2687 splen-

242 2703 369 2758 dori
399 2702 697 2757 accessisse
731 2703 949 2758 decoris
980 2705 1311 2772 cumulum;
1355 2704 1451 2759 sed
1493 2706 1638 2760 sicut
1667 2707 1932 2760 tenuistis

242 2794 378 2847 olim
443 2792 700 2847 moribus
747 2792 1158 2863 principatum,
1214 2794 1293 2848 sic
1341 2810 1471 2848 cum
1530 2812 1626 2849 vos
1678 2812 1781 2865 per
1832 2811 1931 2850 ora

242 2881 505 2951 gentium
562 2881 873 2952 impatiens
905 2883 1106 2936 secreti
1146 2882 1481 2953 magnitudo
1521 2884 1811 2955 detulerit,
1862 2884 1932 2938 ad

240 2988 343 3025 nos
378 2986 630 3041 quoque,
684 2970 830 3025 sicut
864 2971 1098 3041 mystice
1132 2972 1453 3042 loquuntur
1490 2973 1818 3044 Scripturas,
1854 2979 1935 3027 te-

244 3059 526 3113 stimoniis
565 3059 860 3113 suavitatis
923 3070 1118 3114 vestra:
1174 3061 1316 3115 odor
1370 3062 1616 3116 advenit.
1674 3064 1737 3117 Et
1789 3068 1938 3117 certe

244 3164 376 3201 cum
420 3148 534 3202 late
578 3148 953 3217 prudentium
984 3148 1288 3203 hominum
1336 3152 1617 3204 sententia
1655 3151 1937 3222 religiosae

243 3237 371 3290 vitae
400 3240 601 3290 vestrae
664 3236 879 3290 fuerint
923 3237 1185 3292 instituta
1231 3239 1505 3308 dispersa,
1560 3240 1769 3294 habere
1821 3258 1939 3295 non

246 3324 541 3395 potuimus
571 3323 929 3395 incognitum
952 3327 1231 3396 quidquid
1254 3328 1322 3382 de
1347 3328 1503 3382 vobis
1530 3329 1713 3383 fuerat
1738 3331 1937 3384 mundi

245 3412 607 3467 attestatione
639 3414 937 3484 vulgatum
967 3432 980 3470 :
1015 3416 1150 3485 quia
1177 3415 1322 3470 sicut
1345 3417 1619 3471 mediocri
1650 3418 1818 3472 laude
1852 3420 1936 3474 di-

245 3520 357 3573 gna
382 3502 443 3556 in
472 3501 821 3557 immensum
848 3503 955 3557 sibi
986 3507 1280 3574 nequeunt
1311 3506 1597 3560 vindicare
1629 3508 1938 3578 prmconia,

245 3593 321 3645 ita
350 3592 471 3646 sine
500 3590 615 3645 ﬁne
645 3592 1077 3661 praedicandum
1110 3594 1330 3662 rapitur
1355 3593 1415 3647 in
1447 3596 1728 3665 populum
1767 3596 1939 3667 quid-

246 3680 385 3752 quid
420 3681 571 3735 bono
631 3680 803 3735 fuerit
877 3681 1267 3735 admirationis
1340 3688 1627 3738 ornatum.
1683 3685 1940 3740 Vindicat

248 3770 400 3823 enim
429 3769 537 3823 sibi
569 3770 902 3840 quantitatis
933 3786 1049 3824 sum
1069 3770 1200 3840 jure
1229 3772 1565 3841 magnitudo
1598 3773 1765 3828 famas
1791 3775 1942 3829 testi-

249 3859 460 3924 monia,
490 3858 626 3929 quia
668 3859 933 3914 nesciunt
968 3859 1145 3915 latere
1181 3860 1459 3916 miranda.
1503 3863 1642 3916 Hinc
1672 3867 1756 3917 est
1786 3863 1938 3934 quod

248 3948 597 4017 principatus
622 3948 778 4003 vobis
809 3964 874 4002 ac
902 3949 1149 4003 honores
1179 3950 1299 4019 (Ed.
1333 3952 1496 4005 Rom.
1534 3951 1792 4023 adoreas)
1824 3970 1938 4022 pu-

249 4035 393 4088 blica
418 4036 550 4106 jura
581 4037 992 4091 commiserunt
1024 4054 1036 4092 :
1067 4054 1199 4092 nam
1237 4040 1389 4109 quod
1424 4040 1762 4094 meritorum
1794 4041 1939 4095 insi-

249 4125 383 4195 gnia
426 4125 813 4195 generalitatis
851 4127 998 4182 facta
1046 4132 1178 4182 sunt
1216 4132 1363 4195 vota,
1412 4145 1580 4184 nemo
1627 4130 1707 4183 ita
1745 4147 1939 4186 rerum

247 4215 460 4269 arbiter
489 4215 720 4285 iniquus
766 4216 1002 4286 exstitit,
1038 4217 1136 4288 qui
1185 4217 1395 4288 passim
1432 4234 1530 4272 vos
1570 4220 1815 4275 aestimet
1845 4238 1933 4274 ar-

248 4304 377 4358 ches
403 4303 631 4375 inclytae
674 4306 956 4376 accepisse
990 4305 1204 4373 titulos,
1254 4323 1383 4361 cum
1428 4308 1627 4378 negari
1666 4314 1937 4380 nequeat-

246 4394 418 4464 digne
447 4410 545 4448 vos
576 4395 853 4449 meruisse
880 4395 1110 4465 imperii
1139 4396 1387 4465 culmen,
1408 4414 1652 4468 quorum
1684 4399 1941 4469 probita-

249 4489 362 4536 tem
391 4484 639 4537 mundus
664 4484 911 4554 agnovit.
946 4484 1051 4539 Sed
1080 4501 1281 4555 parum
1312 4490 1413 4553 est,
1439 4487 1700 4557 quamvis
1729 4488 1944 4558 judicio

248 4570 652 4638 universitatis,
707 4572 991 4642 suscipere
1040 4573 1166 4626 loco
1215 4573 1435 4643 prcemii
1480 4573 1611 4643 jura
1642 4576 1938 4645 regnandi.

250 4659 395 4712 lllud
431 4658 615 4727 magis
659 4662 747 4713 est
788 4660 1124 4715 admirabile
1170 4662 1319 4732 quod
1375 4662 1454 4715 ita
1492 4678 1588 4716 vos
1638 4663 1940 4718 hominum

251 4745 639 4801 laudabilitate
689 4747 944 4803 tirmatos
984 4750 1300 4821 suscipiunt
1350 4751 1611 4823 imperia,
1642 4757 1706 4806 ut
1729 4753 1942 4822 judicia

249 4835 361 4888 sint
391 4833 601 4888 divina.
635 4836 758 4889 Non
803 4842 884 4889 est
930 4837 1170 4893 dubium
1213 4840 1419 4893 electos
1470 4857 1597 4894 suos
1629 4842 1940 4896 venerabili

251 4922 749 4993 prcedestinatione
781 4924 1103 4981 Divinitatis
1136 4928 1206 4982 ad
1241 4932 1413 4983 tanta:
1445 4930 1740 5000 potestatis
1771 4947 1935 4985 orna-

251 5016 440 5066 menta
471 5013 686 5080 venire,
714 5029 858 5084 quos
891 5014 1127 5072 sincerae
1160 5018 1295 5073 ﬁdei
1326 5018 1671 5074 documenta
1700 5020 1939 5074 circum-

248 5101 477 5155 vallant.
548 5103 683 5157 Vere
742 5102 902 5157 vobis
960 5106 1279 5176 prophetici
1344 5108 1576 5177 spiritus
1635 5110 1938 5163 convenire

249 5191 416 5246 verba
436 5191 786 5246 dixerimus:
822 5192 1176 5264 Priusquam
1218 5198 1271 5247 te
1285 5196 1618 5263 formarem
1665 5197 1725 5251 in
1754 5202 1936 5265 utero,

246 5279 373 5335 novi
401 5283 452 5336 te
483 5280 631 5352 (Jer.
681 5281 740 5352 1).
774 5281 859 5335 Ad
905 5282 1051 5336 hanc
1081 5298 1176 5336 vos
1207 5284 1467 5354 gloriam.
1507 5286 1940 5357 incomprehen-

246 5370 394 5423 sibili
460 5386 720 5441 superna:
779 5372 1092 5442 majestatis
1132 5372 1506 5443 dispositione
1568 5382 1933 5446 procurante,

246 5457 582 5528 obsequium
620 5464 839 5514 natura:
870 5461 1087 5516 mundo
1110 5461 1365 5531 protulit,
1398 5463 1500 5517 sub
1524 5464 1782 5520 custodia
1804 5465 1937 5519 tidei

245 5552 542 5603 transacta
572 5550 701 5605 vitae
743 5550 998 5620 probitas
1030 5551 1299 5619 instituit,
1337 5558 1509 5625 atque
1568 5555 1639 5609 ad
1690 5555 1935 5627 imperia

2043 386 2173 439 dem
2214 384 2524 455 aliquando
2569 384 2845 439 divisores
2885 386 3415 457 dominicicorporis
3460 387 3593 441 ﬁdei
3640 404 3745 442 ve-

2042 478 2172 529 strae
2217 474 2578 528 exsecutione
2618 474 2949 546 compressi,
3010 476 3384 529 Ecclesiarum
3431 477 3739 531 concordia

2041 563 2318 618 diabolica
2350 563 2765 632 impedimenta
2815 564 3145 629 succideret,
3185 570 3242 618 et
3278 565 3619 620 universitas
3669 566 3745 621 de

2042 654 2385 708 adunatione
2439 654 2733 724 gauderet.
2788 655 2900 707 Hoc
2952 654 3235 723 religioni,
3284 654 3390 708 hoc
3434 655 3587 721 fidei,
3637 654 3749 708 hoc

2042 744 2332 797 serenitati
2390 747 2589 797 vestrae
2636 744 2957 814 specialiter
3008 744 3229 797 caelitus
3265 744 3568 798 mandatur
3612 744 3745 798 offi-

2043 830 2470 901 cium,'quibus
2514 834 2569 884 et
2616 848 2780 902 posse
2817 830 3030 896 omnia,
3073 835 3125 885 et
3156 831 3432 901 perficere
3480 831 3745 885 videmus

2044 919 2353 974 indultum.
2384 921 2582 990 Itaque
2611 922 2756 974 sicut
2796 920 3118 975 instituistis
3145 921 3350 987 facere,
3381 926 3580 974 navale
3612 937 3743 973 sus-

2043 1010 2187 1079 cepti
2220 1009 2406 1080 operis
2434 1025 2644 1063 munus
2677 1011 2830 1081 quod
2884 1026 3135 1080 superna
3180 1011 3340 1065 vobis
3372 1010 3743 1064 Providentia

2042 1098 2247 1152 videtis
2279 1099 2621 1169 iniunctum.
2658 1101 2721 1153 Et
2750 1115 2877 1153 vere
2916 1100 2995 1152 sic
3028 1100 3217 1154 decuit
3256 1103 3320 1153 ut
3368 1115 3472 1169 per
3523 1099 3743 1169 princi-

2042 1202 2174 1258 pem
2219 1204 2331 1257 pax
2378 1188 2581 1242 debeat
2632 1188 2779 1250 ﬁeri,
2838 1204 3012 1259 quam
3058 1188 3380 1243 reverentia
3420 1188 3749 1242 Divinitatis

2043 1276 2313 1346 exposcit.
2350 1278 2488 1331 Date
2518 1277 2619 1331 has
2666 1278 2943 1347 assumpti
2984 1279 3097 1331 Deo
3132 1281 3328 1330 nostro
3358 1276 3532 1331 vestri
3588 1277 3750 1331 obla-

2043 1364 2230 1419 tiones
2256 1365 2507 1435 imperii,
2539 1370 2603 1419 ut
2630 1382 2732 1435 per
2753 1381 2848 1419 vos
2870 1366 3049 1436 possit
3070 1366 3225 1435 pacis
3247 1366 3462 1418 fructus
3486 1365 3744 1435 impleri.

2044 1453 2174 1508 Sine
2207 1454 2381 1507 dubio
2429 1454 2709 1524 quidquid
2745 1455 2844 1507 tali
2896 1454 3041 1507 facto
3075 1454 3280 1508 animae
3333 1459 3531 1507 vestrae
3570 1455 3754 1507 fuerit

2042 1544 2389 1613 praestitum,
2416 1562 2446 1597 a
2476 1544 2633 1597 vobis
2657 1544 2872 1597 mundo
2898 1544 3192 1613 judicatur
3240 1544 3588 1613 impensum.
3623 1544 3752 1597 Ma-

2045 1648 2222 1702 gnum
2274 1638 2329 1686 et
2384 1633 2780 1686 inaestimabile
2826 1637 2927 1695 est,
2992 1632 3339 1686 venerabilie
3398 1632 3741 1702 imperator,

2045 1726 2279 1791 propter
2321 1722 2474 1792 quod
2503 1722 2698 1775 adsciti
2722 1722 2855 1775 estis
2881 1722 3100 1793 judicio
3128 1720 3452 1775 Divinitatis
3484 1738 3497 1775 :
3550 1727 3748 1776 exten-

2044 1811 2259 1865 duntur
2312 1828 2437 1864 ecce
2496 1815 2620 1865 vota
2670 1827 2869 1881 pacem
2943 1810 3421 1877 desiderantium;
3484 1810 3750 1864 diuturni

2047 1902 2322 1971 temporis
2352 1906 2537 1955 tractu
2572 1906 2774 1956 moeret
2812 1901 3190 1955 Ecclesiarum
3233 1900 3595 1954 indivisibilis
3624 1901 3749 1955 dis-

2047 1990 2189 2044 cissa
2215 1992 2572 2057 communio;
2616 1997 2701 2044 est
2734 1990 2790 2043 in
2823 1990 3039 2061 gemitu
3081 1991 3364 2060 discerpta
3394 1990 3746 2055 fraternitas,

2045 2096 2175 2134 cum
2206 2081 2352 2133 circa
2384 2083 2617 2134 Patrum
2639 2080 2906 2150 dogmata
2937 2079 3091 2133 varia
3123 2081 3195 2132 sit
3223 2080 3503 2132 voluntas.
3535 2079 3744 2133 Accin-

2045 2169 2160 2239 gite
2198 2186 2332 2240 ergo
2364 2170 2589 2223 lumbos
2636 2170 2849 2223 viribus
2897 2168 3051 2231 fidei.
3092 2169 3280 2222 videte
3328 2169 3419 2221 cui
3463 2184 3562 2221 vos
3617 2170 3747 2237 regi

2044 2258 2318 2312 Divinit'is
2373 2259 2508 2312 velit
2551 2259 2808 2329 obsequi,
2853 2262 3131 2329 quantum
3178 2258 3250 2310 sit
3298 2257 3449 2328 quod
3484 2273 3589 2327 per
3642 2273 3748 2311 vos

2045 2352 2311 2419 procurat
2342 2348 2589 2418 impleri.
2634 2348 2895 2401 Ecclesim
2936 2347 3278 2401 venerandus
3314 2362 3538 2416 corpus,
3585 2346 3745 2416 quod

2043 2435 2278 2506 propria
2300 2436 2553 2489 Christus
2588 2440 2780 2489 noster
2810 2435 3074 2505 passione
3108 2435 3383 2502 fundavit,
3420 2434 3617 2505 glorias
3652 2451 3748 2488 vc-

2043 2530 2174 2578 strae
2216 2526 2465 2578 adunare
2500 2525 2659 2578 factis
2691 2524 2957 2578 instituit.
2986 2528 3105 2580 Non
3131 2529 3215 2577 est
3242 2540 3355 2595 quo
3389 2524 3573 2594 magis
3595 2524 3748 2576 circa

2044 2630 2138 2667 vos
2174 2615 2357 2683 gratia
2390 2630 2647 2685 supernae
2702 2614 3014 2683 majestatis
3051 2615 3290 2679 eluceat,
3326 2629 3500 2684 quam
3549 2612 3595 2665 si
3629 2614 3743 2666 Ec-

2042 2704 2223 2757 clesiae
2251 2719 2458 2773 corpus
2504 2720 2606 2774 per
2648 2708 2899 2757 vestrum
2955 2707 3254 2773 reparetur
3287 2702 3559 2766 officium,
3615 2718 3748 2755 san-

2042 2792 2232 2862 guinis
2283 2792 2505 2845 Domini
2559 2792 2956 2862 redemptione
2998 2793 3331 2846 formatum.
3385 2793 3476 2845 Est
3508 2791 3744 2862 quidem

1974 2881 2013 2936 C
2044 2896 2227 2934 causa}
2258 2881 2429 2951 hujus
2473 2883 2855 2935 vetustissima
2905 2881 3184 2949 calmitas,
3236 2881 3335 2934 sed
3381 2897 3486 2951 pro
3544 2881 3751 2933 imma-

2048 2970 2223 3024 nitate
2273 2971 2361 3023 sui
2416 2970 2837 3024 recentissimus
2870 2972 3052 3037 dolor,
3096 2974 3151 3023 et
3198 2974 3355 3023 tanto
3409 2968 3749 3023 Christianis

2046 3058 2253 3112 animis
2282 3059 2485 3113 fortior
2498 3060 2765 3130 gemitus,
2793 3063 3006 3131 quanto
3030 3059 3387 3129 temporibus
3409 3063 3492 3112 est
3511 3059 3744 3111 dilatus.

2048 3149 2365 3202 Videndum
2396 3149 2556 3202 vobis
2591 3154 2672 3203 est
2714 3149 2771 3202 in
2798 3154 3078 3219 quantum
3102 3148 3361 3219 quotidie
3394 3148 3613 3217 antiqui
3638 3148 3743 3201 ho-

2046 3238 2142 3291 stis
2174 3238 2445 3291 fervescat
2474 3238 2711 3305 insania,
2744 3243 2816 3304 et,
2870 3254 2998 3291 cum
3034 3238 3167 3290 olim
3219 3253 3386 3290 causa
3436 3238 3510 3290 sit
3556 3236 3748 3290 decisa

2047 3326 2160 3379 ﬁne
2184 3327 2499 3391 sententiae,
2535 3327 2686 3397 pacis
2715 3327 2881 3381 faciat
2913 3327 3265 3380 tarditatem:
3324 3331 3378 3379 et
3409 3341 3538 3378 cum
3570 3325 3745 3379 Chal—

2046 3415 2380 3468 cedonensis
2428 3416 2696 3486 synodus,
2745 3421 2797 3469 et
2851 3418 2905 3469 Β.
2959 3432 3125 3485 papae
3175 3414 3379 3469 Leonis
3433 3415 3745 3467 constituta

2046 3503 2323 3573 placeant,
2360 3521 2474 3575 quo
2506 3505 2570 3559 ad
2601 3506 2894 3559 caritatem
2931 3505 3139 3559 reverti
3169 3504 3437 3558 volumus
3486 3520 3519 3556 a
3570 3509 3747 3557 certa-

2047 3592 2199 3645 mine
2229 3609 2345 3646 non
2374 3593 2628 3647 desistas.
2663 3594 2991 3665 Sequuntur
3022 3610 3150 3664 quae
3191 3593 3555 3664 dogmatibus
3605 3609 3748 3663 prae-

2048 3681 2211 3734 dictis
2244 3682 2489 3752 ascripta
2521 3688 2672 3751 sunt,
2707 3688 2763 3737 et
2796 3699 2994 3736 eorum
3027 3683 3390 3753 sequacibus,
3416 3699 3558 3752 quos
3588 3698 3744 3751 prie-

2049 3768 2198 3822 dicta
2232 3771 2566 3823 auctoritate
2599 3771 2899 3827 damnatos
2924 3771 3277 3840 intelligunt,
3304 3786 3419 3823 non
3448 3770 3741 3823 recedunt.

2046 3858 2259 3911 Tenent
2289 3859 2471 3912 adhuc
2520 3859 2580 3912 in
2624 3860 3015 3930 complexibus
3052 3875 3266 3913 nomen
3311 3858 3521 3927 Acacii,
3573 3873 3746 3928 quem

2046 3947 2243 4001 vident
2266 3947 2483 4018 judicio
2519 3948 2665 4002 sedis
2701 3949 3023 4019 apostolicae
3056 3948 3260 4001 merito
3284 3963 3515 4018 poenam
3552 3947 3745 4017 subje-

2047 4036 2186 4090 cisse
2218 4037 2494 4091 damnari.
2523 4038 2660 4101 Quis
2694 4054 2813 4091 non
2837 4037 3123 4107 intelligat
3148 4036 3411 4090 simulate
3444 4036 3585 4089 dici:
3613 4036 3748 4089 San-

2048 4131 2269 4179 ctorum
2287 4129 2519 4180 Patrum
2538 4128 2834 4197 sequimur
2866 4128 3154 4195 dogmata,
3181 4126 3277 4179 sed
3304 4142 3416 4178 non
3448 4125 3746 4196 diligimus

2047 4215 2236 4269 facta?
2276 4216 2410 4280 Qum
2444 4233 2474 4269 a
2496 4223 2689 4270 sancta
2714 4216 2927 4287 synodo
2957 4215 3406 4269 Chalcedonensi
3437 4215 3747 4267 constituta

2050 4309 2201 4373 sunt,
2228 4311 2282 4359 et
2312 4323 2441 4376 quae
2473 4306 2622 4359 beati
2656 4305 2853 4359 Leonis
2884 4306 3123 4376 epistola
3153 4305 3427 4372 continet,
3462 4304 3743 4369 fovemus,

2054 4409 2410 4461 veneramur,
2446 4396 2865 4465 amplectimur,
2896 4395 2991 4448 sed
3035 4395 3259 4455 Acacio.
3292 4392 3417 4463 {qui
3450 4393 3749 4446 damnato-

2051 4500 2178 4537 rum
2212 4484 2675 4538 communionem
2721 4489 2947 4538 secutus
3001 4489 3107 4549 est,
3152 4483 3541 4554 impendimus
3592 4487 3741 4535 vota.

2052 4572 2158 4626 Sed
2194 4572 2331 4643 quid
2364 4590 2507 4642 opus
2547 4578 2629 4626 est
2664 4576 2730 4626 de
2778 4574 3048 4644 judicatis
3097 4573 3267 4626 rebus
3319 4572 3491 4625 verba
3533 4572 3739 4637 facere,

2051 4677 2180 4715 cum
2212 4679 2315 4716 nos
2343 4663 2557 4716 hortari
2591 4663 2991 4718 tantummodo
3024 4663 3216 4718 deceat
3252 4668 3335 4728 ut,
3367 4676 3635 4731 expressa
3657 4676 3746 4713 su-

2049 4752 2242 4820 perius
2272 4752 2635 4806 simulatione
2669 4753 2950 4818 submota,
2972 4753 3074 4806 sub
3098 4753 3251 4807 omni
3280 4752 3528 4822 puritate
3547 4766 3745 4820 pacem

2050 4840 2294 4895 debeant
2340 4858 2371 4895 a
2420 4842 2627 4911 quibus
2677 4842 2796 4895 haec
2848 4843 3115 4895 dicuntur
3176 4848 3392 4913 optare.
3446 4841 3613 4911 Apud
3647 4856 3744 4892 vos

2050 4930 2187 4984 mihi
2218 4937 2300 4985 est.
2328 4931 2513 4984 omnis
2545 4931 2958 5001 deprecationis
2989 4949 3176 4998 causa,
3214 4932 3529 5001 imperator
3582 4945 3743 4999 egre-

2048 5020 2139 5090 gie
2173 5036 2184 5073 :
2227 5037 2325 5073 vos
2352 5020 2443 5074 hic
2493 5037 2555 5073 ac
2585 5020 2793 5075 talibus
2827 5020 3078 5091 religiosi
3111 5020 3301 5091 operis
3331 5019 3579 5073 resistite
3618 5018 3746 5071 viva

2046 5107 2313 5176 caritate;
2362 5108 2522 5162 vobis
2566 5109 2851 5176 imminet,
2894 5115 2956 5162 ut
3002 5110 3102 5181 qui
3156 5108 3550 5163 ecclesiasticae
3615 5124 3747 5161 con-

2047 5197 2251 5250 cordiae
2304 5198 2584 5251 habuistis
2633 5199 2737 5252 sub
2782 5199 3000 5269 privata
3052 5199 3161 5252 vita
3202 5198 3572 5262 desiderium,
3635 5196 3741 5250 sub

2046 5285 2369 5356 principatu
2402 5286 2542 5339 detis
2570 5287 2855 5341 effectum.
2893 5289 3011 5341 Non
3042 5288 3149 5341 fuit
3181 5303 3295 5357 quo
3329 5286 3510 5356 magis
3539 5285 3743 5355 gratia:

2046 5384 2245 5430 vestrae.
2280 5379 2540 5431 cumulus
2563 5378 3054 5448 accederet,quam
3089 5378 3243 5447 quod
3274 5376 3432 5430 vobis
3465 5374 3742 5429 divinitus

2046 5466 2242 5520 datum
2270 5472 2373 5533 cst,
2404 5472 2464 5521 ut
2496 5466 2646 5537 quod
2678 5483 2903 5536 semper
2934 5465 3194 5520 voluistis
3226 5465 3371 5530 tieri,
3405 5480 3507 5534 per
3536 5480 3637 5517 vos
3669 5463 3737 5516 ad

2045 5556 2352 5609 terminum
2398 5557 2575 5626 possit
2624 5556 2849 5611 adduci.
2899 5558 3010 5610 Nec
3052 5556 3222 5610 breve
3255 5554 3545 5624 specimen
3587 5553 3739 5607 circa
