4038 6170
219 205 322 257 437

1516 206 1869 264 EPISTOLE
1910 211 1998 266 ET
2040 211 2220 266 DECR
2231 212 2387 270 ΕΤΑ.

3612 217 3715 273 438

217 358 308 396 vos
355 341 549 412 gratiae
595 339 914 394 Divinitatis
978 339 1210 408 effulsit,
1261 342 1467 413 quibus
1513 345 1679 398 datur
1726 361 1889 415 posse
1927 350 1974 402 A
1999 348 2175 400 rectio
2211 364 2222 400 :
2259 349 2396 418 quia
2434 349 2595 402 irrita
2627 355 2709 403 est
2751 351 3024 421 quaelibet
3055 352 3114 406 in
3155 352 3379 407 cultura
3423 354 3526 408 Dei
3561 369 3701 409 eon-

214 431 388 486 facere
449 430 594 502 quod
641 446 868 501 semper
924 430 1180 500 optastis.
1227 431 1589 503 Quapropter
1620 433 1896 504 quoniam

214 521 362 574 vobis
391 524 564 574 tanta:
594 535 774 573 causa:
808 519 1039 573 titulum
1080 519 1280 575 videtis
1313 537 1434 575 esse
1461 526 1772 588 servatum,
1807 539 1896 576 re-

214 613 422 662 movete
461 607 740 678 quidquid
771 606 1085 678 anbiguum
1136 609 1476 663 remansisse
1527 610 1779 664 creditur
1826 610 1895 664 ad

209 697 620 768 plenitudinem
652 695 1015 766 gaudiorum.
1062 697 1173 750 Nos
1213 696 1367 752 enim
1396 715 1508 769 qua
1537 699 1726 752 decuit
1753 699 1896 752 affe-

209 787 384 840 ctione
429 801 533 855 per
563 785 796 839 Gratum
826 785 1013 838 virum
1057 785 1462 855 clarissimum,
1498 788 1592 841 cui
1641 804 1745 858 pro
1778 804 1896 841 mo-

210 875 494 928 deratione
518 875 605 928 sui
635 891 883 945 congrue
906 875 1189 930 sensimus
1208 877 1461 931 ofﬁcium
1483 877 1786 948 legationis
1808 877 1895 932 in-

202 966 477 1034 junctnm,
531 963 737 1018 litteris
777 964 947 1018 vestri
993 965 1348 1038 principatus
1394 968 1657 1038 acceptis,
1707 985 1891 1022 causae

208 1052 586 1122 magnitudini
613 1054 1037 1121 convenientes,
1084 1063 1109 1087 α
1136 1055 1549 1111 destinavimus
1571 1057 1722 1110 viros
1751 1059 1894 1111 Ger-

207 1158 428 1195 manum
461 1147 519 1197 et
556 1143 826 1197 Joannem
860 1143 1176 1214 episcopos,
1207 1151 1264 1200 et
1297 1146 1574 1200 Blandum
1603 1146 1892 1216 presbyte-

203 1247 338 1298 rum,
372 1247 482 1284 nec
539 1247 655 1285 non
710 1236 766 1285 et
814 1232 1052 1286 Felicem
1110 1233 1439 1302 diaconum,
1502 1252 1604 1305 per
1635 1251 1778 1306 quos
1819 1234 1886 1303 si,

202 1321 682 1390 quemadmodum
705 1323 1128 1391 praesumimus,
1149 1324 1471 1377 serenitatis
1507 1329 1699 1378 vestra:
1733 1325 1890 1378 favor

198 1409 457 1476 arriserit,
493 1411 809 1464 secundum
843 1427 972 1482 quas
1006 1413 1278 1467 mandata
1306 1418 1460 1479 sunt,
1505 1413 1885 1467 Ecclesiarum

197 1499 534 1552 adunatione
592 1500 980 1571 generalitatis
1027 1501 1208 1570 possit
1265 1506 1393 1555 vota
1432 1502 1650 1555 ﬁrmari
1711 1502 1883 1572 (anno

199 1588 412 1642 Domini
445 1588 597 1659 519).

651 1692 655 1696 ”
741 1676 1070 1732 EPISTOLA
1118 1679 1346 1734 XXXIII.

303 1822 310 1827 _
617 1769 642 1809 b
680 1783 748 1820 AD
792 1782 1110 1820 eoeneum)!
1149 1783 1455 1822 aucosrau.

253 1857 576 1926 Augustum
607 1855 684 1909 ad
705 1870 906 1927 pacem
930 1855 1201 1927 Ecclesix
1236 1855 1647 1910 restituendam
1677 1856 1874 1910 cohor-

909 1926 1163 1981 tandum.

260 2033 561 2087 Hormisda
595 2033 928 2103 Euphemia:
959 2038 1248 2104 Augustas.

259 2121 632 2175 Ecclesiarum
668 2139 772 2192 pax
810 2123 933 2192 jam
984 2123 1198 2175 caelesti
1246 2121 1605 2174 ordinatione
1649 2137 1879 2190 compo-

201 2210 354 2277 nitur,
387 2226 518 2263 cum
553 2227 653 2263 vos
686 2211 754 2263 ad
788 2209 1097 2280 imperium
1133 2211 1278 2263 Deus
1309 2210 1505 2279 elegit,
1552 2209 1705 2278 apud
1741 2225 1882 2278 quos

201 2315 305 2352 esse
335 2299 633 2369 integrum
682 2315 907 2367 semper
955 2297 1251 2368 religionis
1294 2315 1411 2351 suae
1449 2297 1714 2367 cognovit
1743 2297 1880 2352 alle-

202 2393 351 2442 ctum.
386 2389 532 2443 ‘Nam
568 2389 712 2441 sicut
764 2389 819 2441 in
862 2387 1082 2458 privata
1112 2389 1223 2441 vita
1259 2389 1434 2441 Deum
1471 2403 1698 2457 semper
1728 2392 1879 2441 recto

201 2479 438 2547 dogmate
472 2478 754 2542 coluistis,
792 2483 853 2531 ut
882 2479 950 2531 de
986 2477 1283 2547 religionis
1327 2477 1630 2530 concordia
1660 2477 1878 2546 cogita-

201 2567 335 2634 retis,
363 2571 417 2620 et
463 2568 653 2620 multa
685 2565 920 2637 quidem
952 2567 1100 2618 inter
1133 2567 1253 2636 ipsa
1295 2566 1528 2636 imperii
1558 2566 1728 2619 vestri
1760 2565 1876 2636 pri-

202 2656 392 2709 mordia
428 2655 584 2708 facta
610 2660 762 2721 sunt,
795 2671 925 2725 quas
957 2670 1117 2726 spem
1144 2655 1304 2708 nobis
1336 2655 1701 2709 correctionis
1729 2654 1874 2708 inte-

201 2761 295 2814 grae
325 2745 689 2815 pollicentur.
733 2744 891 2798 Unde
924 2743 1059 2814 quia
1093 2743 1151 2796 in
1182 2744 1341 2797 vobis
1378 2759 1632 2797 amorem
1658 2744 1876 2816 fervere

201 2833 311 2886 ﬁdei
358 2834 742 2902 gratulamur,
793 2837 1022 2902 agentes
1058 2834 1170 2886 Deo
1203 2833 1434 2902 gratias,
1483 2833 1740 2903 quotidie
1773 2848 1874 2903 pro

203 2921 335 2974 vobis
363 2921 529 2975 beato
563 2922 729 2975 Petro
771 2921 1029 2990 apostolo
1062 2921 1470 2992 supplicamus,
1504 2927 1567 2975 ut
1597 2921 1741 2974 votis
1775 2937 1876 2973 ve—

204 3011 310 3063 stris
354 3011 500 3081 apud
566 3010 876 3064 Dominum
920 3010 1282 3081 suffragetur,
1331 3016 1387 3064 et
1434 3027 1664 3064 cursum
1712 3011 1876 3064 bonae

204 3100 476 3153 voluntatis
539 3100 874 3170 adimpleat.
934 3101 1044 3153 Nec
1092 3100 1329 3153 dubium
1385 3105 1468 3153 est
1517 3099 1722 3153 divinis
1776 3115 1875 3153 vos

206 3190 399 3242 attxiliis
428 3188 714 3259 adjuvari,
749 3189 882 3258 quia
912 3193 1069 3242 tanto
1096 3189 1392 3259 religionis
1424 3189 1609 3242 studio
1642 3189 1875 3241 manda-

206 3277 261 3330 tis
287 3279 604 3332 cazlestibus
653 3277 911 3332 obeditis.
951 3278 1090 3332 Hinc
1119 3283 1204 3331 est
1246 3279 1399 3350 quod
1435 3279 1568 3349 quia
1615 3281 1875 3331 sanctum

207 3368 423 3438 conjugii
455 3367 636 3421 vestri
685 3371 909 3420 constat
943 3384 1063 3420 esse
1094 3367 1471 3438 propositum,
1506 3368 1607 3421 has
1637 3367 1873 3421 ﬁducia-

205 3455 308 3509 liter
340 3458 404 3511 ad
440 3461 690 3510 vestram
741 3457 1103 3510 clementiam
1146 3457 1363 3510 litteras
1404 3457 1777 3525 destinamus,
1817 3461 1875 3510 ut

206 3561 286 3614 per
310 3563 398 3599 vos
425 3547 493 3600 ad
517 3545 932 3616 perﬁciendam
967 3546 1223 3600 Ecclesiae
1253 3563 1454 3617 pacem
1485 3547 1677 3600 mariti
1702 3546 1875 3600 vestri

205 3634 353 3703 pietas
401 3636 656 3705 amplius
701 3635 988 3688 incitetur.
1023 3637 1291 3706 Magnum
1351 3653 1494 3707 opus
1529 3634 1868 3706 arripuistis,

206 3737 382 3793 magna
409 3725 574 3778 vobis
607 3741 774 3777 causa
805 3724 1108 3778 commissa
1139 3729 1241 3779 est.
1279 3727 1384 3779 Per
1426 3741 1526 3778 vos
1565 3725 1734 3778 etiam
1769 3741 1870 3794 po-

204 3811 340 3876 pulos
389 3812 651 3866 Christus
696 3813 817 3866 vult
874 3813 945 3866 ad
1003 3813 1260 3867 Ecclesia:
1321 3814 1534 3881 fmdera
1580 3829 1868 3878 revocare,

205 3913 322 3968 quos
353 3917 448 3970 per
478 3919 537 3955 se
583 3902 766 3954 voluit
795 3918 825 3954 a
877 3907 1059 3956 morte
1107 3902 1410 3957 redimere.
1461 3903 1659 3972 Magna
1701 3901 1870 3955 etiam

205 3996 358 4042 vestro
387 3991 545 4045 sexui
586 3996 784 4061 parata
807 3996 890 4044 est
911 3991 1094 4045 laudis
1124 3992 1364 4060 occasio,
1397 3991 1441 4044 si
1465 3991 1622 4045 vobis
1653 3991 1872 4044 instau-

205 4075 327 4128 tibus
354 4077 618 4131 Ecclesia:
652 4095 768 4132 suos
789 4079 1043 4133 Christus
1075 4096 1202 4151 quae
1235 4081 1418 4134 divisa
1448 4080 1674 4133 fuerant
1703 4095 1872 4132 mem-

208 4162 284 4216 bra
311 4168 637 4237 conjungat.
675 4169 784 4220 Nec
823 4167 944 4237 ejus
991 4169 1172 4238 major
1217 4175 1301 4224 est
1340 4169 1544 4240 gloria,
1595 4185 1721 4238 qua)
1765 4168 1868 4220 hu-

2003 433 2191 502 fessio,
2235 437 2325 489 cui
2355 437 2513 491 deest
2543 435 2678 491 ﬁdei
2703 437 3025 507 plenitudo.
3056 443 3173 496 Hoc
3193 441 3346 496 enim
3372 442 3528 513 quod
3557 460 3590 497 a
3618 459 3711 497 re-

2005 522 2178 593 liquis
2231 524 2357 578 ﬁeri
2406 525 2792 595 poposcimus,
2847 544 2876 579 a
2922 528 3119 582 multis
3153 530 3274 600 jam
3318 531 3714 586 sacerdotibus

2005 617 2229 667 constat
2259 614 2554 668 effectum:
2587 619 2642 668 et
2673 616 2861 669 unitas
2893 633 3014 671 esse
3037 618 3185 688 justa
3209 618 3270 672 in
3300 620 3712 675 communione

2005 717 2120 754 non
2153 703 2384 772 poterit,
2415 704 2460 756 si
2489 719 2607 757 non
2637 704 2811 759 fuerit
2838 705 2899 759 in
2931 707 3256 764 reversione
3286 712 3506 764 servata
3535 709 3708 777 (anno

2011 791 2236 845 Domini
2264 794 2410 862 519).

2556 882 2893 938 EPISTOLA
2932 884 3148 938 XXXIV.

2142 988 2209 1024 AD
2246 987 2495 1026 JOANNEM
2527 988 3196 1028 CONSTANTINOPOLITANUM
3239 990 3557 1030 EPISCOPUM.

2002 1059 2280 1114 Acacium
2301 1060 2714 1134 damnandum,
2734 1063 2789 1114 et
2817 1060 2878 1114 in
2899 1061 3220 1134 legatorum
3247 1063 3524 1119 manibus
3564 1065 3711 1134 ﬁdei

2432 1132 2851 1203 professionem
2881 1133 3272 1190 amittendam.

2074 1237 2375 1292 Hormisda
2400 1239 2608 1293 Joanni
2639 1239 2906 1309 episcopo
2936 1240 3596 1312 Constantinopolitano.

2066 1326 2439 1382 Reddiiimns
2468 1328 2723 1397 quidem,
2761 1327 2953 1395 frater,
2987 1344 3303 1400 congruum
3348 1331 3554 1385 litteris
3585 1331 3698 1387 tuis

1997 1417 2097 1470 sub
2129 1416 2509 1470 ecclesiastica
2541 1417 2803 1471 libertate
2844 1433 3217 1488 responsum;
3268 1424 3323 1474 et
3355 1421 3493 1490 quid
3525 1421 3585 1474 in
3615 1421 3704 1475 his
3787 1456 3799 1460 -

1994 1504 2378 1572 congratulati
2444 1503 2726 1558 fuerimus
2797 1505 3100 1575 insertum,
3151 1508 3250 1578 qui
3305 1509 3697 1564 taciturnitate

1995 1592 2373 1662 praeteritum,
2421 1593 2717 1646 evidenter
2762 1595 3164 1664 expressimus.
3203 1598 3281 1651 Ac
3329 1597 3461 1652 licet
3493 1602 3695 1652 cuncta

1996 1681 2255 1735 sensibus
2295 1681 2407 1734 tuis
2445 1697 2600 1736 nunc
2643 1683 2842 1737 crebra
2873 1683 3104 1755 legatio,
3147 1701 3300 1739 nunc
3329 1701 3437 1740 usu
3482 1687 3542 1740 in
3586 1688 3684 1741 Ec-

1994 1770 2164 1824 clesia
2193 1770 2481 1824 diuturnae
2508 1773 2951 1826 conversationis
2977 1779 3089 1828 tuae
3121 1779 3370 1829 vetustas
3397 1775 3694 1845 infuderit,

1987 1859 2152 1929 juvat
2197 1865 2391 1912 tamen
2438 1859 2624 1914 adhuc
2664 1861 2833 1914 latius
2877 1860 3103 1932 aperire
3160 1869 3420 1918 nostrum
3452 1865 3695 1936 repetita

1992 1948 2217 2002 ratione
2249 1947 2559 2002 consilium
2590 1966 2602 2003 :
2636 1949 2772 2020 quia
2801 1955 2939 2005 tunc
2971 1952 3116 2006 bene
3152 1953 3220 2006 de
3254 1953 3389 2008 ﬁdei
3420 1953 3696 2009 ﬁrmitate

1991 2037 2311 2102 disseritur,
2363 2038 2597 2107 quando
2673 2038 3033 2109 simplicibus
3085 2041 3272 2094 verbis
3327 2042 3695 2096 conciliandas

1991 2125 2148 2196 pacis
2177 2125 2460 2195 cupiditas
2493 2125 2828 2196 explicatur.
2864 2127 3158 2182 Desideria
3185 2129 3399 2200 quippe
3421 2135 3540 2197 tua,
3568 2130 3693 2201 qui-

1990 2215 2094 2265 bus
2137 2215 2193 2264 te
2244 2213 2313 2266 ad
2361 2212 2800 2266 ecclesiasticam
2845 2213 3071 2267 testaris
3122 2214 3392 2268 festinare
3446 2230 3694 2268 concor-

1989 2298 2164 2367 diam,
2199 2303 2263 2352 ut
2291 2299 2570 2353 haberent
2599 2305 2789 2369 partes
2819 2300 2932 2354 illa:
2963 2315 3191 2371 semper
3211 2301 3534 2372 optavimus
3555 2321 3570 2369 ;
3589 2317 3693 2355 nec

1991 2388 2110 2442 sola
2140 2393 2402 2442 votorum
2436 2389 2750 2442 ambitione
2781 2389 3056 2455 contenti,
3092 2389 3182 2443 usi
3223 2393 3399 2443 etiam
3425 2391 3692 2461 precibus

1989 2494 2204 2534 sumus.
2232 2478 2427 2530 Vestro
2459 2483 2591 2530 sunt
2612 2477 2732 2531 haec
2765 2483 2822 2532 et
2853 2479 3055 2532 mundi
3081 2478 3405 2533 testimonio
3422 2480 3693 2534 roborata

1989 2581 2118 2636 quae
2149 2565 2440 2635 loquimur
2471 2583 2483 2620 :
2519 2566 2657 2637 quia
2689 2571 2750 2620 ut
2792 2567 3086 2621 catholica:
3133 2568 3370 2622 unitatis
3402 2568 3689 2638 reparatio

1987 2654 2072 2719 ﬁt,
2120 2655 2519 2708 auctoritatem
2572 2661 2827 2710 nostram
2891 2656 3222 2727 integritate
3272 2657 3684 2711 submittimus.

1984 2742 2226 2796 Inclinet
2255 2742 2607 2797 orationibus
2648 2745 2857 2797 nostris
2901 2761 3102 2798 aurem
3145 2761 3306 2799 suam
3354 2745 3546 2798 divina
3577 2746 3685 2798 mi-

1984 2832 2211 2895 seratio,
2246 2837 2309 2885 ut
2348 2833 2498 2901 quod
2531 2833 2758 2887 creditis
2788 2832 3216 2903 postulandum,
3256 2834 3602 2904 sequamini,
3627 2839 3685 2888 et

1916 2945 1956 3000 ρ
1985 2921 2186 2974 ametis
2228 2921 2506 2975 oblatum.
2555 2921 2728 2975 Nobis
2779 2937 2895 2975 una
2939 2939 3125 2975 causae
3177 2922 3517 2990 sollicitudo,
3569 2939 3684 2977 una

1984 3009 2241 3063 custodia
2279 3014 2382 3075 est,
2431 3010 2511 3063 ita
2541 3025 2740 3080 pacem
2783 3025 3015 3080 cupere,
3043 3016 3106 3064 ut
3147 3010 3225 3064 sic
3255 3011 3572 3081 religionis,
3603 3010 3684 3063 sic

1983 3097 2400 3151 venerabilium
2433 3101 2664 3152 Patrum
2692 3099 2998 3153 constituta
3037 3104 3335 3152 serventur
3363 3116 3376 3153 :
3406 3099 3680 3170 quoniam

1985 3203 2113 3258 qua:
2169 3187 2319 3240 inter
2368 3204 2425 3240 se
2473 3203 2718 3241 consona
2776 3188 3110 3242 credulitate
3164 3203 3280 3243 non
3332 3188 3676 3259 discrepant,

1984 3291 2213 3347 aequum
2247 3280 2330 3330 est
2357 3280 2416 3330 ut
2445 3275 2619 3330 simili
2648 3275 3042 3331 observatione
3073 3277 3404 3330 subsistant.
3439 3277 3546 3331 Sed
3573 3292 3676 3330 cur

1985 3365 2197 3419 diutius
2242 3366 2660 3420 immoramur?
2701 3367 2818 3420 Scis
2864 3365 2987 3437 ipse
3039 3367 3276 3420 unitatis
3324 3382 3495 3436 causa
3538 3366 3678 3437 quid

1984 3455 2193 3524 exigat,
2224 3455 2330 3508 seis
2375 3455 2497 3525 ipse
2543 3471 2657 3525 qua
2702 3456 2792 3508 via
2823 3456 2893 3509 ad
2923 3456 3074 3510 beati
3109 3456 3259 3510 Petri
3302 3455 3546 3526 apostoli
3576 3456 3680 3510 de-

1982 3543 2115 3597 beas
2164 3543 2358 3596 venire
2402 3543 2772 3598 consortium.
2826 3545 3010 3598 Habes
3049 3545 3274 3598 itineris
3322 3545 3406 3598 tui
3450 3545 3674 3613 ducem,

1983 3647 2155 3702 quem
2179 3637 2233 3684 te
2259 3633 2377 3701 jam
2420 3633 2585 3702 sequi
2631 3632 2859 3700 asseris,
2893 3633 3245 3688 Chalcedone
3279 3633 3541 3688 habitum
3575 3649 3678 3704 pro

1982 3720 2264 3789 religione
2313 3726 2676 3775 conventum.
2726 3723 2851 3775 Jam
2900 3726 2952 3775 te
3010 3739 3262 3793 quoque,
3316 3723 3469 3793 quod
3523 3723 3678 3776 idem

1983 3808 2248 3878 amplecti
2277 3812 2516 3862 testatus
2551 3826 2629 3877 es,
2663 3809 2815 3863 beati
2856 3811 3060 3864 Leonis
3092 3812 3426 3865 redeuntem
3468 3811 3678 3881 dogma

1981 3897 2362 3952 comitabitur.
2397 3899 2528 3951 Haec
2557 3898 2604 3951 si
2629 3899 2875 3968 placent,
2917 3899 3104 3954 Acacii
3133 3901 3389 3954 defensio
3422 3901 3678 3954 damnati

1982 4004 2097 4040 non
2141 3987 2360 4056 placeat
2401 4001 2413 4038 :
2449 3986 2556 4039 hoc
2587 3990 2671 4040 est
2701 3988 2855 4056 quod
2889 3988 3025 4041 boni
3054 3988 3225 4042 studii
3267 4006 3297 4042 a
3326 3989 3676 4059 perfectione

1981 4078 2110 4128 vota
2141 4074 2460 4144 suspendit.
2510 4075 2566 4128 Si
2611 4081 2744 4128 sunt
2784 4076 2940 4130 enim
2989 4077 3085 4131 illa
3136 4079 3438 4132 adversum
3485 4078 3587 4131 Dei
3621 4083 3676 4131 et

1981 4164 2123 4234 legis
2153 4164 2275 4233 ejus
2323 4163 2587 4216 inimicos
2628 4165 3042 4219 venerabilium
3089 4168 3320 4220 Patrum
3360 4181 3673 4236 congrega-

208 4267 360 4308 mana:
391 4257 596 4311 salutis
627 4255 847 4327 lignum
894 4263 1142 4311 scrutata
1175 4263 1278 4326 est,
1325 4263 1379 4311 et
1424 4258 1601 4311 solam
1642 4273 1865 4310 crucem
1908 4266 1950 4319 1)
1981 4254 2134 4307 tione
2168 4253 2460 4322 disposita,
2506 4256 2568 4306 ut
2610 4253 2870 4324 quisquis
2898 4271 2995 4307 eos
3037 4255 3096 4308 in
3142 4255 3548 4308 communione
3579 4271 3673 4308 se-

209 4358 349 4412 quam
379 4345 568 4398 omnis
594 4352 897 4400 veneratur
918 4347 1168 4400 mundus
1201 4347 1416 4400 invenit
1445 4346 1488 4398 ‘.
1518 4345 1868 4416 Superabitis

208 4430 432 4496 quinimo
469 4432 630 4484 illius
664 4432 883 4500 merita,
915 4434 1048 4503 quia
1072 4434 1333 4487 Ecclesim
1368 4433 1552 4486 unitas
1584 4449 1687 4502 per
1712 4433 1868 4485 illam

210 4520 578 4573 suuminvenit
597 4521 845 4591 signum,
870 4539 975 4592 per
1005 4540 1101 4576 vos
1127 4528 1209 4577 est
1231 4523 1496 4577 habitura
1529 4523 1864 4575 remedium.

212 4608 326 4676 Agat
353 4609 522 4678 igitur
555 4609 775 4680 jugalis
799 4612 968 4665 vestri
1000 4612 1271 4683 religiosa
1310 4611 1631 4677 clementia,
1669 4617 1728 4664 ut
1758 4611 1873 4663 fra-

209 4697 297 4746 tres
325 4701 375 4749 et
416 4698 744 4768 coepiscopi
775 4698 949 4753 nostri
998 4701 1101 4754 sub
1144 4717 1210 4754 eo
1244 4700 1419 4754 libelli
1451 4706 1668 4766 tenore,
1699 4716 1870 4770 quem

209 4781 394 4838 dudum
444 4787 729 4855 misimus,
776 4789 945 4842 ﬁdem
997 4806 1158 4843 suam
1220 4789 1529 4860 dignentur
1577 4805 1872 4856 asserere;

213 4879 457 4940 quatenus
485 4876 739 4946 perfecta
771 4879 951 4947 possit
994 4895 1115 4931 esse
1161 4895 1289 4949 quas
1329 4882 1412 4932 est
1450 4878 1715 4931 inchoata
1743 4894 1873 4932 cor-

265 5009 285 5036 ε
318 4999 422 5071 Hoc
478 5000 600 5052 loco
651 4999 1010 5057 desideratur
1061 5020 1275 5057 nomen
1310 5003 1562 5057 Dioscori
1625 5002 1872 5071 diaconi,

215 5068 336 5144 quod
370 5068 422 5120 in
463 5071 1142 5144 e‘pistolisgsequentilms
1182 5091 1510 5144 expressum
1562 5068 1871 5140 invenitur,

218 5137 322 5189 licet
346 5155 455 5192 non
489 5137 594 5214 hoc
627 5137 868 5196 ordine:
889 5147 1028 5198 Nam
1061 5146 1117 5199 in
1155 5137 1291 5214 ipsis
1319 5151 1444 5214 post
1477 5145 1715 5198 nomina
1747 5137 1875 5213 epié

217 5221 480 5284 §00porum
525 5213 846 5280 legatorum
870 5233 998 5268 mox
1023 5213 1302 5269 nominati
1322 5213 1688 5284 reperiuntur
1705 5216 1874 5268 ambo

217 5276 359 5360 legati
394 5276 610 5360 diaconi
657 5291 713 5336 et
761 5287 1068 5360 novissime
1116 5289 1360 5340 Blandus
1387 5276 1874 5360 'presbyterLSed

222 5353 362 5422 lituus
407 5353 659 5428 epistolae
705 5359 1038 5411 auctoritate
1091 5360 1200 5412 dici
1245 5353 1431 5428 potest
1477 5353 1670 5410 errore
1704 5357 1874 5428 libra-

223 5431 410 5473 riorum
463 5425 728 5497 accidisse
777 5430 930 5497 quod
979 5429 1056 5483 ibi
1098 5425 1274 5483 series
1335 5429 1626 5482 nominum
1677 5427 1749 5481 sit
1788 5430 1875 5481 in-

224 5501 370 5555 versa,
395 5497 447 5546 et
469 5495 690 5549 diaconi
714 5495 843 5552 ante
874 5503 1268 5572 presbyterum
1298 5501 1466 5573 positi
1491 5500 1888 5568 reperiantur:

1381 5572 1505 5626 Sav.
1552 5573 1766 5625 Bmws.

1979 4347 2271 4412 queretur,
2299 4341 2419 4411 jam
2458 4346 2595 4396 tunc
2625 4343 2797 4396 latam
2832 4343 3048 4397 subiret
3075 4344 3135 4396 in
3158 4361 3258 4398 sua
3301 4343 3671 4398 damnatione

1980 4431 2354 4496 sententiam;
2404 4447 2521 4483 non
2585 4437 2718 4484 sunt
2760 4431 2938 4502 igitur
2981 4449 3126 4486 nova
3167 4449 3296 4503 quas
3345 4438 3674 4487 constanter

1981 4520 2368 4590 exsequimur,
2403 4521 2499 4573 sed
2541 4521 2895 4590 temporibus
2928 4522 3041 4575 illis
3086 4523 3232 4576 facta
3272 4522 3488 4591 judicia
3519 4523 3674 4592 justa

1982 4612 2212 4664 Patrum
2257 4609 2664 4663 constitutione
2730 4626 3038 4666 servamus.
3110 4613 3417 4666 Hortamur
3455 4611 3672 4683 itaque,

1981 4699 2175 4766 frater,
2209 4704 2460 4752 mentem
2504 4704 2661 4752 tuam
2711 4699 2809 4753 Dei
2858 4700 3039 4753 nostri
3078 4700 3470 4755 misericordia
3512 4702 3673 4772 adju-

1981 4792 2150 4841 vante
2184 4789 2500 4857 pulsamus,
2533 4793 2596 4841 ut
2643 4789 2710 4842 ab
2754 4789 2913 4843 omni
2941 4794 2996 4844 te
3044 4790 3444 4845 haereticorum
3474 4797 3674 4845 conta-

1982 4878 2168 4947 gione,
2219 4879 2485 4930 Acacium
2520 4877 2661 4931 'cum
2695 4879 3033 4948 sequacibus
3073 4881 3189 4934 suis
3220 4881 3674 4945 condemnando,

2052 5004 2077 5043 b
2109 5001 2444 5073 Euphemia,
2491 5003 2695 5072 conjux
2743 5001 2950 5057 Justini
2999 5003 3382 5072 imperatoris,
3433 5004 3675 5073 insignis

1982 5071 2196 5142 pietate
2223 5072 2456 5144 femina,
2479 5071 2647 5127 antea
2669 5071 3256 5144 Lupicina-nominata
3281 5075 3404 5126 fuit.
3436 5071 3672 5138 Quando

1982 5159 2114 5196 vero
2143 5143 2397 5197 Justinus
2446 5143 2767 5214 imperatori
2799 5146 2979 5198 factus
3012 5153 3115 5209 est,
3167 5145 3400 5198 nomine
3452 5146 3670 5214 Euphe-

1985 5215 2114 5268 mia:
2174 5215 2410 5267 illustris
2457 5217 2743 5285 martyris,
2776 5217 2836 5269 in
2882 5218 3043 5285 cujus
3088 5217 3319 5270 basilica
3369 5216 3675 5269 Chalcedo-

1986 5301 2158 5339 nense
2189 5287 2491 5340 concilium
2522 5289 2870 5341 celebratum
2918 5291 3125 5351 fuerat,
3167 5287 3472 5356 conjugem
3515 5302 3674 5340 suam

1986 5356 2212 5427 pietatis
2257 5372 2392 5425 ergo
2439 5359 2712 5427 appellari
2755 5359 2955 5425 voluit,
3003 5364 3308 5426 antequam
3355 5357 3513 5410 illam
3565 5360 3674 5410 Au-

1986 5434 2164 5497 gustas
2213 5429 2379 5480 titulo
2425 5430 2732 5483 decor-aret.
2767 5433 3009 5484 Zonaras
3044 5435 3098 5483 et
3152 5428 3440 5481 Cedrenus
3486 5428 3546 5481 in
3589 5428 3681 5482 Ju-

1985 5499 2156 5552 stino.
2194 5499 2320 5552 SEV.
2357 5500 2568 5553 BiNlus.

2057 5570 2078 5592 ’
2110 5570 2340 5637 Helena,
2364 5570 2721 5627 Constantini
2750 5577 2949 5639 mater,
2966 5570 3175 5626 Christi
3202 5587 3430 5626 crucem
3447 5571 3682 5632 invenit,
