4038 6170
307 237 416 293 439

1749 237 2132 293 HORMISDIE
2173 237 2366 292 ΡΑΡᾹΞ

3702 237 3814 294 440

309 369 668 440 disjungens,
699 384 816 422 una
844 368 1141 423 nobiscum
1171 369 1443 423 dominici
1473 370 1732 440 corporis
1760 371 1998 441 partici-
2037 373 2083 425 A
2115 386 2287 442 quam
2327 369 2646 424 sollicitudo
2695 374 2892 424 nostra
2927 371 3248 438 cessaverit,
3295 375 3414 426 tam
3454 371 3816 426 serenissimi

309 459 539 531 patione
564 458 828 530 pascaris.
870 458 927 513 Si
948 458 1243 512 nobiscum
1277 459 1541 512 universa
1580 460 1873 529 prasdicas,
1906 476 2006 514 cur

314 548 612 604 nobiscum
653 563 766 602 non
811 547 1077 602 universa
1108 547 1492 602 condemnas?
1529 549 1682 603 Tunc
1714 549 1865 604 enim
1908 566 2007 603 no-

316 638 536 692 biscum
585 653 713 708 quas
757 653 1100 691 veneramur
1173 637 1551 707 amplecteris,
1606 638 1650 691 si
1706 639 2006 693 nobiscum

315 744 444 799 quae
487 727 836 781 detestamur
876 727 1184 780 horrueris.
1243 714 1354 781 Pax
1404 727 1630 798 integra
1687 729 1865 783 nescit
1901 729 2004 782 ali-

319 833 491 888 quam
531 816 742 870 habere
773 815 1125 883 distantiam,
1159 821 1214 870 et
1245 817 1415 870 unius
1447 818 1546 871 Dei
1578 834 1711 872 vera
1739 834 1859 873 esse
1894 835 2006 872 non

318 910 504 976 potest
534 904 643 958 nisi
673 903 734 958 in
788 904 1167 958 confessionis
1198 905 1418 959 unitate
1451 907 1691 960 cultura.
1745 909 2007 977 Quapro-

319 999 444 1066 pter
472 995 779 1047 salutantes
827 999 880 1048 te
923 994 1186 1049 fraternas
1229 995 1476 1048 caritatis
1521 996 1744 1064 affectu,
1777 998 2007 1068 petitio-

319 1099 454 1138 nem
487 1087 664 1147 tuam,
697 1082 904 1150 missis,
939 1083 1084 1138 sicut
1113 1085 1372 1154 sperasti,
1397 1085 1846 1155 religiosissimis
1875 1087 2010 1141 viris

321 1172 603 1225 Germano
658 1186 722 1224 ac
773 1172 990 1225 Joanne
1065 1172 1371 1242 episcopis,
1435 1185 1459 1215 ει
1508 1174 1690 1228 Felice
1748 1176 2006 1243 diacono,

321 1261 584 1314 Dioscoro
617 1259 878 1326 diacono,
913 1264 1082 1330 atque
1123 1262 1338 1314 Blando
1389 1264 1744 1334 presbytero,
1790 1265 2008 1333 signiﬁ-

321 1365 516 1404 camus
546 1365 665 1403 esse
693 1350 1057 1420 completam.
1105 1350 1173 1404 Hi
1211 1367 1344 1405 vero
1377 1352 1584 1422 quibus
1610 1353 1820 1407 fuerint
1843 1371 2013 1408 man-

321 1439 463 1493 datis
507 1438 768 1493 instructi
812 1443 944 1492 ante
987 1439 1356 1509 allegationes
1406 1457 1626 1508 eorum,
1679 1443 1724 1495 si
1774 1444 2009 1514 cogites,

324 1527 618 1583 evidenter
646 1544 936 1599 agnosces.
975 1529 1036 1582 Hi
1070 1545 1269 1599 pacem
1298 1532 1453 1582 tuam
1486 1531 1589 1584 sub
1621 1547 1688 1585 ea
1719 1549 1832 1603 qua
1862 1550 2013 1604 saepe

325 1616 657 1687 scripsimus
676 1617 1030 1687 professione
1061 1618 1392 1688 suscipient.
1429 1620 1608 1689 Imple
1641 1637 1805 1691 ergo,
1839 1622 2016 1677 frater

326 1707 634 1772 carissime,
681 1705 958 1776 gaudium
1007 1712 1290 1775 nostrum,
1340 1712 1396 1762 et
1441 1713 1606 1763 tuum
1651 1711 1721 1765 ad
1777 1728 1880 1765 nos
1915 1729 2017 1782 per

327 1812 424 1850 eos
471 1799 640 1849 rectas
690 1795 826 1850 ﬁdei
874 1800 985 1849 tua“:
1040 1796 1269 1850 remitte
1299 1798 1673 1867 praeconium,
1720 1805 1784 1854 ut
1824 1817 1926 1873 per
1966 1806 2020 1857 te

331 1883 608 1940 universis
636 1884 801 1939 detur
825 1886 1150 1955 exemplum
1191 1885 1364 1956 (anno
1398 1888 1627 1943 Domini
1654 1890 1802 1961 519).

896 1992 1231 2047 EPISTOLA
1270 1995 1459 2050 XXXV.

991 2098 1060 2136 AD
1105 2098 1359 2138 EUMDEH.

331 2172 476 2246 Cum
499 2169 638 2246 join
649 2169 826 2246 ﬁdem
845 2170 1187 2246 catholicam
1205 2175 1542 2246 proﬁteatur
1552 2174 1647 2230 illi
1661 2175 2026 2246 potissimum

397 2242 468 2321 d_e
487 2241 840 2321 stabilienda
859 2259 999 2313 pace
1011 2241 1388 2314 cogitandum,
1411 2262 1516 2316 pro
1539 2241 1786 2320 quaipse
1808 2249 2027 2321 legatos

389 2312 726 2368 destinavit.

404 2420 707 2475 Hormisda
744 2420 948 2475 Joanni
984 2420 1250 2493 episcopo
1282 2422 1926 2496 Constantinopolitano.

404 2510 481 2564 Ea
510 2526 638 2580 quas
685 2510 890 2564 caritas
927 2515 1027 2564 tua
1087 2511 1383 2566 destinatis
1432 2513 1634 2568 litteris
1686 2516 2030 2586 signiﬁcavit

336 2599 691 2670 agnovimus,
723 2606 778 2654 et
821 2600 1177 2669 gratulamur
1205 2601 1274 2654 ad
1318 2602 1723 2657 conscientiam
1774 2610 2029 2660 nostram

338 2688 472 2743 ﬁdei
501 2692 615 2742 tute
652 2687 865 2742 indicia
905 2689 1270 2760 pervenisse:
1312 2693 1571 2760 optantes
1621 2696 1682 2746 ut
1726 2693 2031 2749 intentioni

336 2781 470 2845 tute,
505 2792 678 2848 quam
700 2780 914 2831 rectam
945 2793 1065 2831 esse
1092 2776 1374 2848 cupimus,
1409 2779 1642 2850 plenum
1667 2784 1813 2836 Deus
1839 2789 2033 2838 noster

336 2867 482 2921 circa
513 2866 950 2920 ecclesiasticam
995 2883 1192 2937 pacem
1226 2868 1537 2924 concedere
1579 2871 1848 2941 dignetur
1897 2873 2029 2926 etl'e-

2115 459 2390 531 principis
2447 460 2618 513 sacris
2665 460 2929 513 affatibus
2989 460 3232 528 incitati,
3278 462 3490 532 legatos
3523 462 3816 516 destinare

2115 549 2457 616 curavimus,
2486 549 2750 619 "quorum
2786 550 2993 604 ofﬁcio.
3031 552 3145 603 Deo
3181 555 3427 615 auctore,
3467 550 3524 603 in
3562 551 3650 604 his
3682 565 3818 621 quae

2117 656 2266 709 saepe
2297 639 2692 693 mandavimus
2722 640 2992 710 subsequi
3022 657 3137 694 non
3161 639 3488 693 dubitamus
3518 640 3815 694 effectum.

2118 731 2184 784 Et
2214 729 2340 783 ideo
2389 733 2778 799 competenter
2821 729 3055 794 enitere,
3104 734 3167 782 ut
3216 729 3468 783 Ecclesiae
3516 730 3819 783 catholicae

2116 817 2221 871 hos
2268 817 2624 888 praecipuum
2668 822 2870 872 vestrae
2924 817 3279 871 liberationis
3325 834 3536 871 munus
3584 819 3822 889 possitis

2119 907 2341 975 oﬁ‘erre,
2394 911 2696 977 quatenus,
2750 907 2992 977 repulsis
3046 908 3314 962 omnibus
3361 924 3490 978 quae
3539 908 3822 962 hactenus

2119 1001 2458 1062 nocuerunt,
2493 996 2550 1049 in
2583 1012 2696 1050 una
2737 1013 2910 1067 quam
2943 1012 3168 1066 semper
3198 997 3518 1066 optavimus
3550 1012 3820 1050 commn-

2119 1084 2291 1138 nione
2344 1085 2719 1154 gratulantes,
2775 1087 2891 1139 Deo
2931 1089 3128 1139 nostro
3171 1085 3364 1139 laudes
3418 1086 3633 1140 referre
3691 1088 3821 1140 sine

2121 1173 2434 1228 cessatione
2467 1174 2772 1244 possimus.

2655 1281 2982 1335 EPISTOLA
3037 1282 3282 1336 XXXVII.

2254 1388 2320 1424 AD
2362 1386 2720 1426 JUSTIXIANUM
2762 1386 3168 1424 DOMESTICORIIH
3210 1386 3440 1425 COMITEM
3485 1388 3678 1425 POSTEA

2652 1475 2858 1514 JUSTINI
2898 1476 3294 1514 SUCCESSOREM.

2123 1551 2332 1620 Sperat
2359 1549 2483 1610 fore
2500 1551 2561 1601 ut
2584 1550 2706 1616 ejus
2735 1565 2910 1618 opera
2927 1565 3130 1619 pacem
3155 1547 3409 1604 Ecclesia
3429 1548 3825 1619 adipiscatur,

2267 1624 2322 1674 et
2349 1621 2525 1674 missa
2545 1621 2615 1674 ab
2649 1636 2713 1674 eo
2739 1637 2979 1674 munera
2999 1637 3058 1672 se
3080 1620 3368 1690 accepisse
3393 1624 3646 1677 nuntiat.

2200 1710 2498 1764 Ilormisda
2526 1709 2843 1763 Iustiniano
2875 1709 2994 1762 viro
3029 1709 3255 1762 illustri.

2195 1798 2596 1868 Magnitudiuis
2643 1802 2840 1852 vestrze
2892 1797 3106 1851 litteras
3163 1801 3369 1852 sancta:
3437 1798 3570 1852 ﬁdei
3624 1799 3832 1870 plenas

2127 1904 2321 1942 amore
2352 1887 2723 1958 suscepimus,
2758 1887 2986 1958 quibus,
3018 1888 3084 1941 ad
3119 1887 3490 1941 exercendam
3536 1890 3689 1958 apud
3729 1905 3832 1942 vos

2128 1978 2551 2048 praedicationis
2581 1978 2905 2047 apostolicae
2939 1977 3290 2041 ﬁrmitatem,
3327 1977 3832 2047 opportunitatem

2128 2065 2296 2118 nobis
2343 2067 2672 2135 provenisse
2726 2066 3000 2119 divinitus
3045 2065 3370 2119 nuntiastis.
3420 2067 3572 2120 Unde
3612 2067 3833 2120 indesi-

2132 2159 2334 2208 nenter
2387 2155 2624 2207 Domino
2679 2160 2874 2208 nostro
2918 2155 3138 2224 agimus
3181 2155 3416 2224 gratias,
3451 2155 3550 2225 qui
3596 2157 3665 2209 ad
3710 2161 3832 2210 tam

2131 2245 2404 2316 praeclara
2436 2244 2687 2298 remedia
2721 2249 2776 2298 et
2822 2249 3044 2315 tempus
3075 2244 3232 2298 vobis
3263 2248 3318 2298 et
3360 2243 3617 2298 animum
3651 2244 3831 2298 dedit.

2133 2335 2199 2387 Et
2242 2350 2346 2386 nos
2400 2333 2634 2402 quidem
2690 2334 2937 2404 desuper
2992 2333 3098 2386 ista
3157 2332 3496 2403 agnovimus
3544 2333 3830 2395 ordinari,

2133 2428 2438 2494 postquam
2471 2423 2522 2475 ei
2551 2423 2753 2476 detulit
2773 2424 2964 2477 divina
2993 2423 3258 2493 majestas
3286 2423 3614 2493 imperium,
3648 2423 3834 2494 quise

2136 2513 2207 2566 ad
2240 2513 2698 2581 componendam
2732 2513 3106 2566 Ecclesiarum
3137 2528 3337 2581 pacem
3362 2511 3573 2566 indicat
3605 2513 3838 2566 ordina-

2137 2605 2277 2655 tum.
2312 2603 2454 2671 Ergo
2483 2605 2652 2654 restat
2688 2606 2749 2654 ut
2778 2601 3029 2654 universi
3069 2600 3322 2670 episcopi
3356 2602 3534 2670 partis
3569 2602 3835 2656 Orienta-

2136 2691 2226 2757 lis,
2264 2692 2427 2760 juxta
2476 2691 2655 2744 libelli
2699 2691 2925 2757 seriem,
2975 2690 3042 2744 ad
3094 2689 3460 2743 correctionis
3499 2691 3837 2760 pervenisse

2138 2797 2195 2832 se
2229 2785 2508 2833 testentur
2555 2779 2841 2834 effectum.
2888 2782 3047 2833 Patet
3091 2779 3427 2833 veneranda}
3468 2780 3558 2833 via
3589 2795 3836 2833 concor-

2141 2869 2246 2922 dia:
2275 2889 2291 2923 :
2327 2874 2460 2922 nota
2491 2870 2736 2939 (notata)
2761 2873 2890 2922 sunt
2922 2873 3127 2937 optata:
3161 2868 3413 2922 remedia
3435 2868 3712 2922 sanitatis.
3741 2869 3841 2923 Sa-

317 2962 513 3022 ‘ctum,
547 2956 708 3027 cujus
737 2973 898 3026 spem
935 2957 1128 3011 animo
1165 2974 1431 3028 superna:
1464 2960 1772 3030 majestatis
1811 2979 2030 3016 assum-
2070 2964 2109 3019 C
2141 2959 2396 3011 cerdotes
2447 2959 2545 3028 qui
2587 2959 2924 3011 catholicam
2974 2973 3168 3028 pacem
3209 2958 3554 3024 desiderant,
3603 2958 3841 3028 profes-

338 3046 555 3116 psimus
589 3061 601 3099 :
626 3045 762 3116 quia
787 3046 1191 3117 imperatorem
1222 3049 1647 3103 serenissimum
1671 3051 1741 3104 ad
1765 3052 1870 3105 hoc
1891 3069 2032 3122 pro-

335 3135 584 3190 videntia
617 3135 809 3189 divina
851 3136 1175 3206 judicamus
1206 3138 1468 3203 electum,
1505 3145 1568 3194 ut
1606 3157 1711 3211 per
1757 3158 1890 3195 eum
1931 3143 2030 3196 Ec-

337 3224 634 3277 clesiarum
668 3223 1080 3295 redintegratio
1107 3225 1277 3278 tantis
1307 3229 1663 3298 temporibus
1707 3231 2032 3286 desiderata

337 3312 656 3382 proveniat.
692 3313 1051 3383 Quapropter
1080 3314 1214 3368 licet
1236 3331 1363 3385 qua:
1393 3333 1496 3386 pro
1530 3318 1662 3371 ﬁdei
1692 3319 1911 3373 unitate
1943 3321 2030 3374 fa—

338 3399 534 3454 cienda
569 3405 701 3454 sunt
729 3406 838 3455 tuae
891 3403 1143 3457 caritatis
1174 3405 1435 3459 notitiam
1470 3407 1642 3460 latere
1675 3425 1791 3462 non
1831 3410 2029 3480 possit,

340 3492 556 3560 legatos
580 3495 774 3545 tamen
801 3491 1132 3560 direximus,
1162 3509 1305 3563 quos
1334 3495 1476 3548 ratio
1501 3512 1683 3550 causa:
1714 3499 1984 3567 poscebat
2015 3517 2027 3554 :

339 3579 546 3650 quibus
587 3580 969 3646 hortantibus,
1003 3586 1059 3634 et
1097 3599 1226 3652 quas
1260 3583 1380 3653 jam
1413 3584 1633 3654 pridem
1689 3603 1722 3639 a
1762 3587 1924 3641 nobis
1962 3588 2031 3641 si-

340 3668 628 3737 gniﬁcata,
669 3673 724 3722 et
755 3686 883 3740 quae
927 3669 1120 3740 nuper’
1167 3671 1370 3726 iterata
1421 3678 1572 3742 sunt,
1623 3675 1692 3729 ad
1745 3675 2028 3739 effectum,

343 3758 584 3812 Domino
613 3763 808 3812 nostro
840 3763 1090 3826 auctore,
1121 3760 1478 3830 perveniant.

890 3867 1220 3924 EPISTULA
1259 3869 1478 3924 XXXVI.

341 3969 409 4007 AD
462 3968 898 4008 ARCIIIDIACONUM
950 3971 1012 4008 ET
1067 3971 1275 4010 CLERUM
1329 3973 2027 4017 CONSTANTINOPOLITANCM.

344 4041 662 4096 Catholicis
711 4043 1101 4121 haereticorzim
1155 4045 1413 4121 molestia
1443 4046 1711 4121 iiber-alis
1751 4050 1928 4121 legati
1958 4051 2034 4105 ad

672 4132 873 4186 pacem
897 4119 1348 4186 conﬁrmandam
1370 4117 1698 4175 mittuntur.

412 4203 712 4258 Hormisda
754 4205 1067 4260 Theodosio
1111 4207 1506 4262 archidiacono
1558 4210 2032 4282 Constantinopo-

344 4291 541 4358 litano,
573 4298 629 4348 et
661 4294 938 4349 universis
969 4295 1261 4350 catholicis
1287 4313 1318 4350 a
1351 4297 1494 4368 pari.

410 4384 628 4438 Gratias
661 4385 1062 4440 misericordiae
1112 4386 1318 4441 divinze
1359 4392 1754 4459 competenter
1792 4390 2032 4444 exsolvi-

343 4488 485 4539 mus,
521 4489 650 4543 quae
684 4473 856 4528 ﬁdem
887 4479 1130 4528 vestram
1161 4475 1258 4529 diu
1279 4475 1539 4529 laborare
1571 4493 1682 4530 non
1715 4494 1880 4547 passa
1906 4483 2026 4533 est:

342 4567 397 4615 et
429 4579 558 4615 nam
590 4569 817 4634 tempus
867 4565 1120 4618 oblatum
1169 4569 1272 4625 est,
1309 4582 1422 4635 quo
1470 4565 1612 4619 ﬁdos
1661 4567 1857 4619 militis
1899 4585 2029 4622 suos

341 4650 617 4705 catholica
641 4668 980 4723 recuperare
1011 4654 1188 4724 possit
1212 4654 1474 4708 Ecclesia.
1501 4655 1637 4719 Quae
1666 4656 1819 4710 enim
1848 4658 2031 4728 major

341 4739 599 4794 animum
630 4746 829 4796 vestrae
859 4747 1047 4812 potest
1064 4744 1321 4798 obtinere
1343 4744 1683 4814 jucunditas,
1710 4762 1884 4816 quam
1915 4763 2031 4800 ma-

343 4830 528 4882 lorum
561 4837 1003 4885 commemorata
1052 4833 1348 4904 depulsio?
1379 4834 1609 4888 Gaudiis
1649 4835 2028 4905 praesentibus

341 4923 704 4989 compensate
743 4916 1068 4976 afﬂictionis
1099 4923 1501 4978 incommoda:
1555 4924 1690 4994 quia
1739 4926 1884 4978 Deus
1917 4941 2027 4978 no-

340 5012 475 5076 ster,
511 5008 611 5079 qui
660 5010 912 5064 remedio
956 5011 1082 5079 fuit,
1133 5012 1384 5066 adversis
1433 5013 1685 5082 opprimi
1733 5014 2025 5067 caritatezn

339 5103 584 5152 vestram
629 5099 832 5168 noluit,
867 5099 964 5153 sed
1009 5100 1257 5171 probari.
1287 5101 1425 5154 Nam
1477 5103 1523 5155 si
1573 5102 1842 5156 transacti
1881 5108 2026 5156 tem-

342 5187 492 5257 poris
523 5188 671 5242 mala
693 5193 822 5242 cum
854 5189 1142 5260 praesenti,
1171 5206 1298 5260 qua:
1332 5191 1524 5244 divina
1554 5207 1674 5245 esse
1706 5207 1818 5245 non
1844 5191 2025 5245 ambi-

339 5277 510 5346 gitur,
536 5276 910 5332 retributione
933 5278 1329 5348 compensetis,
1353 5279 1481 5348 quis
1504 5279 1728 5334 dubitat
1747 5279 2028 5349 ampliora

340 5383 433 5419 vos
462 5367 701 5438 praemia
734 5371 1139 5421 consecuturos
1166 5383 1336 5437 quam
1371 5383 1574 5422 nocere
1618 5369 1899 5438 potuisset
1928 5369 2026 5423 ad-

339 5455 617 5511 versitas?
652 5457 717 5512 Et
759 5456 1017 5529 quamvis
1049 5472 1153 5527 pro
1185 5460 1333 5509 statu
1381 5455 1515 5510 ﬁdei
1561 5458 1854 5513 catholicae
1885 5474 2028 5512 nun-

404 5589 429 5615 ⁸
460 5582 532 5653 Ex
567 5581 808 5652 epistola
838 5581 1132 5653 trigesima
1161 5581 1407 5635 secunda
1449 5583 1811 5652 przecedente
1870 5586 2028 5653 patet

337 5652 489 5722 quod
538 5655 644 5708 hoc
674 5655 798 5708 loco
829 5653 1065 5707 nomina
1115 5652 1438 5723 legatorum
1478 5652 2026 5710 diaconorum’ante

2141 3046 2362 3100 sionem
2393 3047 2725 3100 catholicam
2761 3063 2875 3099 non
2913 3051 3208 3110 recusent;
3245 3063 3355 3099 non
3383 3046 3533 3099 enim
3571 3063 3714 3116 opus
3750 3052 3841 3100 est

2139 3136 2396 3205 partibus
2429 3151 2682 3189 errorem
2710 3134 2934 3206 .‘orrigi,
2970 3135 3068 3189 sed
3097 3135 3368 3188 radicitus
3394 3136 3700 3205 amputari.
3739 3138 3833 3189 Iu-

2141 3225 2318 3277 sistite
2353 3223 2546 3294 igitur,
2601 3224 2745 3277 sicut
2791 3224 3060 3294 coepistis,
3113 3227 3171 3276 ut
3216 3239 3431 3276 merces
3462 3224 3612 3293 apud
3651 3225 3836 3278 Deum

2140 3319 2346 3378 vestra,
2381 3329 2508 3382 quae
2565 3313 2632 3366 de
2689 3311 2822 3366 boni
2879 3313 3067 3382 operis
3107 3312 3470 3366 inchoatione
3517 3313 3690 3366 habet
3721 3313 3834 3366 ini-

2139 3401 2304 3468 tium,
2334 3403 2400 3456 de
2433 3401 2777 3472 perfectione
2818 3406 3198 3472 consequatur
3233 3403 3520 3456 effectum.
3557 3401 3835 3455 Animum

2141 3490 2372 3560 quidem
2400 3496 2649 3544 vestrum
2688 3491 2860 3544 talem
2912 3492 3080 3544 missa
3113 3491 3182 3544 ad
3218 3507 3322 3544 nos
3362 3495 3642 3544 testantur
3691 3492 3835 3545 allo-

2141 3579 2296 3649 quia,
2329 3584 2390 3634 ut
2421 3581 2487 3634 ad
2520 3580 2935 3652 plenitudinem
2966 3580 3103 3634 boni
3131 3581 3407 3650 propositi
3439 3596 3553 3633 non
3585 3581 3836 3635 multum

2137 3669 2441 3740 indigeatis
2491 3671 2765 3724 hortatu:
2816 3670 2996 3724 nostri
3040 3675 3231 3724 tamen
3274 3669 3540 3724 desiderii
3586 3685 3654 3723 ea
3705 3687 3835 3741 quae

2142 3775 2300 3830 spem
2338 3759 2495 3814 dedit
2525 3760 2668 3813 ratio
2701 3759 2927 3830 (oratio)
2959 3760 3205 3829 amplius
3237 3759 3493 3813 accendit
3527 3759 3834 3827 ardorem;

2142 3856 2198 3903 et
2221 3849 2442 3903 avidius
2481 3849 2691 3919 gaudia
2729 3848 2954 3918 impleri
2998 3849 3282 3918 cupimus,
3312 3865 3436 3918 quae
3471 3847 3686 3901 instare
3710 3849 3832 3919 jam

2143 3938 2414 3992 divinitus
2445 3938 2808 3993 arbitramur.
2847 3939 2984 3992 Hinc
3018 3944 3101 3991 est
3147 3938 3297 4008 quod
3332 3939 3560 3991 beatum
3601 3939 3835 3992 Petrum

2141 4029 2462 4098 apostolum
2502 4028 2754 4099 quotidie
2783 4028 3114 4098 suppliciter
3140 4027 3524 4094 obsecramus,
3560 4031 3623 4081 ut
3655 4027 3831 4092 vobis,

2141 4133 2245 4186 per
2291 4133 2434 4187 quos
2481 4118 2754 4187 integrari
2803 4118 3062 4170 membra
3098 4133 3197 4169 sua
3241 4123 3433 4170 sancta
3474 4117 3596 4185 jam
3648 4124 3839 4187 sperat

2143 4206 2408 4273 Ecclesia,
2459 4211 2516 4260 et.
2547 4207 2809 4260 etfectum
2851 4208 2998 4260 Deus
3033 4207 3297 4271 celerem,
3346 4211 3402 4259 et
3439 4207 3686 4259 salutem
3727 4206 3834 4259 tri-

2143 4294 2280 4348 buat
2327 4295 2665 4365 longiorem.
2721 4296 2832 4348 Nos
2877 4295 3110 4365 quidem
3154 4295 3357 4347 vestris
3407 4294 3613 4347 animis
3666 4294 3836 4347 obse-

2145 4389 2385 4454 quentes
2422 4385 2569 4438 viros
2612 4384 2938 4451 direximus,
2972 4385 3042 4438 ad
3073 4384 3431 4437 solidandam
3462 4383 3569 4436 sub
3603 4389 3834 4454 aposto-

2140 4474 2261 4527 licae
2309 4473 2697 4544 dispositionis
2742 4474 3099 4527 ordinatione
3149 4472 3538 4526 concordiam.
3572 4473 3833 4525 Vestrum

2139 4568 2242 4630 est,
2286 4566 2349 4616 ut
2381 4565 2522 4616 sicut
2562 4579 2665 4615 nos
2709 4562 2872 4616 bona:
2917 4562 3221 4616 intentioni
3275 4562 3467 4615 deesse
3518 4561 3832 4628 noluimus,

2138 4652 2215 4704 ita
2249 4669 2344 4705 eos
2380 4653 2526 4722 apud
2576 4669 2678 4705 nos
2723 4657 2981 4722 optatum
3027 4652 3238 4705 referre
3280 4650 3499 4704 faciatis
3539 4650 3829 4705 effectum.

2139 4743 2339 4796 Munus
2407 4746 2630 4796 vestrur
2699 4741 3026 4796 veneranda
3095 4741 3339 4794 sacraria
3418 4747 3830 4809 susceperunt;

2139 4831 2290 4901 quod
2339 4832 2584 4902 antplius
2631 4832 2796 4885 beato
2857 4833 3020 4884 Petro
3080 4830 3337 4900 apostolo
3400 4829 3622 4883 facietis
3676 4847 3828 4884 acce-

2137 4920 2310 4990 ptius,
2351 4920 2394 4972 si
2425 4936 2525 4990 per
2568 4937 2662 4973 vos
2691 4923 2941 4989 optatam
2983 4917 3242 4972 Ecclesiae
3275 4918 3598 4990 receperint
3641 4919 3828 4972 unita-

2137 5013 2253 5062 tem
2285 5010 2460 5079 (anno
2501 5009 2728 5063 Domini
2765 5008 2907 5078 519).

2663 5097 2995 5152 EPISTOLA
3035 5096 3308 5151 XXXVIII.

2243 5203 2313 5240 AD
2351 5203 2589 5241 CELEREM
2634 5204 2691 5240 ET
2749 5202 3029 5240 PATRICIUM
3073 5200 3415 5240 CLARISSIMOS
3473 5197 3726 5239 AULICOS.

2384 5275 2629 5347 Legatos
2655 5275 2716 5329 in
2744 5293 2923 5330 causa
2943 5275 3110 5347 pacis
3132 5273 3574 5345 coadjuvandos.

2207 5365 2504 5418 Hormisda
2535 5365 2711 5419 Celeri
2748 5371 2803 5418 et
2833 5365 3073 5418 Patricio
3107 5382 3137 5418 a
3168 5365 3311 5434 pari.

2207 5454 2474 5517 Quamvis
2521 5471 2625 5525 pro
2669 5454 2771 5507 loci
2823 5455 3004 5508 nostri
3045 5454 3498 5508 consideratione
3546 5453 3617 5506 de
3664 5466 3830 5505 causa

2135 5581 2452 5653 presbyteri
2482 5594 2691 5653 nomen
2722 5580 2914 5653 posita
2929 5581 3310 5650 reperiantur,
3339 5583 3401 5634 ut
3423 5579 3538 5634 dixi
3568 5595 3746 5646 supra
3770 5579 3825 5631 in

2138 5651 2286 5708 notis
2311 5653 2564 5723 ejusdem
2592 5651 2867 5722 epistolae.
2895 5652 3020 5706 Ssv.
3067 5654 3286 5706 Bmus.
