4038 6170
174 285 256 338 4Η
1460 275 1814 330 EPISTOLAE
1855 275 1939 330 ET
1977 272 2319 328 DECRETA.

3523 275 3627 328 442

173 411 285 466 ﬁdei
322 407 603 464 catholicae
646 407 885 461 minime
926 411 1113 461 tacere
1161 407 1461 478 possimus,
1504 411 1699 462 tamen
1748 407 1819 461 ad
1857 409 1898 462 A
1932 404 2273 459 beatitudini
2304 408 2505 458 vestrm
2536 403 3017 474 signiﬁcavimus:
3051 405 3208 475 quod
3231 403 3291 458 in
3321 404 3628 478 Scampina

171 503 296 555 hanc
323 504 537 570 partem
580 497 978 551 serenissimus
1025 495 1293 566 princeps
1343 512 1692 567 magnopere
1731 495 1824 550 di—

172 590 316 643 rectis
345 588 600 642 affatibus
630 593 890 641 nostrum
923 586 1178 640 incitavit
1212 587 1483 654 studium,
1525 603 1628 656 pro
1660 585 1824 655 cujus

169 681 360 750 legatos
421 678 712 731 voluntate
773 677 1102 731 direximus.
1179 677 1237 730 Et
1298 676 1432 746 quia
1495 673 1825 745 hujusmodi

170 783 314 820 causa
339 766 583 820 ﬁliorum
635 765 890 820 Ecclesiae
922 765 1204 818 sublevari
1237 765 1438 819 debeat
1471 765 1702 830 auxilio,
1737 780 1821 817 sa-

169 859 386 911 lutantes
428 872 525 909 vos
574 857 724 910 cultu
769 861 936 925 atque
985 854 1423 908 honorificentia
1457 853 1822 924 competenti,

165 945 423 1017 poscimus
458 949 517 998 ut
546 961 651 1015 pro
695 944 1072 998 ecclesiastica
1117 961 1256 1014 pace
1318 944 1691 1014 allegationes
1735 958 1827 996 eo-

165 1051 270 1089 rum
303 1034 396 1105 qui
426 1035 562 1088 dicti
593 1039 726 1088 sunt
755 1035 904 1105 apud
939 1035 1160 1088 animos
1205 1033 1635 1087 scrcnissimimi
1670 1032 1827 1102 prin-

166 1125 282 1195 cipis
306 1125 612 1195 adjuvetis:
639 1125 922 1195 siquidem
953 1129 1156 1178 vestrae
1183 1123 1538 1178 celsitudinis
1569 1123 1824 1175 laborem

164 1231 260 1268 non
285 1230 454 1284 parva
493 1213 795 1267 retributio
848 1213 1235 1284 subsequitur,
1268 1229 1399 1266 cum
1440 1211 1828 1282 omnipotenti

164 1305 256 1358 Deo
287 1319 384 1356 nos
414 1302 628 1373 gratias
667 1303 992 1373 persolvere
1037 1302 1106 1356 de
1137 1302 1335 1356 vestris
1368 1301 1636 1372 operibus
1672 1299 1826 1354 fece—

164 1391 260 1444 ritis
288 1393 455 1461 (anno
489 1391 719 1444 Domini
750 1393 893 1456 519).

683 1480 1021 1535 EPISTOLA
1058 1481 1278 1535 XXXIX.

307 1585 371 1623 AD
411 1585 734 1625 PBJECEPTUM
776 1586 1048 1624 PRAETORIO
1086 1585 1647 1624 TBESSALONICENSEM.

570 1659 795 1713 Eadem
829 1675 950 1730 qua:
981 1659 1042 1713 in
1072 1657 1382 1731 superiori.

218 1747 500 1803 Hormisda
560 1748 831 1818 praefecto
893 1748 1163 1818 praetorio
1221 1746 1711 1802 Tliessalonicensi
1771 1750 1826 1804 et

161 1837 348 1890 caeteris
377 1836 700 1890 illustribus
733 1854 762 1890 a
793 1837 936 1908 pari.

217 1928 350 1982 Licet
389 1943 495 1997 pro
533 1942 703 1980 causa
733 1925 1112 1980 ecclesiastica
1155 1941 1456 1997 nunquam
1503 1925 1825 1980 sollicitudo

161 2021 324 2070 nostra
351 2015 675 2082 cessaverit,
707 2019 900 2068 tamen
945 2015 1310 2085 imperatoris
1349 2015 1698 2068 serenissimi
1738 2032 1824 2069 sa-

161 2105 246 2157 cris
275 2104 532 2158 affatibus
558 2104 884 2174 promptius
910 2103 1148 2169 incitati,
1183 2104 1398 2174 legatos
1429 2120 1559 2157 cum
1582 2104 1824 2158 caelestis

163 2193 532 2247 misericordiae
571 2193 760 2247 favore
791 2193 1127 2262 direximus;
1159 2209 1403 2264 quorum
1437 2193 1624 2246 officio
1654 2193 1823 2259 bona,

163 2297 263 2350 qua
289 2283 352 2336 de
380 2282 663 2355 principis
695 2287 885 2336 mente
916 2283 1339 2352 praesumimus,
1365 2282 1736 2353 impleantur.
1762 2284 1827 2337 Et

162 2369 264 2422 ideo
292 2373 605 2425 salutantes
637 2371 1081 2442 amplitudinem
1119 2375 1387 2438 vestram,
1420 2373 1577 2426 cultu
1617 2375 1672 2425 et
1713 2371 1822 2425 ho-

160 2474 269 2513 nore
297 2477 404 2531 quo
454 2461 704 2532 dignum
754 2466 856 2527 est,
891 2460 1180 2530 poscimus
1213 2465 1277 2514 ut
1326 2476 1431 2531 pro
1467 2461 1824 2531 redintegra-

163 2549 287 2602 tione
314 2551 442 2604 ﬁdei
488 2555 747 2604 vestrum
790 2550 1163 2604 commodetis
1211 2550 1482 2617 studium,
1519 2567 1621 2604 nec
1650 2551 1822 2604 tantis

160 2637 376 2692 fidelium
414 2640 636 2694 tardari
669 2645 799 2693 vota
839 2639 1194 2711 temporibus
1241 2639 1588 2710 permittatis
1622 2655 1635 2693 :
1686 2640 1822 2711 quia

164 2743 251 2780 non
279 2734 354 2781 est
385 2729 632 2782 dubium
669 2729 1064 2784 celsitudinem
1095 2733 1338 2783 vestram
1373 2730 1619 2783 fructum
1649 2734 1818 2784 tanta:

164 2817 307 2869 laudis
335 2819 657 2888 acquirere,
692 2819 738 2872 si
788 2835 889 2889 per
933 2835 1058 2872 eam
1090 2835 1218 2889 quae
1252 2818 1320 2872 ab
1354 2819 1623 2873 omnibus
1653 2819 1820 2874 bonis

163 2911 411 2974 optantur,
457 2908 562 2960 Dei
617 2908 798 2960 nostri
843 2907 1235 2961 misericordia
1282 2913 1574 2980 operante,
1626 2925 1822 2979 prove-

165 2994 290 3047 niant
319 2996 490 3066 (anno
529 2997 760 3050 Domini
793 2997 942 3068 5l9).

745 3086 1075 3140 EPISTOLA
1112 3086 1214 3141 XL.

167 3189 215 3226 AD
247 3190 569 3229 ANASTASIL’H
613 3191 674 3228 ΕΤ
714 3191 1017 3229 PALMATIAM
1073 3191 1408 3230 CLARISSIMAS
1456 3191 1687 3230 FEMINAS
1733 3193 1821 3230 SE-

219 3281 465 3328 NATORIAS,
509 3281 638 3326 ΟΠΞ
673 3281 915 3318 TEMPORE
958 3281 1373 3320 PERSECUTIONIS
1409 3283 1686 3321 ANASTASII
1721 3283 1822 3321 PRO

217 3369 316 3405 FIDE
350 3370 642 3408 CATHOLICA
685 3370 1025 3409 INCONCUSSE
1066 3371 1377 3408 STETERANT.

591 3443 806 3496 Eadem
837 3459 954 3511 quae
981 3442 1043 3496 in
1070 3442 1372 3512 superiori.

218 3530 490 3586 Hormisda
523 3532 839 3588 Anastasii-1e
875 3537 931 3586 et
959 3533 1246 3586 Palmatiae
1283 3549 1314 3586 a
1341 3533 1483 3603 pari.

219 3620 364 3675 Bonas
394 3621 713 3675 voluntatis
745 3622 996 3676 studium
1026 3622 1232 3676 divinas
1260 3638 1489 3692 semper
1517 3622 1823 3676 comitatur

167 3710 518 3778 prosperitatis
553 3711 804 3765 effectus.
833 3711 929 3766 Dei
952 3711 1132 3765 nostri
1154 3712 1515 3781 providentia
1549 3711 1823 3782 temporis

164 3794 356 3851 facultas
385 3800 582 3854 oblata
623 3805 730 3865 est,
763 3799 824 3853 in
849 3814 977 3870 qua
1022 3816 1126 3870 pro
1166 3800 1301 3853 fidei
1338 3805 1536 3854 vestra“:
1579 3801 1820 3870 praemio

165 3884 373 3941 debeatis
416 3889 630 3943 anniti.
681 3890 758 3942 De
805 3905 1051 3960 superna
1097 3889 1364 3958 primitus
1408 3890 1819 3956 misericordia,

163 3971 384 4047 deinceps
415 3978 484 4032 de
522 3978 874 4031 conscientia
905 3979 1332 4032 clementissimi
1362 3978 1637 4050 principis
1668 3995 1822 4050 prte-

164 4072 430 4135 sumentes,
461 4066 688 4138 legatos
727 4084 830 4138 pro
860 4067 1156 4138 religionis
1196 4068 1484 4121 catholicae
1531 4085 1695 4121 causa
1731 4069 1819 4122 di-

165 4153 392 4224 reximus,
429 4172 536 4226 per
570 4173 715 4226 quos
745 4156 1182 4226 amplitudinem
1216 4159 1460 4210 vestram
1488 4156 1694 4210 d€biitR
1726 4173 1819 4210 ve-

163 4244 432 4298 nerationis
483 4248 806 4299 salutamus
847 4246 1064 4312 officio;
1095 4247 1450 4315 postulantes
1490 4250 1554 4299 ut
1585 4262 1685 4316 pro
1726 4262 1822 4299 ec-

164 4329 447 4388 clesiasticas
486 4336 984 4405 redintegratione
1023 4336 1336 4389 concordia:
1369 4339 1615 4388 vestrum
1656 4335 1818 4389 labo-

163 4432 256 4472 rem
275 4427 433 4493 atque
448 4440 687 4495 operam
709 4441 822 4477 non
838 4425 1076 4494 negetis,
1100 4429 1383 4495 quatenus
1405 4440 1555 4490 cum,
1576 4423 1819 4494 repulsis

165 4511 472 4581 remotisque
502 4514 574 4565 iis
601 4529 744 4582 quos
775 4512 1101 4582 apostolicae
1131 4512 1280 4566 sedis
1312 4513 1597 4566 damnavit
1631 4516 1821 4564 aucto-

165 4595 287 4664 ritas,
319 4601 386 4654 ad
423 4617 620 4669 unam,
653 4618 780 4672 quae
828 4606 982 4655 recta
1026 4606 1129 4670 est,
1160 4602 1625 4655 communionem
1659 4601 1820 4671 plebs

166 4680 443 4741 Christiana
481 4689 743 4753 redierit,
774 4688 1004 4743 beatum
1053 4691 1286 4743 Petrum
1331 4690 1672 4759 apostolum,
1715 4705 1819 4760 pro

167 4775 292 4842 cujus
319 4779 425 4832 ﬁde
457 4780 723 4845 nitimur,
764 4779 823 4832 in
855 4779 1058 4833 vestris
1088 4779 1319 4850 possitis
1357 4779 1568 4833 habere
1601 4779 1819 4834 actibus

167 4861 446 4932 adjutorem
483 4869 660 4934 (anno
694 4868 922 4922 Domini
954 4869 1098 4939 519).

341 4957 710 5012 EXEMPLUM
751 4957 1247 5012 SUGGESTIONIS
1285 4957 1618 5012 SECUNDAE

219 5056 431 5099 GEMIANI
474 5063 534 5099 ET
570 5063 812 5113 JOANNIS,
855 5063 1122 5114 EPISCOPI,
1162 5063 1358 5100 FELICIS
1396 5063 1457 5100 ΕΤ
1503 5061 1749 5102 DIOSCORI

429 5149 802 5201 DIACONORUM,
847 5151 904 5187 ET
942 5150 1136 5187 BLANDI
1180 5151 1518 5188 PRESBYTERI.

280 5222 490 5286 Quanlo
519 5239 648 5276 cum
682 5223 889 5276 honore
928 5221 1161 5294 Scampi
1186 5222 1406 5286 fuerint
1433 5223 1672 5294 accepti.

219 5303 271 5358 In
299 5310 516 5364 civitate
556 5312 898 5366 Aulonitana
927 5328 1041 5383 quo
1074 5312 1272 5366 ordine
1299 5327 1428 5365 cum
1461 5312 1564 5365 Dei
1597 5313 1820 5382 adjuto-

168 5390 232 5444 x‘io
256 5400 626 5469 pervenimus,
659 5405 716 5455 et
754 5402 1044 5472 quomodo
1078 5417 1274 5455 sumus
1315 5401 1560 5472 suscepti
1592 5401 1660 5456 ab
1698 5402 1817 5473 epi-

168 5495 306 5552 scopo
344 5487 578 5542 civitatis
624 5490 822 5560 ipsius,
858 5495 913 5544 et
959 5491 1094 5562 quid
1144 5495 1229 5544 est
1274 5494 1486 5557 actum,
1531 5491 1614 5545 vel
1649 5492 1816 5562 quale

168 5584 461 5640 iesponsum
503 5579 800 5646 dederunt,
837 5585 892 5633 et
923 5581 1060 5652 quia
1101 5579 1222 5634 ha-c
1259 5580 1542 5652 promisit,
1575 5585 1639 5635 ut
1687 5597 1816 5635 cum

169 5663 570 5735 metropolitano
609 5685 713 5725 suo
746 5669 956 5727 faceret
995 5669 1275 5738 libellum,
1318 5669 1380 5724 in
1427 5669 1540 5725 alia
1570 5670 1816 5741 epistola

1934 494 2160 548 civitate
2201 495 2412 548 factum
2463 498 2547 546 est
2595 493 2793 547 vestris
2850 494 3204 548 orationibus
3259 499 3446 550 tacere
3510 512 3627 550 non

1931 583 2319 653 permisimus.
2352 585 2675 654 Antequam
2730 599 2833 636 nos
2875 583 3312 653 ingrederemur
3347 585 3407 639 in
3437 585 3630 640 civita-

1933 677 2045 726 tem
2098 672 2304 742 ipsam,
2363 671 2704 725 venerabilis
2766 673 2965 743 Trojns
3015 672 3279 744 (Troilus)
3327 675 3628 745 episcopus

1934 777 2064 815 cum
2097 778 2198 815 suo
2231 762 2379 814 clero
2404 762 2491 814 vel
2527 762 2696 830 plebe
2730 761 2787 814 in
2821 778 3117 816 occursum
3163 763 3330 817 nobis
3369 780 3630 834 egressus

1935 855 2037 904 est.
2077 852 2141 905 Et
2173 849 2462 921 quomodo
2498 851 2642 903 Deus
2674 849 2731 902 in
2766 850 2889 919 ipsa
2932 850 3024 904 die
3054 850 3388 905 benedictus
3436 857 3540 920 est,
3575 855 3631 905 et

1936 957 2065 1011 quae
2109 940 2384 994 festivitas
2415 954 2515 1009 per
2547 939 2726 1009 ipsius
2766 939 3037 1008 pietatem
3087 944 3171 992 est
3200 941 3525 1008 subsecuta,
3559 942 3628 995 ad

1935 1029 2196 1082 notitiam
2229 1028 2582 1098 apostolatus
2613 1026 2784 1080 vestri
2819 1027 3136 1080 referimus.
3174 1028 3342 1081 Nobis
3373 1043 3622 1098 praesen-

1935 1118 2104 1185 tibus,
2139 1119 2227 1172 vel
2262 1133 2363 1171 suo
2395 1117 2545 1169 clero
2574 1121 2631 1169 et
2662 1116 2950 1170 nobilibus
2980 1116 3113 1169 viris
3146 1116 3323 1186 ipsius
3357 1117 3619 1183 civitatis,

1934 1207 2194 1260 libellum
2234 1204 2585 1275 subscripsit,
2624 1204 2879 1274 porrexit
2911 1220 2924 1258 :
2975 1205 3347 1274 suscepimus,
3394 1209 3450 1258 et
3481 1219 3632 1274 prae-

1936 1301 2094 1350 sente
2143 1295 2300 1350 omni
2341 1295 2490 1348 clero
2541 1293 2630 1348 vel
2677 1293 2863 1364 plebe,
2909 1293 2969 1347 in
3018 1295 3201 1364 gradu
3246 1311 3348 1348 suo
3395 1311 3428 1348 a
3467 1310 3628 1348 servo

1935 1390 2125 1440 vestro
2175 1386 2341 1439 Petro
2391 1383 2612 1438 notario
2659 1388 2868 1437 sanctae
2919 1384 3175 1437 Ecclesia:
3225 1384 3498 1438 Romanae
3548 1387 3632 1438 est

1935 1475 2200 1528 relectus.
2257 1474 2390 1526 Erat
2447 1478 2757 1527 conventus
2811 1473 2870 1526 in
2922 1472 3155 1526 basilica
3213 1473 3404 1528 Sancti
3465 1472 3630 1528 Petri.

1938 1563 2293 1618 Conﬁtemur
2333 1562 2676 1617 beatitudini
2718 1567 2938 1630 vestrm,
2981 1567 3196 1616 tantam
3245 1562 3629 1630 devotionem,

1936 1657 2121 1706 tantas
2155 1653 2266 1706 Deo
2293 1652 2512 1720 laudes,
2546 1656 2731 1705 tantas
2764 1652 3067 1722 lacrymas,
3099 1655 3256 1704 tanta
3286 1650 3494 1720 gaudia
3527 1649 3632 1704 dif-

1865 1719 1906 1772 B
1933 1741 2079 1795 ficile
2111 1741 2170 1794 in
2198 1741 2310 1794 alio
2343 1741 2556 1812 populo
2602 1741 2874 1794 vidimus.
2910 1743 3093 1811 Prope
3138 1756 3338 1794 omnes
3379 1755 3510 1793 cum
3541 1755 3632 1793 cc-

1933 1831 2066 1898 reis,
2101 1830 2205 1884 viri
2239 1846 2369 1884 cum
2392 1830 2752 1896 mulieribus,
2776 1830 2989 1884 milites
3019 1845 3149 1883 cum
3169 1828 3433 1883 crucibus
3462 1829 3522 1882 in
3551 1829 3630 1882 ci-

1934 1920 2106 1974 vitate
2139 1936 2242 1974 nos
2294 1925 2684 1989 susceperunt.
2720 1920 3032 1974 Celebratte
3077 1923 3211 1973 sunt
3242 1919 3449 1986 missas,
3497 1919 3629 1973 nul-

1933 2009 2044 2062 lius
2086 2024 2300 2062 nomen
2338 2009 2650 2063 obnoxium
2699 2009 2994 2080 religionis
3025 2014 3110 2062 est
3148 2009 3471 2075 recitatum,
3507 2007 3620 2061 nisi

1934 2103 2157 2151 tantum
2189 2098 2561 2151 beatitudinis
2593 2101 2814 2150 vestrm.
2849 2099 3051 2151 Noster
3082 2099 3382 2168 episcopus
3404 2112 3630 2150 venera-

1932 2187 2064 2240 bilis
2108 2188 2422 2242 Germanus
2457 2187 2691 2240 missam
2742 2187 3071 2241 celebravit.
3124 2188 3188 2240 Et
3238 2186 3632 2257 promiserunt

1932 2292 2037 2330 nec
2062 2281 2262 2347 postea
2293 2277 2540 2342 recitari,
2571 2276 2682 2329 nisi
2717 2293 2860 2347 quos
2892 2277 3052 2330 sedes
3089 2276 3399 2346 apostolica
3440 2289 3628 2328 susce-

1932 2365 2034 2436 pit.
2083 2366 2306 2430 Quanta
2337 2382 2368 2419 a
2408 2365 2572 2420 nobis
2607 2370 2844 2435 operata
2875 2370 3030 2431 sunt,
3065 2366 3212 2419 Deus
3241 2365 3526 2435 propitius
3569 2363 3631 2418 in

1930 2455 2092 2508 vobis
2123 2461 2434 2510 conservet.
2470 2455 2642 2508 Istam
2665 2455 2968 2526 epistolam
2999 2460 3128 2508 ante
3161 2455 3397 2525 triginta
3428 2453 3633 2508 millia-

1931 2544 2017 2598 ria
2047 2562 2080 2598 a
2123 2544 2363 2614 Lignido
2411 2543 2669 2606 fecimus,
2705 2549 3001 2614 sperantes
3041 2542 3166 2614 ipsa
3203 2543 3293 2598 die
3324 2543 3384 2597 in
3431 2543 3631 2596 eadem

1930 2634 2154 2688 civitate
2181 2651 2311 2688 cum
2347 2634 2446 2687 Dei
2479 2633 2766 2703 adjutorio
2798 2634 3115 2703 pervenire.
3150 2634 3214 2686 Et
3239 2633 3530 2703 quomodo
3562 2632 3632 2686 ad

1930 2739 2034 2777 nos
2052 2724 2312 2793 pervenit
2337 2723 2676 2794 Scampinus
2699 2723 3021 2793 episcopus,
3049 2738 3346 2792 speramus
3373 2726 3427 2774 et
3449 2721 3630 2792 ipsius

1929 2813 2170 2866 civitatis
2219 2813 2442 2884 Lignidi
2489 2813 2820 2884 episcopum
2877 2811 3086 2865 similia
3134 2812 3338 2865 facere.
3376 2811 3538 2874 Quod
3582 2810 3629 2863 si

1928 2903 2140 2956 factum
2189 2902 2381 2970 fuerit,
2415 2903 2545 2956 data
2579 2901 2875 2955 occasione
2916 2901 3316 2954 rescribemus.
3369 2899 3628 2970 Scampis

1861 3030 1900 3086 Ο
1932 2993 2092 3046 nobis
2123 2992 2340 3062 positis,
2377 2997 2506 3063 post
2563 2991 2781 3054 missas,
2826 2993 2969 3044 hora
3017 2990 3345 3056 coenatoria,
3380 2990 3627 3058 Stepha-

1932 3098 2040 3135 nus
2072 3087 2127 3134 et
2161 3080 2427 3134 Leontius
2460 3096 2546 3134 vv.
2595 3097 2672 3133 cc.
2719 3081 2790 3132 ab
2841 3078 3186 3148 imperatore
3234 3077 3390 3131 missi
3438 3077 3498 3130 in
3532 3093 3623 3130 oc-

1933 3186 2161 3223 cursum
2195 3171 2362 3224 nobis
2389 3175 2692 3236 venerunt,
2723 3169 2904 3223 adhuc
2933 3169 3253 3222 nescientes
3284 3183 3387 3220 nos
3413 3168 3470 3220 in
3500 3183 3628 3237 par-

1933 3259 2082 3312 tibus
2113 3259 2459 3314 Graeciarum
2493 3258 2726 3329 positos,
2758 3257 2894 3329 quia
2923 3257 3060 3310 talia
3091 3256 3360 3309 mandata
3392 3255 3626 3309 fuerunt

1932 3349 2126 3402 comiti
2160 3350 2449 3420 Stephano
2482 3350 2632 3416 data,
2668 3353 2732 3402 ut
2766 3348 2835 3401 ad
2874 3353 3062 3417 partes
3107 3346 3283 3399 Italia:
3321 3347 3626 3399 transirent

1931 3437 1990 3491 in
2025 3455 2319 3493 occursum
2357 3444 2635 3493 nostrum.
2679 3440 2772 3492 Est
2800 3439 3118 3508 Stephanus
3148 3437 3276 3504 iste,
3311 3435 3410 3506 qui
3454 3434 3623 3488 modo

1934 3528 2160 3596 dicitur,
2189 3529 2258 3582 de
2292 3530 2587 3599 parentela
2623 3527 2726 3581 filii
2757 3527 2926 3580 vestri
2972 3526 3232 3596 magistri
3263 3525 3512 3578 militum
3540 3524 3625 3577 Vi-

1930 3617 2148 3670 taliani.
2185 3619 2249 3672 Hi
2299 3618 2463 3672 nobis
2503 3619 2914 3671 nuntiaverunt
2958 3616 3265 3671 Patricium
3301 3619 3623 3667 senatorem

1929 3707 2315 3778 proscriptum
2346 3712 2402 3761 et
2433 3707 2490 3760 in
2523 3706 2786 3761 exsilii.m
2828 3706 3088 3759 missum.
3126 3707 3232 3758 Pro
3275 3721 3388 3773 qua
3430 3707 3624 3756 tamen

1931 3811 2119 3862 causa,
2165 3795 2273 3848 nisi
2309 3797 2594 3866 quomodo
2640 3795 2708 3848 ad
2745 3812 2847 3848 nos
2893 3795 3235 3864 pervenerit,
3278 3807 3394 3846 non
3425 3809 3622 3864 possu-

1931 3901 2058 3938 mus
2086 3885 2294 3947 dicere,
2324 3884 2458 3954 quia
2491 3901 2605 3937 non
2643 3888 2728 3937 est
2758 3885 2826 3938 de
2867 3885 3077 3937 talibus
3116 3884 3284 3937 rebus
3332 3882 3495 3936 facile
3525 3882 3621 3934 de-

1930 3974 2194 4027 liberare.
2232 3974 2447 4027 Dicitur
2485 3978 2677 4027 tamen
2726 3977 2782 4026 et
2824 3973 3218 4043 apocrisiarios
3257 3969 3623 4026 Thessaloni-

1931 4063 2112 4116 censis
2159 4062 2418 4116 Ecclesiae
2469 4063 2672 4130 teneri,
2719 4063 2871 4133 apud
2919 4079 3061 4132 quos
3109 4063 3308 4116 dicunt
3355 4061 3624 4131 epistolas

1930 4153 2219 4219 inventas;
2259 4168 2362 4224 pro
2413 4168 2526 4223 qua
2576 4168 2764 4220 causa,
2802 4152 3088 4206 nescimus
3131 4169 3144 4206 :
3196 4168 3327 4204 cum
3376 4150 3517 4220 ipsis
3568 4151 3622 4201 et

1933 4242 2356 4311 Pbilumenum,
2424 4242 2797 4310 Demetrium,
2863 4241 3312 4311 Magistrianum,
3369 4247 3425 4294 et
3483 4238 3623 4292 alias

1933 4348 2225 4401 personas,
2256 4348 2497 4402 quarum
2526 4332 2762 4384 nomina
2783 4331 3138 4400 ignoramus.
3170 4331 3278 4383 Ista
3303 4333 3454 4397 sunt,
3484 4342 3622 4397 quo-

1935 4421 2104 4473 modo
2135 4421 2524 4489 praediximus,
2559 4438 2687 4492 quae
2734 4421 3070 4474 audivimus.
3110 4422 3188 4474 De.
3221 4435 3389 4472 causa
3425 4423 3620 4472 tamen

1933 4510 2309 4564 ecclesiastica
2335 4527 2466 4565 cum
2494 4511 2594 4565 Dei
2627 4511 3010 4564 misericordia
3037 4525 3309 4580 prospera
3348 4507 3619 4561 nuntian-

1929 4605 2043 4654 tur.
2063 4585 2380 4653 Cosmatem
2404 4605 2594 4654 tamen
2617 4601 2900 4654 medicum
2924 4617 3026 4669 pro
3051 4615 3164 4669 qua
3184 4614 3354 4652 causa
3377 4597 3435 4650 in
3460 4594 3622 4650 Italia

1929 4691 2102 4758 venit,
2128 4690 2357 4759 penitus
2381 4690 2699 4760 intelligere
2728 4705 2839 4742 non
2866 4689 3175 4760 potuimus,
3203 4687 3312 4741 nisi
3334 4687 3461 4753 hoc,
3486 4685 3622 4758 quia

1929 4779 2149 4834 fortiter
2197 4778 2494 4848 quaeritur,
2557 4779 2625 4832 de
2670 4795 2783 4848 quo
2829 4777 3048 4831 debetis
3093 4795 3214 4832 esse
3259 4776 3510 4843 solliciti,
3558 4779 3622 4829 ut

1931 4869 2142 4936 sciatis,
2175 4885 2277 4939 pro
2309 4885 2422 4939 qua
2447 4885 2616 4922 causa
2648 4868 2861 4921 ibidem
2894 4867 3068 4921 venit.

2343 4993 2501 5047 lTEM
2539 4993 2794 5046 TERTIA
2831 4990 3205 5047 SUGGESTIO

2293 5112 2625 5154 LEGATORUM
2665 5114 3252 5154 SUPRANOMINATORUM.

1927 5205 2228 5279 Lignidum
2267 5205 2612 5277 pervenisse,
2645 5210 2698 5258 et
2732 5206 2897 5332 juaéta
2937 5207 3062 5276 ejus-
3103 5205 3383 5259 mandala
3423 5206 3619 5258 omnia

2650 5294 2816 5332 perac
2844 5294 2898 5331 a.

2641 5294 2898 5348 peracta.

2001 5404 2062 5456 In
2091 5402 2198 5455 alia
2221 5401 2462 5472 epistola
2483 5401 2930 5472 significavimus
2962 5399 3304 5455 beatitudini
3324 5403 3523 5454 vestrm
3548 5399 3616 5454 de

1929 5492 2230 5562 Scampina
2261 5492 2484 5547 civitate
2515 5493 2583 5546 de
2626 5492 2938 5546 venerabili
2967 5491 3134 5559 Trojo
3179 5488 3469 5560 episcopo,
3503 5506 3618 5560 quo

1930 5580 2128 5636 ordine
2159 5581 2417 5635 libellum
2439 5580 2613 5649 dedit,
2639 5586 2693 5634 et
2716 5579 2900 5652 qualis
2929 5577 3207 5632 festivitas
3234 5581 3318 5632 est
3334 5578 3617 5634 celebrata

1927 5671 1988 5726 in
2017 5671 2141 5743 ipsa
2169 5670 2412 5726 civitate.
2459 5670 2601 5728 Cum
2647 5670 2749 5726 Dei
2782 5667 3172 5724 misericordia
3221 5667 3482 5723 venimus
3529 5667 3616 5722 Li-
