4038 6170
493 204 597 259 447
1947 206 2087 261 HOR

2318 207 2327 258 Ξ
2365 207 2559 260 ΡΑΡᾸΞ
3839 216 3913 269 448

499 342 764 400 milliario
795 340 1066 395 sublimes
1117 344 1173 394 et
1231 339 1521 409 magnifici
1571 339 1678 393 viri
1709 340 1870 393 nobis
1915 356 2172 394 occurre-
2211 341 2256 394 Α
2285 339 2504 393 nicaret
2531 339 2858 411 episcopus,
2892 339 2992 411 qui
3039 339 3311 396 libellum
3343 341 3604 412 primitus
3632 360 3737 399 non
3771 345 3913 400 dedis-

500 439 654 499 runt,
682 432 832 486 inter
862 447 1004 501 quos
1057 434 1190 483 sunt
1238 429 1508 499 magister
1551 429 1800 482 militum
1851 430 2182 497 Vitalianus,

499 522 801 592 Pompeius
836 525 888 573 et
913 518 1286 583 Justinianus,
1321 523 1376 572 et
1406 518 1504 572 alii
1534 526 1842 584 senatores,
1881 520 2187 590 cunctique

499 610 827 682 (multique)
859 608 1152 662 catholica:
1193 607 1324 661 tidei
1359 608 1561 662 ardore
1592 625 1654 661 ac
1687 609 1968 662 desiderio
2002 610 2186 662 redin-

495 701 781 771 tegrandm
809 698 962 769 pacis
993 697 1288 750 ardebant.
1322 698 1467 760 Quid
1512 699 1679 768 plura
1703 700 1730 751 ?
1762 700 1904 752 Cum
1946 699 2186 752 summis

499 807 642 861 pene
665 788 921 842 omnium
950 785 1172 856 gaudiis
1205 785 1565 854 ingredimur
1581 786 1887 840 civitatem.
1914 788 2035 841 Alia
2069 789 2181 855 die,

499 895 627 950 qua:
655 883 738 931 est
768 877 934 930 tertia
979 875 1140 940 feria,
1185 874 1423 944 piissimi
1457 876 1730 946 principis
1768 885 2186 947 praesentamur

497 967 852 1038 aspectibus:
884 969 1120 1018 cunctus
1151 965 1266 1017 illic
1305 965 1498 1018 aderat
1529 972 1778 1033 senatus,
1817 968 1874 1021 in
1908 985 2021 1039 quo
2053 985 2184 1022 con-

497 1062 668 1110 ventu
696 1059 857 1108 erant
889 1059 942 1107 et
973 1054 1226 1124 episcopi
1260 1060 1526 1123 quatuor,
1555 1071 1699 1125 quos
1721 1057 2017 1126 episcopus
2047 1057 2187 1110 Cou-

495 1144 1042 1214 stantinopolitanus
1086 1159 1190 1212 pro
1223 1159 1325 1196 sua
1359 1160 1605 1214 persona
1662 1145 1966 1200 direxerat.
2001 1146 2183 1200 Obtu-

493 1235 664 1290 limus
698 1231 1065 1287 beatitudinis
1095 1235 1294 1285 vestrze
1339 1233 1570 1300 litteras,
1628 1251 1766 1304 quas
1817 1235 2186 1288 clementissi-

494 1341 620 1378 mus
651 1322 916 1392 princeps
946 1337 1074 1374 cum
1103 1321 1308 1389 grandi
1344 1322 1663 1376 reverentia
1711 1325 1976 1394 suscepit.
2025 1323 2184 1377 Dicta

493 1418 626 1467 sunt
658 1427 786 1482 quae
821 1415 951 1464 ante
1000 1410 1480 1464 examinationem
1529 1427 1713 1464 causas
1763 1412 2019 1482 oportuit
2047 1411 2182 1464 inti-

495 1519 648 1556 mare
673 1518 685 1554 :
723 1516 854 1554 mox
883 1515 1054 1553 causa
1082 1505 1266 1570 empta
1295 1505 1398 1553 est.
1435 1501 1778 1554 Hortabatur
1817 1517 1919 1554 nos
1941 1501 2186 1554 clemen-

492 1590 741 1644 tissimus
772 1588 1102 1658 imperator,
1145 1589 1252 1641 lioc
1291 1587 1517 1642 dicens:
1562 1589 1754 1642 Videte
1807 1588 2051 1642 civitatis
2080 1590 2182 1643 hu-

483 1676 580 1745 jus
605 1674 955 1744 episcopum,
991 1682 1047 1728 et
1079 1675 1318 1730 invicem
1354 1677 1508 1730 vobis
1541 1677 1772 1747 paciﬁco
1807 1677 2008 1731 ordine
2051 1679 2176 1731 red-

493 1763 606 1817 dite
637 1763 937 1816 rationem.
973 1765 1080 1816 Nos
1103 1781 1131 1818 e
1164 1776 1360 1819 contra
1381 1766 1816 1836 respondimus:
1849 1766 1998 1831 Quid
2032 1767 2182 1820 imus

493 1853 560 1907 ad
619 1852 954 1922 episcopum
1002 1854 1316 1907 certamina
1369 1854 1606 1909 facere?
1667 1855 1934 1909 dominus
1992 1862 2184 1910 noster

491 1942 852 1996 beatissimus
881 1959 1027 2013 papa
1063 1944 1383 2010 Hormisda,
1417 1944 1515 2014 qui
1548 1960 1652 1997 nos
1680 1945 1902 2010 direxit,
1937 1961 2054 1998 non
2086 1962 2184 1998 no-

491 2031 576 2085 bis
611 2033 880 2102 prazcepit
908 2037 1155 2086 certare:
1193 2033 1290 2087 sed
1323 2050 1439 2103 prae
1485 2034 1748 2087 manibus
1779 2034 2059 2088 habemus
2109 2035 2181 2088 li-

490 2121 703 2175 bellum
753 2138 923 2192 quem
984 2139 1184 2175 omnes
1235 2123 1485 2193 episcopi
1518 2123 1772 2177 volentes
1813 2125 1933 2178 sedi
1966 2129 2185 2194 aposto-

492 2211 608 2265 licae
642 2210 996 2265 reconciliari
1028 2211 1283 2265 fecerunt
1311 2233 1326 2278 ;
1376 2213 1421 2265 si
1472 2213 1734 2282 praecipit
1764 2213 1945 2283 pietas
1977 2219 2181 2280 vestra,

492 2301 748 2369 legatur;
779 2305 834 2353 et
861 2300 906 2352 si
935 2305 1019 2352 est
1047 2299 1102 2353 in
1152 2301 1275 2370 ipso
1309 2301 1462 2371 quod
1497 2303 1810 2370 ignoretur,
1845 2308 1942 2355 aut
1984 2319 2183 2357 verum

491 2405 611 2442 esse
641 2405 755 2442 non
805 2389 1089 2456 credatur,
1123 2389 1331 2458 dicant,
1366 2395 1420 2443 et
1453 2397 1586 2444 tunc
1626 2391 1992 2444 ostendemus
2038 2391 2182 2445 nihil

491 2478 950 2548 extrajudicium
1000 2479 1443 2532 ecclesiasticum
1476 2479 1547 2548 .in
1597 2480 1784 2534 eidem
1827 2481 2020 2534 libello
2062 2497 2184 2535 esse

491 2568 912 2637 conscriptum;
947 2572 1044 2621 aut
1073 2567 1119 2620 si
1152 2567 1234 2621 illi
1257 2573 1493 2638 possunt
1522 2569 1723 2623 docere
1746 2570 1881 2639 quia
1913 2586 2026 2623 non
2055 2587 2186 2624 con-

494 2656 646 2710 venit
676 2656 941 2726 religioni
974 2658 1286 2723 catholicze,
1335 2662 1469 2711 tunc
1526 2657 1691 2711 nobis
1741 2658 2021 2712 incumbit
2050 2675 2182 2729 pro-

493 2748 646 2801 bare.
681 2747 942 2800 Reiectus
983 2753 1066 2801 est
1123 2747 1349 2800 libellus
1393 2747 1496 2801 sub
1547 2754 1856 2817 conspectu
1905 2748 2184 2819 principis

490 2845 544 2892 et
575 2840 820 2889 senatus.
864 2837 972 2889 Nos
1005 2837 1196 2890 statim
1228 2837 1625 2906 subjunximus
1656 2853 1665 2889 :
1702 2838 1900 2891 Dicant
1932 2854 2182 2907 praesen-

2293 433 2435 481 sent.
2477 428 2602 481 Pari
2636 428 2805 482 modo
2836 431 2892 482 et
2924 443 3123 483 omnes
3181 429 3630 485 archimandritas
3674 432 3909 489 fecerunt:

2292 518 2442 586 apud
2473 533 2613 587 quos
2644 517 3115 572 archimandritas
3147 522 3202 572 et
3227 519 3535 573 certamina
3572 537 3672 574 nos
3707 522 3914 579 habuisse

2292 607 2676 675 suggerimus,
2712 607 3032 660 dicentibus
3077 608 3224 662 illis:
3269 608 3487 662 Sufﬁcit
3533 609 3661 680 quia
3689 611 3913 682 archiepi-

2293 712 2495 765 scopus
2527 702 2720 750 noster
2739 697 2900 762 fecit;
2940 713 3045 750 nos
3076 697 3290 752 factum
3335 699 3454 770 ejus
3489 700 3780 770 sequimur.
3807 703 3916 765 Quid

2295 787 2540 856 amplius
2561 787 2587 839 ?
2614 789 2745 840 Post
2775 787 2952 840 multa
2977 787 3309 854 certamina,
3344 788 3453 859 ipsi
3495 805 3713 859 quoque
3746 791 3917 845 ratione

2293 876 2552 942 convicti,
2606 876 2827 929 libellos
2882 877 3066 930 modis
3123 878 3391 931 omnibus
3450 879 3781 937 obtulerunt.
3819 882 3915 934 Post

2292 965 2413 1019 hazc
2445 965 2661 1031 omnia,
2687 966 2799 1018 Deo
2822 965 3080 1035 juvante,
3123 966 3183 1019 in
3229 967 3526 1021 ecclesiam
3569 969 3917 1038 processimus:

2293 1061 2347 1108 et
2381 1055 2572 1124 qualia
2603 1055 2809 1125 gaudia
2867 1055 3013 1109 facta
3067 1055 3181 1109 sint
3226 1056 3481 1122 unitatis,
3514 1061 3569 1110 et
3606 1059 3917 1127 quemadmo-

2294 1141 2431 1195 dum
2465 1143 2610 1195 Deus
2649 1142 2982 1196 benedictus
3031 1142 3123 1209 sit,
3157 1159 3281 1213 quae
3325 1143 3518 1197 laudes
3547 1160 3757 1215 quoque
3785 1146 3920 1214 ibeato

2295 1231 2460 1284 Petro
2493 1232 2766 1301 apostolo,
2801 1236 2858 1284 et
2886 1230 3044 1284 vobis
3082 1231 3277 1285 relatas
3333 1237 3486 1299 sunt,
3540 1233 3706 1302 ipsius
3733 1234 3919 1288 actionis

2292 1320 2742 1374 consideratione
2773 1319 3114 1391 perspicitis,
3148 1321 3299 1392 quod
3335 1337 3459 1375 mea
3499 1322 3690 1392 lingua
3725 1339 3819 1376 non
3853 1340 3921 1376 va-

2293 1409 2370 1463 let
2399 1409 2702 1479 explicare.
2755 1409 2905 1463 Nihil
2954 1413 3037 1464 est
3084 1411 3450 1464 subsecutum
3499 1411 3788 1466 secundum
3820 1418 3916 1466 vota

2291 1498 2679 1566 inimicorum,
2712 1515 2828 1552 non
2855 1499 3077 1566 seditio,
3113 1515 3230 1553 non
3263 1499 3463 1554 effusio
3497 1499 3788 1570 sanguinis,
3835 1518 3922 1555 non

2292 1589 2588 1654 tumultus,
2623 1588 2772 1658 quod
2807 1588 2980 1642 veluti
3011 1592 3290 1642 terrentes
3329 1588 3550 1642 inimici
3582 1593 3740 1642 antea
3764 1589 3922 1659 praedi-

2297 1677 2517 1731 cebant.
2560 1677 2673 1746 Ipsi
2705 1693 2934 1748 quoque
2967 1677 3328 1731 ecclesiastici
3368 1678 3924 1747 Constantinopolitani

2295 1767 2659 1828 admirantes,
2715 1771 2770 1820 et
2821 1767 2933 1819 Deo
2974 1766 3185 1835 gratias
3231 1765 3561 1834 referentes,
3599 1767 3776 1820 dicunt
3816 1783 3923 1820 nun-

2294 1871 2467 1926 quam
2500 1871 2557 1908 se
2604 1854 2929 1908 meminisse
2961 1855 3091 1908 ullis
3121 1855 3473 1925 temporibus
3526 1860 3734 1910 tantam
3770 1856 3920 1927 populi

2296 1945 2724 1998 multitudinem
2771 1945 3242 1998 communicasse.
3279 1945 3374 1998 His
3439 1945 3754 2016 adimpletis
3790 1947 3922 1999 etiam

2294 2034 2768 2087 clementissimus
2809 2034 3124 2105 imperator
3155 2035 3222 2087 ad
3273 2033 3685 2088 beatitudinem
3730 2040 3922 2088 vestram

2293 2141 2392 2177 sua
2425 2125 2634 2194 scripta
2665 2125 2979 2195 subjunxit,
3009 2125 3271 2178 ordinem
3303 2124 3383 2178 rei
3421 2129 3598 2195 gestae
3637 2124 3924 2196 signiﬁcans,

2293 2213 2555 2267 similiter
2591 2218 2646 2267 et
2685 2214 2771 2267 vir
2817 2214 3326 2267 reverendissimus
3379 2215 3632 2268 Joannes
3662 2215 3922 2268 Constanti-

2294 2304 2643 2373 nopolitanae
2675 2303 2918 2357 civitatis
2947 2304 3202 2358 antistes.
3248 2303 3482 2358 Noveris
3535 2303 3699 2357 etiam
3736 2309 3782 2357 et
3806 2319 3925 2356 sacra

2293 2393 2584 2463 generalia
2606 2409 2724 2446 esse
2755 2393 2924 2460 edita,
2958 2397 3128 2464 atque
3181 2393 3466 2447 credimus
3513 2395 3625 2448 Deo
3658 2393 3869 2464 prepitio
3887 2397 3926 2445 et

2291 2483 2492 2537 vestris
2526 2483 2733 2536 sanctis
2783 2484 3137 2536 orationibus
3190 2499 3291 2552 per
3339 2484 3636 2537 universas
3666 2482 3930 2553 provincias

2293 2571 2632 2642 quantocius
2663 2571 2951 2624 destinari.
2980 2571 3110 2625 llaec
3134 2572 3632 2642 Constantinopoli
3655 2577 3794 2643 gesta
3812 2573 3928 2636 sunt,

2294 2666 2350 2715 et
2383 2677 2532 2714 nunc
2579 2661 2646 2714 de
2693 2661 3046 2715 Autiochena
3095 2660 3333 2714 Ecclesia
3385 2666 3696 2728 tractatur;
3743 2667 3790 2714 et
3833 2660 3926 2712 ideo

2294 2751 2479 2804 adhuc
2507 2751 2817 2816 laboratur,
2874 2750 3009 2820 quia
3053 2751 3313 2804 nondum
3347 2766 3592 2819 persona
3623 2765 3844 2818 congrua
3869 2751 3931 2800 est

2294 2841 2490 2893 electa.
2525 2841 2659 2893 Oret
2691 2856 2827 2909 ergo
2861 2839 3154 2893 beatitudo
3180 2844 3366 2893 vestra
3402 2840 3699 2902 intentius,
3725 2845 3778 2891 ut
3805 2840 3931 2900 Deus,

490 2929 573 2979 tes
604 2931 850 2996 quatuor
880 2927 1134 2996 episc0pi
1168 2927 1266 2996 qui
1289 2928 1495 2981 adsunt
1527 2944 1628 2998 pro
1651 2944 1898 2997 persona
1915 2929 2186 2982 Constan-
2223 2939 2263 2994 ρ
2294 2930 2392 2999 qui
2437 2929 2638 2981 vestris
2687 2927 2949 2998 precibus
3000 2933 3269 2981 exoratus
3301 2928 3930 2997 Constantinopolitanam

491 3015 859 3085 tinopolitaui
897 3016 1146 3086 episc0pi
1182 3016 1228 3068 si
1267 3016 1388 3070 haec
1419 3033 1547 3088 quas
1575 3017 1635 3071 in
1683 3017 1875 3070 libello
1909 3018 2183 3087 leguntur

491 3105 663 3176 gestis
703 3105 1096 3160 ecclesiasticis
1146 3105 1385 3159 minime
1414 3107 1829 3161 continentur?
1857 3109 2182 3176 Responde-

489 3200 625 3246 runt
659 3195 854 3247 omnia
883 3211 1013 3248 vera
1045 3211 1185 3248 esse.
1210 3197 1340 3248 Post
1360 3212 1488 3265 quae
1513 3213 1611 3248 nos
1638 3196 2035 3265 subjunximus
2057 3199 2182 3250 :Do—

494 3283 643 3336 mine
672 3283 1006 3352 imperator,
1039 3290 1093 3337 et
1125 3284 1288 3337 nobis
1332 3285 1608 3353 grandem
1644 3285 1896 3338 laborem
1928 3285 2181 3356 episcopi

490 3373 867 3440 abstulerunt,
911 3379 967 3426 et
997 3373 1102 3426 sibi
1151 3375 1582 3427 convenientem
1617 3391 1734 3428 rem
1797 3375 2053 3428 fecerunt
2091 3376 2178 3430 di-

489 3477 614 3515 cere
645 3461 959 3514 veritatem.
1005 3461 1129 3515 Mox
1190 3463 1668 3516 clementissimus
1724 3464 2039 3533 imperator
2092 3465 2179 3518 his

491 3551 591 3621 qui
621 3551 858 3604 aderant
891 3550 1032 3604 dixit
1063 3550 1378 3620 episcopis:
1440 3553 1504 3605 Et
1535 3552 1580 3605 si
1612 3569 1742 3606 vera
1800 3558 1952 3618 sunt,
2004 3570 2178 3624 quare

491 3657 606 3693 non
637 3639 818 3692 facitis
847 3641 875 3692 ?
907 3639 1180 3693 Similiter
1213 3646 1270 3694 et
1300 3641 1581 3711 aliquanti
1609 3643 1677 3696 de
1726 3642 1925 3696 ordine
1952 3649 2176 3696 senato-

490 3729 572 3782 rio
607 3729 906 3783 dixerunt:
941 3729 1048 3781 Nos
1085 3729 1210 3782 laici
1242 3746 1475 3797 sumus;
1503 3731 1690 3784 dicitis
1713 3731 1832 3784 haec
1860 3749 1992 3785 vera
2014 3750 2174 3787 esse:

488 3815 674 3880 facite,
709 3821 764 3869 et
797 3833 895 3869 nos
927 3833 1253 3887 sequemur.
1284 3819 1612 3873 Intermissa
1647 3827 1849 3891 quarta
1879 3822 2022 3875 feria
2055 3822 2176 3892 epi-

489 3921 688 3974 scopus
712 3907 1372 3976 Cunstmtinopolitanus
1401 3908 1458 3961 in
1491 3909 1701 3979 palatio
1741 3912 1986 3980 suscepit
2019 3927 2050 3963 a
2079 3927 2177 3964 no-

485 3993 570 4047 bis
608 3994 886 4060 libellum,
916 4001 972 4048 et
1029 3996 1309 4066 imprimis
1365 3999 1526 4068 quasi
1581 4002 1823 4053 tentavit
1875 4001 2173 4067 epistolam

490 4081 682 4150 potius
713 4081 898 4135 facere
929 4098 1102 4152 quam
1157 4083 1438 4138 libellum.
1496 4086 1601 4139 Sed
1663 4103 1773 4139 non
1807 4099 1935 4156 post
1994 4089 2177 4141 multa

486 4170 799 4224 certamina
829 4171 933 4224 hoc
962 4173 1242 4236 convenit,
1272 4175 1612 4244 prooemium
1642 4177 1929 4230 modicum
1967 4177 2174 4244 facere,

485 4263 539 4312 et
569 4260 920 4328 subjungere
954 4277 1080 4314 mox
1133 4261 1410 4325 libellum,
1457 4265 1946 4333 quemadmodum
1993 4271 2176 4319 vestra
2214 4287 2257 4340 D

487 4349 780 4403 beatitudo
811 4349 1055 4404 dictavit.
1125 4351 1474 4420 Subscriptio
1526 4354 1597 4406 ab
1641 4354 1841 4407 eodem
1890 4359 2034 4407 facta
2066 4360 2169 4422 est,

488 4440 678 4493 libello
751 4439 1112 4500 conveniens,
1179 4440 1442 4494 similiter
1520 4448 1575 4495 et
1659 4443 1942 4511 datarum,
2005 4445 2175 4512 'cujus

487 4527 831 4596 exemplaria
858 4533 913 4581 et
939 4530 1125 4582 tirzece
1157 4534 1213 4582 et
1237 4530 1429 4584 Latine
1472 4532 1814 4600 apostolatui
1849 4538 2034 4587 vestro
2085 4535 2174 4587 di-

490 4615 755 4668 reximus.
790 4617 920 4668 Post
949 4616 1159 4670 factum
1195 4617 1454 4671 libellum
1485 4634 1697 4672 nomen
1727 4621 1913 4674 Acacii
1942 4622 2010 4674 de
2045 4622 2177 4692 dip-

489 4702 668 4770 tychis
691 4707 775 4755 est
806 4703 1078 4770 deletum,
1120 4705 1380 4758 similiter
1417 4712 1471 4759 et
1514 4708 1814 4773 Phravitaa,
1847 4710 2176 4779 Eupliemii,

490 4789 798 4844 Macedonii
837 4797 894 4844 et
931 4793 1241 4848 Timothei:
1279 4802 1333 4848 et
1385 4813 1497 4850 non
1565 4797 1752 4851 solum
1796 4799 1901 4852 hoc
1942 4800 2002 4853 in
2057 4801 2179 4869 ipsa

489 4876 606 4927 sola
638 4876 890 4943 ecclesia,
927 4877 986 4930 in
1017 4895 1131 4948 qua
1168 4879 1468 4950 episcopus
1524 4890 1734 4948 manet,
1773 4901 1971 4937 verum
2003 4885 2175 4938 etiam

491 4979 590 5034 per
613 4979 811 5017 omnes
841 4967 1104 5020 ecclesias
1135 4985 1265 5022 cum
1323 4971 1529 5040 grandi
1563 4972 1877 5040 diligentia,
1941 4975 2056 5027 Deo
2090 4975 2180 5028 ad-

483 5054 690 5124 jutore,
751 5055 1114 5124 suggerimus
1165 5057 1336 5110 fuisse
1385 5060 1616 5114 factum.
1671 5061 1948 5115 Similiter
1993 5063 2179 5116 deleta

489 5148 620 5198 sunt
649 5143 717 5197 de
747 5143 1028 5215 diptychis
1071 5147 1313 5198 Zenonis
1345 5153 1402 5200 et
1451 5149 1730 5202 Anastasii
1764 5152 2002 5204 nomina
2056 5153 2182 5220 Epi-

491 5231 648 5302 scopi
676 5231 1031 5286 diversarum
1063 5234 1378 5300 civitatum,
1422 5239 1624 5306 quanti
1671 5238 1887 5292 inventi
1928 5245 2080 5305 sunt,
2121 5241 2183 5292 li-

492 5321 700 5374 bellum
732 5321 996 5375 similiter
1032 5321 1393 5378 obtulerunt:
1427 5331 1483 5378 et
1525 5343 1654 5380 cum
1710 5328 1912 5397 grandi
1963 5329 2182 5382 cautela

489 5411 849 5480 suggerimus
879 5410 1249 5472 custoditum,
1283 5428 1352 5465 ne
1400 5414 1528 5484 quis
1588 5416 1878 5470 nobiscum
1928 5433 2183 5471 commu-

557 5546 576 5568 ο
613 5534 780 5590 Sacra
811 5535 1196 5606 imperatoris.

2295 3019 2599 3072 Ecclesiam
2631 3017 2957 3087 apostolicae
3018 3017 3134 3069 sedi
3167 3017 3432 3083 restituit,
3469 3017 3591 3088 ipse
3649 3020 3701 3070 et
3743 3017 3928 3085 dignam

2294 3123 2592 3178 personam
2643 3107 2813 3160 donet
2863 3105 2921 3158 in
2977 3105 3275 3160 Antiochia
3323 3106 3718 3171 ordinandam,
3748 3108 3794 3159 et
3832 3102 3930 3155 assi-

2295 3198 2436 3251 duas
2484 3197 2694 3250 adunet
2732 3195 3026 3248 Ecclesias.
3072 3194 3378 3248 Rescribite
3411 3195 3676 3266 episcopo
3715 3198 3931 3249 Constan-

2295 3286 2692 3355 tinopolitano.
2722 3285 2776 3339 Si
2805 3285 3028 3338 videtur
3055 3283 3390 3337 beatitudini
3411 3290 3617 3338 vestra:
3643 3284 3794 3338 facite
3811 3296 3929 3334 men-

2292 3375 2509 3428 tionem
2561 3374 2998 3428 damnationum
3039 3373 3230 3427 Severi
3262 3379 3315 3426 et
3346 3374 3581 3427 illorum
3628 3390 3761 3444 quos
3787 3370 3930 3425 nomi-

2295 3465 2470 3517 nastis
2502 3463 2557 3516 in
2591 3463 2830 3532 epistola
2872 3463 2969 3515 illa
3017 3478 3188 3533 quam
3230 3463 3535 3532 scripsistis
3569 3464 3639 3517 ad
3675 3459 3930 3516 secundam

2293 3553 2511 3624 Syriam
2544 3569 2646 3623 per
2681 3555 2958 3606 Joannem
3005 3557 3059 3605 et
3091 3552 3353 3621 Sergium
3385 3553 3715 3618 monachos,
3755 3546 3932 3616 hoc'ip-

2294 3660 2418 3695 sum
2453 3643 2548 3696 det
2605 3643 2671 3696 ad
2706 3643 3105 3712 imperatorem
3167 3641 3568 3696 rescribentes.
3607 3641 3662 3696 Si
3710 3636 3934 3698 feceritis,

2293 3732 2518 3786 videtur
2548 3731 2691 3785 mihi
2719 3731 3103 3784 necessarium
3136 3747 3276 3783 esse.

2938 3818 2958 3838 '
3000 3818 3334 3873 EPISTOLA

2718 3904 2972 3944 JUSTINI
3023 3908 3050 3943 Α
3070 3906 3098 3941 Ι)
3148 3904 3556 3943 HORMISDAM.

2290 3963 2574 4015 Joannem
2588 3960 2916 4037 episcopum
2931 3960 3275 4014 catholicam
3288 3961 3444 4028 ﬁdem
3455 3960 3787 4037 amplexum
3799 3957 3939 4012 ha’re-

2363 4034 2504 4087 τέρος
2548 4030 3084 4098 αηιιίΙιριηαίὶῖ.αε.ςρ,
3124 4037 3294 4102 a’que
3339 4030 3566 4085 nomen
3595 4030 3938 4102 Acacii,_cu_7]l

2361 4105 2600 4157 aliorum
2630 4097 3118 4157 schismalz'coruin
3142 4097 3476 4164 nominibus,
3509 4121 3540 4157 ε
3559 4103 3742 4157 sacris
3765 4097 3937 4154 tabulis

2362 4178 2705 4244 expunctum
2727 4192 2865 4228 esse.

2360 4265 2542 4318 Victor
2598 4264 2875 4329 Justinus,
2908 4263 3054 4334 pius,
3089 4263 3241 4330 felix,
3303 4263 3569 4332 inclytus,
3600 4260 3943 4331 triumphator

2285 4370 2513 4422 semper
2557 4355 2868 4422 Augustus,
2933 4353 3249 4406 Ilormisda:
3296 4351 3656 4405 sanctissimo
3704 4347 3942 4418 (sacratis-

2291 4443 2452 4511 simo)
2527 4460 2587 4495 ac
2649 4442 2978 4495 beatissimo
3031 4440 3456 4510 archiepiscopo
3521 4445 3576 4494 et
3641 4437 3936 4510 patriarcha

2290 4533 2474 4600 (almae
2499 4530 2654 4584 urbis
2686 4531 2922 4599 Romm).

2357 4621 2506 4674 Sciis
2539 4620 2804 4673 effectum
2860 4619 3040 4683 nobis,
3075 4621 3236 4688 pater
3259 4617 3709 4688 religiosissime,
3741 4620 3793 4670 et
3822 4610 3944 4683 quod

2292 4711 2388 4764 diu
2417 4709 2654 4762 summis
2690 4709 2889 4762 studiis
2923 4707 3306 4779 quaerebatur,
3337 4708 3578 4772 noveris,
3616 4706 3945 4777 patefactum,

2294 4805 2347 4852 et
2379 4805 2683 4869 antequam
2728 4797 3060 4851 advenerint
3091 4796 3189 4867 qui
3221 4813 3254 4850 a
3311 4796 3468 4850 vobis
3515 4794 3777 4850 destinati
3808 4796 3943 4845 sunt:

2294 4888 2445 4958 quod
2501 4890 2746 4942 Joannes
2800 4888 2884 4940 vir
2931 4886 3289 4940 beatissimus
3328 4885 3564 4939 antistes
3600 4902 3759 4939 nova:
3781 4886 3946 4935 vestrae

2293 4977 2542 5047 (nostra)
2575 4978 2768 5030 Romae
2825 4992 2940 5030 una
2981 4991 3110 5028 cum
3162 4976 3312 5028 clero
3360 4974 3480 5044 ejus
3521 4975 3812 5028 vobiscum
3841 4984 3946 5022 sen-

2293 5067 2464 5131 tiunt,
2517 5066 2686 5119 nullis
2742 5067 3025 5118 variantes
3087 5063 3580 5134 ambiguitatibus,
3617 5063 3788 5117 nullis
3815 5055 3949 5114 divisi

2293 5155 2624 5222 discordiis;
2658 5155 2796 5208 scias
2826 5155 3083 5207 libellum
3140 5154 3210 5206 ab
3249 5169 3314 5206 eo
3364 5153 3774 5222 subscriptum,
3808 5161 3947 5220 quem

2289 5243 2645 5297 olferendum
2729 5244 3098 5308 indicaveras,
3169 5242 3662 5296 sanctissimorum
3752 5242 3946 5294 Patrum

2289 5334 2530 5386 concilio
2557 5338 2990 5404 congruentem.
3011 5333 3221 5386 Omnes
3244 5336 3591 5384 concurrunt
3613 5330 3790 5384 alacri
3809 5340 3950 5398 opere

2293 5423 2361 5477 ad
2394 5423 2749 5493 suscipienda
2805 5429 2937 5475 vota
2989 5427 3103 5475 tam
3137 5426 3322 5475 vestra
3375 5437 3544 5492 quam
3576 5417 3949 5474 Constantino-
