4038 6170
119 357 199 407 4ί9
1372 347 1722 402 EPISTOLE
1766 347 1852 402 ET
1894 347 2237 402 DECRETA.

3454 353 3473 402 ἱ·
3488 355 3554 403 ξὶο

120 486 336 558 ροιὶίδηω
377 481 534 547 sedis,
577 495 724 551 quos
771 479 1027 534 veritatis
1066 494 1332 532 coruscus
1374 479 1565 548 fulgor
1611 479 1746 532 illu-
1789 483 1831 534 Α
1864 479 2210 548 procuravit.
2262 479 2473 533 Idcirco
2515 479 2572 532 in
2617 479 2883 532 omnibus
2935 482 3048 532 Uco
3081 497 3291 549 magno
3341 483 3552 550 gratias

119 576 282 639 micat;
321 587 510 626 omnes
538 570 852 623 accelerant
879 567 1298 640 Llibentissime,
1332 585 1475 638 quos
1505 567 1750 622 oblectat

119 668 186 718 via
227 662 488 726 dilucida;
536 664 854 730 sequuntur
903 659 1042 712 scita
1086 660 1320 712 Patrum
1369 659 1745 723 sanctissima,

117 756 233 822 leges
259 750 668 822 probatissimas
701 765 714 802 :
742 755 798 802 et
827 748 1080 800 conciliis
1105 747 1485 818 quorumdam
1508 747 1748 801 ﬁrmatis

118 845 191 915 qui
234 849 431 895 rectum
492 839 764 892 tenebant
821 838 1133 904 tramitem,
1190 839 1438 891 aliorum
1476 837 1746 890 correctis

118 934 193 1002 qui
215 931 541 998 vagabantur
563 927 792 993 incerti,
826 927 885 981 in
912 945 976 980 eo
1007 944 1097 981 res
1127 928 1434 997 colligitur,
1469 932 1531 981 ut
1555 927 1748 980 unita-

117 1027 201 1074 tem
227 1019 509 1072 individua:
538 1016 827 1071 Trinitatis
876 1016 984 1086 ipsi
1019 1032 1250 1087 quoque
1302 1016 1520 1070 unitate
1558 1018 1749 1071 colant

114 1110 353 1163 mentium.
384 1108 662 1177 Negatum
711 1111 795 1160 est
817 1105 970 1160 inter
996 1106 1187 1160 divina
1227 1106 1498 1176 mysteria
1530 1123 1744 1160 memo-

115 1201 221 1252 riam
247 1198 294 1251 in
324 1202 611 1267 posterum
641 1196 765 1250 ﬁeri
793 1197 921 1266 (pro
954 1201 1152 1250 tenore
1178 1196 1354 1250 libelli
1388 1212 1561 1266 quem
1594 1195 1747 1249 dixi-

114 1292 223 1356 mus)
260 1286 428 1341 Acacii
467 1285 917 1356 praevaricatoris
969 1287 1261 1356 quondam
1309 1286 1482 1356 hujus
1529 1286 1744 1356 (regiae)

117 1377 227 1430 urbis
254 1375 506 1446 episcopi,
542 1391 646 1428 nec
673 1391 788 1427 non
827 1374 1074 1428 aliorum
1105 1374 1487 1440 sacerdotum,
1528 1374 1630 1444 qui
1659 1374 1745 1427 vel

114 1466 239 1536 primi
265 1469 443 1517 contra
477 1466 785 1518 constituta
819 1469 1098 1518 venerunt
1129 1464 1464 1535 apostolica,
1492 1464 1578 1516 vel
1612 1480 1745 1517 suc-

111 1569 303 1606 cessores
327 1552 527 1607 erroris
559 1542 689 1606 facti
746 1558 899 1620 sunt,
953 1553 1111 1606 nulla
1142 1569 1323 1623 usque
1371 1553 1438 1605 ad
1474 1552 1741 1605 ultimum

111 1642 221 1694 diem
249 1657 395 1694 suum
447 1641 790 1710 poenitentia
838 1641 1092 1712 correcti.
1140 1642 1203 1694 Et
1237 1641 1510 1710 quoniam
1544 1655 1743 1693 omnes

112 1736 268 1783 nostra:
314 1730 575 1799 regiones
607 1729 989 1783 admouendae
1022 1727 1339 1799 (religionis
1369 1727 1738 1798 admonendi)

112 1825 218 1885 sunt,
243 1824 296 1872 ut
323 1819 645 1890 exemplum
697 1819 997 1872 imitentur
1031 1819 1273 1872 civitatis
1321 1819 1512 1889 regiae,
1566 1818 1740 1872 desti-

111 1908 248 1960 niuda
285 1907 483 1978 ubique
533 1907 881 1978 principalia
929 1912 1215 1977 praecepta
1245 1907 1534 1972 duximus,
1584 1911 1741 1960 tanto

112 1998 356 2065 ﬂagramus
388 1996 691 2067 religionis
741 1997 952 2062 ofﬁcio,
985 2000 1143 2050 tanto
1175 1996 1507 2050 aﬁ‘ectamus
1549 1997 1740 2050 studio

111 2102 252 2154 pacem
280 2086 558 2140 catholica:
586 2086 721 2140 ﬁdei
756 2102 860 2156 pro
894 2086 1321 2140 remuneranda
1351 2085 1571 2140 coalitus
1603 2101 1741 2156 pace

112 2181 264 2228 nostra:
305 2174 659 2245 reipublicae,
711 2192 813 2246 pro
863 2175 1222 2229 conciliando
1283 2175 1552 2245 subjectis
1597 2175 1740 2228 meis

110 2281 294 2333 superno
343 2264 629 2334 praesidio.
665 2264 811 2328 Quid
837 2269 1028 2318 autem
1077 2264 1278 2334 (enim)
1312 2264 1531 2334 gratius
1577 2281 1740 2334 repe-

111 2355 176 2405 riri
198 2354 389 2424 potest?
420 2355 562 2425 quid
591 2355 840 2425 justius?
871 2355 1009 2425 quid
1046 2354 1364 2408 illustrius?
1395 2370 1568 2425 quam
1597 2371 1741 2425 quos

112 2444 217 2496 idem
243 2461 461 2514 regnum
495 2445 783 2512 continet,
815 2445 1187 2515 ejusdemque
1221 2444 1356 2498 ﬁdei
1388 2445 1574 2497 cultus
1596 2444 1738 2498 irra-

111 2531 203 2597 diat,
242 2549 325 2585 eos
371 2550 482 2588 non
535 2533 768 2588 diversa
816 2535 1186 2599 contendere,
1239 2534 1337 2587 sed
1391 2533 1638 2588 collectis
1679 2534 1739 2588 in

113 2619 257 2674 eodem
281 2621 543 2687 sensibus,
579 2621 840 2675 instituta
861 2621 1119 2675 venerari
1143 2638 1257 2675 non
1275 2622 1527 2675 humana
1549 2626 1739 2676 mente

111 2708 201 2772 lata,
226 2710 303 2762 sed
331 2709 498 2763 divini
548 2710 867 2781 prudentia
914 2709 1198 2780 Spiritus?
1243 2711 1375 2766 Oret
1404 2710 1584 2780 igitur
1609 2726 1738 2764 ves-

114 2801 180 2849 trae
207 2798 464 2868 religionis
494 2798 800 2864 sanctitas,
845 2802 908 2852 ut
941 2798 1094 2868 quod
1121 2797 1387 2868 pervigili
1417 2797 1603 2852 studio
1634 2814 1738 2868 pro

111 2887 337 2941 concordia
381 2887 768 2943 Ecclesiarum
824 2888 1121 2942 catholicae
1191 2887 1327 2940 ﬁdei
1395 2893 1740 2958 procuratur

112 2972 232 3028 divini
259 2977 495 3032 muneris
529 2976 867 3048 opitulatio,
912 2977 1040 3047 jugi
1087 2975 1473 3047 perpetuitate
1523 2977 1736 3032 servari

113 3070 280 3117 annuat.

158 3152 314 3208 Datum
334 3169 364 3209 x
393 3155 494 3209 cal.
530 3154 670 3209 Maii
710 3152 1208 3223 Constantinopoli
1240 3155 1282 3208 *.

468 3263 850 3318 EXEMPLUM
891 3262 1302 3316 RELATIONIS

233 3366 435 3406 EPISCOPI
455 3368 1085 3407 CONSTANTINOPOLITANI
1119 3369 1187 3405 AD
1222 3367 1555 3405 HORMISDAH.

114 3436 311 3494 Ecclesiae
322 3458 512 3512 pacem
531 3441 750 3496 initam
763 3457 882 3495 esse
901 3439 1399 3511 nuntiatjdeoque
1410 3439 1732 3512 plurimum

558 3530 694 3567 eum
723 3513 977 3585 gaudere
1003 3515 1208 3567 monet.

155 3597 346 3655 Domino
371 3618 496 3657 meo
529 3619 641 3674 per
671 3602 867 3657 omnia
894 3606 1086 3656 sancto
1117 3606 1172 3656 et
1215 3602 1329 3655 Deo
1357 3601 1584 3655 amabili
1619 3603 1733 3657 fra-

111 3686 158 3737 tri
181 3693 218 3741 et
243 3692 625 3747 comministro
656 3692 972 3747 Hormisdae
1001 3693 1247 3746 Joannes
1281 3691 1340 3744 in
1371 3691 1616 3746 Domino
1637 3709 1732 3746 sa-

111 3771 248 3830 lutem.

153 3865 335 3928 Quando
373 3871 518 3925 Deus
572 3869 815 3941 propria
854 3868 1140 3924 mirabilia
1186 3869 1244 3923 in
1293 3868 1409 3922 suis
1439 3873 1727 3940 operatur,

111 3957 197 4009 tunc
221 3964 420 4029 oportet
446 3977 513 4015 ea
544 3977 681 4031 quae
721 3959 928 4014 divinis
977 3959 1179 4013 litteris
1229 3960 1599 4012 continentur
1635 3959 1727 4030 ip-

111 4043 477 4118 siusScripturaa
544 4049 786 4104 vocibus
833 4049 1176 4104 ﬁducialiter
1218 4049 1566 4103 exclamare:
1595 4049 1733 4114 Quis

108 4129 294 4202 loquetur
326 4139 624 4209 potentias
664 4137 889 4193 Domini
927 4141 1030 4193 aut
1065 4139 1299 4193 auditas
1319 4138 1513 4206 faciet
1536 4155 1731 4193 omnes

109 4222 246 4281 laudes
282 4233 386 4300 ejus
415 4233 479 4286 in
523 4233 690 4287 omni
721 4238 972 4302 tempore
1017 4230 1202 4302 (Psal.
1238 4231 1361 4299 cv)?
1407 4232 1542 4286 Ecce
1574 4231 1728 4284 enim

109 4313 223 4369 talem
261 4319 401 4388 pium
431 4320 762 4391 principem
810 4322 1084 4375 Romanae
1116 4319 1448 4389 reipublicae
1495 4319 1729 4373 suscita-

109 4401 168 4462 ῖίι,
193 4407 319 4474 quali
348 4409 563 4464 mundo
599 4413 733 4462 ante
755 4413 812 4463 et
845 4408 1120 4462 catholica
1144 4406 1437 4477 indigebat
1461 4406 1726 4472 Ecclesia,

108 4493 142 4540 et
162 4508 290 4548 omne
309 4512 481 4568 genus
497 4497 808 4553 hominum
832 4498 1025 4552 videre
1051 4497 1339 4567 cupiebat.
1375 4497 1625 4566 Ideoque
1650 4496 1727 4550 ita

108 4577 224 4633 etiam
257 4600 417 4639 cornu
469 4584 793 4657 (coronam)
855 4585 1054 4655 gratiae
1103 4600 1276 4654 super
1323 4600 1453 4638 eum
1507 4583 1728 4638 coalitus

108 4661 356 4737 declinavit,
385 4678 447 4726 ut
478 4672 794 4727 afﬂuenter
824 4673 882 4726 in
925 4689 1150 4726 sacrum
1195 4673 1317 4742 ejus
1346 4674 1517 4742 caput
1556 4671 1727 4726 mise-

106 4748 284 4810 ricordia
335 4760 711 4815 funderetur:
772 4760 1048 4831 omnique
1101 4759 1558 4814 annuntiationis
1605 4758 1727 4827 ejus

106 4842 291 4911 ltfillpore
319 4864 440 4903 cum
473 4866 692 4920 magna
727 4865 863 4904 voce
896 4851 1074 4904 Deum
1106 4849 1366 4904 omnium
1406 4848 1725 4920 principem

103 4927 508 5007 gloriﬁcaverunt,
547 4939 825 5011 quoniam
876 4940 1048 4994 talem
1098 4939 1367 4993 verticem
1417 4937 1562 4991 meis
1607 4951 1726 4989 ma-

103 5018 218 5073 nibus
238 5027 324 5079 tali
360 5044 575 5084 corona
618 5029 924 5084 decoravit.
977 5030 1027 5082 Is
1059 5045 1193 5082 vero
1229 5027 1516 5082 maximus.
1539 5025 1724 5095 impe-

100 5111 212 5194 rator
239 5112 463 5180 primam
510 5135 753 5172 suorum
789 5117 1170 5172 certaminum
1203 5116 1476 5186 palmam,
1509 5114 1727 5168 devicto

100 5193 294 5266 mimico,
322 5205 613 5260 evidenter
659 5207 938 5274 ostendit;
983 5206 1296 5260 secundum
1328 5204 1552 5257 virtutis
1603 5203 1725 5272 ejus

99 5287 324 5360 meritum,
370 5295 778 5350 adun'ationem
798 5296 1167 5350 sanctissimis
1206 5293 1464 5348 Ecclesiis
1499 5292 1724 5362 sapien-

99 5370 261 5463 ίξξείωθ
301 5386 688 5454 comparavit:
732 5403 975 5457 regnum
1023 5386 1147 5455 ejus
1197 5385 1428 5439 tertium
1481 5383 1720 5450 bonum,

99 5456 310 5534 dissipata
336 5474 652 5542 conjunxit,
698 5479 753 5530 et
806 5456 1008 5546 pacem
1055 5473 1257 5528 mundi
1304 5471 1724 5543 sapientissime

145 5617 160 5634 '
188 5608 325 5691 ς’ξῐιῐὶο
355 5615 580 5691 Domini
613 5621 732 5686 EH9,
763 5636 893 5675 cum
918 5619 1098 5691 legati
1145 5622 1335 5675 essent
1367 5618 1551 5674 adhuc
1577 5617 1722 5672 Con-

100 5675 422 5754 Stantinopoli.

1861 569 2111 622 referens
2137 573 2337 622 cuncta
2367 567 2782 637 sapientissime
2817 567 3178 636 gubernanti,
3212 571 3544 624 annuntiare

1861 658 1961 711 tibi
1995 674 2191 728 pacem
2223 657 2375 726 pacis
2394 657 2509 710 tilio
2532 656 2812 723 nuntiavi,
2846 657 2905 709 in
2929 674 2994 709 on
3027 657 3194 720 nibus
3224 659 3338 711 Deo
3362 676 3553 713 aman—

1857 748 2105 813 tissime;
2144 754 2204 800 ut
2236 748 2373 801 illud
2423 748 2698 818 gaudium
2745 748 2931 812 salias,
2965 765 3077 818 quo
3113 747 3286 802 David
3320 749 3543 818 quidem

1857 838 2173 891 secundum
2202 838 2384 906 legem
2419 837 2475 890 in
2507 853 2650 889 arcae
2713 837 2808 889 Dei
2842 838 3198 890 revocatione
3231 838 3540 907 ﬁguraliter

1856 927 2169 980 exsultabat
2217 928 2306 995 (II
2338 928 2478 996 Reg.
2516 926 2654 994 vni),
2703 926 2944 994 apostoli
2975 942 3109 978 vero
3163 943 3266 994 per
3303 927 3539 996 gratiam

1853 1017 2130 1070 veraciter
2160 1016 2521 1070 laetabantur.
2561 1015 2755 1068 Gaude
2789 1015 2980 1084 itaque
3025 1015 3084 1068 in
3133 1016 3380 1070 Domino
3408 1032 3543 1085 gau-

1855 1105 2014 1160 dium
2064 1111 2177 1160 tuze
2227 1105 2571 1159 conveniens
2609 1105 2913 1167 sanctitati,
2965 1109 3020 1158 et
3061 1105 3241 1158 scribe
3292 1122 3356 1158 ea
3419 1122 3543 1175 qua:

1853 1201 2100 1249 vestrum
2133 1196 2451 1265 benignum
2482 1194 2740 1247 animum
2776 1194 2996 1258 decent,
3041 1193 3210 1246 homo
3239 1193 3337 1248 Dei
3365 1211 3376 1249 :
3411 1210 3542 1248 nam

1853 1301 1982 1356 quae
2016 1285 2242 1338 fuerant
2281 1285 2459 1339 divisa
2505 1283 2809 1352 conjuncta
2847 1287 3000 1347 sunt,
3059 1287 3115 1335 et
3154 1283 3407 1353 dispersa
3437 1285 3545 1338 col-

1851 1375 1998 1428 lecta
2038 1380 2198 1442 sunt;
2257 1379 2313 1427 et
2361 1390 2489 1443 quae
2537 1374 2706 1442 longe
2754 1378 2910 1426 erant
2945 1371 3054 1426 sibi
3108 1371 3352 1426 invicem
3411 1374 3545 1428 adu-

1854 1469 1985 1517 nata
2016 1469 2180 1530 sunt;
2234 1468 2309 1529 et,
2343 1463 2487 1516 sicut
2529 1466 2754 1532 oportet
2815 1462 3002 1515 dicere
3053 1466 3108 1514 et
3157 1462 3290 1515 olim
3325 1463 3543 1532 scripsi,

1850 1558 2123 1624 utrasque
2153 1554 2448 1620 Ecclesias,
2488 1558 2604 1606 tam
2650 1551 2892 1605 senioris
2925 1568 3097 1621 quam
3131 1567 3289 1604 nova)
3325 1553 3541 1618 Romae,

1855 1659 2030 1696 unam
2061 1660 2178 1696 esse
2211 1643 2504 1697 evidenter
2534 1642 2884 1710 intelligens,
2918 1646 2973 1694 et
3004 1641 3305 1710 utriusque
3347 1657 3541 1694 earum

1854 1748 2028 1786 unam
2064 1733 2255 1786 sedem
2288 1738 2435 1786 recte
2468 1748 2587 1785 esse
2616 1731 2929 1799 difﬁniens,
2969 1730 3373 1784 indivisibilem
3405 1731 3542 1784 adu-

1852 1823 2171 1888 nationem,
2206 1828 2262 1876 et
2293 1823 2590 1892 utriusque
2639 1826 2969 1874 nostrorum
3005 1836 3314 1873 consonam
3346 1820 3547 1873 conﬁr-

1851 1911 2165 1966 mationem
2207 1928 2338 1965 cum
2392 1911 2593 1980 judicii
2651 1910 2980 1979 integritate
3033 1924 3332 1978 cognosco.
3388 1909 3544 1963 Unde

1849 2017 1991 2072 rogo
2055 2001 2236 2056 Deum
2283 2017 2508 2071 semper
2555 2015 2681 2053 eam
2728 1999 3171 2068 inseparabilem
3209 2014 3544 2068 permanere.

1849 2091 2204 2146 orationibus
2244 2096 2568 2144 sanctorum
2610 2090 3000 2160 apostolorum
3054 2092 3108 2141 et
3138 2092 3251 2140 tum
3281 2087 3544 2157 precibus

1849 2181 2184 2248 sanctitatis,
2213 2197 2317 2250 per
2353 2197 2492 2250 quas
2524 2179 2726 2232 donari
2761 2177 2924 2231 nobis
2951 2182 3005 2231 et
3037 2177 3298 2230 universo
3322 2177 3539 2231 mundo

1848 2269 2355 2324 clementissimum
2385 2274 2441 2323 et
2469 2267 3020 2322 Cbristianissimum
3055 2265 3377 2336 principem
3407 2268 3532 2320 Jus-

1848 2360 2060 2426 tinum,
2107 2364 2162 2413 et
2204 2359 2521 2429 piissimam
2552 2357 2674 2427 ejus
2701 2356 3026 2426 conjugem,
3061 2360 3313 2409 nostram
3346 2360 3534 2410 autem

1853 2450 2033 2504 ﬁliam
2067 2449 2463 2519 Euphemiam,
2496 2448 2553 2500 in
2598 2462 2735 2517 pace
2776 2445 2972 2499 multis
3003 2445 3354 2514 temporibus
3383 2461 3536 2498 com-

1847 2545 2132 2612 precatur,
2168 2555 2272 2608 per
2298 2538 2492 2591 omnia
2523 2537 2848 2591 beatissime
2901 2536 3092 2588 frater.
3141 2534 3327 2588 Gavisi
3367 2534 3541 2605 igitur

1847 2630 1915 2684 de
1948 2629 2262 2700 'prwsentia
2309 2625 2916 2680 reverendissimorum
2965 2624 3390 2694 episcoporum,
3439 2641 3539 2678 nec

1846 2737 1964 2774 non
1992 2723 2047 2774 et
2085 2719 2419 2772 clericorum
2474 2721 2814 2782 vestrorum,
2863 2715 3076 2784 gratias
3107 2715 3354 2783 agimus,
3397 2730 3536 2783 quo-

1847 2809 2003 2864 niam
2030 2808 2344 2862 secundum
2386 2805 2720 2876 petitionem
2774 2809 3032 2856 nostram
3078 2802 3218 2855 tales
3274 2802 3536 2870 pacificos

1846 2899 1995 2952 viros
2025 2903 2082 2951 et
2125 2901 2325 2950 vestra:
2371 2895 2576 2963 dignos
2623 2893 2772 2946 sedis
2802 2890 3133 2961 apostolicae
3191 2890 3534 2957 destinastis,

1844 2987 2105 3057 regulam
2129 2989 2359 3040 Patrum
2392 2984 2513 3037 sine
2543 2981 2876 3036 confusione
2905 2983 3213 3046 servantes,
3251 2979 3536 3049 ﬁdemque

1776 3091 1816 3148 α
1845 3075 2148 3131 indivisam
2170 3064 2575 3128 custodientes.
2610 3072 2867 3135 Quorum
2899 3068 3306 3139 amplectentes
3339 3066 3396 3120 in
3420 3083 3538 3120 om-

1849 3166 2018 3220 nibus
2074 3169 2349 3228 mentem,
2402 3165 2604 3215 cuncta
2653 3175 2757 3230 per
2821 3173 2918 3212 eos
2964 3157 3035 3211 ad
3089 3155 3534 3210 satisfactionem

1844 3259 2046 3308 vestrae
2092 3253 2316 3324 egimus
2343 3249 2677 3305 sanctitatis.
2711 3249 2953 3302 Omnem
2984 3247 3043 3299 in
3083 3245 3304 3300 Christo
3334 3246 3536 3300 frater-

1844 3344 2105 3412 nitatem,
2146 3359 2272 3413 quae
2296 3357 2423 3395 cum
2469 3343 2653 3393 vestra
2701 3343 2786 3392 est
2825 3335 3144 3402 sanctitate,
3179 3350 3284 3405 ego
3308 3351 3536 3405 quoque

1843 3438 1900 3488 et
1924 3433 2038 3487 mei
2068 3432 2386 3503 plurimum
2415 3431 2730 3483 salutamus
2755 3427 2822 3480 “’.

2313 3599 2680 3656 EXEMPLUM
2717 3596 3079 3666 _EPlSTOLE

1838 3733 2138 3772 JUSTINIANI
2190 3731 2261 3770 AD
2319 3730 2649 3780 BORMISDAM,
2709 3728 2794 3766 CUI
2835 3728 2900 3764 DE
2958 3725 3254 3764 PROSTRATA
3294 3723 3534 3762 PERFIDIA

2214 3821 2276 3859 ET
2316 3821 2464 3858 INl'I‘A
2512 3820 2645 3858 PACE
2685 3816 3160 3856 CONGRATULATUR.

1840 3924 1977 3980 Cum
2005 3921 2137 3990 jam
2179 3919 2435 3976 Ecclesia
2472 3934 2616 3990 pace
2631 3917 2899 3990 fruatur,
2933 3930 3043 3990 pro
3086 3912 3433 3984 imperatore
3460 3913 3538 3968 ad

2303 3986 2490 4045 Πρωνί
2516 4006 2714 4061 preces
2726 3986 3066 4057 fundendae.

1909 4126 2155 4182 Domino
2179 4141 2306 4179 meo
2321 4123 2678 4178 sanctissimo
2702 4119 3016 4175 Hormisdae
3035 4117 3222 4189 primo
3239 4119 3538 4189 archipon-

1839 4217 1978 4272 tiﬁci
2010 4221 2065 4270 et
2089 4231 2254 4286 papae
2279 4214 2436 4268 urbis
2465 4213 2654 4266 Romae
2677 4210 3030 4266 Justinianus
3057 4223 3245 4261 comes
3271 4208 3531 4261 salutem.

1909 4305 2254 4361 Veneranda:
2306 4301 2616 4358 sanctitatis
2661 4305 2863 4354 vestrae
2924 4297 3254 4368 prazdicatio
3313 4297 3535 4366 regula-

1768 4396 1810 4449 D
1842 4413 1994 4465 rum,
2029 4413 2155 4467 quae
2185 4394 2406 4449 Christo
2435 4395 2550 4447 Deo
2592 4407 2695 4462 pro
2727 4387 3106 4444 Ecclesiarum
3154 4401 3292 4456 pace
3339 4391 3393 4439 et
3428 4401 3531 4456 pro

1837 4485 2022 4557 plebis
2051 4483 2352 4538 concordia
2373 4481 2590 4552 jugiter
2619 4479 2919 4550 supplicat,
2944 4475 3224 4547 quidquid
3250 4490 3403 4528 nunc
3433 4490 3535 4545 per

1835 4573 2195 4630 beatissimos
2222 4588 2352 4626 suos
2382 4573 2702 4625 sacerdotes
2731 4566 2934 4622 annuit
2962 4563 3376 4636 peragendum,
3409 4580 3532 4634 pro-

1835 4664 1978 4736 pitia
2011 4662 2308 4718 divinitate
2363 4664 2566 4714 cuncta
2608 4657 2832 4712 effectui
2900 4654 3112 4709 sociata
3167 4655 3317 4720 sunt,
3374 4653 3530 4706 nulla

1833 4769 2067 4825 prorsus
2096 4749 2482 4822 quorumdam
2515 4748 2734 4802 valente
2767 4742 3063 4800 discordia.
3105 4741 3288 4811 Igitur
3332 4741 3530 4795 vestris

1835 4843 2007 4897 sacris
2037 4839 2392 4896 orationibus
2421 4841 2496 4908 iac
2538 4834 3021 4908 praeceptionibus
3075 4831 3526 4886 orthodoxorum

1833 4932 1946 4986 ﬁde
1978 4929 2210 4998 muniti,
2243 4927 2526 4999 supplices
2553 4925 2798 4997 petimus
2832 4929 2896 4977 ut
2925 4923 3018 4976 hic
3042 4937 3145 4993 pro
3174 4921 3532 4974 sanctissimo

1834 5023 2096 5091 Augusto
2122 5023 2338 5084 nostro,
2373 5017 2546 5070 totius
2574 5015 2709 5069 ﬁdei
2740 5015 2982 5078 fautore,
3035 5027 3256 5080 proque
3287 5010 3411 5079 ejus
3451 5025 3530 5064 re-

1834 5113 2081 5183 publica,
2118 5125 2221 5179 pro
2251 5107 2420 5161 nobis
2478 5121 2711 5176 quoque
2756 5103 3159 5157 mandatorum
3209 5104 3524 5152 vestrorum

1833 5200 2182 5265 custodibus,
2218 5205 2434 5251 aeterno
2468 5195 2606 5265 [tegi
2637 5192 2890 5248 consueti
2911 5189 3306 5261 inipetrabilcs
3333 5204 3527 5258 preces

1834 5290 2039 5344 offerre
2093 5285 2432 5356 dignemini,
2475 5301 2695 5354 nosque
2737 5283 2893 5337 vobis
2950 5281 3199 5335 ﬁdeliter
3243 5276 3527 5346 supplices

1834 5380 2035 5434 vestris
2063 5377 2371 5432 salutiferis
2420 5372 2896 5446 rescriptionibus
2943 5371 3174 5424 visitare
3205 5366 3380 5437 (anno
3419 5365 3524 5418 Do-

1836 5468 1980 5524 mini
2014 5467 2157 5538 519).

1906 5612 1952 5634 ”
1979 5614 2146 5667 Anno
2179 5607 2410 5664 Domini
2439 5611 2562 5665 519.
2593 5608 2711 5663 Huc
2740 5605 2888 5660 refer
2924 5599 3263 5658 relationem
3292 5597 3526 5654 Joannis

1834 5699 2007 5756 supra
2030 5683 2393 5740 recensitam.
