4038 6170
146 338 225 389 453

1405 332 1760 387 EPISTOLAS
1798 332 1883 387 ΕΤ
1919 332 2243 387 DECRETA
2258 373 2270 387 .

3482 335 3585 388 454

143 462 382 537 praecipue
412 477 532 514 cum
568 460 710 515 nihil
750 465 967 514 certum
1024 465 1143 515 tam
1200 460 1471 516 diuturno
1526 467 1784 533 tempore
1821 467 1867 517 A
1894 462 2166 533 alloquia,
2194 462 2255 515 in
2286 477 2400 532 quo
2430 462 2574 516 ratio
2597 463 2942 533 poposcerit,
2966 467 3418 532 competentibus
3440 468 3584 520 sola-

142 559 301 608 vestrae
346 549 654 604 dilectionis
707 550 1093 619 potuissemus
1139 549 1512 621 rescriptione
1570 568 1782 622 cogno-

144 656 280 695 scere.
312 639 411 691 Nos
440 643 627 691 tamen
662 642 893 707 reperta
918 638 1116 691 latoris
1149 638 1442 693 occasione
1473 639 1597 695 haec
1660 639 1784 709 ipsa

142 728 414 800 signiﬁcare
471 726 797 779 maluimus.
878 726 1239 797 Quapropter
1296 728 1606 781 salutantes
1652 744 1781 781 eum

144 817 220 872 Dei
245 814 630 884 omnipotentis
663 812 872 867 auxilio
904 816 1220 869 incolumes
1254 833 1358 869 nos
1390 832 1510 869 esse
1568 832 1778 885 cogno-

145 905 266 968 scite,
296 902 438 972 quod
466 906 521 955 et
551 902 620 955 de
642 902 799 955 vobis
841 903 1040 957 audire
1100 905 1517 960 desideramus.
1580 906 1687 959 Sed
1719 910 1783 959 ut

142 994 193 1047 de
218 992 452 1046 omnibus
473 1006 601 1061 quae
630 996 790 1060 gesta
808 998 938 1047 sunt
970 1001 1225 1049 nostram
1256 996 1481 1067 plenius
1549 996 1779 1066 possitis

142 1080 369 1134 instruere
400 1080 714 1146 notionem,
748 1097 780 1135 a
811 1081 1022 1151 quibus
1054 1084 1330 1153 personis,
1365 1085 1451 1137 vel
1481 1084 1540 1138 in
1571 1084 1780 1154 quibus

139 1170 243 1224 locis
261 1170 410 1235 bene,
451 1169 595 1222 sicut
625 1169 932 1239 credimus,
966 1173 1214 1242 suscepti
1246 1173 1491 1241 fueritis,
1516 1174 1605 1225 vel
1661 1172 1777 1239 ubi,

139 1258 446 1327 autsubqua
475 1256 778 1311 festivitate
826 1260 1261 1314 resurrectionis
1325 1260 1628 1316 dominicae
1688 1277 1780 1314 ea-

142 1348 242 1400 ritas
268 1352 438 1400 vestra
472 1347 726 1400 tenuerit
756 1347 931 1401 diem.
969 1349 1035 1403 Et
1056 1350 1193 1419 quid
1226 1351 1495 1421 deinceps
1522 1350 1775 1421 egeritis,

142 1452 219 1505 per
235 1436 403 1488 omnia
433 1435 723 1505 rescriptis
742 1436 1101 1491 currentibus
1137 1438 1442 1507 declarata,
1496 1446 1778 1510 quatenus

135 1531 330 1578 vestram
348 1524 441 1594 [F.
457 1523 735 1597 nostram]
760 1526 1166 1596 cogitationem
1181 1528 1449 1596 deﬁvcstra
1469 1534 1522 1583 et
1542 1533 1775 1583 actuum

138 1614 462 1683 prosperitate
492 1615 750 1668 relevare
773 1615 1024 1684 possitis,
1051 1621 1107 1669 et
1130 1616 1177 1670 si
1215 1618 1355 1688 quid
1412 1618 1777 1673 instructioni

138 1719 269 1773 quam
295 1703 614 1772 suscepistis
643 1719 825 1757 causa:
862 1704 1125 1773 defuerit,
1151 1706 1497 1778 subjungere
1519 1726 1647 1762 cum
1674 1708 1774 1763 Dei

137 1793 271 1844 nostri
304 1792 493 1846 solatio
516 1793 827 1846 valeamus.
856 1794 994 1848 Data
1010 1810 1085 1848 v11
1102 1796 1368 1850 calendas
1384 1798 1554 1851 Maias
1566 1798 1775 1853 Eutha-

137 1880 219 1934 rico
244 1881 347 1935 viro
375 1881 693 1936 clarissimo
727 1884 957 1936 consule
998 1884 1170 1954 (anno
1202 1884 1432 1940 Domini
1452 1888 1596 1957 519).

664 2008 999 2063 EPISTOLA
1035 2009 1191 2064 XLII.

568 2130 647 2169 AD
692 2130 938 2170 EOSDEM
985 2132 1287 2181 LEGATQS.

1814 1750 1857 1804 B

134 2218 255 2273 Dolet
272 2218 393 2275 illos
410 2236 523 2275 non
546 2219 796 2275 scribere
820 2238 833 2302 ξ
854 2239 915 2301 se
940 2223 1256 2302 Paulinum
1276 2224 1352 2280 ad
1370 2224 1776 2295 imperatorem

750 2295 976 2348 misisse
1004 2295 1111 2348 ait.

182 2397 435 2450 Hormisda
464 2397 681 2468 quibus
713 2414 903 2469 supra.

179 2486 379 2539 Animus
436 2493 637 2541 noster
713 2488 984 2542 diuturna
1028 2490 1289 2545 redditur
1352 2494 1774 2563 exspectatione

132 2575 347 2628 sollicitus
378 2577 710 2646 :przeeipue
751 2577 821 2630 ad
852 2581 1077 2631 tantum
1126 2579 1443 2650 principem
1486 2582 1774 2651 destinati,

132 2664 205 2717 sub
230 2665 487 2719 celeritate
524 2682 635 2718 nos
666 2666 935 2719 certiores
967 2668 1306 2723 debuissetis
1335 2671 1579 2725 efficere.
1634 2673 1775 2726 Nam

132 2758 227 2805 ante
252 2754 384 2807 diem
408 2755 781 2809 Ascensionis
811 2756 1116 2811 dominicae
1164 2758 1386 2813 litteras
1418 2767 1631 2814 vestras
1662 2779 1777 2815 cre-

132 2841 347 2896 debamus
391 2861 493 2898 nos
556 2861 723 2914 posse
774 2846 1079 2916 suscipere.
1134 2848 1347 2902 Idcirco
1405 2855 1522 2904 tam
1570 2856 1774 2905 vestrae

134 2932 359 3000 sospitatis
388 2934 626 2999 indicia,
660 2950 833 3005 quam
856 2936 1176 3004 profectum
1206 2954 1410 3006 causae,
1434 2955 1608 3009 quam
1641 2957 1771 3011 per-

133 3020 351 3087 agendam
380 3038 509 3077 cum
550 3025 655 3078 Dei
684 3025 863 3078 nostri
874 3025 1169 3095 juvamine
1210 3027 1559 3097 suscepistis,
1617 3029 1771 3083 desi-
1809 3052 1849 3107 ρ

133 3106 337 3165 deramus
360 3128 699 3180 agnoscere.
731 3114 1033 3169 Paulinum
1069 3116 1329 3170 Ecclesia:
1366 3119 1637 3172 Romanas
1670 3120 1769 3173 de-

130 3194 351 3253 fensorem
382 3217 509 3255 cum
543 3201 785 3271 "scriptis
837 3204 1217 3272 praesentibus
1269 3205 1554 3260 destinare
1612 3223 1770 3261 cura-

132 3285 410 3349 vimus,tam
433 3290 943 3361 principilitteras,
1000 3309 1174 3363 quam
1242 3294 1503 3365 singulis,
1561 3296 1768 3366 quibus

132 3378 343 3442 oportuit,
406 3380 750 3449 dirigentes.
826 3381 1185 3451 Quapropter
1270 3385 1446 3437 Deum
1507 3390 1768 3439 nostrum

132 3468 338 3531 congruis
366 3469 639 3537 precibus
668 3484 920 3537 oramus,
958 3475 1020 3524 ut
1050 3472 1171 3541 ipse
1229 3474 1473 3526 salutem
1521 3478 1768 3528 vestram

132 3565 199 3604 sua
218 3556 603 3625 pr0pitiatione
635 3558 938 3626 custodiat,
980 3565 1036 3614 et
1057 3577 1237 3615 causa:
1267 3563 1496 3632 qualem
1548 3563 1767 3617 deside-

130 3653 270 3693 ramus
285 3646 596 3700 conccdere
612 3645 885 3712 dignetur
902 3646 1185 3703 effectum.
1204 3650 1311 3713 Qui
1333 3650 1419 3720 [F.
1444 3650 1601 3722 quia]
1625 3651 1767 3705 nihil

132 3732 265 3797 majus
279 3731 413 3786 inter
430 3734 631 3789 titulos
646 3735 850 3805 optimi
872 3736 1237 3807 imperatoris
1252 3739 1575 3809 ascribitur,
1595 3757 1767 3810 quam

132 3815 161 3867 si
183 3835 285 3874 eum
314 3824 557 3877 Ecclesia
594 3825 805 3887 Graeca,
833 3830 1169 3896 praesenset
1201 3827 1411 3894 futura,
1443 3830 1768 3898 {praedicare

132 3914 356 3964 mereatur
382 3914 537 3981 pacis
574 3917 890 3968 auctorem.
960 3917 1101 3969 Data
1152 3932 1212 3970 ur
1266 3918 1529 3971 calendas
1574 3918 1763 3984 Maias,

132 3993 370 4054 Eutharico
401 4002 524 4057 viro
555 4003 875 4057 clarissimo
905 4005 1140 4059 consule
1170 4012 1340 4071 (anno
1377 4006 1763 4077 Domini519).

651 4111 988 4167 EPISTOLA
1021 4112 1203 4166 XLIII.
1268 4157 1272 4161 .

582 4234 661 4273 AD
711 4233 957 4274 EOSDEM
1005 4234 1284 4275 LEGATOS

212 4304 274 4355 De
301 4303 383 4358 his
406 4323 527 4377 qua
548 4309 734 4378 agant
763 4308 883 4361 vult
912 4325 974 4361 se
1004 4309 1222 4381 moneri
1256 4326 1267 4364 :
1296 4310 1647 4381 Stephanum

726 4350 731 4359 ,
767 4347 881 4361 μην
912 4347 969 4361 νυ
1006 4347 1221 4365 me...“
1256 4352 1267 4364 .
1296 4347 1647 4381 υιυμηνιηιωη
1806 4347 1851 4400 D

726 4380 1103 4433 commendat.

179 4478 436 4537 Hormisda
458 4485 667 4555 legatis
700 4487 909 4540 nostris
946 4487 1153 4557 quibus
1181 4505 1370 4558 supra.

178 4568 377 4626 Necesse
428 4581 513 4628 est
575 4581 639 4629 ut
675 4578 763 4629 vel
796 4577 865 4630 de
906 4577 1181 4647 injunctaa
1212 4578 1454 4631 actionis
1501 4582 1647 4632 statu
1679 4581 1767 4633 vel

132 4653 178 4706 de
201 4666 371 4715 vestrae
397 4664 721 4718 dilectionis
765 4666 1087 4735 cogitemus
1117 4667 1396 4735 absentia,
1459 4671 1514 4723 et
1541 4684 1646 4737 pro
1680 4668 1768 4722 his

130 4742 254 4799 rebus
286 4750 606 4806 sollicitudo
636 4758 831 4808 nostra
862 4770 980 4807 non
1006 4754 1223 4824 patitur
1253 4755 1537 4809 scribendi
1559 4756 1769 4826 quasli-

133 4830 199 4885 bet
219 4840 518 4895 occasiones
547 4843 835 4896 omittere.
862 4843 1113 4897 Antehac
1162 4860 1267 4913 per
1314 4844 1764 4915 Magistrianum,

132 4922 202 4989 qui
225 4923 273 4979 iu
302 4928 622 4999 Symmachi
644 4932 868 5002 patricii
888 4933 1165 4987 remeavit
1197 4933 1560 5004 obsequium,
1610 4935 1767 4988 litte-

129 5022 193 5060 ras
217 5018 410 5071 caritati
452 5023 657 5073 vestrae
714 5020 1050 5087 direximus,
1099 5022 1396 5076 hortantes
1443 5031 1506 5077 ut
1543 5040 1645 5078 nos
1698 5024 1768 5079 de

129 5097 352 5156 universis
389 5122 515 5176 qua)
559 5107 620 5161 in
649 5124 817 5163 causa
872 5111 1250 5164 ecclesiastica
1302 5117 1463 5181 gesta
1521 5118 1654 5167 sunt
1682 5115 1769 5168 vel

128 5196 352 5253 geruntur
393 5212 511 5249 non
557 5197 897 5253 omitteretis
946 5200 1252 5266 instruere,
1311 5202 1465 5272 quod
1498 5206 1552 5256 et
1582 5202 1767 5256 facere

126 5288 205 5341 pro
227 5288 415 5337 nostra:
461 5286 826 5355 cogitationis
898 5289 1243 5344 revelatione
1290 5290 1529 5345 debetis.
1580 5292 1768 5346 Nostri

126 5366 246 5421 enim
278 5373 385 5425 voti
414 5379 498 5427 est
526 5380 590 5428 ut
612 5376 793 5430 labori
814 5384 1002 5432 vestro
1036 5380 1184 5433 Deus
1243 5380 1607 5450 omnipotens
1661 5381 1767 5436 de-

127 5450 388 5512 sideratum
416 5463 726 5519 concedere
766 5466 1042 5537 dignetur.
1082 5468 1366 5522 effectum.
1412 5469 1765 5540 Stephanum

124 5544 487 5610 negotiatorem
528 5566 632 5620 per
676 5568 847 5623 quem
894 5554 1052 5608 vobis
1110 5560 1306 5609 nostra
1353 5556 1767 5611 contradentur

1892 551 1986 605 tiis
2015 552 2299 623 adjuvate,
2333 550 2467 623 quia
2493 552 2645 606 hunc
2672 568 2899 621 semper
2922 558 3180 608 nostrum
3204 554 3377 611 fuisse
3420 573 3583 613 reco-

1891 641 2026 696 litis.
2055 644 2196 697 Data
2226 642 2431 697 eodem
2463 643 2554 697 die
2577 647 2745 707 (anno
2768 642 2997 697 Domini
3030 645 3173 714 519).

2443 752 2463 773 ’⁸
2497 749 2829 805 EPISTULA
2864 752 3039 807 XLIV.

2306 856 2383 893 AD
2424 853 2750 893 JUSTINUM
2800 854 3169 895 AUGUSTUM.

1892 944 2230 1020 Gratulatur
2241 961 2366 998 cum
2386 946 2510 1020 ejus
2528 961 2707 1020 opera
2728 947 3222 1020 ConstantinOpoli
3236 965 3357 1018 pax
3372 950 3579 1020 vigeat,

1956 1016 2059 1139 ho?
2090 1016 2277 1087 ipsum
2310 1016 2624 1072 Antiochia
2649 1020 2703 1071 et
2733 1016 3452 1077 Alexandriae—faciendum
3477 1039 3584 1076 cu-

1958 1103 2019 1139 re
2051 1128 2062 1139 .

1958 1103 2062 1140 rer.

1959 1194 2256 1248 Ilormisda
2287 1194 2585 1265 episcopus
2614 1196 2832 1250 Justino
2864 1198 3151 1267 Augusto.

1958 1284 2137 1337 Lectis
2190 1284 2510 1337 clementiae
2541 1290 2741 1339 vestrae
2782 1286 3029 1355 paginis,
3088 1302 3215 1357 quas
3258 1288 3579 1342 restitutam

1886 1371 2019 1425 ﬁdei
2048 1373 2409 1428 concordiam
2442 1373 2801 1441 nuntiabant,
2835 1373 2896 1427 in
2928 1373 3133 1427 divinae
3165 1374 3352 1429 laudis
3400 1376 3577 1429 canti-

1885 1477 2016 1515 cum
2046 1478 2208 1515 mens
2238 1462 2412 1516 totius
2443 1462 2848 1516 Ecclesioeleeta
2864 1464 3146 1533 prorupit,
3174 1480 3286 1534 quo
3318 1465 3576 1519 canitur:

1887 1550 2089 1604 Gloria
2123 1553 2187 1606 in
2210 1550 2450 1605 excelsis
2503 1553 2639 1618 Deo,
2691 1556 2746 1605 et
2798 1552 2860 1605 in
2908 1558 3062 1606 terra
3100 1569 3219 1623 pan:
3259 1552 3583 1609 hominibus

1886 1639 2037 1694 bona:
2066 1639 2382 1694 voluntatis
2412 1640 2568 1710 (Luc.
2592 1640 2673 1710 Ii).
2711 1640 2886 1710 Hujus
2922 1641 3098 1711 igitur
3129 1642 3336 1695 fiducia
3381 1643 3582 1713 hymni

1889 1729 2121 1800 dignam
2184 1730 2450 1784 fidelibus
2510 1729 2731 1783 meritis
2816 1730 3058 1799 gloriam
3132 1730 3580 1803 felicitatemque

1884 1819 2234 1890 praesumite.
2270 1820 2463 1891 Neque
2494 1819 2647 1872 enim
2679 1823 2734 1873 te
2767 1820 2843 1873 ita
2872 1822 2987 1874 Deo
3052 1819 3325 1890 placitum
3373 1821 3583 1890 princi-

1881 1923 2015 1977 pem
2038 1908 2105 1961 ad
2136 1907 2665 1977 imperii_verticcm
2723 1907 3012 1961 humanus
3056 1912 3279 1961 tantum
3346 1923 3580 1962 consen-

1883 2013 1979 2049 sus
2026 1997 2228 2064 evexit,
2276 2002 2332 2051 te
2386 1996 2494 2050 sibi
2554 1996 2780 2051 divinus
2832 1996 2991 2049 favor
3028 2002 3160 2051 ante
3215 1998 3577 2053 formaverat.

1881 2085 2135 2140 Tradidit
2165 2086 2324 2139 enim
2352 2085 2456 2139 tibi
2486 2084 2734 2139 Orientis
2781 2084 3092 2156 imperium
3152 2092 3215 2141 ut
3276 2087 3397 2157 ejus
3440 2104 3578 2157 ope-

1881 2191 2013 2229 rum
2044 2176 2210 2230 fieres
2256 2176 2738 2243 instrumentum;
2772 2182 2941 2246 atque
2976 2175 3103 2231 ideo
3153 2182 3216 2230 ut
3272 2177 3377 2230 hoc
3443 2178 3503 2231 in
3526 2183 3580 2231 te

1882 2263 2284 2333 propheticum
2318 2263 2533 2317 dictum
2548 2264 2677 2333 jure
2735 2264 3036 2317 conveniat
3094 2263 3393 2318 efficiatis:
3429 2266 3575 2319 Con-

1880 2353 2084 2407 stitues
2101 2370 2195 2407 eos
2224 2352 2514 2424 principes
2528 2369 2701 2423 super
2754 2367 2980 2407 omnem
3026 2354 3273 2415 terram;
3302 2370 3582 2408 memores

1881 2443 2053 2496 erunt
2081 2440 2335 2495 nominis
2365 2440 2468 2506 tui,
2494 2440 2745 2507 Domine,
2772 2442 2831 2493 in
2863 2440 3017 2493 omni
3040 2443 3312 2511 progenie
3338 2445 3393 2495 et
3410 2458 3578 2512 gene-

1882 2529 2329 2599 ratio-nclPsal.
2370 2530 2536 2597 xuv).
2589 2529 2815 2583 Etenim
2875 2545 3006 2583 eum
3051 2530 3154 2583 tibi
3176 2531 3257 2584 sit
3305 2530 3577 2585 Christia-

1882 2635 2017 2672 nam
2058 2635 2257 2688 pacem
2310 2634 2535 2672 servare
2568 2618 2974 2688 ,‘prOpositum,
3035 2619 3163 2689 quis
3196 2624 3250 2672 te
3306 2619 3579 2675 dubiteta

1884 2707 2107 2761 Christo
2136 2725 2255 2762 esse
2302 2708 2575 2761 dilectum
2617 2706 2992 2777 (delectum)?
3042 2709 3171 2760 Hinc
3209 2707 3397 2777 prima
3445 2714 3579 2762 sunt

1881 2798 2056 2850 vestri
2085 2797 2457 2850 fundamenta
2484 2796 2863 2866 principatus,
2901 2798 3080 2849 Deum
3111 2798 3367 2865 placasse
3410 2798 3577 2867 justi-

1882 2886 1978 2953 tia,
2039 2891 2093 2939 et
2152 2885 2412 2939 ascivisse
2488 2884 2647 2938 vobis
2706 2885 3200 2938 excellentissima:
3264 2886 3575 2954 majestatis

1881 2975 2113 3042 auxilia,
2140 2975 2277 3029 dum
2309 2974 2659 3027 adversarios
2690 2973 2813 3042 ejus
2842 2973 2996 3027 velut
3033 2973 3297 3042 proprios
3321 2975 3575 3044 compri-

1877 3064 2034 3118 mitis
2073 3064 2355 3117 inimicos.
2411 3065 2539 3116 Haec
2598 3062 2875 3115 nimirum
2937 3062 3185 3115 maxima
3242 3062 3574 3133 reipublicae

1876 3154 2246 3208 fundamenta
2284 3150 2587 3218 sunt,‘hoc
2626 3150 2870 3204 solidum
2924 3150 3314 3222 invictumque
3371 3153 3569 3207 robur.

1876 3243 2070 3311 Neque
2089 3242 2243 3296 enim
2270 3241 2541 3295 humanis
2564 3240 2769 3294 ictibus
2789 3243 2978 3309 potest
2994 3257 3115 3293 esse
3134 3240 3397 3310 pervium
3419 3242 3573 3311 quod

1878 3330 2176 3385 estdivinze
2211 3330 2412 3399 gratias
2442 3329 2713 3384 firmitate
2746 3330 3040 3384 vallatum.
3072 3330 3250 3384 Testis
3303 3336 3383 3383 est
3416 3330 3575 3399 .huic

1876 3421 2213 3491 prophetica
2251 3419 2577 3489 Scriptura;
2612 3419 2690 3472 ait
2712 3419 2868 3471 enim
2904 3418 3111 3489 :Elegi
3141 3417 3321 3473 David
3347 3435 3573 3474 servum

1874 3526 2085 3574 meum,
2112 3509 2233 3563 oleo
2250 3511 2444 3562 sancto
2464 3524 2589 3561 meo
2626 3506 2769 3562 αηπὶ
2790 3523 2952 3561 eum:
3003 3524 3212 3561 manus
3241 3507 3393 3561 enim
3442 3525 3573 3563 mea

1877 3596 2254 3652 auxiliabitur
2282 3597 2355 3664 ei,
2379 3599 2433 3650 et
2464 3596 2761 3651 brachium
2805 3613 2994 3650 meum
3049 3597 3394 3666 confortabit
3445 3614 3572 3653 eum

1879 3687 2059 3757 (Psal.
2087 3686 2363 3756 Lxxxvui).
2384 3687 2592 3740 Contra
2607 3692 2799 3741 autem
2815 3686 3021 3740 frustra
3040 3702 3222 3755 arma,
3238 3687 3447 3741 frustra
3467 3688 3573 3742 sibi

1877 3775 2067 3844 copias
2098 3775 2323 3843 quaerit,
2360 3791 2534 3845 quem
2564 3775 2748 3845 gratia
2766 3791 3015 3844 superna
3047 3775 3320 3829 destituit.
3345 3775 3569 3829 Etenim

1876 3866 2166 3918 veraciter
2189 3863 2467 3933 scriptum
2533 3870 2661 3917 est:
2728 3863 2867 3917 Nisi
2901 3866 3173 3919 Dominus
3232 3864 3571 3920 custodierit

1876 3952 2193 4019 civitatem,
2243 3955 2305 4005 in
2350 3968 2562 4005 vanum
2616 3951 2861 4024 vigilant
2919 3952 3019 4023 qui
3064 3952 3393 4010 custodiunt
3442 3970 3571 4007 eam

1875 4042 2062 4110 (Psal.
2090 4040 2289 4111 cxxvr).
2315 4041 2557 4094 Bellabis
2588 4044 2651 4094 tu
2683 4041 2915 4111 quidem
2940 4042 3133 4095 divino
3154 4047 3309 4096 tutus
3332 4042 3569 4109 auxilio,

1876 4130 2349 4185 excellentissime
2372 4129 2658 4200 princeps,
2694 4136 2750 4183 et
2787 4136 2900 4184 tua:
2943 4131 3270 4200 reipublicae
3310 4135 3453 4202 jugo
3495 4132 3573 4187 fe-

1875 4220 2303 4273 racissimarum
2352 4219 2614 4288 gentium
2678 4220 2821 4273 colla
2877 4220 3208 4287 submittes;
3270 4221 3368 4275 sed
3414 4222 3571 4275 nulla

1875 4308 2116 4363 victoria
2153 4311 2343 4378 potest
2372 4324 2491 4360 esse
2517 4307 2898 4377 prazstantior,
2948 4324 3117 4378 quam
3152 4309 3305 4379 quod
3332 4310 3570 4364 humani

1879 4397 2104 4469 generis
2122 4398 2344 4451 hostem
2376 4402 2504 4467 post
2537 4396 2775 4467 quaesita
2803 4402 2920 4450 tam
2942 4397 3103 4466 longi
3143 4400 3418 4468 temporis
3466 4399 3568 4453 lir-

1876 4492 2170 4542 mamenta
2229 4486 2527 4540 subvertis.
2580 4486 2883 4539 Enimvero
2959 4490 3296 4541 cznterorum
3364 4493 3571 4543 natura

1876 4576 2207 4647 praeliorum
2236 4575 2504 4629 distincta
2541 4575 2826 4646 gentibus,
2860 4575 3191 4645 regionibus
3239 4577 3567 4646 terminata,

1877 4680 2078 4720 cruore
2109 4665 2362 4734 polluta;
2395 4665 2521 4718 haec
2555 4680 2723 4718 omne
2759 4680 2941 4734 genus
2998 4665 3320 4719 humanum
3378 4668 3569 4736 palma

1877 4753 2295 4824 complectitur,
2337 4754 2491 4807 hunc
2550 4754 2820 4808 omnibus
2866 4754 3199 4823 regionibus
3258 4755 3567 4826 imputabis

1880 4841 2263 4914 (importabis)
2307 4842 2707 4911 triumphum;
2735 4848 2790 4896 et
2819 4844 2976 4913 quod
3016 4843 3218 4897 divinae
3242 4844 3565 4913 proximum

1876 4931 2078 5002 pietati
2108 4937 2212 4999 est,
2237 4931 2336 5001 qui
2358 4931 2528 5001 paulo
2558 4936 2689 4985 ante
2734 4932 2910 4986 ductu
2965 4932 3177 4986 diaboli
3230 4934 3565 5002 grassaban-

1874 5023 1990 5088 tur,
2023 5036 2176 5074 nune
2205 5020 2276 5073 ad
2306 5020 2552 5089 propriae
2583 5020 2780 5074 salutis
2807 5020 3072 5075 effectum
3097 5021 3218 5074 sine
3272 5021 3567 5090 sanguinis

1878 5109 2152 5164 effusione
2179 5109 2501 5164 vincuntur.
2534 5110 2773 5163 Durabit
2802 5110 2982 5180 igitur
3014 5109 3186 5180 hujus
3232 5110 3563 5164 Christiana:

1874 5198 2128 5252 victoriae
2160 5214 2261 5268 per
2281 5214 2465 5252 aevum
2495 5198 2844 5269 triumphus.
2868 5200 3062 5271 Neque
3107 5199 3263 5253 enim
3294 5201 3567 5267 poterunt

1877 5287 2297 5357 labetemporis
2324 5287 2560 5353 aboleri,
2582 5304 2709 5358 qua:
2732 5288 2791 5341 in
2836 5289 3187 5359 sempiterna
3229 5286 3364 5341 fidei
3386 5286 3565 5340 stabi-

1876 5376 2034 5430 litate
2052 5376 2287 5429 fundata
2316 5381 2468 5430 sunt.
2508 5378 2873 5432 Permanebit
2903 5379 3073 5447 longe
3106 5377 3334 5446 lateque
3348 5379 3565 5429 vestro-

1877 5482 2006 5520 rum
2033 5466 2186 5519 fama
2206 5464 2510 5533 factorum,
2553 5470 2609 5521 et
2638 5466 2784 5521 sicut
2822 5466 3026 5521 divinis
3074 5465 3405 5534 designatur
3449 5464 3565 5518 elo-

1876 5554 2044 5626 quiis,
2075 5553 2137 5608 in
2164 5570 2392 5608 omnem
2424 5558 2639 5610 terram
2659 5554 3013 5610 exivitsonus
3033 5569 3250 5622 eorum,
3269 5559 3326 5609 et
3352 5552 3414 5607 in
3430 5555 3571 5623 ﬁnes

179 5678 197 5699 '
224 5679 337 5738 Hec
366 5686 607 5758 epistola
639 5705 768 5747 eum
825 5692 1086 5765 quinque
1145 5694 1514 5768 sequentibus
1562 5695 1772 5767 scripta
1803 5697 1889 5751 est
1907 5700 2040 5767 post
2059 5711 2264 5767 pacem
2292 5696 2638 5768 nuntiatam,
2669 5713 2820 5755 anno
2837 5696 3069 5755 Domini
3088 5699 3209 5752 519.
