4038 6170
444 295 549 348 455

447 434 609 485 terra
639 429 811 485 verba
839 445 1031 482 eorum
1081 425 1266 498 (Psal.
1317 427 1496 494 xvm).
1524 426 1589 479 Et
1635 425 1855 480 caeteris
1900 425 2131 496 quidem
2170 429 2216 482 Α

445 520 608 575 bellis
650 535 836 589 agros,
866 518 1054 581 urbes,
1109 514 1319 585 oppida
1357 519 1428 580 et,
1457 515 1609 584 quod
1633 531 1970 584 supremum
2031 520 2136 581 est,

445 608 832 677 subjectorum
877 605 1193 658 libertatem
1229 602 1427 670 tueris,
1463 619 1615 673 quae,
1650 603 1976 656 mortalium
2023 603 2137 656 usi-

443 697 548 750 bus
574 700 914 766 comparata,
948 693 1122 746 simili
1177 692 1425 762 quadam
1491 692 1840 746 mortalitate
1869 693 2137 746 solvenda

443 792 593 840 sunt.
632 787 692 837 ln
719 786 824 838 hoc
855 783 1165 837 certamine
1199 783 1306 834 vita
1333 782 1452 851 ipsa
1483 781 1827 847 defenditur,
1862 785 1919 834 et
1989 798 2135 851 quo-

447 875 752 929 dammodo
783 890 886 944 pro
917 872 1279 942 sempiternae
1313 871 1681 924 beatitudinis
1719 888 1846 924 arce
1905 887 2135 942 pugna-

443 969 558 1018 tur.
593 963 866 1028 Quocirca
898 962 1232 1015 continuam
1265 960 1407 1013 tanti
1430 960 1616 1030 operis
1674 965 1981 1030 apparatus
2029 962 2136 1014 cle-

439 1056 671 1109 mentiae
702 1058 900 1107 vestrae
932 1053 1307 1105 intentionem
1365 1052 1630 1121 requirit.
1668 1053 1853 1105 Facite
1887 1056 1946 1105 ut
2017 1052 2136 1105 nul-

439 1144 559 1198 lum
593 1160 825 1215 prorsus
855 1142 1280 1210 receptaculum
1312 1156 1376 1192 eo
1405 1157 1517 1210 quo
1559 1157 1752 1193 rursus
1783 1140 2132 1193 immanissi-

439 1250 567 1288 mus
594 1233 772 1286 hostis
833 1233 1089 1299 emergat
1147 1229 1436 1295 inveniat;
1488 1230 1704 1282 cunctis
1740 1245 1871 1283 eum
1924 1230 2133 1283 nudate

437 1322 735 1394 praesidiis,
769 1325 824 1375 et
863 1320 1068 1389 siquid
1095 1335 1338 1389 usquam
1387 1319 1758 1388 vestigiorum
1819 1320 1940 1388 ejus
1997 1318 2129 1372 reli-

438 1429 617 1483 quum
641 1415 742 1474 est,
778 1410 836 1463 id
867 1425 1036 1462 omne
1068 1408 1340 1462 elementi
1372 1408 1628 1461 remedio
1658 1411 1926 1478 purgate:
1959 1423 2130 1461 omne

436 1501 709 1571 nequitiae
755 1515 993 1569 germen
1051 1498 1308 1551 funditus
1380 1502 1654 1551 eruatur:
1723 1497 1958 1550 adversa
2016 1499 2130 1551 Deo

437 1591 608 1660 stirps
640 1590 709 1642 ad
755 1589 944 1641 vivum
1002 1603 1183 1657 usque
1238 1591 1543 1650 resecetur,
1610 1601 1682 1640 ne
1744 1586 1932 1639 minus
1981 1604 2132 1640 com-

438 1697 629 1750 pressa
663 1679 833 1749 (quod
867 1677 1033 1747 absit)
1067 1675 1386 1745 iniquitatis
1413 1676 1573 1729 radix
1626 1681 1902 1729 venenata
1958 1677 2128 1730 latius

437 1770 648 1823 iterum
672 1768 918 1838 virgulta
952 1767 1253 1820 diffundat.
1307 1766 1588 1830 Quorsum
1641 1766 1802 1819 haec?
1852 1765 1995 1828 Quia
2040 1783 2130 1820 su-

434 1862 626 1930 perest
649 1859 832 1911 adhuc
871 1856 1034 1909 vobis
1081 1855 1482 1910 Alexandrinae
1539 1861 1709 1926 atque
1756 1855 2124 1910 Antiochenae

434 1954 490 2003 et
511 1949 752 2002 aliarum
777 1947 1154 2000 Ecclesiarum
1198 1946 1356 1999 nullo
1388 1945 1556 1999 modo
1609 1945 1952 2014 negligenda
2009 1962 2128 1999 cor-

431 2039 628 2102 rectio,
651 2037 707 2091 in
741 2053 854 2107 qua
886 2035 931 2088 si
964 2051 1125 2088 suam
1153 2051 1348 2088 curam
1393 2034 1695 2088 clementia
1726 2039 1910 2088 vestra
1941 2034 2128 2088 immi-

432 2128 588 2194 serit,
625 2143 754 2196 spes
787 2129 870 2178 est
927 2141 1041 2195 quo
1086 2129 1316 2179 auctore
1365 2123 1518 2177 bona
1584 2127 1786 2177 cuncta
1842 2123 2126 2178 credimus

431 2217 626 2287 incipi,
668 2216 882 2285 eodem,
913 2214 1172 2268 celeriter
1219 2214 1556 2268 auxiliatore
1599 2212 1894 2283 compleri.
1958 2214 2126 2267 Com-

431 2307 772 2361 mendamus
804 2309 1081 2376 praeterea
1121 2305 1337 2374 legatos
1364 2303 1434 2356 ab
1500 2300 1813 2372 apostolica
1874 2302 2004 2355 sede
2045 2301 2125 2355 di-

429 2402 631 2462 rectos,
687 2400 742 2449 et
805 2395 956 2465 apud
1001 2399 1242 2447 vestram
1287 2392 1458 2446 ﬁdem
1520 2391 1978 2462 religionemque
2022 2391 2120 2444 de-

429 2487 724 2556 ponimus;
756 2502 898 2555 quos
928 2484 1006 2537 ita
1039 2481 1300 2554 perfectis
1368 2481 1637 2535 omnibus
1699 2481 1879 2552 pietas
1935 2488 2122 2536 vestra

427 2575 697 2641 dimittat,
735 2579 798 2628 ut
827 2573 1034 2627 divinis
1063 2571 1378 2641 vestrisque
1403 2570 1697 2624 beneﬁciis
1736 2571 1807 2624 ad
1853 2571 2121 2641 apostoli-

427 2681 552 2719 cam
593 2665 783 2718 sedem
803 2664 1033 2732 plenam
1055 2661 1307 2715 referant
1338 2660 1405 2714 de
1447 2659 1820 2714 Ecclesiarum
1860 2661 2119 2714 omnium

429 2771 566 2825 pace
596 2753 874 2808 laetitiam.
920 2752 1055 2816 Quae
1100 2750 1310 2819 scripta
1329 2765 1431 2819 per
1486 2749 1789 2802 Paulinum
1848 2751 2120 2803 Romanae

430 2843 691 2896 Ecclesiae
724 2842 1082 2896 defensorem
1113 2839 1395 2893 famulum
1441 2843 1638 2892 vestrm
1686 2838 1914 2908 pietatis
1960 2839 2120 2907 inge-

421 2933 600 2987 renda
621 2931 1059 2986 transmisimus.
1093 2931 1235 2982 Data
1281 2945 1356 2981 vn
1403 2927 1531 2981 idus
1594 2927 1748 2994 Julii,
1811 2929 2116 2984 Eutharico

423 3021 543 3075 viro
575 3019 891 3074 clarissimo
914 3015 1144 3072 consule
1178 3018 1352 3082 (anno
1381 3015 1605 3070 Domini
1646 3015 1791 3086 519).

1006 3121 1335 3176 EPlSTOLA
1373 3123 1524 3176 XLV.

547 3231 612 3268 AD
652 3228 904 3266 JOANNEM
947 3227 1242 3266 EPISCOPUM
1286 3227 1983 3266 CONSTANTINOPOLITANUM.

420 3303 641 3359 Laudat
663 3303 950 3355 Joannem
981 3300 1056 3353 ad
1077 3299 1361 3354 unitatem
1393 3298 1655 3354 Ecclesia:
1683 3299 1952 3362 rediisse;
1979 3301 2115 3353 hor-

494 3375 651 3426 tatur
679 3375 740 3425 ut
769 3370 1176 3424 Alexandrinae
1195 3373 1250 3423 et
1266 3370 1624 3424 Antiochense
1651 3369 1914 3425 Ecclesia
1945 3371 2113 3426 unio-

489 3460 614 3498 nem
634 3459 694 3513 p7
707 3447 917 3507 ocuret,
943 3442 1269 3512 legatosque
1285 3441 1338 3494 ei
1362 3441 1738 3495 commendat.

493 3550 786 3604 llormisda
813 3548 1024 3603 Jonnni
1055 3547 1322 3618 episcopo
1356 3546 2002 3618 Constantinopolitano.

489 3639 886 3693 Consideranti
918 3638 1059 3691 mihi
1091 3643 1214 3707 tuael
1246 3636 1454 3707 scripta
1484 3637 1754 3703 caritatis,
1785 3636 1845 3691 in
1902 3637 2112 3708 quibus

417 3744 547 3781 cum
571 3727 702 3781 sede
729 3726 882 3780 beati
905 3726 1149 3796 apostoli
1193 3725 1344 3778 Petri
1376 3741 1552 3779 unam
1591 3725 1695 3778 tibi
1757 3741 1877 3778 esse
1936 3725 2110 3780 ﬁdem

415 3819 704 3888 professus
727 3833 822 3883 es;
878 3815 1214 3886 prophetica
1270 3814 1408 3869 libet
1473 3815 1789 3868 exclamare
1847 3815 2106 3870 licentia:

418 3909 748 3978 Eccequam
772 3905 976 3960 bonum
994 3909 1045 3960 et
1065 3921 1237 3976 quam
1255 3904 1569 3973 iucundum
1596 3903 1855 3959 habitare
1876 3905 2112 3973 fratres

414 3996 476 4051 in
496 4013 668 4050 unum
704 3995 887 4066 (Ps-al.
915 3998 1106 4064 xxx”).
1131 3997 1326 4066 Neque
1357 3995 1511 4049 enim
1547 3995 1718 4049 refert
1753 4012 1926 4065 quam
1985 3996 2107 4048 lon-

416 4086 650 4157 ginquis
678 4087 935 4140 locorum
969 4085 1166 4156 spatiis
1199 4085 1544 4150 dividamur,
1578 4084 1806 4155 quando
1831 4085 2107 4155 jam.Deo

417 4182 647 4230 auctore
679 4192 795 4230 una
827 4175 959 4228 fidei
1006 4173 1427 4228 cohabitatione
1474 4175 1913 4244 conjungimur;
1959 4190 2111 4227 nunc

415 4266 571 4320 enim
602 4264 993 4319 misericordia
1025 4267 1370 4334 procurante
1416 4263 1609 4317 divina
1638 4263 1699 4316 in
1759 4263 1930 4316 unius
1985 4278 2107 4316 cor-

415 4357 571 4428 poris
609 4355 831 4409 vultum
864 4353 1136 4424 dissipata
1159 4352 1294 4406 olim
1349 4352 1557 4406 Christi
1599 4351 1857 4405 membra
1899 4368 2108 4406 conve—
2147 4383 2190 4437 D

413 4445 602 4511 niunt,
633 4449 688 4498 et
710 4445 779 4497 ab
811 4441 1192 4513 iniquissimis
1260 4441 1486 4509 direpta
1541 4440 1860 4494 latronibus
1893 4457 2111 4495 annun-

412 4534 551 4588 tiata
579 4551 608 4586 a
631 4531 984 4603 propheticis
1007 4529 1241 4584 vocibus
1278 4527 1502 4583 Domini
1534 4528 1715 4582 nostri
1746 4529 2106 4600 redintegra-

411 4625 506 4675 tur
535 4621 858 4687 ha'reditas,
901 4624 958 4674 et
985 4635 1114 4673 vere
1160 4619 1221 4672 in
1277 4618 1450 4688 hujus
1508 4623 1684 4688 petrae
1741 4618 1876 4684 ﬁde,
1934 4620 1991 4673 id
2023 4625 2108 4673 est

410 4709 802 4780 apostolorum
833 4706 1109 4778 principis
1136 4706 1426 4774 ﬁrmitate,
1491 4706 1795 4761 Orientalis
1847 4708 2104 4762 Ecclesiae

411 4798 784 4853 fundamenta
805 4796 1144 4864 solidantur,
1174 4813 1325 4867 quae,
1358 4812 1488 4850 cum
1547 4796 1693 4849 facta
1748 4796 1860 4850 tuis
1899 4796 2102 4857 litteris

408 4887 752 4950 iudicentur,
804 4885 1139 4954 tempestiva
1185 4886 1564 4939 exsultatione
1613 4885 1918 4939 dicendum
1975 4891 2097 4940 est:

409 4977 584 5042 Quam
596 4972 839 5045 speciosi
845 4974 1019 5045 pedes
1029 4974 1550 5045 evangelizantium
1572 4991 1795 5044 pacem,
1815 4973 2098 5045 evangeli-

407 5063 664 5120 zantium
698 5063 840 5118 bona
882 5065 1067 5131 (Rom.
1118 5065 1195 5135 Χ).
1256 5065 1474 5118 Gratias
1531 5063 1710 5133 igitur
1754 5063 2100 5117 excellentis-

409 5156 570 5209 simae
607 5153 881 5217 Trinitati,
923 5170 1050 5224 quae
1108 5152 1513 5206 consentientis
1550 5153 1608 5205 in
1666 5152 1948 5207 Christum
1995 5153 2100 5206 Ec-

406 5245 683 5308 clesiaefac
720 5242 1047 5312 reipublicae
1103 5242 1256 5296 dedit
1295 5258 1416 5295 esse
1466 5247 1751 5294 rectores:
1808 5242 2096 5296 enimvero

407 5350 602 5388 rerum
637 5332 790 5386 salus
821 5337 923 5397 est,
949 5332 1213 5402 quotiens
1248 5330 1309 5382 in
1343 5329 1475 5383 ﬁdei
1509 5331 1804 5384 catholicas
1861 5332 2096 5386 veritate

407 5423 727 5477 sacerdotes
754 5437 818 5474 ac
848 5419 1134 5490 principes
1164 5434 1327 5472 mens
1357 5435 1473 5472 una
1518 5421 1821 5474 connectit.
1857 5421 1967 5475 Hoc
2007 5421 2096 5475 ﬁr-

407 5527 566 5565 mum
595 5510 748 5581 pacis
780 5510 1071 5564 vinculum
1095 5513 1198 5575 est,
1226 5508 1348 5562 haec
1380 5507 1599 5562 coalitus
1631 5509 1863 5563 dimissa
1918 5508 2093 5563 socie-

407 5605 539 5668 tas;
580 5616 769 5670 neque
801 5599 882 5652 fas
914 5601 999 5652 est
1029 5597 1183 5652 enim
1226 5597 1284 5650 in
1352 5613 1466 5668 quo
1515 5597 1710 5651 vident
1760 5597 2094 5652 concordari

406 5688 766 5761 praepositos,
808 5685 964 5742 aliud
995 5686 1205 5742 sentire
1235 5685 1538 5758 subjectos.
1589 5687 1677 5741 An
1721 5685 1962 5743 dubium
2009 5691 2095 5742 est

1897 293 2270 348 HORMISDE
2296 295 2494 349 PAPA‘I

2157 3025 2208 3080 Ο.

3800 301 3880 356 456

2245 432 2446 482 cuncta
2475 427 2596 481 haec
2637 426 3053 497 providentiam
3090 426 3431 498 disposuisse
3461 428 3743 486 divinam?
3784 435 3876 488 Pri~

2249 533 2408 570 mum
2449 533 2579 570 eum
2602 516 2924 587 principem
2950 534 3070 569 esse
3092 517 3396 583 delectum,
3427 518 3524 589 qui
3561 535 3679 573 cum
3713 537 3762 574 se
3798 523 3876 577 ho-

2247 609 2471 660 minum
2505 607 2821 676 suscepisse
2856 606 3070 659 videret
3103 606 3431 677 imperium,
3474 624 3586 661 non
3615 626 3668 663 se
3694 611 3878 679 joblitus

2246 702 2328 749 est
2352 697 2466 749 Deo
2499 713 2618 749 esse
2653 695 3002 764 subjectum.
3042 696 3257 749 Dehinc
3309 697 3455 766 quod
3511 699 3672 751 talem
3716 700 3879 755 frater-

2246 785 2486 838 nitatem
2517 789 2672 838 tuam
2707 785 2966 838 Ecclesiae
3026 801 3141 838 sum
3173 785 3477 855 praesulem
3531 786 3693 851 dedit,
3740 806 3880 859 quem

2245 891 2362 928 non
2389 877 2535 928 esset
2571 875 2906 944 ambiguum
2947 891 3075 928 cum
3105 874 3236 928 sede
3268 883 3474 941 nostra,
3509 876 3562 929 id
3596 881 3675 929 est
3703 884 3882 947 aposto-

2241 963 2371 1028 lica,
2406 970 2616 1018 certam
2651 980 3093 1034 mansuramque
3126 964 3258 1017 ﬁdei
3282 964 3599 1018 subiturum
3623 983 3732 1019 esse
3775 983 3880 1020 con-

2243 1053 2516 1107 cordiam.
2553 1053 2772 1106 Etenim
2797 1053 2989 1106 libello
3025 1071 3056 1106 a
3084 1053 3390 1107 nobisﬁdei
3410 1054 3643 1107 libenter
3667 1066 3880 1127 accepto,

2242 1158 2372 1195 cum
2405 1141 2909 1211 redintegrationis
2939 1142 2998 1195 in
3021 1142 3242 1196 Christo
3288 1143 3464 1196 fueris
3511 1144 3714 1209 avidus,
3768 1162 3882 1200 nuu-

2242 1247 2416 1302 quam
2462 1233 2518 1285 in
2571 1232 3077 1302 praedestinatione
3109 1232 3304 1286 divina
3331 1233 3502 1287 fuisse
3534 1250 3566 1286 a
3607 1233 3756 1286 nobis
3781 1250 3882 1304 cog-

2242 1321 2494 1375 nosceris
2512 1322 2750 1374 alienus.
2779 1322 2998 1392 Itaque,
3024 1322 3389 1376 dilectissime
3410 1322 3601 1388 frater,
3629 1324 3717 1377 Dei
3739 1325 3879 1377 nostri

2242 1417 2443 1480 sponte
2492 1411 2851 1464 currentibus
2913 1412 3121 1465 instate
3189 1412 3500 1478 beneficiis,
3559 1412 3728 1481 sparsi
3769 1413 3877 1466 olim

2241 1501 2432 1570 gregis
2450 1501 2674 1570 plenius
2709 1500 2963 1553 membra
2994 1501 3341 1570 colligite,fet
3371 1501 3644 1554 custodite
3669 1502 3877 1556 collecta.

2241 1591 2522 1644 Memento
2557 1605 2709 1642 nunc
2736 1591 3047 1643 clementer
3081 1590 3383 1658 assignate:
3415 1607 3450 1644 a
3488 1590 3702 1644 Christo
3752 1594 3879 1644 navis

2241 1694 2360 1731 esse
2389 1683 2442 1731 te
2473 1683 2751 1730 rectorem
2784 1693 2795 1731 ;
2833 1677 2916 1731 fac
2947 1678 3160 1748 cogites
3215 1677 3511 1732 diabolicae
3555 1679 3877 1732 contumacia:

2238 1767 2491 1837 spiritus,
2516 1767 2768 1838 quietem
2826 1766 3046 1820 itineris
3099 1773 3154 1821 et
3185 1784 3380 1822 curam
3428 1769 3746 1835 turbantes;
3798 1785 3878 1822 uec

2237 1861 2290 1910 te
2341 1858 2519 1910 latent
2575 1856 2781 1910 [luctus
2837 1857 3193 1926 tempestatis
3254 1857 3507 1923 incertae,
3544 1874 3680 1928 quos
3725 1858 3878 1928 evigili

2235 1952 2428 2000 mente
2461 1949 2789 2018 prospicias,
2819 1951 2874 2001 et
2905 1949 3102 2015 lerecta
3150 1947 3207 2000 in
3250 1949 3430 2000 Deum
3494 1947 3704 2001 ratione
3753 1963 3875 2000 com-

2233 2051 2461 2104 penses.
2490 2037 2653 2089 Nulla
2683 2036 2786 2090 tibi
2836 2036 3360 2106 commissinegotii
3409 2035 3746 2106 negligentia
3792 2037 3876 2089 cla-

2233 2140 2366 2177 vum
2403 2124 2701 2178 dominicas
2726 2125 2863 2178 retis
2915 2128 3267 2195 extorqueat.
3318 2124 3466 2177 lllud
3509 2124 3731 2177 unicum
3766 2124 3874 2176 recti

2233 2213 2461 2267 itineris
2482 2214 2707 2283 signum
2742 2214 2867 2268 ﬁxis
2916 2229 3144 2283 semper
3192 2213 3486 2267 obtutibus
3532 2213 3754 2278 intuere,
3784 2228 3874 2282 quo

2232 2303 2439 2356 certius
2482 2303 2777 2372 pertlantis
2834 2302 3044 2356 diaboli
3103 2302 3328 2356 turbata
3366 2307 3706 2368 contemnas,
3750 2307 3796 2355 et
3819 2301 3872 2354 ad

2228 2390 2498 2462 promissi
2526 2394 2723 2461 portus
2755 2391 3064 2461 tranquilla
3084 2391 3401 2460 pervenias.
3463 2392 3586 2444 Haec
3632 2395 3708 2444 est
3749 2389 3874 2444 Chri-

2231 2479 2402 2533 stiani
2433 2479 2692 2549 palaestra
2724 2479 3074 2547 certaminis,
3102 2479 3201 2532 tali
3232 2479 3442 2533 Christi
3503 2479 3714 2533 militiae
3749 2495 3870 2531 sem-

2230 2568 2469 2639 piternae
2497 2568 2624 2622 vitae
2658 2569 2848 2638 palma
2876 2568 3232 2639 proponitur.
3281 2569 3411 2622 Haec
3443 2568 3549 2623 tibi
3604 2568 3871 2622 rectissime

2229 2658 2506 2728 cogitanti
2535 2674 2649 2711 non
2681 2657 2864 2712 deerit
2893 2673 2995 2710 suo
3037 2657 3206 2711 militi
3230 2657 3568 2728 praesidium
3607 2657 3783 2721 ducis;
3831 2662 3873 2710 et

2231 2752 2444 2819 quanto
2476 2747 2727 2802 hostium
2763 2747 3218 2816 multiplicantur
3246 2747 3493 2816 insidiae,
3520 2754 3672 2802 tanto
3701 2747 3873 2801 summi

2231 2837 2416 2908 gratia
2443 2837 2678 2892 rectoris
2709 2838 3062 2891 adversantis
3088 2854 3304 2891 venena
3337 2837 3732 2892 misericordia
3784 2853 3874 2890 suae

2227 2927 2362 2981 facit
2391 2943 2511 2980 esse
2534 2926 2855 2992 materiam,
2885 2926 3028 2980 sicut
3069 2942 3256 2980 sermo
3280 2929 3606 2997 apostolicae
3665 2926 3875 2980 veritatis

2224 3017 2487 3084 asseruit,
2520 3017 2747 3071 dicens:
2777 3014 2887 3071 Ubi
2907 3015 3223 3072 abundavit
3247 3015 3547 3086 iniquitas,
3569 3014 3872 3087 superabun-

2223 3105 2383 3160 davit
2402 3108 2458 3159 et
2490 3106 2687 3177 gratia
2740 3106 2926 3175 (Rom.
2971 3107 3042 3173 γ).
3073 3106 3157 3159 Tu
3197 3109 3416 3159 tantum
3466 3106 3667 3160 divinis
3711 3103 3870 3157 rectis-

2225 3193 2500 3264 simisque
2521 3193 2808 3248 inhaerens
2849 3193 3146 3259 institutis,
3185 3194 3623 3248 ecclesiasticam
3667 3190 3870 3247 fovendo

2223 3281 2610 3349 concordiam,
2644 3282 2817 3336 veluti
2841 3282 3086 3352 quodam
3109 3281 3355 3351 paciﬁcm
3383 3283 3686 3336 voluntatis
3709 3282 3870 3348 signa-

2223 3374 2314 3424 tus
2345 3370 2586 3436 indicio,
2610 3371 2763 3425 illius
2792 3387 2911 3424 esse
2943 3370 3255 3441 discipulus
3290 3371 3622 3441 approberis
3655 3370 3744 3440 qui
3771 3368 3864 3421 ait:

2223 3457 2433 3512 Pacem
2461 3475 2651 3513 meam
2689 3460 2760 3512 do
2783 3457 2957 3525 vobis,
2989 3475 3189 3530 pacem
3230 3475 3414 3513 meam
3444 3459 3705 3529 relinquo
3747 3453 3871 3510 vobis

2223 3547 2422 3615 (Joan.
2455 3547 2590 3617 xxv).
2625 3549 2860 3602 Hortare
2882 3547 3074 3614 etiam,
3092 3564 3420 3618 quanquam
3441 3553 3640 3617 sponte
3669 3546 3730 3600 ad
3750 3548 3873 3598 recta

2222 3636 2574 3697 tendentem,
2621 3637 2805 3690 tilium
2859 3641 3123 3690 nostrum
3193 3636 3700 3690 clementissimum
3743 3633 3870 3705 priu-

2221 3725 2407 3795 cipem
2437 3727 2743 3792 Iustinum,
2767 3725 3091 3782 Christiano
3127 3726 3334 3779 saeculo
3389 3725 3661 3780 divinitus
3685 3736 3871 3790 compa-

2220 3819 2431 3880 ratum,
2464 3832 2530 3868 ea
2558 3816 2831 3885 perﬁcere
2878 3831 3007 3886 qua:
3062 3814 3349 3884 regalibus
3393 3814 3600 3868 litteris
3641 3814 3871 3883 dignatus

2220 3908 2306 3958 est
2337 3904 2618 3975 polliceri,
2652 3909 2717 3958 ut
2750 3903 2931 3957 missis
2959 3903 3028 3958 ad
3060 3920 3154 3957 eos
3185 3904 3383 3957 edictis
3420 3920 3568 3974 quos
3598 3903 3664 3958 ab
3715 3900 3874 3955 Eccle-

2220 3992 2317 4048 sia:
2350 3994 2546 4046 matris
2568 3993 2839 4047 uberibus
2861 3993 3036 4047 etiam
3071 4009 3222 4046 nunc
3245 3993 3444 4047 devius
3464 4009 3624 4047 error
3652 3987 3870 4052 abducit,

2219 4081 2559 4136 diabolicam
2592 4082 2850 4136 fraudem
2870 4087 2924 4137 et
2946 4082 3282 4136 auctoritate
3331 4083 3631 4152 religionis
3683 4087 3732 4134 et
3778 4094 3873 4132 mo-

2219 4171 2412 4226 derata
2440 4176 2718 4242 potestate
2749 4177 3068 4243 compescat
3096 4172 3347 4242 imperii,
3369 4188 3612 4243 eamque
3643 4170 3742 4226 sibi
3767 4183 3876 4222 con-

2218 4263 2307 4314 tra
2348 4276 2712 4316 communem
2785 4262 2962 4315 totius
3009 4260 3384 4316 humanitatis
3458 4262 3682 4316 hostem
3732 4257 3875 4312 maxi-

2218 4365 2372 4403 mam
2396 4351 2699 4404 ducatesse
2729 4349 3044 4418 victoriam,
3079 4348 3125 4402 si
3173 4365 3435 4419 supernae
3487 4349 3695 4403 auxilio
3747 4342 3872 4400 Divi-

2219 4438 2413 4492 nitatis
2470 4438 2675 4493 vetusti
2739 4437 3019 4509 serpentis
3065 4454 3286 4492 venena
3358 4437 3765 4510 compresserit.
3816 4435 3876 4486 De

2215 4528 2585 4583 Antiochenm
2621 4544 2849 4600 quoque
2868 4534 3038 4599 atque
3074 4529 3473 4583 Alexandrinae
3531 4527 3874 4583 Ecclesiarum

2217 4621 2362 4671 statu
2395 4633 2512 4671 non
2561 4617 2931 4687 supersedeas
2977 4634 3098 4672 esse
3139 4618 3433 4688 sollicitus,
3467 4623 3523 4673 et
3582 4613 3876 4673 clementis-

2215 4705 2360 4760 simo
2390 4705 2632 4760 subinde
2667 4706 2983 4777 supplicato
3016 4713 3080 4761 ut
3116 4706 3176 4760 in
3195 4706 3283 4760 his
3317 4723 3543 4778 quoque
3583 4721 3772 4778 pacem
3807 4717 3876 4756 rc-

2213 4794 2413 4865 ligiosa
2436 4795 2800 4851 ordinatione
2841 4796 3120 4864 restituat,
3188 4800 3471 4868 quatenus
3508 4797 3677 4851 bonis
3705 4792 3874 4864 emptis

2211 4885 2395 4954 plenae
2429 4886 2724 4939 cumulum
2757 4886 3122 4955 perfectionis
3155 4887 3446 4956 adjungat.
3485 4887 3710 4940 Frustra
3745 4882 3874 4936 enim

2210 4973 2424 5027 bonum
2460 4991 2604 5045 opus
2635 4975 2924 5045 incipitur,
2959 4976 3006 5028 si
3025 4975 3210 5029 nonin
3235 4980 3418 5029 totum
3451 4975 3722 5046 perfectio
3767 4971 3875 5025 sub-

2211 5067 2502 5133 sequatur.
2545 5064 3023 5118 Commendamus
3071 5069 3348 5135 praeterea
3405 5066 3622 5135 legatos
3672 5081 3703 5118 a
3763 5059 3874 5114 sede

2211 5153 2515 5223 apostolica
2557 5153 2881 5220 destinatos,
2928 5171 3073 5225 quos
3113 5155 3190 5208 ita
3237 5155 3406 5208 faciat
3435 5156 3504 5209 ad
3535 5171 3642 5209 nos
3688 5159 3780 5208 tua
3810 5149 3877 5203 di-

2208 5241 2373 5295 lectio
2408 5257 2684 5309 remeare,
2737 5248 2799 5296 ut
2833 5243 3264 5314 nobis'plenam
3319 5244 3534 5298 referre
3565 5246 3772 5315 queant
3817 5238 3874 5291 de

2208 5330 2768 5386 restitutauniversis
2815 5333 3074 5387 Ecclesiis
3129 5350 3266 5404 pace
3329 5333 3605 5388 laetitiam.
3638 5334 3771 5387 Data
3813 5341 3874 5380 VII

2205 5419 2336 5474 idus
2356 5419 2508 5476 ludii
2531 5419 2704 5491 (anno
2734 5422 2963 5477 Domini
2997 5423 3136 5493 5t9),
3172 5423 3512 5495 Euthayrico
3561 5438 3614 5478 v.
3657 5437 3702 5475 c.
3757 5431 3872 5472 con-

2205 5509 2347 5564 sule.
