3998 6172
121 234 210 282 437
1402 225 1503 278 ΕΡΙ
1517 224 1750 280 STOL/E

1969 224 2090 277 [ΞΟΠ
2103 225 2250 277 ΕΤΑ.

649 353 991 409 EI’ISTOLA
1029 357 1204 408 XLVI.

627 460 704 500 AD
756 459 1231 498 JUSTINIANUM.

123 554 610 614 Commendateum,
626 551 774 622 quod
787 550 1024 604 Justino
1036 549 1112 603 ad
1108 551 1138 619 j
1143 552 1367 604 umento
1366 550 1532 616 fueri
1538 553 1556 602 t
1568 549 1626 603 in
1637 565 1780 619 pace

177 624 430 682 Ecclesia
449 621 734 678 reddenda
753 622 829 676 ad
847 639 1022 693 quam
1049 622 1304 692 perfecte
1325 621 1632 676 ineundum
1652 622 1778 674 hor-

183 703 340 752 tatur.

180 803 459 858 Hormisda
491 803 700 855 illustri
734 801 854 853 viro
885 800 1226 854 Justiniano.

179 893 550 949 Benedicimus
589 890 878 944 ineffabile
929 889 1254 942 Divinitatis
1301 889 1599 954 auxilium,
1644 890 1781 960 quia

124 987 178 1040 de
220 982 578 1036 Ecclesiarum
643 995 779 1049 pace
831 978 1214 1032 universitatis
1271 979 1619 1049 desiderium
1678 979 1782 1032 sub

126 1071 502 1142 tranquillitate
543 1069 886 1138 agnovimus
952 1068 1123 1121 fuisse
1181 1048 1554 1137 completum.
1617 1069 1780 1131 Quod

124 1162 317 1233 quidem
339 1176 452 1213 non
482 1165 694 1229 praeter
716 1156 1045 1228 opinionem
1073 1162 1323 1211 nostram
1346 1157 1584 1226 contigit
1614 1157 1737 1211 ﬁeri
1766 1174 1779 1210 :

125 1252 236 1322 quia
260 1248 670 1318 religiosissimi
708 1249 950 1317 Augusti
997 1251 1330 1318 praesumpti
1368 1264 1576 1316 genere
1620 1264 1780 1316 spem

124 1355 314 1410 semper
355 1337 636 1408 gessimus
684 1337 750 1390 de
786 1337 999 1405 quiete,
1035 1342 1090 1389 et
1131 1337 1278 1406 quod
1313 1337 1660 1388 credidimus
1692 1336 1781 1388 fa-

123 1429 350 1481 ciendum
380 1427 483 1479 sub
515 1425 773 1495 principe
805 1424 1125 1478 Christiano
1159 1425 1227 1477 de
1259 1425 1627 1488 adunatioue,
1663 1427 1784 1476 erat

123 1516 168 1568 in
193 1520 387 1567 votum.
419 1513 608 1575 Quare
649 1511 883 1565 habebit
923 1513 1202 1581 gloriosus
1238 1513 1550 1582 imperator
1577 1512 1644 1565 de
1679 1511 1782 1563 hac

123 1619 258 1655 causa
311 1601 741 1670 triumphorum
800 1600 1016 1666 titulos,
1070 1618 1184 1654 non
1215 1602 1424 1670 quibus
1464 1617 1521 1653 se
1567 1599 1778 1652 oblivio

124 1691 450 1744 mortalitatis
500 1691 824 1755 interserat,
877 1689 974 1740 sed
1039 1704 1180 1758 quos
1229 1688 1548 1741 Divinitatis
1598 1689 1784 1756 gratia

123 1796 265 1848 super
291 1779 673 1849 perpetuitate
725 1778 1022 1830 conﬁrmet
1053 1793 1064 1830 :
1111 1781 1165 1828 et
1197 1777 1354 1829 vobis
1405 1793 1635 1847 quoque
1668 1793 1785 1829 cce-

125 1869 247 1922 lestis
273 1867 752 1921 remunerationis
782 1883 899 1920 non
933 1867 1114 1919 deerit
1145 1865 1475 1935 praemium,
1510 1866 1608 1935 qui
1633 1865 1787 1934 adju-

121 1959 245 2010 vistis
279 1957 407 2010 boni
441 1956 726 2026 principis
759 1956 1106 2019 institutum,
1141 1959 1311 2024 atque
1345 1955 1623 2024 obsequio
1653 1971 1783 2007 con-

123 2047 330 2099 venienti
379 2045 670 2099 desiderio
726 2045 1027 2098 horrorem
1103 2042 1520 2112 segregationis
1576 2042 1788 2094 fecistis

124 2136 320 2189 excludi.
341 2133 692 2188 Benedictus
713 2131 981 2187 Dominus
1009 2135 1146 2185 Deus
1166 2135 1378 2196 noster,
1403 2130 1504 2201 qui
1532 2130 1786 2185 uisitauit

123 2222 302 2289 etfacit
344 2221 805 2293 redemptionem
842 2219 1026 2291 plebis
1057 2236 1171 2274 suae
1210 2220 1369 2287 (Luc.
1405 2225 1462 2288 ι).
1517 2221 1786 2290 Superest

127 2329 244 2365 nunc
270 2318 345 2379 ut,
377 2314 518 2382 quia
554 2312 710 2364 vobis
759 2310 1088 2378 hujusmodi
1135 2309 1390 2362 ofﬁcium
1436 2319 1654 2364 certum
1705 2313 1788 2362 est

126 2401 432 2468 providentia
491 2399 818 2453 Divinitatis
850 2399 1195 2467 injunctum,
1231 2398 1560 2467 accingatis,
1593 2403 1655 2451 ut
1685 2399 1788 2464 ait,

128 2490 329 2555 lumbos,
363 2494 418 2542 et
458 2489 720 2558 paciﬁcae
767 2487 1183 2540 adhortationis
1227 2487 1444 2539 viribus
1475 2503 1787 2556 persequa-

129 2578 257 2642 mini,
287 2596 313 2630 a
344 2580 560 2648 quibus
609 2593 804 2647 pacem
860 2593 972 2628 non
1013 2576 1215 2628 videtis
1256 2575 1506 2645 agnosci,
1542 2577 1786 2629 maxime

127 2668 231 2736 quia
255 2667 440 2736 gratia-
472 2667 680 2736 gloriae
715 2671 913 2718 vestrae
958 2665 1298 2730 detrahitur,
1333 2665 1376 2717 si
1414 2665 1550 2734 quid
1593 2665 1649 2717 in
1683 2667 1786 2718 bac

128 2771 261 2807 causa
301 2755 466 2808 fuerit
517 2753 711 2806 minus
753 2754 1074 2822 impletum.
1129 2753 1558 2822 Circumspicite
1589 2753 1785 2805 omnia

130 2843 210 2896 ﬁde
237 2860 338 2914 qua
378 2843 598 2907 vivitis,
645 2849 702 2895 et
746 2842 1044 2910 diligentia
1095 2858 1206 2912 qua
1254 2842 1456 2910 vigetis
1509 2841 1784 2894 occurrite

129 2934 345 2986 omnibus
386 2932 719 2985 incursibus
749 2932 958 3001 quibus
999 2930 1294 2999 religionis
1325 2930 1663 2983 Christianae
1697 2946 1780 2982 re-

129 3018 389 3072 verentiam
433 3019 646 3091 videtis
694 3035 814 3071 esse
846 3024 1126 3082 vexatam,
1167 3023 1226 3070 ut
1257 3018 1546 3070 instantize
1581 3024 1781 3071 vestra}

129 3106 239 3160 bene
264 3108 549 3177 possimus
575 3122 702 3158 cum
733 3107 1108 3159 exsultatione
1139 3107 1325 3159 dicere
1355 3123 1366 3159 :
1395 3104 1784 3159 Rcminiscen-

130 3198 212 3258 tur,
254 3199 298 3250 et
329 3197 737 3249 convertentur
765 3195 840 3249 ad
883 3197 1185 3248 Dominum
1213 3211 1405 3248 omnes
1445 3198 1587 3262 ﬁnes
1623 3201 1784 3249 terra:

131 3285 274 3349 tPsal.
325 3287 457 3354 XXI).
492 3285 637 3347 Qum
683 3301 810 3337 cum
850 3285 928 3336 ita
959 3287 1090 3349 sint,
1124 3301 1220 3337 vos
1251 3285 1350 3354 qui
1393 3285 1652 3336 Ecclesiae
1686 3302 1783 3337 ca-

131 3373 307 3426 tholica!
329 3374 737 3444 tranquillitati
768 3373 978 3426 fecistis
1006 3373 1258 3438 initium,
1292 3389 1601 3442 procurare
1625 3374 1785 3427 decet

133 3461 347 3516 ellectum
376 3480 389 3516 :
423 3478 550 3516 non
594 3461 775 3514 deerit
817 3462 1118 3514 Salvatoris
1150 3462 1328 3514 nostri
1361 3462 1520 3514 favor
1551 3461 1609 3513 in
1655 3479 1780 3530 per-

132 3550 347 3615 fectione,
379 3552 478 3622 qui
509 3551 681 3604 vobis
701 3551 809 3603 hoc
839 3567 984 3620 opus
1011 3551 1309 3620 inspiravit
1334 3551 1606 3618 incipere.
1648 3552 1783 3604 Data

136 3641 321 3694 consule
347 3639 744 3711 suprascripto
777 3642 950 3706 (anno
987 3640 1212 3693 Domini
1243 3642 1386 3701 2319.)

185 3730 314 3797 (Post
341 3729 485 3783 hanc
519 3729 825 3799 epistolam
857 3727 916 3780 in
943 3728 1276 3781 collectione
1306 3728 1575 3780 Avellana
1609 3727 1784 3779 altera

133 3796 222 3872 hac
248 3802 480 3855 succedit
515 3796 696 3872 quam
737 3816 802 3852 ex
831 3799 1034 3872 eadem
1066 3799 1444 3872 collectionne
1478 3799 1786 3866 vulgarunt

136 3869 352 3925 Ballerini
380 3869 630 3943 operIS.
669 3870 892 3937 Leonis,
929 3877 1068 3924 tom.
1106 3871 1203 3935 lII,
1236 3885 1366 3939 pag.
1411 3873 1547 3934 166).

188 3960 476 4015 Hormisda.

185 4050 301 4104 Cum
357 4067 591 4105 necesse
643 4049 816 4103 fuerit
873 4048 1081 4118 scripta
1139 4046 1372 4100 domino
1421 4045 1542 4099 ﬁlio
1596 4050 1785 4098 nostro

135 4136 527 4192 clementissimo
567 4138 818 4208 principi
867 4134 1163 4202 destinari,
1211 4133 1649 4205 amplitudinem
1689 4150 1783 4186 ve-

134 4231 267 4280 stram
296 4229 516 4282 silentio
551 4227 848 4298 praeterire
882 4225 1265 4296 nequivimus.
1315 4226 1377 4276 Iit
1418 4225 1546 4278 ideo
1575 4223 1786 4276 saluta-

136 4312 265 4367 tionis
300 4317 801 4370 honoriﬁcentiam
839 4316 1264 4384 pra1~loqucntes
1298 4329 1394 4366 eos
1427 4314 1522 4382 qui
1559 4312 1613 4364 in
1665 4328 1782 4364 rem

137 4399 356 4459 destinati
377 4412 510 4460 sunt
536 4405 1029 4469 comn‘icndamus,
1075 4403 1422 4478 postulantes
1458 4408 1518 4453 ut
1553 4401 1784 4453 domino

138 4498 287 4545 nostro
334 4501 566 4549 auctore
615 4494 719 4547 sub
761 4497 944 4546 vestra
992 4492 1365 4562 dispositione
1419 4490 1680 4543 celeriter
1724 4494 1786 4542 ut

140 4578 235 4650 (leg.
256 4584 337 4652 ad)
359 4585 647 4639 destinata
678 4584 1034 4652 perveniant,
1059 4587 1120 4634 ut
1145 4580 1555 4634 sacratissimus
1583 4585 1635 4631 et
1658 4580 1784 4631 reli-

141 4669 444 4733 giosissimus
493 4674 811 4743 imperator
862 4669 1198 4724 meritorum
1249 4686 1484 4724 suorum
1544 4668 1784 4737 gloriam

139 4760 276 4822 possit
299 4761 414 4816 sine
447 4762 725 4816 dilatione
757 4776 1117 4830 cognoscere.

654 4867 991 4922 EPISTOLA
1031 4865 1228 4919 XLVII.

701 4973 776 5011 AD
819 4970 1179 5011 POMPEIUM.

141 5040 321 5116 Laudat
334 5044 677 5116 Pompeium
690 5045 836 5115 quod
848 5060 908 5097 sc
926 5045 1086 5116 pacis
1105 5040 1418 5116 studiosum
1437 5038 1749 5116 tis-tetulerit
1772 5059 1780 5092 ;

190 5113 420 5171 hortatur
437 5111 513 5171 ait
533 5111 768 5187 Operam
789 5111 1138 5181 navandum,
1155 5119 1216 5167 ut
1227 5111 1492 5183 perfecta
1517 5111 1786 5165 Ecclesia:

191 5188 562 5258 tranquillitas
594 5188 886 5243 reddatur.

193 5291 460 5350 Hormisda
495 5296 788 5366 Pompeio.

191 5377 258 5431 Ita
283 5382 592 5437 devotionis
639 5390 848 5438 nostrae
898 5381 1156 5436 animum
1207 5380 1413 5449 gaudio
1463 5378 1786 5433 concordiae

140 5461 344 5523 fatemur
372 5473 694 5542 impletum,
734 5477 793 5526 ut
835 5473 992 5525 nulla
1024 5470 1319 5524 credamus
1361 5469 1535 5522 verba
1564 5469 1784 5522 sufﬁce-

142 5570 188 5607 re
212 5561 398 5628 quibus
428 5564 562 5616 ﬁdei
599 5569 796 5618 vestra:
848 5563 1155 5633 puritatem
1199 5561 1488 5614 valeamus
1539 5561 1784 5628 explere.

593 5662 859 5727 PATROL.
914 5659 1138 5727 LXIII.

3481 225 3583 278 458

1811 363 1856 413 Α
1885 353 2080 422 Magna
2111 353 2363 422 profecto
2410 354 2687 406 memoria
2720 354 3004 407 felicitatis
3037 351 3354 409 transibitis
3383 357 3454 410 ad
3486 374 3580 428 po-

1889 448 2087 506 steros,
2122 442 2256 511 quia
2286 458 2384 494 vos
2429 443 2486 494 in
2535 442 2792 496 facienda
2839 459 2975 513 pace
3026 433 3410 500 sollicitudine
3463 464 3582 501 cer-

1889 537 2010 584 tum
2035 536 2118 584 est
2150 532 2321 584 fuisse
2353 532 2708 586 constrictos.
2761 533 2989 586 Habetis
3020 535 3172 604 apud
3213 535 3581 591 Divinitatem

1891 622 2180 685 meritum,
2202 621 2362 689 cujus
2397 621 2661 690 religioni
2702 622 3024 690 persolvitis
3041 623 3327 678 atfectum.
3355 626 3584 696 Operati

1891 711 2135 780 quidem
2183 711 2316 763 estis
2378 711 2765 779 generalitatis
2815 711 3117 777 desideria,
3163 714 3258 767 sed
3306 720 3361 768 et
3403 722 3585 771 vestra

1889 800 2106 870 pariter
2149 800 2432 869 completa
2483 805 2619 852 sunt
2663 806 2818 866 vota;
2851 805 2906 852 et
2952 817 3084 854 cum
3129 803 3338 858 anima:
3387 811 3583 860 vestrze

1891 887 2228 957 paraveritis
2273 889 2596 958 praemium,
2642 890 2976 942 universitas
3024 891 3132 945 sibi
3162 894 3369 960 gaudet
3407 894 3587 949 bene—

1891 976 2085 1030 ﬁcium
2131 977 2472 1047 impensum.
2515 978 2876 1047 Quapropter
2917 980 3108 1034 debita
3155 981 3586 1037 honoriﬁcentia

1893 1067 2202 1118 salutantes
2248 1067 2562 1126 hortamur,
2619 1071 2673 1118 et
2722 1067 2991 1136 petimus,
3033 1074 3096 1121 ut
3135 1069 3427 1125 vivacitate
3477 1089 3587 1143 qua

1894 1156 2103 1224 quietis
2135 1155 2525 1207 ecclesiastica!
2575 1156 2826 1224 coepistis
2877 1157 3126 1224 initium,
3165 1161 3477 1227 procuretis
3509 1163 3587 1214 ef-

1892 1243 2126 1306 fectum;
2162 1249 2217 1295 et
2247 1259 2592 1313 quocunque
2635 1244 3020 1296 contentionis
3067 1246 3306 1315 alicujus
3338 1248 3589 1300 videritis

1893 1334 2236 1384 remansisse
2290 1333 2544 1401 vestigia,
2597 1333 2804 1385 curetis
2862 1334 3050 1386 modis
3117 1336 3386 1388 omnibus
3438 1337 3588 1390 inse-
3654 1332 3665 1345 ’

1894 1421 2139 1491 quenda.
2187 1421 2393 1474 Adeste
2451 1421 2826 1475 Ecclesiarum
2880 1423 2980 1476 Dei
3039 1423 3386 1492 plenissimae
3430 1431 3588 1480 tran-

1893 1510 2186 1579 quillitati,
2221 1511 2464 1563 insistite
2502 1510 2704 1578 labori,
2737 1527 2909 1580 quem
2952 1511 3088 1565 ﬁdei
3117 1517 3320 1566 vestra:
3351 1529 3589 1567 munere

1900 1598 2143 1651 Domino
2189 1599 2426 1652 curastis
2469 1599 2694 1653 otferre.
2735 1598 2935 1652 Facitis
2985 1601 3161 1666 enim,
3211 1607 3270 1654 ut
3313 1603 3530 1671 majore
3561 1619 3591 1656 a

1822 1669 1865 1720 ί)
1898 1687 2057 1740 vobis
2075 1688 2283 1741 ﬁducia
2303 1687 2598 1757 exigamus
2617 1688 3054 1758 plenitudinem,
3077 1705 3220 1759 quos
3236 1669 3592 1759 gratulamur

1897 1777 2237 1830 desideratas
2261 1777 2601 1830 dulcissima:
2640 1777 3006 1831 adunationis
3048 1778 3214 1832 initia
3245 1780 3431 1832 votiva
3460 1779 3592 1832 fun-

1897 1865 2079 1919 dasse.
2121 1867 2260 1919 Data
2291 1866 2520 1919 consule
2551 1866 2937 1938 suprascripto
2976 1867 3150 1936 (anno
3187 1868 3412 1922 Domini
3445 1870 3587 1933 519).

2442 2028 2768 2083 EPISTOLA
2807 2028 3036 2083 XLVIII.

2343 2167 2420 2204 AD
2463 2166 2792 2206 JULIANAM
2841 2167 3140 2206 ANICIAM.

2330 2275 2553 2330 Eadem
2583 2293 2704 2348 qua?
2735 2277 2796 2330 in
2833 2276 3135 2348 superiori.

1966 2401 2262 2455 Hormisda
2282 2401 2521 2455 luliana'
2555 2403 2787 2456 Anicius.

1968 2490 2196 2544 Litteris
2227 2491 2619 2560 amplitudinis
2652 2499 2848 2545 vestrae
2888 2493 3193 2563 perceptis,
3225 2495 3438 2564 gratias
3475 2496 3586 2548 Deo

1897 2586 2085 2634 nostro
2103 2581 2170 2634 de
2194 2581 2483 2634 ρειὶὶιοιίοω
2506 2581 2638 2634 ﬁdei
2675 2582 3158 2651 redintegratione
3182 2583 3585 2652 persolvimus;

1895 2675 2156 2739 optantes
2187 2675 2250 2721 ut
2283 2672 2400 2737 ipse
2450 2669 2646 2722 vestris
2687 2669 2966 2734 sensibus,
3000 2686 3104 2739 pro
3152 2671 3433 2740 religione
3465 2689 3584 2737 sua,

1896 2759 2050 2828 quod
2084 2757 2356 2810 concessit
2391 2759 2558 2826 longa
2595 2763 2763 2812 {etate
2798 2774 3132 2812 conservare
3171 2760 3441 2829 dignetur
3470 2768 3586 2815 stu-

1897 2847 2055 2900 dium
2092 2863 2103 2898 :
2133 2852 2197 2899 ut
2230 2847 2373 2898 sicut
2394 2862 2697 2915 personam
2728 2853 2974 2900 vestram
3005 2848 3319 2917 imperialis
3351 2851 3588 2918 sangui-

1828 2971 1867 3023 Ο
1896 2935 1984 2988 nis
2044 2952 2186 2988 vena
2225 2936 2505 3000 nobilitat,
2544 2937 2624 2987 ita
2677 2935 3036 2988 conscientiae
3078 2936 3361 2990 bonorum
3409 2938 3588 2991 meri—

1896 3028 2086 3077 torum
2118 3025 2245 3077 luce
2290 3024 2649 3093 prarfulgeat.
2693 3024 2848 3076 Unde
2879 3024 3188 3077 salutantes
3218 3026 3371 3079 cultu
3417 3031 3586 3096 atque

1896 3113 2333 3166 honoriﬁcentia
2387 3113 2759 3181 competenti,
2805 3112 3095 3182 poscimus
3135 3121 3198 3168 ut
3246 3115 3305 3167 in
3358 3131 3424 3168 eo
3470 3132 3584 3186 quo

1894 3201 2142 3270 coepistis
2175 3216 2510 3270 permanere
2537 3201 2833 3270 proposito
2880 3201 3155 3264 debeatis,
3189 3208 3243 3256 et
3289 3205 3421 3257 dare
3454 3221 3586 3274 ope-

1895 3306 2040 3358 ram,
2073 3296 2135 3343 ut
2159 3292 2226 3343 ad
2267 3291 2530 3343 etl‘ectum
2562 3297 2798 3343 conatus
2847 3296 3020 3345 tantae
3051 3307 3236 3345 causa:
3266 3297 3582 3363 perveniat,

1894 3395 1965 3432 ne
1988 3379 2218 3449 aliquod
2250 3381 2308 3431 in
2341 3385 2635 3448 posterum
2673 3395 2868 3433 semen
2899 3380 3070 3450 hujus
3101 3382 3238 3435 mali
3270 3390 3586 3452 remaneat,

1895 3469 2044 3522 unde
2077 3470 2309 3537 posthac
2343 3469 2446 3522 sub
2497 3468 2752 3538 qualibet
2797 3469 3090 3524 occasione
3142 3471 3410 3526 inimicus
3457 3473 3586 3543 qui-

1896 3557 2033 3610 libet
2060 3557 2196 3610 ﬁdei
2228 3557 2532 3612 revirescat
2563 3558 2737 3625 (anno
2766 3559 2997 3612 Domini
3031 3562 3175 3628 519).

2474 3719 2808 3774 EPISTULA
2846 3720 3017 3774 XLIX.

2464 3858 2541 3896 AD
2590 3858 3028 3898 ANASTASIAM.

2350 3985 2574 4039 Eadem
2603 4001 2724 4056 qua:
2750 3987 2816 4041 in
2832 3987 3134 4058 superiori.

1972 4127 2270 4181 Ilormisda
2303 4127 2630 4181 Anastasim.

1970 4219 2275 4287 Postquam
2330 4219 2474 4270 Deus
2517 4222 2710 4270 noster
2756 4217 3008 4271 Ecclesia
3049 4234 3161 4272 sure
3225 4220 3483 4274 membra
3528 4222 3586 4276 in

1897 4323 2097 4377 pacem
2130 4307 2428 4376 pristinam
2466 4307 2755 4360 redeuntis
2783 4307 3077 4378 ‘solidavit,
3114 4307 3209 4361 diu
3242 4325 3337 4361 vos
3373 4310 3590 4364 deside-

1895 4413 2048 4449 rasse
2098 4396 2474 4451 certamina...
2541 4396 2705 4460 Quod
2760 4396 3090 4466 provenisse
3142 4398 3473 4468 gaudentes,
3534 4404 3590 4454 et

1896 4502 2000 4539 nos
2032 4485 2263 4556 quidem
2296 4485 2685 4539 indesinenter
2707 4486 2957 4539 divinam
2990 4487 3354 4540 clementiam
3385 4489 3584 4560 depre-

1895 4590 2092 4628 camur
2125 4581 2204 4641 ut,
2237 4576 2378 4629 sicut
2426 4576 2526 4630 has
2567 4575 2729 4645 regni
2775 4576 3058 4646 primitias
3098 4582 3392 4647 gratanter
3439 4596 3590 4634 acce-

1895 4664 1998 4734 pit,
2047 4665 2126 4718 ita
2166 4665 2336 4719 ﬁdem
2381 4665 2515 4718 boni
2564 4665 2840 4735 principis
2884 4667 3040 4718 omni
3087 4683 3314 4738 semper
3363 4669 3590 4740 adjuvet

1894 4755 2289 4825 prosperitatis
2323 4755 2545 4821 alfectu,
2580 4760 2634 4808 et
2682 4760 2796 4808 tam
2833 4755 3022 4824 ipsum
3057 4773 3230 4827 quam
3260 4774 3355 4812 vos
3387 4776 3588 4816 omnes

1895 4843 1955 4898 in
1985 4851 2338 4898 sacrosancto
2366 4844 2662 4914 religionis
2693 4861 2887 4898 amore
2915 4846 3215 4913 custodiat,
3253 4853 3314 4902 ut
3341 4865 3589 4920 quorum

1896 4931 2034 4984 ﬁdes
2065 4948 2318 4985 errorem
2349 4932 2608 5001 pessimae
2653 4931 3026 4987 dissensionis
3067 4935 3292 5003 abjecit,
3326 4944 3382 4992 et
3421 4944 3480 4993 tu
3511 4930 3589 4994 ita

1897 5021 1955 5073 in
1988 5021 2150 5074 terris
2182 5023 2403 5089 floreas,
2437 5028 2497 5074 ut
2537 5026 2763 5075 aeterna:
2796 5023 2994 5077 salutis
3028 5029 3414 5082 remuneratio
3448 5030 3586 5084 sub-

1897 5116 2185 5180 sequatur.
2226 5113 2383 5164 Nunc
2422 5110 2602 5180 igitur
2652 5130 2747 5165 vos
2795 5130 3025 5184 quoque
3063 5122 3190 5170 vota
3236 5118 3399 5170 nobis
3449 5137 3584 5172 con-

1889 5199 2136 5270 jungite,
2208 5205 2261 5254 et
2335 5202 2601 5255 omnibus
2669 5219 2702 5254 a
2774 5205 2886 5256 Deo
2954 5204 3170 5258 viribus
3244 5205 3583 5276 implorate:

1896 5295 1962 5344 ut
2007 5290 2177 5359 hujus
2237 5290 2604 5344 correctionis
2651 5293 2978 5362 exemplum
3027 5310 3224 5348 omnes
3271 5301 3581 5364 sequantur

1898 5379 2173 5446 Ecclesiae,
2207 5384 2270 5433 ut
2314 5379 2452 5432 nihil
2485 5379 2588 5432 sibi
2635 5380 2896 5435 diabolus
2942 5381 3279 5434 remansisse
3313 5384 3578 5452 gaudeat,

1898 5485 2070 5540 quem
2097 5469 2155 5521 in
2193 5474 2370 5522 totum
2401 5486 2546 5539 pene
2581 5476 2766 5522 nostra
2807 5471 3113 5524 concordia
3143 5474 3463 5539 gratulatur
3493 5493 3584 5530 ex-

1901 5558 2127 5612 clusum
2159 5561 2328 5626 (anno
2364 5559 2593 5612 Domini
2624 5561 2770 5628 519).

3110 5665 3188 5723 15
