4038 6170
162 209 226 255 EGI
1419 197 1766 252 EPISTULer
1806 197 1894 253 ET
1936 197 2280 253 DECRE'I'A.

702 335 1036 392 EPISTULA
1078 335 1184 388 L11.

314 443 382 481 AD
423 439 775 480 GERMANUM
825 440 1250 487 CJSTHROSQUE
1297 439 1598 480 LIIGATOS.

148 539 303 589 Monet
334 537 390 586 ut
428 549 545 587 rum
575 533 922 602 imperatore
965 534 1198 602 ejusque
1229 533 1467 601 conjuge
1502 536 1698 602 agant,
1733 536 1796 584 ut

201 622 369 659 omnes
390 604 667 665 Ecclesizc,
685 605 957 674 pramipue
976 621 1101 658 tero
1118 605 1516 657 Alexandrina
1531 609 1582 655 et
1599 609 1643 656 Α
1657 605 1797 658 utio-

200 679 373 737 ctieno,
391 676 462 728 ad
475 676 792 745 apostolicae
803 675 954 728 sedis
975 676 1426 730 communionem
1449 682 1789 729 revocentm"

203 782 471 836 llormisda
518 783 800 834 Germano
849 785 902 833 et
944 782 1148 834 .loanni
1186 781 1484 852 episcopis,
1539 781 1707 836 Felici
1738 787 1796 836 et

146 875 368 925 llius-coro
397 871 668 932 diaconis,
702 875 754 923 et
789 871 1000 924 Blando
1033 871 1380 941 presbytero.

201 963 262 1013 De
293 961 374 1012 his
412 976 536 1028 qua:
584 966 702 1011 tcta
743 960 992 1012 caritatis
1036 966 1238 1012 vestrm
1284 960 1483 1013 relatio
1525 977 1793 1030 compre-

145 1049 321 1108 hendit,
373 1048 582 1116 gratias
625 1049 740 1100 Deo
792 1053 984 1100 nostro
1030 1049 1354 1112 referimus,
1389 1049 1486 1118 qui
1536 1050 1790 1102 laborem

145 1145 348 1202 γςιεζιιιιιιι
400 1138 602 1205 juvare
649 1137 917 1206 dignatus
969 1143 1068 1202 est,
1127 1144 1179 1190 et
1224 1139 1516 1191 hortamus
1570 1144 1631 1190 ut
1673 1139 1792 1191 cle-

141 1227 452 1281 mentissimo
517 1225 758 1295 principi
821 1232 876 1280 et
923 1226 1193 1294 piissimus
1244 1230 1511 1295 Augustm
1559 1228 1789 1296 eonjugi

141 1318 234 1386 ejus
284 1315 475 1368 ofliciis
532 1315 833 1368 imminere
893 1316 1350 1384 competentibus
1413 1315 1685 1382 debeatis,
1737 1320 1792 1369 et

140 1422 288 1469 agere,
320 1405 626 1456 auxiliante
661 1405 879 1457 Christo
927 1411 1126 1458 nostro
1159 1404 1436 1458 universis
1467 1406 1570 1458 sub
1605 1406 1789 1458 eccle-

138 1495 320 1547 siastica
358 1493 752 1546 observatione
802 1494 1110 1563 dispositis,
1146 1499 1207 1547 ut
1255 1510 1454 1546 omnes
1509 1495 1786 1561 Ecclesiae,

138 1600 237 1653 quze
269 1583 314 1635 in
346 1583 601 1652 qualibet
633 1583 833 1635 mundi
857 1589 1014 1652 parte
1040 1588 1172 1636 sunt
1198 1583 1415 1652 posita“,
1442 1584 1510 1636 ad
1535 1600 1786 1637 commu-

138 1675 328 1725 nionem
358 1671 504 1724 sedis
540 1673 862 1740 apostolicae
895 1677 1252 1726 revocentur.
1291 1674 1366 1725 De
1406 1673 1787 1727 Alexandrina

139 1778 240 1812 vero
269 1768 425 1830 atque
467 1761 831 1814 Autiochena
878 1761 1138 1814 Ecclesiis
1183 1761 1436 1815 laborata
1485 1767 1547 1815 ut
1577 1768 1788 1816 nostra:

139 1851 237 1903 lidci
263 1850 353 1902 sub
385 1850 785 1904 observatione
831 1850 1154 1904 rationabili
1189 1856 1621 1919 connectentur,
1654 1853 1789 1920 quia

139 1943 273 1992 tanta}
318 1939 395 1992 rei
463 1940 768 2010 perfectio,
823 1944 939 1992 tam
1001 1939 1448 1993 clementissimo
1516 1941 1785 2011 principi,

141 2045 272 2098 quam
303 2029 475 2095 vobis,
536 2028 779 2096 gratiam
828 2029 1028 2082 divinzc
1067 2029 1481 2099 propitiationis
1523 2031 1783 2100 acquirit.

141 2120 244 2171 Data
289 2119 586 2172 Eutharico
633 2119 752 2172 viro
799 2117 1115 2172 clarissimo
1175 2119 1408 2172 consule
1456 2120 1629 2186 (anno
1675 2121 1785 2173 Do-

139 2208 242 2259 mini
275 2207 408 2275 IilDi}.

685 2296 1015 2351 EPISTULA
1058 2296 1194 2350 LIII.

476 2420 508 2456 Δ
530 2419 563 2456 D
624 2418 988 2458 DlOSCORUM
1040 2418 1392 2458 DlACONUM.

140 2513 184 2554 l't
207 2509 385 2574 cogitet
435 2510 722 2579 quomodo
756 2509 798 2562 ii
841 2509 939 2579 qui
987 2509 1436 2563 Clmlcnlonense
1475 2510 1785 2563 concilium

187 2583 368 2650 scripto
387 2581 834 2640 damnaverunt,
859 2587 910 2634 et
937 2581 1009 2632 ml
1037 2581 1358 2634 Ecclesium
1391 2582 1579 2633 redire
1600 2581 1788 2652 cupie-

190 2653 318 2715 bant,
366 2652 684 2722 recipiendi
731 2652 867 2705 sint.
937 2653 1234 2710 Thomam.
1295 2653 1674 2708 Nicostratum
1733 2655 1788 2706 et

190 2723 431 2778 Joannem
461 2722 764 2793 episcopos
792 2722 845 2776 ei
869 2723 1249 2778 commendat.

193 2829 455 2882 llormisda
489 2829 766 2882 Dioscoro
799 2829 1061 2881 diacono.

3500 202 3602 253 462

1828 334 1876 387 Α
1902 349 2315 403 quaereremus,
2347 338 2402 387 et
2430 334 2536 388 hoc
2565 334 2901 388 deliberatio
2943 339 3135 388 nostra
3171 335 3240 390 de
3268 335 3602 406 supradicto

1905 423 2142 477 diacono
2191 423 2502 494 probabilis
2554 423 2791 489 invenit,
2849 428 2910 477 ut
2951 440 3054 494 per
3100 424 3498 480 testimonium
3541 425 3602 479 li-

1907 511 2037 564 belli
2071 513 2467 566 communioni
2508 513 2800 566 catholicm
2839 513 3206 582 jungcrctur;
3237 530 3408 594 quem
3441 505 3601 568 libel-

1905 602 2023 654 lum
2058 602 2393 656 solemuiter
2424 603 2697 668 oblatum,
2734 606 2788 655 et
2824 608 3030 655 nostra»
3074 603 3407 658 offerentem
3441 619 3595 657 com-

1905 691 2163 744 munioni
2189 691 2578 760 signiﬁcamus
2603 693 2688 760 adj
2701 697 2954 746 unctum.
2982 693 3118 746 Data
3143 694 3373 748 consule
3403 709 3601 764 supra-

1905 779 2115 850 scripto
2151 781 2325 851 (anno
2358 781 2590 834 Domini
2623 783 2762 850 519).

2493 905 2828 960 EPISTOLA
2871 907 2996 960 LIV.

2541 1009 2620 1048 AD
2667 1009 2956 1049 EUMDEM.

1903 1099 2128 1152 Laudat
2159 1100 2282 1166 ejus
2308 1100 2376 1152 de
2393 1102 2689 1168 ﬁrmanda
2712 1117 2852 1170 pace
2877 1100 3336 1155 sollicitudinem.
3370 1103 3464 1156 Ad
3492 1103 3597 1157 im-

1969 1188 2109 1241 pera
2120 1174 2292 1223 torem
2316 1188 2374 1223 se
2397 1170 2624 1224 litteras
2646 1172 2939 1238 daturum,
2961 1176 3020 1224 ul
3042 1191 3168 1226 eum
3192 1178 3239 1226 Α
3253 1174 3598 1229 lexandrina:

1971 1242 2234 1294 Ecclesia:
2276 1242 2699 1311 praeﬁciendum
2730 1247 2906 1296 curet.
2946 1245 3214 1297 Thomam
3257 1249 3310 1296 et
3358 1245 3507 1299 alios
3543 1247 3599 1300 ei

1973 1313 2349 1384 commendat,
2378 1317 2432 1364 et
2463 1314 2724 1366 hortatur
2749 1331 2819 1367 ne
2843 1331 2947 1384 pro
2977 1314 3193 1368 reditus
3207 1315 3592 1384 festinatione

1969 1383 2278 1453 quidquam
2312 1383 2712 1454 indispositum
2748 1383 3057 1456 relinquat.

1972 1489 2270 1567 llormisda
2304 1491 2571 1544 Dioscoro
2613 1492 2875 1547 diacono.

1973 1579 2048 1631 De
2077 1578 2287 1632 laboris
2319 1579 2403 1632 tui
2436 1579 2689 1650 quidem,
2726 1597 2898 1652 quem
2931 1580 3030 1635 Dei
3059 1581 3470 1652 omnipotentis
3495 1583 3590 1654 ju-

1899 1667 2123 1721 vamine
2155 1667 2472 1738 suscepisti,
2504 1686 2606 1739 pro
2640 1686 2703 1724 ea
2751 1675 2911 1740 parte
2938 1687 3065 1740 qua:
3101 1675 3224 1724 acta
3253 1677 3359 1739 est,
3394 1676 3596 1742 gratu-

1900 1756 2087 1809 lamur
2111 1757 2309 1810 elfectu
2335 1774 2349 1825 ;
2375 1757 2691 1812 indicantes
2719 1759 2986 1813 omnibus
3010 1759 3185 1813 Italia:
3213 1761 3441 1832 populis
3468 1779 3594 1832 quas

1901 1850 2130 1899 auctore
2173 1847 2287 1900 Deo
2318 1859 2336 1880 ο
2366 1847 2488 1917 (per
2521 1852 2575 1901 te
2630 1854 2754 1902 acta
2798 1853 2932 1903 sunt
2955 1849 3264 1919 placuisse;
3299 1855 3355 1904 et
3385 1851 3596 1921 gratias

1898 1936 2034 2005 Deo)
2070 1940 2262 1989 nostro
2294 1937 2415 1990 sine
2461 1938 2776 1991 cessatione
2828 1939 3231 2008 persolvimus,
3259 1940 3432 2010 quite
3463 1941 3598 1995 fecit

1896 2041 2224 2094 agnoscere,
2257 2027 2392 2096 quia
2441 2043 2556 2080 non
2589 2043 2690 2098 pro
2741 2027 2891 2094 odio,
2927 2028 3024 2082 sed
3053 2044 3159 2098 pro
3196 2046 3378 2083 causa}
3414 2031 3596 2101 magis

1893 2113 2071 2168 fueris
2100 2115 2478 2185 amplitudine
2509 2116 2842 2171 destinatus.
2881 2117 3039 2171 Unde
3073 2118 3347 2188 quoniam
3379 2121 3596 2189 suppli-

1895 2219 2016 2256 cem
2048 2209 2103 2256 et
2132 2220 2338 2273 puram
2373 2205 2776 2274 cogitationem
2825 2211 3079 2260 nostram
3130 2223 3234 2277 per
3274 2211 3329 2262 te
3380 2208 3596 2262 miseri-

1895 2292 2086 2346 cordia
2130 2293 2332 2346 divinze
2382 2294 2808 2364 prOpitiationis
2855 2296 3089 2365 adjuvit,
3120 2312 3346 2350 necesse
3392 2301 3476 2350 est
3529 2301 3596 2351 ut

1895 2381 1965 2434 de
1996 2381 2292 2434 industriae
2327 2382 2413 2436 vel
2445 2382 2796 2450 fatigationis
2830 2387 2940 2437 tute
2987 2384 3226 2454 praemio
3278 2389 3335 2438 et
3371 2385 3594 2439 vicissi-

1894 2470 2093 2524 tudine
2146 2471 2482 2540 cogitemus.
2533 2473 2674 2525 Nam
2725 2473 2988 2542 sequenti
3035 2479 3294 2543 tempore
3346 2474 3594 2529 scribere

1895 2560 2131 2614 domino
2172 2566 2227 2613 et
2279 2561 2396 2614 lilio
2448 2567 2640 2614 nostro
2675 2561 3011 2632 imperatori
3055 2564 3411 2634 disponimus
3445 2569 3507 2620 ut
3540 2570 3593 2619 te

1894 2649 2341 2701 Alexandrinum
2367 2649 2698 2719 episcopum
2723 2651 2928 2704 debeat
2948 2652 3234 2708 ordinare.
3263 2655 3484 2708 Justum
3508 2659 3595 2708 est

1895 2737 2049 2790 enim
2094 2743 2252 2790 utea
2302 2738 2559 2791 doctrina
2601 2744 2654 2792 et
2703 2740 3097 2794 moderatione
3134 2747 3229 2794 tua
3273 2743 3594 2812 corrigatur

1895 2826 2159 2892 Ecclesia,
2196 2827 2254 2878 in
2286 2843 2398 2896 qua
2446 2829 2736 2897 praecipue
2787 2830 2856 2882 ab
2888 2829 3027 2899 ipsis
3063 2831 3244 2884 {etatis
3285 2836 3397 2885 tute
3429 2833 3590 2902 prin-

191 2921 249 2967 lle
277 2917 473 2970 laboris
506 2919 618 2985 tui,
655 2935 826 2987 quem
860 2935 989 2970 cum
1033 2917 1134 2970 Dei
1165 2917 1576 2986 omnipotentis
1611 2919 1781 2988 juva-
1827 2917 1867 2971 C
1899 2916 2060 2986 cipiis
2089 2915 2375 2982 militasti;
2423 2933 2556 2969 nam
2589 2917 2879 2986 displicuit
2923 2919 3089 2971 nobis
3119 2919 3267 2989 quod
3299 2920 3592 2976 caritatem

144 3006 254 3057 mine
283 3007 596 3076 suscepisti,
625 3023 728 3076 pro
761 3024 825 3060 ea
869 3011 1029 3075 parte
1060 3023 1186 3077 qutc
1232 3013 1357 3060 acta
1397 3013 1499 3072 est,
1537 3010 1787 3076 gratula-

143 3109 236 3145 mur
262 3096 477 3162 ell'ectu;
516 3101 579 3148 et
630 3096 948 3148 indicamus
992 3100 1051 3148 ut
1096 3096 1584 3165 quemadmodum
1630 3114 1788 3150 revo-

142 3182 261 3235 rsnali
291 3188 410 3237 sunt
442 3185 496 3237 hi
537 3185 640 3253 qui
674 3201 740 3237 ex
788 3183 997 3253 scripto
1047 3185 1523 3238 Chalcedonensis
1563 3185 1786 3239 concilii

141 3274 392 3324 Constituta
447 3274 876 3326 damnaverunt
938 3273 1143 3326 debeas
1193 3274 1464 3343 cogitare.
1531 3275 1787 3328 Forsitan

141 3365 242 3411 tales
271 3377 371 3414 non
407 3362 781 3418 schismatiei.
817 3363 909 3414 sed
959 3362 1138 3430 magis
1183 3362 1436 3415 ha‘rctici
1464 3363 1782 3417 videantur.

143 3452 201 3498 An
229 3455 354 3501 certe
402 3467 515 3503 una
554 3451 630 3502 sit
679 3466 846 3502 causa
893 3455 1007 3503 tam
1041 3467 1238 3503 eorum
1285 3451 1383 3520 qui
1427 3452 1788 3505 sermonibus

141 3552 265 3604 quam
322 3556 514 3593 eorum
582 3539 679 3609 qui
739 3540 1158 3593 convincuntur
1197 3541 1406 3609 scripto
1466 3541 1783 3608 damnasse,

140 3627 236 3692 quia
271 3645 360 3696 per
404 3629 552 3681 hanc
601 3628 934 3681 distantiam
983 3630 1133 3682 illius
1177 3635 1374 3683 noster
1423 3629 1508 3682 vir
1550 3630 1788 3683 illustris

140 3714 323 3768 Albinus
353 3717 660 3788 religiosus
706 3718 931 3771 videtur
962 3719 1144 3772 facere
1179 3718 1576 3788 quaestionem,
1609 3724 1666 3772 et
1695 3736 1789 3772 co-

142 3804 420 3869 gitanti-uni
454 3813 509 3859 et
555 3807 870 3860 scribentes
900 3813 1096 3860 contra
1144 3808 1603 3861 Chalcedonense
1650 3824 1789 3861 con-

142 3890 306 3956 cilium,
337 3911 434 3963 per
465 3896 637 3949 illum
671 3897 997 3964 generalem
1030 3896 1289 3948 libellum
1322 3901 1545 3949 tantum
1580 3897 1788 3966 suscipi

142 3979 354 4046 debeant,
386 4001 454 4037 an
489 3989 648 4037 certe
683 3984 897 4053 aliquid
936 3985 1179 4054 amplius
1212 3985 1489 4038 addicere.
1525 3988 1601 4038 De
1631 3986 1791 4038 Alex-

144 4069 331 4123 andrina
381 4079 434 4125 et
485 4071 845 4126 Antiochena
897 4073 1155 4126 Ecclesiis
1202 4073 1402 4126 solatio
1460 4074 1560 4126 Dei
1612 4075 1788 4128 nostri

144 4157 323 4225 adjutus
351 4163 593 4228 enitere,
626 4167 689 4214 ut
732 4162 997 4214 omnibus
1027 4166 1179 4215 recte
1212 4161 1497 4232 dispositis
1526 4179 1786 4217 conmm-

145 4245 263 4298 nioui
291 4251 582 4303 catholicze
619 4251 925 4306 socientur.
975 4252 1204 4304 Thomze
1251 4268 1480 4321 quoque
1526 4256 1581 4305 et
1629 4253 1788 4306 Nico-

144 4336 263 4388 strati
290 4337 523 4392 fratrum
569 4343 626 4391 ct
657 4339 1126 4410 cocpiscoporum
1160 4345 1488 4392 nostrorum
1522 4340 1785 4394 observa-

144 4421 200 4473 tio
227 4441 312 4477 nos
354 4427 525 4497 longa
579 4428 904 4494 contristat;
937 4432 992 4481 ct
1035 4428 1316 4481 miramur
1359 4445 1459 4482 cur
1505 4429 1656 4497 apud
1696 4447 1783 4483 ca-

143 4510 361 4568 tholicum
411 4516 734 4587 principem
787 4522 951 4570 rectas
1005 4517 1140 4570 ﬁdei
1195 4517 1452 4571 laborare
1489 4519 1790 4572 videantur

145 4599 363 4672 episcopi,
396 4621 648 4674 quorum
681 4604 960 4657 desideria
989 4608 1085 4658 tua
1112 4604 1341 4658 debebit
1371 4606 1572 4659 caritas
1604 4606 1790 4660 suble-

147 4701 255 4756 t'dre,
307 4695 525 4762 agendo
561 4698 845 4764 quatenus
896 4698 1092 4763 optata
1122 4695 1526 4765 consequendo
1581 4712 1789 4748 mceror

143 4783 344 4833 converti
383 4785 566 4852 possit
613 4784 674 4835 in
718 4782 1016 4852 gaudium.
1070 4785 1319 4837 Joannes
1363 4784 1788 4854 Nicopolitanus

144 4866 388 4940 episcopus
419 4889 520 4942 per
571 4873 941 4926 Ammonium
995 4872 1300 4926 diaconum
1333 4874 1496 4926 nobis
1541 4875 1788 4943 scripsit,

144 4957 259 5021 quod
288 4960 332 5011 ei
363 4961 541 5031 aliqui
571 4961 839 5015 malevoli
870 4963 1023 5031 apud
1053 4962 1373 5032 principem
1404 4963 1666 5017 nituntur
1687 4981 1792 5033 ge-

144 5056 298 5098 nerare
328 5051 672 5104 calumniam
709 5067 720 5103 :
751 5067 924 5121 quem
953 5052 1244 5105 dilectioni
1277 5057 1385 5105 tua}
1418 5054 1792 5114 commenda-

143 5146 255 5196 mus,
285 5139 589 5206 hortantes,
642 5143 706 5193 ut
735 5141 991 5193 elabores
1040 5157 1110 5194 ne
1151 5141 1272 5211 ejus
1304 5141 1486 5210 quieti
1530 5141 1788 5195 inimico-

145 5235 239 5275 rum
264 5229 428 5293 possit
453 5245 662 5282 nocere
695 5229 1008 5298 subreptio.
1045 5230 1223 5293 Quem
1256 5232 1627 5285 Ammonium
1665 5232 1790 5286 dia-

143 5325 311 5368 conum
342 5318 406 5369 ad
457 5335 558 5371 nos
615 5320 943 5372 venientem
999 5319 1058 5372 in
1115 5320 1262 5374 sedis
1311 5321 1634 5390 apostolicae
1685 5338 1792 5374 no-

147 5400 297 5455 lumus
325 5407 726 5462 communione
758 5409 1068 5479 suscipere,
1109 5408 1308 5462 tandiu
1343 5411 1542 5473 donec,
1595 5411 1789 5466 habito

144 5502 245 5545 cum
272 5493 458 5566 Sergio
490 5496 730 5552 diacono
761 5502 1027 5567 tractatu,
1067 5498 1206 5569 quid
1241 5499 1500 5554 ordinari
1534 5500 1793 5557 debuerit

1897 3010 2051 3058 tuam
2089 3005 2476 3074 amplissimus
2505 3006 2818 3076 imperator
2849 3008 3222 3061 Antiochenaa
3254 3024 3592 3079 prmponere

1897 3094 2186 3148 nitebatur
2217 3095 2498 3148 Ecclesiae.
2535 3095 2728 3149 Melius
2770 3095 2923 3148 enim
2956 3096 3013 3149 in
3053 3097 3172 3150 solo
3204 3097 3404 3166 patria:
3449 3097 3594 3151 tanti

1899 3185 2139 3254 accipies
2172 3185 2474 3238 sacerdotii
2516 3184 2876 3253 dignitatem,
2909 3189 2972 3238 ut
3021 3185 3314 3255 zligyptios
3345 3187 3592 3256 populos

1899 3273 2122 3339 doceas,
2155 3290 2325 3343 quam
2359 3273 2508 3326 inter
2536 3273 2726 3343 Syros,
2762 3291 2940 3328 novos
2969 3279 3023 3327 et
3055 3275 3374 3344 incognitus
3409 3275 3594 3328 homi-

1899 3379 2016 3427 nes,
2050 3363 2107 3415 in
2141 3364 2250 3416 alia
2295 3363 2448 3416 orbis
2497 3368 2655 3434 parte
2706 3363 3039 3432 progenitos
3082 3380 3272 3418 errare
3322 3364 3588 3418 videaris.

1898 3452 2125 3505 Thomas
2161 3469 2388 3522 quoque
2434 3457 2490 3505 et
2526 3452 2825 3506 Nicostrati
2863 3453 3103 3506 fratrum
3135 3456 3189 3508 et
3220 3454 3589 3524 coepiscopo-

1897 3557 2026 3594 rum
2075 3547 2403 3595 nostrorum
2448 3542 2766 3595 observatio
2813 3543 2986 3611 longa
3031 3558 3135 3596 nos
3187 3544 3503 3609 contristat,
3537 3548 3595 3597 et

1898 3630 2177 3684 miramur
2204 3647 2304 3684 cur
2345 3631 2493 3701 apud
2524 3631 2867 3684 catholicum
2905 3629 3226 3702 principem
3258 3636 3426 3686 recta:
3457 3632 3595 3686 ﬁdei

1898 3719 2159 3772 laborare
2204 3719 2504 3774 videantur
2553 3719 2824 3790 episcOpi,
2876 3736 3121 3791 quorum
3174 3720 3456 3775 desideria
3494 3727 3594 3775 tua

1899 3807 2126 3861 debebit
2171 3809 2376 3861 caritas
2427 3808 2740 3874 sublevare,
2793 3810 3017 3879 agendo
3067 3814 3350 3881 quatenus
3395 3816 3592 3882 optata

1900 3898 2301 3966 consequendo
2361 3914 2570 3951 maeror
2629 3898 2878 3952 converti
2933 3899 3111 3970 possit
3167 3899 3228 3954 in
3289 3901 3586 3971 gaudium.

1897 3987 2138 4039 Joannes
2204 3985 2631 4055 Nicopolitanus
2692 3987 2994 4058 episcopus
3048 4003 3153 4058 per
3215 3990 3590 4043 Ammonium

1899 4073 2202 4128 diaconum
2262 4074 2426 4126 nobis
2489 4074 2730 4144 scripsit,
2792 4076 2944 4146 quod
2993 4077 3046 4130 ei
3099 4077 3278 4148 aliqui
3325 4079 3595 4133 malevoli

1902 4164 2054 4233 apud
2121 4163 2441 4232 principem
2517 4163 2782 4217 nituntur
2851 4181 3126 4233 generare
3195 4167 3588 4221 calumniam:

1902 4268 2072 4322 quem
2120 4252 2410 4306 dilectioni
2458 4257 2571 4306 tuae
2623 4253 3116 4322 commendamus,
3165 4253 3480 4320 hortantes,
3534 4260 3595 4307 ut

1896 4342 2151 4394 elabores
2178 4357 2248 4394 ne
2277 4341 2399 4410 ejus
2428 4340 2608 4411 quieti
2633 4341 3000 4395 inimicorum
3023 4343 3203 4410 possit
3229 4359 3434 4396 nocere
3467 4343 3594 4396 sub-

1895 4431 2098 4501 reptio.
2123 4430 2301 4493 Qu'eni
2322 4430 2689 4484 Ammonium
2714 4430 3016 4484 diaconum
3042 4431 3112 4484 ad
3133 4447 3237 4484 nos
3267 4431 3592 4485 venientem

1898 4520 1953 4573 in
1986 4519 2134 4572 sedis
2166 4519 2487 4589 apostolica:
2529 4519 2817 4572 noluimus
2851 4520 3253 4574 communione
3285 4521 3593 4590 suscipere,

1898 4609 2097 4662 tandiu
2147 4610 2347 4669 donec.
2401 4609 2594 4662 habito
2630 4625 2760 4662 cum
2807 4609 3002 4678 Sergio
3053 4608 3292 4663 diacono
3325 4613 3591 4675 tractatu,

1899 4697 2036 4768 quid
2089 4697 2342 4750 ordinari
2378 4697 2640 4750 debuerit
2677 4714 3096 4768 quaereremus;
3133 4703 3187 4752 et
3230 4699 3337 4753 hoc
3376 4699 3596 4753 delibe-

1899 4787 2043 4840 ratio
2076 4792 2266 4840 nostra
2298 4787 2365 4841 de
2387 4787 2715 4856 supradicto
2747 4787 2986 4841 diacono
3015 4788 3325 4856 probabilis
3358 4788 3594 4855 invenit,

1899 4881 1964 4930 ut
2016 4893 2118 4946 per
2166 4875 2557 4931 testimonium
2624 4876 2803 4929 libelli
2860 4878 3258 4932 communioni
3305 4878 3600 4934 catholicae

1896 4964 2263 5034 jungeretur;
2291 4981 2403 5034 quo
2426 4964 2622 5018 libello
2647 4965 2978 5020 solemniter
3000 4967 3190 5021 oblato
3221 4973 3435 5022 nostra:
3462 4967 3598 5021 olfe-

1900 5061 2118 5110 rentem
2156 5053 2546 5108 communioni
2580 5055 2969 5124 signiﬁcamus
3010 5057 3366 5127 adjunctum.
3404 5057 3598 5111 Pauli-

1901 5161 2037 5198 num
2095 5143 2354 5196 Ecclesiae
2405 5144 2680 5198 Romanae
2729 5144 3089 5199 defensorem
3129 5146 3599 5200 commendamus

1902 5239 1957 5289 et
2000 5235 2320 5297 hortamur,
2353 5237 2413 5286 ut
2450 5232 2590 5287 nihil
2635 5233 3039 5304 indispositum
3087 5252 3188 5305 pro
3233 5234 3600 5288 festinatione

1901 5324 2075 5376 vestri
2112 5322 2329 5375 reditus
2379 5323 2719 5392 relinquatis
2756 5339 2768 5376 :
2805 5323 2940 5393 quia
2988 5325 3193 5377 melius
3241 5327 3443 5377 cuncta
3497 5323 3603 5378 sub

1902 5413 2221 5483 prolixitate
2256 5411 2532 5481 temporis
2575 5429 2703 5466 cum
2746 5412 2848 5466 Dei
2881 5411 3059 5466 nostri
3084 5412 3383 5482 juvamine
3415 5412 3604 5483 dispo-

1903 5506 2145 5568 nuntur,
2174 5504 2229 5555 et
2251 5501 2466 5572 gratius
2497 5505 2603 5570 est,
2634 5505 2696 5557 ut
2719 5501 2822 5556 sub
2856 5517 3017 5558 mora
3047 5501 3309 5558 omnium
3338 5502 3610 5581 Ecclesia-

199 5662 218 5684 ⁶
238 5655 448 5711 Ansulis
484 5657 703 5713 inclusa
731 5658 1127 5730 supplevimus
1156 5675 1222 5714 ex
1252 5659 1502 5715 editione
1536 5659 1794 5720 Romana
1831 5678 1937 5736 per
1967 5663 2252 5719 incuriam
2281 5661 2342 5717 in
2374 5662 2596 5719 Labbeo
2623 5663 2851 5718 omissa.
