4038 6170
379 230 483 283 463

1819 221 2200 278 HORMISDIE
2236 223 2437 277 ΡΑΡᾹΞ

3775 222 3872 273 464

379 385 511 422 rum
543 367 844 421 ordinetur
885 369 1082 429 status,
1121 379 1294 434 quam
1340 379 1469 416 cum
1510 379 1615 430 per
1644 362 2065 416 festinationem
2106 364 2152 416 A
2255 359 2527 414 Gloriosis
2559 357 2880 412 clementia:
2919 361 3118 411 vestrae
3167 356 3455 410 laboribus
3487 358 3875 412 ecclesiasticae

381 456 602 528 aliquid
633 454 1031 526 imperfectum
1062 455 1377 519 remaneat,
1405 451 1562 505 unde
1593 451 1802 504 iterum
1836 455 1892 504 et
1923 449 2081 503 labor

381 546 544 600 nobis
583 549 895 616 generetur
940 546 995 596 et
1049 542 1259 595 nostris
1312 540 1581 594 aﬁ‘eratur
1623 540 2080 594 ordinationibus

381 634 707 689 difﬁcultas.
767 634 908 687 Data
953 630 1279 700 supradicto
1337 631 1564 684 consule
1623 631 1798 701 (anno
1855 628 2075 683 Domini

383 725 533 794 519).

987 809 1324 864 EPISTOLA
1362 809 1468 862 LV.

713 913 788 952 AD
834 912 1107 952 THOMAM
1157 913 1226 951 ET
1275 912 1753 952 NICOSTRATUM.

375 1008 452 1062 Se
470 1006 539 1060 de
555 1021 750 1060 eorum
773 1004 968 1059 salute
992 1019 1112 1059 esse
1129 1003 1463 1058 sollicitum.
1485 1002 1707 1057 Joanni
1726 1006 1781 1058 et
1804 1003 2076 1058 Dioscoro

745 1092 851 1147 per
878 1076 1106 1130 litteras
1133 1091 1228 1128 eos
1259 1076 1703 1129 commendasse.

451 1184 758 1239 Hormisda
786 1183 1015 1237 Thoma:
1050 1187 1107 1236 et
1138 1183 1454 1236 Nicostrato
1488 1182 1788 1253 episcopis.

449 1273 725 1327 Animum
769 1276 1028 1326 nostrum
1073 1288 1176 1342 pro
1209 1272 1442 1340 negotio
1477 1278 1664 1326 vestro
1698 1273 1946 1326 otiosum
1978 1279 2076 1327 aut

378 1363 636 1417 desidem
683 1375 796 1415 non
828 1361 1065 1431 putetis,
1099 1378 1230 1413 nam
1273 1377 1387 1414 non
1418 1363 1581 1414 aliter
1614 1363 1682 1415 de
1725 1368 1911 1416 vestra
1940 1363 2076 1416 fati—

377 1453 606 1522 gatione
636 1467 809 1521 quam
843 1451 912 1504 de
955 1450 1189 1520 propria
1229 1450 1562 1518 cogitamus.
1600 1453 1759 1504 Mena
1789 1451 2074 1521 siquidem

376 1540 638 1593 Ecclesiae
669 1545 875 1593 nostrae
922 1539 1149 1592 notario
1183 1539 1534 1604 insinuante,
1570 1540 1944 1609 cognovimus
1975 1558 2074 1594 ca-

377 1628 609 1680 ritatem
632 1632 874 1680 vestram
911 1627 1094 1680 adhuc
1125 1626 1586 1680 Observationum
1627 1628 1915 1682 molestias
1945 1646 2074 1683 sus—

380 1716 561 1768 tinere
604 1718 709 1768 :et
755 1715 885 1768 ideo
935 1715 992 1768 in
1041 1714 1162 1768 istis
1209 1715 1645 1769 adversitatibus
1696 1719 1843 1771 Deus
1883 1719 2073 1772 omni-

377 1810 580 1875 potens
609 1805 874 1874 dignetur
893 1809 1167 1873 prmstare
1189 1805 1530 1871 remedium,
1557 1810 1671 1859 tam
1703 1807 1772 1860 ad
1794 1809 2074 1863 Joannem

374 1894 612 1947 fratrem
645 1899 701 1946 et
741 1893 1146 1963 coepiscopum
1187 1899 1449 1947 nostrum
1491 1895 1700 1965 scripta
1739 1897 2070 1966 direximus,

381 1999 553 2052 quam
601 1982 969 2036 dilectissimo
1012 1983 1131 2036 tilio
1163 1988 1360 2036 nostro
1394 1984 1663 2037 Dioscoro
1695 1985 1931 2040 diacono
1971 2003 2075 2055 per

377 2071 598 2124 litteras
628 2076 850 2124 nostras
882 2071 1254 2138 injunximus,
1283 2077 1345 2125 ut
1374 2073 1608 2126 domino
1638 2079 1694 2127 et
1727 2075 1845 2128 ﬁlio
1880 2082 2072 2130 nostro

375 2160 600 2214 Justino
645 2160 892 2231 principi
924 2162 1320 2214 necessitatem
1372 2167 1427 2215 et
1459 2179 1687 2216 causam
1729 2169 1936 2217 nostrm
1984 2166 2074 2220 di-

371 2238 637 2302 lectionis
669 2249 940 2315 insinuet,
975 2254 1030 2302 et
1077 2250 1358 2303 instanter
1407 2255 1556 2320 agat,
1593 2257 1874 2322 quatenus
1917 2255 2072 2308 desi-

374 2337 548 2391 deriis
600 2339 798 2391 vestris
856 2338 1124 2393 dominus
1179 2344 1370 2392 noster
1427 2357 1744 2409 congruum
1803 2343 2073 2412 dignetur

374 2429 647 2495 praestare
680 2427 943 2480 effectum
973 2444 985 2480 :
1015 2444 1142 2480 cum
1173 2444 1285 2497 quo
1330 2429 1594 2481 Dioscoro
1628 2419 1866 2484 diacono
1905 2433 2073 2488 debet

371 2513 536 2583 loqui
577 2519 763 2568 vestra
807 2515 1153 2582 fraternitas,
1212 2515 1345 2585 quia
1392 2532 1622 2570 necesse
1667 2524 1751 2571 est
1793 2524 1855 2572 ut
1890 2522 2072 2575 inten-

372 2601 520 2655 tioni
553 2607 772 2666 vestrae,
809 2604 895 2656 vel
927 2603 1141 2656 intuitu
1191 2604 1480 2658 catholicae
1524 2609 1943 2662 communionis
1985 2612 2068 2664 vel

369 2692 827 2745 consideratione
878 2697 1086 2746 nostra}
1147 2693 1583 2761 adhortationis,
1633 2698 1874 2752 studeat.
1931 2700 2071 2754 Data

369 2796 486 2852 quo
516 2797 687 2852 supra
721 2782 954 2835 consule
980 2780 1154 2848 (anno
1190 2781 1414 2835 Domini
1446 2785 1596 2853 519.)

965 2904 1302 2962 EPISTOLA
1349 2907 1478 2962 LVI.

565 3011 643 3050 AD
686 3009 989 3049 JOANNEM
1038 3011 1109 3049 ΕΤ
1158 3011 1524 3052 DIOSCORUM
1573 3013 1871 3056 LEGATOS.

407 3084 682 3139 Thomam
702 3087 769 3164 _et
811 3083 1215 3164 Nicostratum
1261 3086 1750 3164 Constantinopoli
1786 3107 2038 3164 congruo

695 3156 903 3209 honore
929 3155 1082 3208 dole!
1112 3173 1222 3209 non
1237 3156 1434 3223 fuisse
1462 3155 1737 3228 receptos.

438 3259 743 3312 Hormisda
773 3259 976 3313 Joanni
1010 3260 1276 3330 episcopo
1309 3266 1364 3314 et
1403 3261 1673 3315 Dioscoro
1705 3265 1963 3326 diacono.

438 3348 779 3417 Reperimus
834 3349 1164 3402 Thomatem
1220 3355 1275 3404 et
1328 3352 1708 3406 Nicostratum
1766 3356 1969 3412 fratres
2013 3367 2072 3415 et

367 3439 737 3508 coepiscopos
768 3443 994 3491 nostros
1037 3439 1591 3509 Constantinopolim
1622 3458 1738 3496 non
1772 3443 1848 3498 ita
1875 3463 2070 3503 susce-

361 3532 492 3596 ptos
543 3527 711 3580 sicuti
760 3531 955 3579 nostra
1006 3526 1164 3581 fuere
1214 3527 1514 3594 desideria,
1579 3535 1635 3583 et
1684 3531 1792 3601 ipsi
1843 3545 2069 3608 semper

364 3616 639 3686 optabant
673 3633 684 3669 :
714 3632 829 3669 non
862 3618 1047 3669 solum
1083 3617 1237 3671 enim
1280 3619 1398 3670 loca
1432 3619 1512 3671 eis
1559 3620 1752 3674 debita
1800 3623 2068 3682 dicuntur

362 3703 569 3775 ablata,
615 3705 715 3758 sed
758 3721 790 3756 a
825 3704 1232 3758 communione
1274 3723 1506 3776 quoque
1553 3725 1646 3761 eos
1692 3715 2066 3780 cognovimus

360 3790 534 3845 fuisse
579 3809 899 3862 suspensos.
963 3793 1126 3856 Quod
1178 3810 1349 3863 quam
1401 3795 1599 3848 acerbe
1650 3797 1792 3852 ferat
1842 3802 2064 3856 animus

361 3885 574 3946 noster,
631 3885 806 3934 etiam
862 3881 1282 3935 fraternitatem
1356 3887 1412 3936 et
1473 3884 1836 3941 dilectionem
1903 3895 2062 3946 tuam

359 3968 643 4022 credimus
694 3969 1023 4023 aestimare:
1086 3976 1142 4023 et
1191 3972 1320 4024 ideo
1366 3979 1642 4042 quantam
1702 3976 2062 4047 diligentiam

359 4074 543 4111 causae
577 4059 778 4112 videtis
805 4059 1267 4128 magnitudinem
1302 4077 1553 4130 poscere,
1591 4069 1812 4119 tantum
1855 4084 1953 4122 vos
1985 4071 2061 4124 ef-

357 4144 611 4200 ﬁcaciam
660 4147 877 4200 debetis
917 4148 1038 4200 sine
1079 4163 1242 4202 mora
1291 4155 1593 4218 praestare;
1633 4159 1689 4206 et
1746 4172 1934 4225 agere,
1986 4173 2057 4212 ne

354 4249 461 4288 nos
507 4234 711 4306 magis,
752 4236 902 4305 apud
948 4253 1092 4308 quos
1132 4238 1384 4304 fuerunt,
1437 4240 1732 4295 videamur
1773 4260 1891 4298 esse
1923 4263 2054 4302 con-

351 4324 578 4393 tempti,
612 4340 743 4378 cum
774 4325 906 4391 illis,
936 4331 1136 4378 contra
1161 4343 1332 4396 quam
1367 4328 1719 4383 desiderium
1747 4349 2050 4390 commune
2091 4327 2133 4379 D

350 4410 572 4479 habuit,
623 4413 1020 4467 sollicitudinis
1069 4416 1332 4468 molestia
1376 4417 1546 4470 fuerit
1592 4419 1920 4475 indecenter
1965 4424 2050 4478 in-

345 4498 519 4568 jecta,
552 4502 611 4554 in
645 4507 865 4556 tantum
899 4507 964 4556 ut
994 4519 1097 4557 nec
1132 4505 1201 4556 de
1251 4505 1614 4559 facultatibus
1666 4524 1864 4562 eorum
1898 4515 2049 4582 (quae

350 4587 432 4642 eis
474 4589 746 4643 dicuntur
795 4590 1006 4644 invasa:
1058 4608 1091 4644 a
1140 4592 1314 4645 fratre
1366 4599 1422 4646 et
1468 4595 1802 4666 coepiscopo
1850 4607 2046 4656 nostro

347 4677 590 4746 Joanne)
640 4677 862 4732 dicatur
893 4680 1125 4750 aliquod
1160 4682 1506 4747 ordinatum,
1547 4699 1651 4737 nec
1694 4686 1912 4741 litteras
1947 4707 2045 4744 no-

349 4769 514 4829 stras,
547 4780 688 4833 quas
721 4782 823 4834 per
845 4783 938 4820 eos
968 4769 1250 4837 misimus,
1274 4770 1443 4823 fuisse
1473 4778 1781 4844 susceptas.
1819 4778 1896 4830 De
1925 4780 2044 4849 qui-

345 4852 454 4906 bus
485 4853 753 4906 omnibus
791 4854 872 4907 ita
904 4871 1002 4908 vos
1032 4873 1201 4926 agere
1233 4859 1622 4913 desideramus
1654 4862 1950 4932 instanter,
1984 4873 2045 4923 ut

346 4941 419 4994 ad
451 4957 551 4994 nos
597 4942 801 4995 caritas
838 4949 1024 4998 vestra
1071 4946 1140 5000 de
1174 4948 1376 5002 effectu
1417 4948 1586 5019 hujus
1629 4967 1809 5005 causm
1858 4956 2043 5009 valeat

343 5029 448 5083 sub
489 5029 776 5084 celeritate
823 5031 1153 5089 reseribere.
1210 5038 1350 5090 Data
1401 5055 1514 5109 quo
1558 5056 1731 5109 supra
1783 5045 2036 5098 consule.

343 5119 520 5189 (anno
553 5119 782 5174 Domini
813 5122 955 5191 519).

919 5231 1257 5285 EPISTOLA
1300 5231 1453 5286 LVII.

757 5332 836 5370 AD
879 5333 1205 5373 JUSTINUM
1254 5335 1617 5377 AUGUSTUM.

345 5426 421 5480 Ut
447 5426 574 5482 suis
601 5426 826 5481 sedibus
863 5428 1123 5495 Heliam,
1172 5430 1507 5486 Thomatem
1547 5436 1601 5487 et
1631 5436 2029 5494 Nicostratum

894 5500 1274 5555 restituendos
1303 5506 1478 5556 curet.

405 5607 706 5661 Hormisda
723 5608 884 5662 Justo
915 5609 1196 5677 Augusto.

2188 450 2380 518 palma
2410 447 2720 503 concordia:
2753 450 2808 501 et
2852 447 3005 501 orbis
3037 446 3220 517 pacati
3262 447 3445 500 votiva
3492 447 3877 517 tranquillitas

2189 538 2444 608 generali
2468 537 2876 608 praedicatione
2912 535 3274 606 respondent.
3310 536 3442 599 Qum
3484 551 3574 590 res
3617 541 3878 590 nostrum

2187 643 2425 698 parcum
2456 626 2644 680 reddit
2673 643 2736 679 ac
2767 627 2976 680 retinet
3004 626 3072 680 ad
3117 626 3367 694 agendas
3412 625 3624 694 gratias
3657 641 3880 678 sermo-

2188 717 2276 770 nis
2301 717 2575 770 ofﬁcium.
2603 716 2745 770 Illud
2768 720 2979 783 tamen,
2998 715 3148 785 quod
3173 731 3277 784 pro
3305 714 3465 768 vobis
3486 715 3883 768 indesinenter

2189 806 2429 860 Domino
2489 809 2682 860 nostro
2731 821 2928 875 preces
2981 803 3346 868 effundimus,
3397 819 3512 857 non
3567 808 3878 869 taceamus,

2187 895 2324 965 quia
2353 895 2412 948 in
2457 897 2599 948 votis
2630 893 2890 947 inﬁnitus
2933 894 3164 946 affectus
3206 898 3309 959 est,
3352 892 3578 947 ﬁnitum
3627 910 3750 947 esse
3792 910 3883 963 po-

2185 988 2294 1039 test
2325 984 2380 1038 in
2411 983 2815 1054 prmdicatione
2850 982 3150 1052 judicium.
3188 983 3396 1035 Verum
3429 983 3576 1036 inter
3607 983 3731 1036 haec
3763 983 3880 1052 pie-

2185 1075 2317 1128 tatis
2347 1078 2546 1127 vestrae
2593 1073 2888 1139 beneﬁcia,
2925 1089 3037 1125 uno
3082 1072 3168 1141 [F.
3205 1070 3336 1143 una]
3392 1088 3496 1125 nos
3544 1088 3671 1143 quae
3704 1071 3880 1125 etiam

2184 1164 2552 1217 vehementer
2591 1163 2787 1230 afﬁcit,
2839 1178 2974 1215 cura
3009 1177 3127 1215 non
3179 1162 3406 1226 deserit,
3440 1162 3593 1232 quod
3629 1161 3878 1225 Heliam,

2183 1253 2539 1320 Thomatem,
2575 1257 2743 1322 atque
2786 1252 3166 1306 Nicostratum
3197 1252 3398 1306 fratres
3424 1257 3479 1305 et
3508 1252 3881 1323 coepiscopos

2185 1359 2362 1408 meos,
2420 1342 2520 1413 qui
2567 1342 2738 1412 primi
2786 1341 3220 1395 ecclesiasticam
3268 1341 3474 1395 festina
3517 1342 3692 1395 secuti
3750 1346 3882 1395 sunt

2183 1432 2488 1486 devotione
2531 1430 2911 1494 concordiam,
2953 1447 3066 1484 non
3098 1430 3280 1483 solum
3332 1430 3524 1501 magni
3572 1432 3882 1486 frustratur

2183 1523 2372 1592 palma
2395 1521 2682 1591 principii,
2715 1537 2912 1574 verum
2948 1521 3116 1573 etiam
3147 1521 3282 1573 mali
3313 1520 3540 1574 miseria
3568 1522 3884 1575 comitatur

2114 1646 2154 1700 Β
2185 1611 2450 1681 exempli.
2506 1611 2689 1674 Quare
2738 1609 3096 1664 clementiam
3159 1613 3424 1676 vestram,
3481 1610 3659 1664 mixto
3702 1611 3880 1665 etiam

2186 1701 2448 1772 precibus
2499 1701 2656 1766 ﬂetu,
2707 1699 3087 1770 deposcimus,
3124 1715 3192 1752 ne
3236 1699 3443 1768 gaudia
3480 1705 3695 1768 nostra,
3751 1706 3881 1772 quae

2185 1792 2254 1845 de
2285 1791 2688 1845 haereticorum
2722 1789 2978 1860 quotidie
3010 1788 3379 1842 conversione
3398 1789 3702 1859 praestatis,
3737 1806 3882 1860 prae-

2182 1880 2430 1934 fatorum
2465 1880 2707 1949 abjectio
2731 1878 3087 1933 intoleranda
3116 1877 3438 1944 conturbet,
3455 1878 3590 1948 quia
3613 1895 3730 1932 non
3761 1879 3882 1932 sola

2183 1986 2558 2039 personarum
2594 1986 2697 2022 nos
2729 1985 2896 2022 causa
2926 1968 3207 2032 sollicitat,
3243 1967 3453 2037 quibus
3492 1972 3549 2021 et
3577 1968 3714 2022 boni
3748 1969 3881 2023 facti

2185 2058 2356 2112 simul
2391 2058 2650 2112 sufficere
2683 2059 2868 2128 gloria
2897 2060 3089 2128 posset
3118 2063 3173 2110 et
3208 2056 3398 2109 meriti
3431 2074 3443 2110 :
3478 2058 3573 2112 sed
3609 2059 3766 2128 quod
3802 2077 3883 2113 ve-

2183 2148 2529 2201 nerabilium
2578 2148 2885 2201 constituta
2944 2163 3229 2201 canonum
3291 2149 3767 2215 contemnuntur,
3824 2154 3879 2203 et

2183 2237 2336 2306 quod
2378 2253 2494 2290 non
2543 2253 2778 2306 parvam
2828 2253 3027 2290 eorum
3071 2236 3310 2306 abjcctio
3350 2239 3676 2308 apostolicae
3729 2240 3881 2293 sedis

2182 2326 2369 2394 tangit
2395 2326 2684 2395 injuriam,
2717 2342 2820 2379 nec
2854 2326 3296 2382 Christianitatis
3327 2334 3523 2383 vestra?
3557 2329 3879 2399 sinceritas,

2183 2415 2316 2485 quia
2350 2420 2407 2468 et
2454 2432 2728 2484 magnum
2779 2415 3162 2485 patrocinium
3216 2419 3500 2473 veteribus
3549 2420 3878 2473 constitutis

2180 2503 2534 2574 impenditis,
2564 2508 2617 2558 et
2652 2504 2799 2557 sedis
2832 2506 3156 2574 apostolicae
3185 2507 3570 2578 principatum
3601 2513 3728 2561 acta
3767 2525 3879 2562 no-

2179 2591 2325 2645 viter
2355 2592 2718 2646 veneratione
2769 2592 3018 2659 sancitis,
3069 2611 3183 2649 uno
3226 2597 3735 2669 inexpugnabilem
3790 2613 3877 2652 re-

2178 2679 2403 2751 linquat
2427 2681 2671 2752 posteris
2699 2683 2933 2752 negotio
2967 2684 3362 2752 quasstionem.

2743 2824 3086 2880 EPISTOLA
3128 2827 3307 2881 LVIII.
3379 2796 3382 2799 ’

2109 2950 2149 3005 C
2579 2945 2656 2985 AD
2703 2946 3093 2986 EUPHEMIAM
3141 2948 3480 2988 AUGUSTAM

2185 3037 2508 3107 Perpetuas
2534 3052 2643 3106 pro
2664 3037 2989 3102 Euphemire
3015 3041 3070 3092 et
3095 3038 3219 3106 ejus
3246 3038 3354 3093 vim"
3373 3040 3561 3093 salute
3589 3040 3668 3093 ad
3697 3041 3879 3093 Deum

2225 3123 2286 3162 se
2316 3124 2510 3178 preces
2541 3108 2845 3177 eﬂundere.
2883 3109 3157 3163 Thomam
3186 3113 3240 3164 et
3269 3110 3419 3165 alios
3445 3111 3831 3166 commendat.

2254 3214 2557 3267 Ilormisda
2587 3215 2921 3284 Euphemiaa
2956 3219 3244 3287 Augustae.

2253 3305 2426 3357 Orare
2474 3321 2578 3357 nos
2619 3309 2673 3358 et
2708 3322 2812 3374 pro
2846 3311 3031 3359 vestra
3076 3307 3466 3361 incolumitate
3508 3307 3623 3360 Deo
3673 3313 3876 3361 nostro

2178 3396 2310 3445 vota
2355 3395 2697 3462 persolvere,
2732 3412 2861 3448 cum
2913 3395 3318 3450 catholicorum
3351 3396 3522 3450 etiam
3571 3401 3723 3450 cmtu
3757 3397 3876 3450 sine

2177 3483 2492 3536 cessatione
2529 3483 2890 3553 pontiﬁcum,
2922 3501 3040 3538 non
3071 3493 3267 3539 vestrae
3301 3485 3548 3539 studium
3587 3485 3872 3540 exoratio-

2176 3569 2264 3622 nis
2294 3570 2513 3638 invitat,
2549 3571 2642 3624 sed
2671 3572 2942 3626 devotum
2966 3579 3138 3642 atque
3170 3574 3481 3643 persistens
3513 3574 3566 3627 in
3612 3575 3875 3628 ecclesia-

2175 3657 2312 3710 stica
2344 3659 2598 3712 stimulat
2628 3660 3094 3715 reconciliatione
3141 3664 3512 3733 propositum.
3547 3663 3683 3726 Quis
3716 3664 3871 3716 enim

2176 3747 2244 3799 ab
2275 3746 2541 3801 haeretica
2575 3754 2907 3820 segregatus
2937 3750 3360 3821 conspiratione
3392 3768 3451 3805 se
3492 3754 3706 3818 teneat,
3744 3751 3872 3820 quis

2175 3835 2297 3888 aliis
2343 3838 2400 3890 in
2461 3854 2561 3891 sua
2612 3843 2805 3893 utatur
2856 3840 3256 3910 deprecatione
3298 3840 3615 3910 principiis,
3652 3840 3763 3893 nisi
3810 3845 3870 3892 ut

2171 3925 2331 3978 vobis
2359 3927 2837 3998 serenissimoque
2870 3928 3116 3999 principi
3142 3929 3325 4000 jugali
3351 3934 3536 3983 vestro
3568 3934 3624 3982 et
3654 3928 3766 3981 vita
3800 3927 3868 3981 sit

2169 4012 2416 4084 longior,
2456 4020 2510 4068 et
2538 4017 2604 4068 ad
2636 4017 3032 4086 prosperitatis
3063 4024 3436 4087 augmentum
3462 4018 3643 4087 gratia
3673 4017 3866 4070 divina

2169 4103 2500 4172 proximior,
2560 4104 2659 4174 qui
2701 4104 2862 4158 initia
2896 4105 3073 4159 felicis
3117 4107 3342 4177 imperii
3390 4106 3672 4178 plectendi
3711 4124 3866 4161 exse-

2169 4192 2521 4246 crationibus
2572 4195 2942 4248 consecrastis
2994 4195 3218 4264 erroris,
3266 4202 3322 4250 et
3353 4197 3593 4254 amicam
3631 4197 3861 4250 diabolo

2165 4282 2401 4350 paciﬁca
2428 4283 2723 4353 expulistis
2765 4285 3083 4338 intentione
3113 4286 3489 4340 discordiam?
3520 4285 3675 4340 Unde
3710 4303 3860 4339 nunc

2165 4371 2322 4424 decet
2362 4389 2457 4425 vos
2495 4373 2878 4427 laudabilibus
2913 4375 3110 4444 coeptis
3140 4375 3421 4440 insistere,
3453 4380 3508 4428 et
3538 4391 3642 4444 per
3671 4379 3856 4428 totum

2161 4461 2356 4514 orbem
2388 4462 2692 4531 perfectam
2730 4479 2998 4534 spargere
3048 4464 3418 4530 medicinam;
3454 4463 3590 4534 quia
3632 4465 3857 4518 Christo

2159 4551 2343 4620 major
2362 4567 2636 4604 numerus
2657 4553 2848 4622 gregis
2878 4553 3104 4608 oblatus
3145 4555 3465 4608 mercedem
3496 4553 3857 4608 conﬁdenter

2157 4638 2332 4710 exigit
2370 4640 2706 4710 largiorem;
2744 4642 2896 4696 inter
2926 4659 3052 4714 quae
3095 4659 3246 4696 cura:
3275 4642 3483 4712 ,vestrz—e
3515 4643 3587 4696 sit
3619 4649 3682 4697 ut
3727 4645 3855 4697 nul-

2154 4727 2276 4780 lum
2325 4727 2561 4782 Satanas
2615 4729 2960 4799 jamdudum
3014 4737 3329 4802 prostratus
3367 4733 3572 4786 vulnus
3621 4733 3850 4797 efﬁciat,

2154 4817 2251 4870 sed
2284 4820 2709 4874 communionis
2736 4821 2927 4875 unitas
2967 4838 3245 4892 magnum
3280 4823 3352 4876 sit
3390 4823 3632 4892 justitiae
3669 4824 3849 4893 impe-

2153 4907 2366 4960 trandae
2400 4908 2758 4977 suffragium.
2785 4911 3126 4974 Quaesumus
3159 4927 3405 4983 namque
3432 4917 3492 4965 ut
3515 4913 3753 4966 tandem
3783 4913 3851 4966 de

2149 4996 2570 5051 venerabilibus
2620 4999 2888 5053 fratribus
2929 5006 2987 5054 et
3018 5001 3369 5073 coepiscopis
3403 5001 3633 5066 nostris,
3669 5002 3846 5068 Helia,

2146 5083 2423 5139 Thomate
2483 5091 2654 5156 atque
2716 5088 3050 5158 Nicostrata,
3113 5093 3266 5162 quod
3335 5091 3846 5146 sacratissimorum

2145 5188 2427 5226 canonum
2478 5175 2652 5229 dictat
2701 5177 2977 5232 autoritas
3035 5180 3193 5234 vobis
3252 5181 3691 5234 decernentibus
3750 5182 3847 5234 im-

2144 5263 2390 5330 pleatur,
2443 5281 2514 5317 nc
2575 5267 2902 5337 videantur,
2951 5273 3016 5321 ut
3073 5275 3333 5323 auctores
3391 5270 3632 5339 alicujus
3682 5271 3840 5337 mali,

2143 5352 2296 5421 quod
2330 5353 2502 5422 primi
2531 5355 2596 5406 ad
2633 5357 2919 5411 unitatem
2952 5358 3099 5411 sedis
3132 5359 3455 5430 apostolica:
3477 5359 3836 5425 festinarunt,

2141 5440 2200 5494 in
2233 5442 2527 5494 communi
2561 5443 2824 5498 omnium
2870 5447 3082 5516 gaudio
3123 5448 3227 5502 soli
3277 5448 3551 5502 meruisse
3585 5448 3836 5519 percelli,

2141 5533 2196 5583 et
2235 5530 2294 5584 in
2333 5530 2478 5584 facto
2521 5531 2791 5588 laudabili
2827 5535 3033 5591 victam
3078 5537 3362 5607 personali
3421 5537 3554 5590 odio
3605 5539 3836 5591 cessisse

2131 5617 2433 5688 justitiam.
2499 5621 2719 5676 Nostris
2767 5640 2907 5696 ergo
2965 5626 3230 5697 precibus
3283 5626 3437 5698 apud
3467 5626 3837 5682 clementissi-
