4038 6170
186 331 268 383 465

1450 331 1490 382 Ε
1503 329 1806 388 PISTOLAS
1844 332 1932 387 ET
1974 329 2302 385 DECRETA
2316 372 2328 384 .

3537 334 3643 390 466

181 477 312 518 mum
337 463 646 530 Augustum
668 463 880 514 vestras
906 459 1223 532 adjungite,
1255 465 1317 516 ut
1348 461 1619 529 fructum,
1653 479 1826 535 quem
1863 465 1910 518 A
1939 461 2264 516 clesiasticze
2287 461 2526 515 unitatis
2554 459 2756 515 affectu
2786 465 2945 532 parte
2970 462 3050 516 sic
3079 462 3315 532 ferveat,
3351 468 3416 519 ut
3445 464 3644 519 nullus

180 550 269 606 illis
296 551 510 604 Patrum
557 550 770 619 regulas
815 549 989 603 tribui
1031 556 1087 604 et
1120 552 1442 604 conservari
1467 552 1827 623 prmeipiunt,

178 639 374 692 inimica
405 637 792 709 tergiversatio
826 639 1048 692 auferre
1081 656 1195 693 non
1226 641 1424 711 possit.

737 745 1071 802 EPISTULA
1112 747 1240 802 LIX.

746 849 813 885 AD
851 849 1224 888 JUSTINIANUH.

174 918 468 995 Justirziant:
479 920 747 995 studia-nt
759 938 893 995 erga
911 923 1360 978 ecclesiasticam
1377 940 1582 995 pacem
1601 925 1827 993 laudat,

229 993 369 1062 eique
402 991 663 1067 Heliam,
702 991 1034 1048 Tliomalem
1063 1001 1115 1048 et
1155 991 1560 1052 Nicostratum
1609 991 1826 1067 episcoé

229 1081 316 1135 pos
340 1064 709 1118 commendat.

230 1171 506 1226 IIormisda
530 1171 850 1226 Justiniano
883 1172 1000 1224 viro
1032 1172 1257 1226 illustri.

229 1260 469 1315 Studium
531 1265 784 1315 vestrum
835 1278 968 1330 erga
1022 1263 1461 1317 ecclesiasticam
1515 1279 1713 1334 pacem
1773 1267 1829 1318 et

172 1350 431 1403 damnatos
463 1351 746 1403 haeretica:
771 1351 1155 1404 contentionis
1187 1367 1428 1419 errores,
1464 1353 1603 1422 ipsis
1634 1369 1828 1406 rerum

168 1439 421 1493 eliectibus
451 1440 870 1509 approbemus;
904 1440 1064 1509 cujus
1106 1457 1204 1493 vos
1238 1443 1428 1511 operis
1472 1459 1681 1511 magna
1713 1442 1825 1496 im-

171 1545 440 1598 mensaque
500 1528 624 1582 sine
677 1529 850 1583 dubio
907 1546 1125 1583 merces
1182 1536 1488 1600 exspectat.
1550 1533 1688 1584 l-Iinc
1744 1537 1827 1584 est

167 1618 293 1688 quod
313 1618 590 1688 quidquid
621 1635 724 1688 pro
758 1635 1041 1672 canonum
1083 1621 1353 1674 ﬁrmitate
1375 1626 1430 1674 et
1460 1636 1564 1690 pro
1595 1626 1826 1690 aposto-

167 1707 259 1759 lica:
300 1707 440 1766 sedis
489 1708 813 1760 reverentia
869 1709 1252 1761 necessarium
1313 1711 1662 1774 duxerimus,
1713 1725 1828 1762 ma-

165 1794 412 1864 gnitudini
442 1799 647 1848 vestra:
688 1811 885 1848 secura
928 1798 1320 1867 peragendum
1358 1799 1620 1868 protinus
1678 1815 1824 1868 przr-

166 1883 446 1952 sumptione
478 1883 845 1950 mandamus,
881 1884 1018 1954 quia
1062 1901 1190 1937 cum
1233 1901 1442 1954 magno
1487 1902 1584 1938 vos
1615 1885 1824 1955 gaudio

163 1988 240 2042 pro
255 1973 422 2024 causis
446 1973 661 2025 talibus
683 1979 910 2043 sperata
936 1974 1597 2045 suscipere,multiplicia
1626 1975 1822 2045 hujus-

163 2062 288 2114 modi
315 2062 577 2131 exempla
604 2067 908 2115 testantur.
941 2063 1125 2126 Quare
1159 2064 1385 2116 omissis
1418 2065 1477 2116 in
1508 2065 1682 2133 longa
1711 2066 1826 2117 cir-

163 2151 372 2203 cuitione
403 2150 729 2221 principiis,
779 2153 847 2204 ad
891 2168 1012 2204 rem
1041 2154 1222 2222 ipsam
1271 2154 1564 2222 praesentis
1597 2155 1821 2224 paginae

163 2241 296 2294 verba
324 2240 732 2295 convertimus.
769 2241 962 2294 Moeret
992 2241 1259 2310 Ecclesia,
1294 2247 1350 2295 et
1383 2259 1590 2313 magno
1623 2244 1824 2296 votiva:

163 2329 356 2382 unitatis
402 2331 638 2383 exordio
682 2330 791 2384 frui
828 2330 1080 2400 praestita
1117 2347 1230 2383 non
1275 2336 1461 2400 potest
1519 2348 1620 2402 pro
1652 2333 1822 2386 unius

163 2436 309 2472 causa-
341 2419 869 2473 afﬁictionelaetitia
895 2436 907 2472 ε
932 2419 1077 2472 hanc
1109 2426 1168 2472 ut
1195 2421 1352 2473 nobis
1381 2419 1822 2475 sollicitudinem

162 2508 394 2562 beneﬁcia
438 2515 632 2562 vestra
683 2509 1078 2573 submoveant,
1150 2526 1266 2562 non
1312 2511 1502 2579 parvis
1557 2512 1824 2580 precxbus

162 2614 439 2652 exoramus.
475 2599 659 2668 Angit
687 2615 789 2651 nos
819 2598 970 2650 enim
999 2604 1054 2652 et
1085 2615 1334 2668 praesens
1366 2600 1549 2665 dolor,
1584 2605 1640 2652 et
1668 2601 1820 2653 futu-

161 2701 318 2738 rorum
343 2687 564 2739 occasio
613 2691 915 2755 procurata
955 2688 1350 2753 certaminum,
1401 2705 1503 2757 per
1555 2705 1728 2760 quam
1770 2692 1826 2742 et

161 2776 528 2829 venerabilinm
569 2777 800 2829 Patrum
833 2778 1047 2846 regulas
1078 2778 1475 2847 negliguntur,
1509 2785 1563 2831 et
1591 2784 1820 2848 aposto-

159 2864 252 2916 licze
278 2865 412 2918 sedis
460 2871 707 2935 putatur
753 2867 1059 2919 auctoritas
1117 2883 1280 2935 posse
1327 2867 1640 2920 contemni.
1679 2868 1815 2920 Nam

158 2969 255 3006 cum
283 2954 462 3007 divino
497 2953 1052 3024 clementissimique
1078 2955 1354 3025 principis
1389 2956 1692 3023 beneﬁcio,
1723 2958 1822 3011 sed

1939 551 2073 606 boni
2122 551 2485 622 relinquatur
2526 550 2683 604 locus
2733 551 2925 617 ofﬁcii,
2977 552 3072 606 ubi
3113 570 3226 606 non
3266 555 3519 624 paternis
3559 570 3646 608 re-

1940 641 2088 711 gulis
2119 645 2321 694 vestrm
2354 638 2736 708 patrocinium
2789 640 3134 694 defensionis
3165 642 3407 698 assistat.
3446 644 3644 697 Praeci-

1938 747 2051 801 pue
2081 735 2273 784 tamen
2320 728 2511 796 Helice,
2563 730 2796 782 Thomas
2831 733 3001 799 atque
3049 730 3351 785 Nicostrati
3399 733 3643 787 fratrum

1939 825 1994 874 et
2024 819 2492 890 coepiscoporum
2545 825 2876 872 nostrorum
2924 835 3092 873 causa
3140 837 3245 873 nos
3292 827 3639 890 commovet,

1939 909 2035 978 qui
2053 909 2236 978 primo
2255 907 2470 960 mundo
2503 906 2625 978 [sic]
2653 909 3030 962 necessariam
3055 909 3232 962 secuti
3247 912 3639 978 concordiam,

1940 998 2314 1050 Ecclesiarum
2351 1013 2584 1050 suarum
2615 996 2933 1066 privatione
2980 999 3246 1068 perculsi,
3303 1017 3430 1055 cum
3464 1017 3643 1055 vene—

1938 1087 2204 1140 rabilium
2243 1103 2470 1156 quoque
2503 1102 2788 1138 canonum
2834 1089 3180 1141 contumelia
3213 1090 3641 1159 deprimuntur,

1940 1177 2113 1246 ﬁtque
2147 1175 2255 1228 illis
2288 1176 2534 1245 propriae
2590 1176 3063 1230 reconciliationis
3095 1178 3279 1247 gloria
3319 1196 3488 1233 causa
3530 1181 3640 1234 dif-

1938 1264 2122 1328 ﬁcilis,
2157 1263 2319 1334 quasi
2351 1263 2461 1332 ipsi
2496 1264 2676 1331 magis
2699 1265 2978 1333 pertinaci
3009 1273 3199 1318 mente
3225 1267 3560 1333 restiterint,
3584 1274 3643 1322 et

1938 1353 2064 1405 aliis
2094 1354 2163 1405 ad
2213 1353 2362 1406 sedis
2403 1353 2733 1422 apostolica:
2789 1353 3166 1407 redeuntibus
3221 1357 3495 1410 unitatem
3529 1357 3638 1427 ipsi

1938 1443 2197 1495 Ecclesia:
2238 1441 2419 1510 magis
2466 1442 2725 1494 membra
2771 1441 3209 1512 discerpserint;
3261 1445 3416 1514 quod
3465 1462 3639 1515 quam

1938 1533 2099 1585 nobis
2127 1532 2335 1584 durum
2363 1531 2456 1596 sit,
2492 1547 2780 1600 quamque
2813 1530 3251 1584 clementissimi
3286 1533 3641 1601 temporibus

1935 1619 2300 1691 imperatoris
2326 1619 2654 1689 indignum,
2687 1619 3057 1689 prudentiam
3089 1625 3330 1673 vestram
3375 1621 3640 1674 convenit

1938 1711 2244 1774 aestimare,
2279 1713 2334 1761 et
2355 1709 2585 1761 tandem
2618 1714 2892 1778 praestare
2934 1708 3281 1774 remedium,
3335 1725 3448 1778 quo
3481 1712 3536 1760 et
3564 1708 3640 1762 il-

1937 1799 2122 1851 lorum
2159 1797 2402 1863 labores,
2433 1802 2488 1850 et
2517 1802 2770 1850 nostram
2814 1803 2976 1867 grato
3010 1797 3191 1868 possit
3219 1796 3502 1874 solamine
3530 1813 3638 1850 au-

1935 1887 2084 1941 ferre
2107 1886 2462 1940 maestitiam.

2007 1993 2094 2063 (In
2116 1993 2452 2046 collectione
2485 1992 2757 2045 Avellana
2804 1995 2932 2062 post
2974 1992 3120 2045 hanc
3151 1992 3451 2061 epistolam
3495 1991 3635 2046 sub—

1936 2065 2092 2118 ditur
2121 2069 2177 2117 et
2209 2064 2318 2116 alia
2343 2064 2532 2132 primo
2553 2065 2782 2132 vulgata
2806 2081 2838 2118 a
2872 2063 3169 2117 Ballerinis
3209 2079 3367 2133 oper.
3404 2063 3458 2118 S.
3494 2063 3634 2118 Leo-

1935 2136 2044 2202 nis,
2078 2140 2216 2188 tom.
2255 2136 2344 2201 III,
2377 2151 2509 2205 pag.
2552 2137 2689 2204 167).

2004 2242 2259 2296 Justinus
2290 2245 2580 2311 Augustus
2614 2242 2951 2295 Hormisdaa.

2007 2333 2287 2384 Illustrem
2321 2330 2505 2384 virum
2553 2330 2884 2400 episcopum
2931 2333 2996 2385 tt.
3057 2335 3221 2401 grato
3276 2329 3632 2400 suscepimus

1933 2421 2124 2474 animo
2167 2438 2281 2474 non
2313 2436 2416 2490 pro
2451 2421 2668 2474 honore
2713 2424 2936 2473 tantum
2969 2421 3067 2491 qni
3097 2421 3337 2474 debetur
3367 2421 3630 2474 sacerdo-

1934 2510 2099 2577 tibus,
2137 2527 2332 2563 verum
2368 2509 2543 2563 etiam
2577 2526 2678 2580 pro
2713 2510 2918 2563 alfectu
2954 2517 3158 2564 vestrae
3209 2509 3626 2563 sanctitudinis.

1934 2601 2074 2654 Nam
2121 2600 2448 2669 quicunque
2500 2603 2596 2651 tuo
2637 2599 3038 2669 comprobatus
3073 2599 3290 2669 judicio
3344 2598 3518 2652 fuerit
3547 2603 3632 2651 est

1938 2689 2090 2758 apud
2124 2705 2228 2741 nos
2259 2688 2429 2741 etiam
2477 2688 2770 2758 judicatus
2816 2688 3276 2757 probatissimus.
3329 2689 3406 2740 De
3454 2704 3630 2756 opera

1933 2785 2124 2831 tamen
2163 2781 2220 2829 et
2262 2777 2450 2829 favore
2501 2776 2602 2846 qui
2652 2777 3018 2828 sacrosanctis
3059 2777 3390 2830 inferendus
3421 2781 3503 2828 est
3531 2777 3629 2829 Ec-

1931 2866 2116 2919 clesiis
2147 2869 2281 2917 tunc
2304 2865 2536 2917 demum
2569 2863 2948 2932 opportunius
2980 2869 3261 2917 statuetur
3290 2879 3419 2917 cum
3448 2864 3624 2932 legati

1933 2971 2076 3025 quos
2107 2969 2289 3022 nuper
2319 2953 2386 3004 ad
2413 2967 2608 3019 regem
2639 2952 3008 3021 magniﬁcum
3036 2953 3494 3005 Trasamundum
3525 2952 3622 3004 de-

157 3050 198 3095 et
220 3051 378 3096 vestro
405 3044 581 3096 simul
614 3043 825 3096 adnixu
857 3043 913 3096 hi
966 3044 1072 3096 soli
1119 3044 1423 3098 credantur
1470 3061 1590 3097 esse
1623 3046 1819 3115 ponti-
1859 3060 1900 3115 ο
1931 3043 2166 3096 stinasse
2198 3040 2490 3094 noscimur
2521 3041 2730 3094 reversi
2763 3041 3012 3110 prOpitia
3061 3041 3362 3094 Divinitate
3391 3055 3624 3109 respon-

158 3131 274 3197 ﬁces,
303 3138 355 3184 et
379 3133 506 3202 jure
547 3132 823 3185 Ecclesias
858 3132 1178 3199 continere,
1221 3133 1320 3203 qui
1353 3132 1422 3185 ad
1453 3134 1809 3186 communio-

156 3235 253 3270 nem
281 3227 526 3272 nostram
554 3219 840 3272 damnatis
875 3219 1167 3272 erroribus
1199 3219 1387 3273 redire
1419 3221 1813 3288 consentiunt;

157 3306 310 3366 Hclltt‘,
340 3308 605 3362 Thomati
643 3313 812 3377 atque
855 3308 1199 3361 Nicostratro
1220 3307 1491 3362 fratribus
1536 3313 1591 3362 et
1627 3309 1809 3379 coepi-

156 3399 297 3464 scopis
325 3398 549 3464 nostris,
591 3397 688 3466 qui
720 3396 938 3449 bonum
971 3413 1155 3450 causa:
1202 3397 1376 3450 etiam
1425 3397 1527 3450 sub
1571 3398 1810 3452 adverso

155 3483 450 3554 imperatore
495 3487 708 3541 dedere
761 3485 1108 3555 principium
1161 3502 1276 3539 non
1321 3487 1506 3540 solum
1550 3487 1692 3540 nihil
1743 3488 1812 3541 ad

155 3582 436 3643 provectum
499 3577 659 3630 bona
717 3575 904 3628 studia
960 3575 1318 3644 profuerunt,
1383 3592 1578 3629 verum
1639 3576 1810 3630 etiam

154 3665 330 3718 collatae
360 3666 459 3719 sibi
491 3683 524 3718 a
559 3665 794 3718 domino
841 3665 1096 3719 obtinere
1151 3670 1444 3735 nequeunt
1494 3665 1679 3718 ofﬁcia
1721 3665 1810 3719 di-

153 3753 360 3822 gnitatis,
393 3761 447 3808 et
479 3761 741 3807 extorres
772 3771 804 3806 a
828 3753 1148 3806 commissis
1181 3754 1285 3806 sibi
1314 3753 1587 3824 gregibus
1618 3753 1809 3806 subire

151 3849 386 3910 coguntur
413 3844 676 3898 miserias
704 3843 1126 3897 damnatorum.
1173 3843 1534 3912 Quapropter
1576 3860 1810 3914 quaesu-

154 3946 247 3984 mus
276 3940 325 3987 et
355 3951 454 4004 per
502 3934 765 3988 divinam
815 3951 911 3986 vos
950 3932 1401 3986 misericordiam
1457 3933 1812 3985 obtestamur

154 4027 197 4072 ut
221 4038 399 4076 eorum
441 4040 638 4076 causa:
683 4029 831 4092 (qua:
879 4023 1031 4091 justa
1077 4021 1182 4089 est)
1234 4037 1526 4075 summum
1563 4021 1808 4090 patroci-

153 4108 274 4163 nium
292 4116 341 4164 et
361 4112 622 4181 probata:
647 4111 972 4175 vivacitatis,
1001 4109 1342 4179 impendatis
1366 4110 1650 4176 atfectum,
1673 4110 1808 4179 piis-

152 4198 251 4250 simi
290 4201 564 4270 principis
598 4200 866 4252 haerendo
897 4200 1162 4268 vestigiis,
1223 4204 1509 4269 quatenus
1557 4217 1650 4252 eos
1684 4207 1807 4250 tan-

153 4284 248 4338 dem
270 4289 374 4341 suis
404 4288 672 4342 Ecclesiis
714 4294 768 4340 et
802 4289 1027 4358 pietatis
1071 4288 1282 4343 intuitu
1318 4292 1374 4342 et
1405 4289 1643 4358 justitiae
1676 4305 1806 4340 con-

149 4379 477 4444 templatione
517 4378 806 4446 restituat;
841 4378 975 4447 quia
1017 4377 1076 4431 in
1127 4378 1359 4432 illorum
1393 4379 1804 4432 contumeliam
1849 4417 1888 4469 υ

153 4463 204 4514 ab
229 4464 459 4519 inimicis
501 4467 776 4520 asseritur
819 4471 1076 4534 optatum
1126 4471 1335 4520 nostrae
1386 4465 1806 4520 communionis

154 4551 463 4622 displicuisse
492 4554 872 4609 consortium.

730 4678 1062 4733 EPISTULA
1106 4680 1204 4732 LX.

465 4801 535 4839 AD
587 4800 887 4839 CERMANUM
937 4802 1103 4839 \‘IRL‘M
1146 4803 1455 4840 ILLUSTREM.

563 4891 785 4946 Eadem
824 4908 944 4962 quae
973 4891 1032 4944 in
1062 4891 1364 4959 superiori.

206 4996 485 5052 Ilormisda
513 5000 800 5053 Germano
837 5000 952 5052 viro
985 4999 1392 5052 illustrissimo.

205 5084 607 5141 Excubantihus
682 5089 840 5140 vobis
918 5089 1204 5158 probabili
1274 5105 1377 5159 pro
1441 5090 1815 5143 ecclesiastica

150 5190 257 5237 pace
285 5177 598 5245 proposito,
635 5183 690 5230 et
725 5183 883 5230 tanto
919 5178 1050 5231 ﬁdei
1083 5179 1270 5230 calore
1303 5178 1654 5230 ferventibus
1686 5195 1814 5247 gra-

150 5262 322 5316 Liarum
355 5266 498 5317 actio
539 5267 657 5318 sola
693 5283 803 5319 non
837 5267 1077 5333 sufﬁcit;
1115 5267 1251 5337 quia
1285 5283 1386 5318 nec
1417 5284 1514 5319 vos
1548 5268 1812 5320 humanae

151 5351 301 5403 ὶ-ιιιάὶε
331 5356 714 5424 praerogativa
747 5357 1036 5422 sollicitat,
1076 5357 1172 5410 sed
1216 5357 1424 5410 divinae
1469 5357 1817 5427 exspectatio

155 5440 516 5496 retributionis
551 5445 889 5499 inflammat.
942 5446 1105 5509 Quod
1149 5446 1326 5514 igitur
1354 5446 1600 5500 maxime
1643 5446 1816 5500 debe-

157 5541 258 5579 mus
287 5532 646 5600 exsolvimus,
679 5540 735 5587 et
768 5536 948 5588 Deum
983 5540 1262 5600 nostrum,
1299 5537 1459 5603 cujus
1511 5552 1604 5588 vos
1635 5535 1818 5588 causis

158 5619 476 5686 'mpenditis,
513 5638 616 5690 pro
661 5623 1056 5678 incolumitate
1109 5629 1292 5678 vestra
1331 5625 1586 5694 quotidie
1621 5625 1816 5694 depre-

162 5720 347 5775 rtamur,
381 5715 647 5780 rogantes
674 5719 735 5767 ut
765 5713 1019 5768 studium
1050 5713 1379 5769 vestrumin
1410 5714 1568 5768 omni
1598 5730 1700 5784 pro
1727 5730 1816 5768 ec-

1925 3148 2052 3184 sum
2087 3130 2250 3184 nobis
2288 3129 2616 3182 detulerint.
2653 3130 2847 3182 Vestra
2876 3135 3068 3183 autem
3099 3129 3393 3182 beatitudo
3425 3145 3622 3198 supre-

1927 3236 2085 3274 mum
2123 3218 2284 3272 nobis
2326 3217 2654 3288 prmsidium
2703 3219 3006 3272 indefessis
3037 3218 3394 3271 orationibus
3425 3222 3619 3288 postu-

1923 3311 2040 3363 lare
2081 3309 2370 3378 dignetur.
2419 3309 2560 3360 Data
2604 3323 2669 3360 xv
2709 3309 2811 3360 cal.
2851 3307 3176 3361 Decembris
3207 3307 3618 3360 Constantino-

1919 3398 2033 3469 poli
2067 3396 2302 3451 domino
2348 3395 2570 3448 Justino
2616 3401 2898 3466 perpetuo
2943 3399 3219 3466 Augusto.
3275 3396 3520 3464 Accepta
3563 3410 3616 3448 x1

1919 3489 2022 3542 cal.
2056 3486 2214 3542 Junii
2241 3484 2471 3540 Rustico
2502 3502 2614 3539 cos.

2521 3592 2856 3648 EPISTOLA
2895 3594 3023 3648 LXI.

2227 3699 2296 3736 AD
2322 3698 2544 3749 HEL'IAM,
2577 3699 2803 3735 THOMAM
2837 3699 2900 3735 ET
2922 3698 3310 3736 NICOSTRATUM.

1921 3773 2014 3828 Ad
2046 3773 2462 3842 imperatorem
2493 3773 2548 3823 et
2577 3771 2727 3842 alios
2749 3787 2815 3842 se
2827 3787 2936 3841 pro
2964 3770 3199 3825 illorum
3239 3787 3418 3826 causa
3432 3768 3616 3841 scrip-

2537 3841 2682 3894 sisse
2705 3841 3016 3911 signiﬁcat.
3340 3862 3348 3870 ·

1995 3932 2293 3986 Ilormisda
2325 3932 2521 3996 Helite,
2553 3932 2788 3984 Thema).
2839 3937 2892 3984 et
2946 3933 3261 3986 Nicostrato
3310 3931 3613 4002 episcopis.

1990 4022 2213 4084 Quanto
2267 4036 2426 4072 mens
2461 4026 2653 4073 nostra
2698 4020 2916 4074 doloris
2969 4021 3140 4073 vestri
3181 4021 3617 4091 participatione

1922 4110 2194 4178 fatigetur
2239 4124 2651 4178 supervacuum
2703 4116 2785 4162 est
2835 4110 2989 4179 apud
3021 4109 3325 4178 probantes
3355 4113 3616 4162 mutuam

1921 4201 2218 4253 caritatem
2267 4198 2448 4250 verbis
2508 4203 2800 4251 astruere:
2855 4199 2951 4252 sed
3003 4199 3096 4250 ille
3137 4197 3236 4267 qui
3270 4202 3324 4250 et
3358 4204 3617 4250 nostrum

1921 4289 2178 4342 animum
2213 4293 2268 4339 et
2299 4291 2512 4339 vestros
2541 4287 2762 4340 labores
2812 4291 3088 4340 scrutator
3129 4285 3396 4355 prmscius
3428 4285 3616 4337 intue-

1919 4383 2033 4444 tur,
2065 4393 2369 4429 moerorem
2403 4381 2662 4428 nostrum
2704 4381 2888 4429 vestra
2939 4376 2995 4427 in
3028 4375 3303 4444 gaudium
3337 4373 3617 4443 prosperi-

1922 4473 2034 4521 tate
2075 4471 2388 4518 convertat.
2422 4466 2628 4517 Verum
2667 4482 2734 4518 ne
2759 4480 3012 4534 unquam
3033 4480 3135 4533 pro
3168 4468 3353 4516 vestro
3387 4462 3616 4531 negotio

1921 4557 2027 4609 sub
2083 4555 2426 4623 allegatione
2474 4554 2795 4623 justissima
2848 4559 2904 4607 et
2953 4552 3163 4606 blanda
3208 4551 3618 4605 intercessione

1921 4659 2226 4709 cessemus,
2275 4635 2542 4695 noveritis
2617 4659 2716 4695 nos
2789 4647 2905 4695 tam
2971 4642 3040 4695 ad
3107 4641 3618 4695 clementissimum

1921 4733 2259 4805 principem,
2318 4748 2491 4802 quam
2539 4732 2610 4784 ad
2660 4731 3246 4802 priecellentissimam
3279 4735 3616 4801 Augustam,

1921 4839 2026 4876 nec
2068 4838 2177 4874 non
2220 4821 2286 4874 ad
2319 4822 2564 4875 illustres
2599 4825 2654 4873 et
2685 4821 3023 4891 magniﬁcos
3053 4820 3201 4874 viros
3232 4820 3621 4874 Iustinianum

1923 4917 2093 4981 atque
2141 4911 2488 4964 Germanum
2539 4909 2686 4962 ﬁlios
2737 4915 2966 4962 nostros
3017 4909 3233 4962 litteras
3286 4909 3618 4974 destinasse,

1921 5005 2172 5053 vestrum
2205 4997 2527 5068 specialiter
2560 4997 2854 5069 negotium
2890 4998 3267 5064 continentes,
3298 5014 3439 5068 quas
3469 4997 3622 5050 viros

1924 5088 2158 5143 sublimi
2200 5088 2433 5156 Eulogio
2462 5087 2538 5140 ita
2570 5088 2930 5152 tradidimus,
2970 5092 3030 5140 ut
3055 5087 3113 5140 in
3149 5093 3335 5140 vestro
3366 5086 3621 5157 primum

1924 5183 2104 5249 ponat
2139 5178 2377 5231 arbitrio
2429 5183 2621 5231 utrum
2674 5195 2775 5247 per
2827 5195 2923 5231 vos
2975 5194 3068 5231 eas
3119 5177 3342 5246 eligatis
3393 5175 3619 5242 olferre,

1925 5285 1998 5320 an
2030 5283 2132 5336 per
2176 5267 2362 5336 ipsum
2399 5268 2585 5337 potius
2617 5268 2962 5337 perlatorem
3008 5269 3122 5320 tam
3159 5263 3402 5335 principi
3437 5263 3624 5333 porri-

1925 5361 2134 5426 gantur
2164 5373 2337 5427 quam
2359 5358 2596 5422 cmteris,
2642 5373 2784 5426 quas
2815 5353 3246 5425 designavimus
3279 5367 3471 5421 supra,
3496 5366 3623 5421 pcr-

1927 5462 2102 5499 SUIIIS.

2515 5533 2851 5588 EPISTOLA
2893 5533 3042 5586 LXII.

2599 5638 2670 5678 AD
2690 5638 2945 5677 LEGATOS.

1939 5715 2020 5767 De
2046 5713 2121 5766 iis
2139 5729 2261 5784 qua
2282 5713 2692 5770 Thessalonirzc
2717 5713 2788 5765 ab
2811 5709 3194 5783 Eutychianis
3212 5713 3373 5781 gesta
3402 5727 3507 5781 per
3519 5711 3625 5777 fa-
