3998 6172
316 369 425 426 467

1774 366 1906 420 ΗοΗ
1919 365 2145 417 MlSDIE
2185 363 2380 416 PAF/li
3733 356 3828 407 168

396 517 552 556 mam
587 500 900 567 audiverat,
945 499 1288 554 Dorolheum
1330 502 1384 551 et
1424 495 1733 553 Aristidem
1764 498 2008 550 Romam
2048 497 2091 547 Α
2123 492 2345 546 ascribi.
2386 493 2524 544 Data
2556 508 2610 543 ιιι
2644 490 2772 543 idus
2803 488 3081 551 Octobris,
3117 489 3425 542 Eutharico
3478 489 3596 540 viro
3633 489 3804 541 claris

395 572 592 628 venire
618 571 1059 642 compcllendos.

400 714 708 771 Hormisda
737 713 1018 768 Germano
1071 714 1127 765 et
1171 710 1374 765 Joanni
1422 710 1719 781 episcopis,
1772 709 1938 764 Felici
1966 714 2021 763 et

328 805 593 860 Dioscoro
627 803 898 870 diaconis,
933 808 987 855 et
1020 802 1236 855 Blando
1260 799 1608 870 presbytero.

400 929 538 983 Cum
568 943 670 981 nos
714 926 1106 981 ecclesiastica:
1140 924 1536 995 prosperitatis
1581 923 1787 993 gaudia
1834 923 2018 977 suble-

327 1022 543 1082 varent,
577 1021 633 1070 et
663 1032 840 1086 prope
885 1016 1122 1086 plenum
1158 1014 1364 1067 laboris
1396 1013 1566 1066 vestri
1598 1013 1848 1066 fructum
1880 1029 2020 1082 quo-

326 1107 462 1160 tidie
501 1121 883 1175 carperemus,
914 1109 1149 1174 repente
1183 1120 1286 1156 nos
1318 1103 1553 1156 inimica
1587 1102 1859 1166 universi,
1895 1118 2022 1171 quae

327 1200 564 1266 repente
596 1198 961 1257 successerat,
995 1193 1144 1246 fama
1177 1193 1510 1246 confundit:
1546 1192 1706 1261 cujus
1739 1191 2022 1260 opinionis

327 1285 610 1350 ordinem,
646 1284 749 1337 etsi
777 1283 934 1337 vobis
966 1283 1207 1336 necdum
1242 1282 1616 1336 referentilms
1667 1281 2023 1350 suspicamur

328 1373 634 1438 incertum,
663 1389 764 1443 pro
784 1373 968 1441 ipsius
991 1371 1070 1424 rei
1096 1377 1287 1425 tamen
1315 1370 1711 1439 magnitudine
1736 1370 2023 1423 credimus

328 1479 446 1516 non
476 1461 799 1515 tacendum.
837 1462 1034 1530 ltaque
1066 1461 1346 1530 perlatum
1381 1466 1464 1512 est
1488 1458 1722 1512 fratrem
1759 1464 1813 1511 et
1841 1459 2024 1526 coepi-

329 1567 567 1620 scopum
588 1557 848 1603 nostrum
869 1551 1164 1606 Joannem,
1196 1549 1331 1602 dum
1353 1549 1419 1600 ad
1444 1548 1896 1601 Thessalonicam
1921 1565 2022 1618 pro
2059 1552 2062 1554 ’

328 1638 706 1708 suscipiendis
749 1643 969 1690 tantum
1021 1638 1224 1690 libellis
1272 1636 1367 1706 qui
1400 1637 1888 1706 promittebantur
1928 1652 2021 1689 ac-

327 1728 570 1794 cederet,
602 1727 680 1780 ita
711 1727 892 1796 plebis
915 1726 1294 1778 irrationabili
1325 1725 1604 1778 seditione
1655 1741 2018 1780 concussum.

2128 581 2272 634 simo
2307 581 2539 635 consule
2569 579 2738 649 (anno
2762 579 2989 632 Domini
3020 580 3164 644 ΜΩ).

2793 701 3172 755 SL'GGESTIO

2716 823 2915 860 FELlClS
2956 823 3017 860 ET
3055 820 3307 860 DlOSCORI
3349 821 3728 872 DIACONORL’M,
3773 824 3831 860 EI

2698 912 2888 949 BLANDI
2916 912 3248 949 PRESBYTERI.

2129 825 2362 862 GERMANI
2405 823 2658 874 EPISCOPI,

2131 1006 2262 1070 Quae
2284 1001 2742 1058 Thessalonicam
2759 1002 3032 1056 Dorotheo
3068 1003 3270 1055 contra
3296 1002 3587 1055 Joannem
3616 1001 3836 1072 episco-

2692 1090 2830 1142 pum
2861 1076 2994 1126 acia
3022 1072 3266 1139 fuerint.

2204 1199 2404 1267 Magna
2436 1195 2819 1249 misericordia
2858 1195 2953 1248 Dei
2987 1200 3090 1262 est,
3127 1199 3184 1248 et
3230 1194 3665 1248 inaestimabilia
3710 1198 3831 1265 ejus

2125 1286 2361 1358 judicia,
2422 1285 2519 1354 qui
2577 1284 2719 1337 nihil
2774 1285 3059 1336 occultum
3116 1283 3374 1350 dimittit,
3429 1290 3490 1336 ut
3551 1285 3836 1352 probetur

2131 1375 2579 1444 uniuscujusque
2619 1372 2982 1433 conscientia.
3019 1374 3335 1424 l_)orotlu'-iis
3364 1373 3839 1425 Thessalonicen-

2133 1464 2207 1516 sis
2252 1462 2550 1532 episcopus
2603 1478 2714 1514 non
2765 1477 2944 1513 novus
2990 1462 3274 1530 apparuit,
3324 1477 3427 1513 nec
3467 1462 3534 1513 ad
3585 1478 3840 1531 praesens

2133 1553 2333 1618 factus,
2370 1553 2465 1604 sed
2507 1567 2564 1603 se
2599 1549 3010 1603 demonstravit
3050 1566 3218 1619 quem
3269 1550 3406 1602 olim
3451 1567 3586 1603 vera
3621 1552 3835 1619 praedi-

2133 1640 2298 1692 cabat
2320 1638 2535 1708 opinio.
2569 1641 2677 1691 Iste
2701 1654 2926 1708 semper
2947 1637 3005 1689 in
3030 1638 3193 1690 malis
3213 1638 3515 1690 desideriis
3537 1639 3657 1690 suis
3683 1639 3841 1691 invo-

2133 1729 2306 1794 lutus,
2341 1729 2473 1780 data
2503 1728 2793 1779 occasione
2826 1726 3076 1779 exercuit
3105 1727 3269 1788 quod
3307 1733 3502 1779 contra
3534 1728 3716 1779 iidem
3751 1745 3838 1780 ca-

329 1822 391 1870 nt
421 1815 695 1870 exstincto
729 1816 979 1884 primum
1012 1831 1078 1867 eo
1102 1813 1197 1883 qui
1228 1813 1540 1883 hospitium
1571 1813 1822 1866 venienti
1875 1829 2017 1881 prae-
2061 1800 2100 1853 Β
2136 1817 2404 1870 tbolicain
2448 1832 2673 1885 semper
2725 1815 3078 1885 parturicbat
3111 1816 3311 1868 scelus.
3350 1817 3408 1867 lu
3445 1816 3572 1867 aliis
3637 1815 3840 1868 litteris

329 1905 552 1968 bucrat,
576 1905 698 1974 ipse
729 1921 955 1973 quoque
988 1919 1100 1956 non
1133 1903 1393 1956 dissimili
1444 1902 1594 1954 caede
1646 1906 1943 1967 mactatus,
1973 1908 2026 1956 et

331 1995 423 2048 vix
459 1995 799 2046 sacrosancti
830 1991 1003 2045 fontis
1043 1991 1360 2044 reverentia
1386 1991 1700 2044 vindicatus
1733 1992 1976 2044 evaserit
2009 2009 2021 2045 :

330 2083 493 2152 cujus
521 2082 816 2135 seditionis
846 2081 1095 2145 initium,
1147 2081 1250 2133 sub
1305 2080 1772 2148 interrogationis
1817 2081 2025 2134 dolosae

335 2176 659 2226 commento
698 2172 770 2224 ab
793 2170 1039 2224 Aristide
1067 2170 1397 2238 presbytero
1439 2177 1704 2222 narratur
1741 2176 2022 2223 exortum.

339 2263 544 2314 Verum
580 2277 703 2327 nos,
743 2260 790 2312 si
842 2260 964 2312 haec
1004 2258 1307 2312 manifesta
1356 2264 1508 2323 sunt,
1555 2259 1696 2311 adeo
1742 2260 1810 2311 de
1861 2259 2025 2328 plebe

338 2366 456 2404 non
497 2349 814 2419 querimur.
848 2347 965 2401 Erit
997 2347 1054 2400 in
1087 2352 1368 2416 potestate
1389 2347 1696 2401 venerandi
1728 2347 2023 2418 principis,

335 2437 610 2508 temporis
651 2437 738 2490 sui
773 2442 827 2490 et
873 2436 1136 2490 catholici
1191 2437 1500 2490 sacerdotis
1566 2437 1861 2506 injuriam,
1914 2452 2027 2506 qua

329 2528 529 2598 jubeat
570 2542 822 2580 resecare
861 2541 1119 2578 censura.
1175 2525 1283 2578 Sed
1335 2527 1488 2594 quod
1538 2525 1606 2579 ad
1659 2541 1759 2578 nos
1803 2525 2023 2591 attinet,

335 2631 470 2668 cura
526 2612 789 2683 pervigili
845 2629 947 2682 per
986 2629 1084 2666 vos
1137 2614 1274 2681 (Deo
1323 2613 1597 2682 propitio)
1639 2614 2026 2667 desideramus

334 2702 582 2773 impleri,
608 2702 740 2772 quia
761 2702 980 2754 nullum
1007 2703 1289 2766 volumus,
1311 2708 1407 2754 aut
1431 2719 1542 2755 non
1564 2703 1786 2756 reddita
1809 2703 2026 2756 ratione

335 2789 610 2851 converti,
645 2794 741 2842 aut
788 2790 868 2842 sic
914 2795 1125 2844 rectam
1158 2791 1309 2844 viam
1342 2791 1475 2844 iidei
1509 2793 1790 2861 profiteri,
1826 2798 1890 2845 ut
1920 2793 2026 2844 sibi

336 2893 370 2931 a
400 2877 658 2948 principe
703 2879 914 2950 aliquid
965 2879 1085 2933 sine
1130 2879 1406 2934 doctrina:
1462 2881 1717 2934 remedio
1765 2886 2029 2934 causetur

334 2968 577 3038 imponi.
615 2968 748 3023 Haec
778 2968 953 3039 igitur
975 2970 1338 3039 suggestione
1363 2976 1563 3023 vestrae
1586 2971 2028 3041 supplicationis

335 3057 612 3128 peragite,
685 3062 749 3112 ut
816 3059 1335 3112 Thessalonicensis
1395 3059 1714 3129 episcopus,
1767 3060 1862 3128 qui
1923 3061 2026 3114 sub
2067 3097 2105 3147 ο

336 3145 810 3215 interrogationis
838 3148 1074 3200 obtentu
1111 3148 1543 3201 ecclesiasticam
1576 3165 1770 3218 pacem
1806 3155 2027 3217 protra-

339 3239 427 3288 cto
450 3234 510 3286 in
549 3235 786 3303 longum
821 3235 1022 3287 nititur
1068 3236 1344 3304 dissipare
1398 3237 1648 3306 negotio,
1698 3237 1970 3306 quoniam
1996 3252 2029 3289 a

339 3323 497 3376 vobis
527 3323 811 3392 suscipere
844 3324 1027 3376 noluit
1057 3340 1086 3376 a
1119 3325 1379 3394 principe
1422 3327 1490 3378 ad
1526 3327 1723 3378 urbem
1757 3325 2024 3391 directus,

339 3411 409 3464 ab
438 3412 749 3481 apostolica
779 3413 1062 3481 percipiat
1091 3415 1220 3466 sede
1252 3415 1594 3478 doctrinam,
1646 3420 1702 3467 et
1751 3415 2028 3484 quidquid

341 3499 447 3554 sibi
477 3499 718 3554 dubium
750 3505 934 3570 putet,
964 3503 1074 3554 huc
1113 3502 1345 3555 veniens
1375 3503 1643 3572 praesenti
1677 3521 1707 3557 a
1738 3505 1901 3558 nobis
1940 3505 2026 3558 in-

341 3589 648 3659 quisitione
678 3590 965 3644 condiscat
1007 3607 1020 3644 :
1057 3590 1134 3643 sic
1162 3591 1315 3644 enim
1348 3592 1592 3660 probare
1623 3598 1810 3662 potest
1851 3609 1908 3646 se
1937 3611 2024 3646 ca-

341 3678 566 3732 tholicae
598 3679 968 3748 professionis
1008 3696 1231 3734 servare
1263 3682 1564 3748 cautelam,
1597 3699 1711 3736 non
1748 3683 2029 3736 malitiose

342 3772 612 3838 concepta
643 3767 930 3822 vindicare
962 3769 1292 3823 certamina.
1322 3770 1469 3824 Sciat
1500 3787 1600 3823 nos
1622 3777 1846 3839 paratos
1886 3788 2029 3838 esse,

345 3863 400 3911 et
428 3857 572 3910 bene
600 3857 956 3927 inquirentes
987 3858 1290 3923 instruere,
1321 3863 1375 3913 et
1407 3866 1660 3913 errantes
1689 3861 1754 3914 ad
1787 3860 1916 3913 lidei
1949 3878 2032 3914 re-

343 3952 499 4001 ctum
531 3947 819 4001 tramitem
850 3948 1084 4003 scicntia
1115 3949 1255 4002 duce
1285 3965 1549 4002 revocare
1584 3964 1597 4002 :
1631 3950 1765 4020 quia
1797 3951 1842 4002 si
1873 3951 2034 4004 dubi-

346 4041 471 4089 tans
501 4040 755 4105 paratam
779 4053 893 4089 non
923 4037 1041 4090 vult
1073 4036 1318 4107 experiri
1343 4038 1678 4104 doctrinam,
1713 4055 1816 4091 nec
1838 4056 2032 4092 rursus

344 4126 405 4178 in
437 4123 802 4194 simplicitate
847 4126 1034 4178 cordis
1078 4143 1206 4196 quae
1238 4127 1390 4196 pacis
1435 4133 1491 4180 et
1527 4127 1819 4196 religionis
1864 4145 2032 4182 causa

338 4211 618 4282 jubentur
647 4211 968 4278 admittere,
1003 4213 1061 4266 in
1100 4219 1299 4282 aperto
1339 4217 1420 4267 est
1453 4231 1566 4284 qua
1596 4221 1784 4268 mente
1817 4217 1903 4269 vel
1937 4217 2031 4268 Dei

343 4301 524 4356 nostri
580 4303 878 4372 praeceptis
937 4302 1194 4368 obsistat,
1262 4303 1350 4356 vel
1399 4303 1702 4357 orthodoxi
1758 4304 2031 4374 principis

2134 1904 2580 1974 signilicavimus
2612 1904 2949 1956 beatitudini
2988 1910 3187 1956 vestrae.
3240 1920 3354 1972 quo
3406 1905 3608 1957 ordine
3665 1913 3842 1956 trans-

2135 2001 2337 2046 euntes
2369 1994 2764 2047 Thessalonica
2797 1993 3018 2045 libellos
3051 2010 3166 2045 non
3199 1993 3494 2062 potuimus
3525 1993 3840 2063 suscipere.

2134 2085 2266 2135 Erat
2309 2089 2502 2136 tamen
2555 2083 2928 2134 constitutum
2987 2089 3115 2150 post
3151 2082 3574 2135 ordinationem
3630 2091 3840 2134 sancta-

2134 2171 2399 2224 Ecclesiae
2461 2171 3104 2238 Constantinopolitanze
3177 2187 3356 2222 unum
3414 2187 3474 2222 ex
3536 2171 3707 2223 nobis
3775 2173 3842 2223 ad

2140 2260 2328 2330 ipsum
2365 2259 2633 2327 dirigere,
2664 2258 2800 2328 quia
2831 2260 2933 2310 hoc
2956 2260 3220 2327 sperabat
3246 2259 3569 2328 praedictus.
3597 2265 3660 2311 ut
3695 2276 3847 2312 unus

2139 2366 2202 2402 ex
2239 2348 2399 2401 nobis
2431 2353 2560 2418 post
2590 2353 2878 2416 susceptos
2921 2348 3141 2400 libellos
3172 2363 3301 2400 cum
3333 2349 3456 2417 ipso
3512 2349 3716 2400 missas
3755 2365 3843 2402 ce-

2139 2437 2403 2504 lebraret,
2441 2437 2602 2506 quasi
2639 2437 2969 2488 testimonio
3003 2436 3217 2489 habens
3266 2437 3323 2488 iu
3368 2437 3756 2505 generalitate
3789 2455 3844 2490 se

2135 2526 2202 2578 ad
2239 2526 2513 2578 unitatem
2547 2526 2695 2577 sedis
2741 2526 3062 2594 apostolicae
3111 2541 3228 2578 esse
3280 2526 3674 2593 cmijunctum.
3731 2527 3844 2579 Etsi

2141 2616 2318 2679 tarde,
2348 2615 2559 2667 factum
2608 2619 2691 2665 est
2728 2619 2922 2666 tamen
2956 2629 2967 2666 :
3032 2619 3085 2665 et
3117 2613 3498 2666 venerabilem
3555 2615 3843 2668 Joannem

2137 2707 2466 2772 episeopum
2499 2703 2568 2756 ad
2596 2703 2784 2770 ipsum
2815 2703 3148 2770 dirigentes,
3179 2703 3425 2754 directus
3456 2708 3690 2755 estcum
3712 2704 3845 2772 ipso

2140 2809 2202 2844 ex
2244 2791 2539 2844 communi
2588 2792 2864 2844 electione
2917 2791 3271 2860 Epiphanius
3323 2792 3641 2860 presbyter.
3697 2796 3846 2844 (ior-

2138 2896 2340 2934 manus
2397 2881 2758 2946 venerabilis,
2814 2884 2870 2933 et
2918 2880 3153 2932 illustris
3204 2880 3502 2949 episcopus
3552 2887 3848 2934 eratcum

2138 2972 2238 3037 eis,
2273 2976 2328 3023 et
2357 2970 2601 3023 Licinius
2633 2986 2821 3022 cernes
2853 2970 3054 3022 scholae
3098 2985 3162 3021 ex
3195 2969 3555 3022 ordinatione
3587 2965 3847 3023 clemen-

2136 3059 2342 3112 tissimi
2398 3059 2780 3129 imperatoris.
2818 3058 2924 3121 Qui
2976 3058 3217 3112 Licinius
3275 3063 3466 3110 tamen
3517 3075 3648 3111 cum
3682 3061 3852 3128 prius

2136 3164 2240 3217 pro
2274 3148 2382 3200 alia
2413 3163 2577 3200 causa
2608 3154 2755 3200 esset
2783 3147 3239 3199 'I‘liessalonicain
3273 3147 3540 3208 directus,
3589 3164 3842 3202 constre-

2137 3246 2266 3304 gata
2315 3237 2528 3305 synodo
2575 3236 2643 3288 de
2692 3237 2938 3304 partecia
2989 3235 3252 3288 Ecclesiae
3287 3236 3840 3300 Thessalonicensis,

2137 3324 2212 3377 ibi
2245 3330 2327 3377 est
2358 3326 2639 3388 inventus,
2676 3330 3006 3392 exspectans
3039 3324 3353 3377 secundum
3390 3325 3838 3393 promissionem

2137 3429 2318 3466 unum
2349 3429 2412 3465 ex
2447 3413 2624 3465 nobis.
2660 3414 2972 3465 Voluerunt
3020 3413 3140 3481 ipso
3176 3419 3454 3482 praesente
3496 3413 3723 3467 libellos
3773 3417 3849 3467 fa-

2138 3519 2265 3556 cere
2295 3508 2351 3554 et
2382 3501 2734 3554 subscribere
2763 3519 2778 3553 :
2827 3501 2979 3570 quod
3013 3503 3224 3554 factum
3257 3507 3369 3567 est;
3405 3502 3650 3571 signavit
3684 3503 3846 3572 ipsos

2138 3591 2358 3643 libellos
2385 3590 2685 3659 praedictus
2727 3589 2830 3656 vir,
2869 3597 2924 3641 et
2966 3590 3202 3644 veniens
3259 3591 3849 3660 Constantinopolim,

2139 3681 2349 3734 factum
2399 3679 2700 3732 nuntiavit.
2752 3679 3054 3731 Dicebatur
3103 3680 3262 3732 nobis
3335 3680 3404 3732 ab
3464 3681 3850 3749 apocrisiario

2141 3767 2409 3822 Dorotlici
2445 3785 2456 3821 :
2487 3768 2684 3821 Jubcte
2716 3769 2963 3836 dirigere
2997 3767 3095 3837 qui
3125 3768 3346 3820 libellos
3393 3769 3685 3838 suscipiat.
3739 3772 3850 3824 De-

2141 3859 2442 3910 liberatum
2478 3862 2578 3922 est,
2636 3858 2778 3910 sicut
2821 3857 3212 3926 praediximus,
3256 3859 3641 3911 venerabilem
3684 3860 3856 3912 Joan-

2138 3962 2270 4000 nem
2303 3947 2633 4014 episcopum
2671 3946 2986 4010 ambulare,
3041 3952 3100 3999 ut
3151 3946 3385 3999 haberet
3441 3949 3844 4002 testimonium

2140 4033 2571 4104 subscriptionis
2621 4033 2869 4086 illorum.
2925 4034 3271 4103 ltogaviinus
3311 4035 3615 4104 pissiinuin
3653 4039 3848 4104 impe-

2141 4129 2392 4176 ratorem
2423 4128 2485 4175 ut
2513 4138 2702 4175 comes
2736 4122 2984 4174 Licinius
3011 4124 3334 4176 ambularet
3365 4141 3493 4176 cum
3541 4143 3606 4177 eo
3641 4141 3653 4178 :
3690 4127 3849 4194 quod

2142 4219 2197 4265 et
2225 4213 2435 4265 factum
2467 4218 2567 4264 est.
2604 4212 2669 4263 Et
2693 4211 2827 4280 quia
2856 4219 3240 4279 pervenerunt
3272 4215 3329 4266 in
3362 4213 3673 4279 civitatem,
3699 4231 3854 4268 nun-

2141 4301 2345 4354 tiatum
2378 4306 2461 4353 est
2493 4299 2778 4353 Dorotheo
2814 4316 2914 4366 per
2965 4301 3236 4352 comitem
3279 4301 3556 4354 Licinium
3592 4318 3852 4370 pra-sen-

344 4391 605 4461 exempla
634 4395 981 4444 contemnat.
1032 4393 1093 4444 ln
1129 4392 1231 4445 hac
1257 4408 1395 4462 ergo
1427 4399 1585 4462 parte
1623 4396 1776 4445 totus
1822 4410 2025 4462 sngge-
2070 4395 2110 4448 Ι)
2141 4391 2277 4442 tiam
2331 4391 2525 4443 adesse
2555 4395 2900 4442 nostrorum.
2937 4390 3043 4452 Qui
3100 4389 3306 4442 direxit
3348 4391 3655 4443 Aristidem
3684 4409 3849 4460 pres-

345 4479 544 4534 stionis
570 4486 771 4532 vestrae
806 4485 962 4534 actus
992 4479 1315 4545 immineat,
1350 4480 1485 4550 quia
1515 4496 1617 4533 nec
1645 4481 1727 4533 illi
1759 4482 1867 4534 alia
1900 4500 2032 4551 pos-

345 4573 479 4620 sunt
507 4567 725 4620 ratione
756 4568 979 4635 salvari,
1011 4575 1067 4622 et
1097 4569 1343 4622 incitatae
1376 4569 1556 4638 plebis
1577 4569 1681 4622 sub
1705 4569 1809 4623 hoc
1834 4573 2035 4624 melius

349 4655 740 4709 moderamine
763 4673 932 4710 causa
949 4658 1210 4724 sedatur;
1246 4675 1373 4711 cum
1404 4643 1516 4728 quo
1532 4658 1703 4712 etiam
1728 4660 2032 4713 Aristidem

347 4743 744 4813 presbyterum
778 4746 1252 4800 clementissimus
1284 4747 1547 4817 princeps
1593 4750 1660 4802 ad
1709 4765 1812 4801 nos
1843 4750 2034 4802 venire

345 4832 660 4902 praecipiat,
693 4835 844 4904 quia,
871 4836 1034 4890 sicuti
1073 4837 1293 4906 praefati
1316 4853 1533 4896 sumus,
1559 4853 1758 4891 omnes
1789 4855 2033 4908 quorum

347 4936 455 4990 pax
512 4922 883 4978 ecclesiastica
939 4925 1310 4995 ambiguitate
1385 4925 1678 4993 dividitur,
1742 4927 1908 4978 simul
1967 4928 2033 4980 ad

349 5011 811 5066 communionem
862 5021 1132 5078 nostram,
1180 5015 1415 5084 depulsa
1455 5015 1590 5065 mali
1621 5016 1828 5068 erroris
1861 5017 2034 5080 aegri-

348 5099 566 5163 tudine,
599 5103 891 5156 catholica:
933 5103 1178 5157 scientiae
1219 5104 1480 5170 cupimus
1526 5104 1736 5157 sentire
1794 5105 2035 5157 medici—

349 5205 502 5244 nam.
539 5193 816 5246 Praeterea
847 5209 978 5245 mox
1009 5199 1072 5245 ut
1098 5193 1397 5261 praesentia
1440 5208 1538 5244 vos
1567 5193 1872 5261 contigerit
1901 5194 2036 5245 scri-

349 5285 447 5350 pta
476 5281 793 5351 suscipere,
827 5282 1107 5336 debebitis
1153 5283 1220 5334 ad
1266 5298 1371 5333 nos
1423 5282 1490 5334 de
1541 5283 1740 5336 vestris
1785 5282 2036 5351 aliquem

349 5369 634 5424 destinare
697 5387 826 5425 cum
879 5372 1150 5425 relatione
1201 5387 1327 5442 quae
1413 5372 1674 5426 universa
1725 5373 2034 5437 contineat,

349 5459 503 5513 unde
529 5461 619 5514 his
650 5476 778 5529 quas
807 5466 964 5528 gesta
993 5467 1124 5513 sunt
1163 5460 1246 5514 vel
1281 5467 1560 5529 geruntur
1591 5463 2036 5514 sollicitudinem

349 5554 602 5602 nostram
634 5549 886 5601 relevare
925 5549 1196 5602 debeatis.
1233 5551 1520 5603 Datarium
1573 5568 1802 5620 quoque
1835 5552 2037 5603 litteris

349 5637 551 5692 vestris
581 5635 894 5705 adjungite,
947 5653 1017 5692 ne
1047 5639 1203 5692 vobis
1234 5639 1525 5710 portitoris
1583 5641 1818 5693 tarditas
1864 5640 2039 5709 possit

2145 4479 2404 4547 bytcrum
2436 4495 2564 4531 cum
2596 4479 2724 4530 aliis
2752 4478 2975 4530 duobus
3014 4478 3319 4548 episcopis,
3355 4496 3496 4548 quos
3525 4482 3675 4532 solos
3705 4481 3850 4534 scie-

2146 4569 2240 4620 bat
2272 4568 2618 4619 adversarios
2650 4583 2769 4618 essc
2800 4567 3038 4635 negotii,
3075 4573 3135 4619 ut
3166 4574 3388 4622 nostros
3420 4570 3675 4622 videret:
3716 4586 3853 4623 cum

2146 4656 2351 4726 quibus
2385 4658 2684 4708 voluerunt
2715 4657 2898 4708 facere
2923 4656 3174 4724 primum
3197 4662 3483 4710 certamen
3513 4660 3581 4710 de
3617 4660 3849 4724 libellis,

2145 4747 2440 4798 dicentes:
2477 4745 2623 4798 Sunt
2671 4747 2920 4813 capitula
2963 4761 3092 4814 quae
3142 4747 3353 4799 debent
3401 4748 3719 4801 emendari.
3760 4749 3855 4800 Di-

2145 4842 2352 4888 xenunt
2383 4838 2558 4887 nostri
2595 4851 2706 4887 non
2746 4851 2864 4887 esse
2891 4835 2948 4887 in
2997 4841 3270 4904 potestate
3305 4837 3562 4904 ipsorum
3610 4836 3717 4887 hoc
3765 4837 3851 4888 fa-

2146 4942 2291 4989 cere,
2351 4924 2630 4988 venimus,
2689 4925 3061 4976 salutavinius
3121 4942 3238 4989 vos,
3294 4924 3850 4994 perambulanimus.

2147 5014 2530 5067 Discesserunt
2560 5018 2686 5081 post
2716 5015 2826 5065 ista
2863 5014 3053 5066 verba.
3111 5015 3194 5066 Ad
3234 5015 3402 5066 aliam
3450 5015 3604 5066 diem
3635 5031 3846 5068 conve-

2146 5108 2375 5169 nerunt,
2414 5105 2619 5154 iterum
2648 5103 2754 5154 ista
2783 5102 3114 5171 loquentes;
3149 5110 3205 5155 et
3237 5109 3541 5172 antequam
3579 5106 3852 5174 proposi-

2147 5194 2362 5246 tionem
2396 5193 2700 5245 verborum
2729 5193 3012 5254 fecissent,
3049 5192 3125 5244 ibi
3158 5209 3273 5244 non
3301 5201 3385 5245 est
3417 5194 3660 5245 intentio
3686 5211 3855 5263 gene-

2146 5287 2289 5348 rata,
2323 5298 2437 5333 non
2467 5281 2677 5349 injuria
2711 5290 2904 5333 secuta
2935 5287 3017 5332 est
3049 5297 3060 5334 :
3096 5281 3282 5334 subito
3329 5283 3574 5350 populus
3610 5283 3850 5335 insanus

2147 5371 2314 5424 irruit
2343 5387 2514 5439 super
2563 5371 2769 5440 ipsum.
2822 5376 2876 5423 et
2914 5370 3055 5422 duos
3107 5387 3310 5437 pueros
3359 5370 3688 5422 occiderunt
3737 5373 3852 5438 epi~

2147 5461 2323 5529 sc0pi,
2357 5466 2526 5528 caput
2559 5462 2728 5512 etiam
2761 5461 3053 5528 fregerunt
3085 5460 3351 5528 episcopo
3384 5460 3441 5510 in
3465 5460 3688 5512 duabus
3723 5477 3850 5528 par-

2148 5550 2318 5614 tibus,
2355 5555 2410 5603 et
2441 5567 2602 5603 renes
2633 5552 2755 5618 ejus
2801 5550 3242 5617 dissij’iaverunt,
3293 5558 3348 5601 et
3381 5549 3487 5602 nisi
3523 5550 3844 5600 misericor-

2149 5639 2242 5692 dia
2279 5639 2398 5700 Dei,
2447 5643 2502 5692 et
2540 5639 2793 5692 defensio
2846 5638 3034 5693 Sancti
3081 5638 3247 5692 Marci
3301 5637 3544 5692 basilicae
3599 5638 3838 5690 eruisset
