3998 6172
177 324 266 376 -269

1467 318 1816 374 EPISTOL/E
1854 319 1942 373 ET
1983 319 2337 375 DECRETA.

3552 317 3656 372 470

175 470 258 509 eos
287 452 353 506 de
385 450 645 505 manibus
682 465 904 517 eorum,
961 450 1041 505 ibi
1073 451 1395 521 perierant:
1448 452 1672 506 liberati
1704 457 1837 507 sunt
1875 456 1924 511 A
1954 452 2106 506 sonis
2147 453 2389 506 intentio
2447 451 2770 506 dilectionis
2799 454 3004 506 vestrae
3054 450 3427 508 vehementer
3477 452 3650 508 debet

171 550 371 610 tamen,
407 541 696 611 quomodo
729 541 958 609 dicitur,
1000 542 1134 611 quia
1161 557 1364 595 manus
1391 542 1615 612 publica
1645 559 1842 614 super-

175 633 334 697 venit,
367 647 494 700 quae
525 647 620 684 eos
650 646 848 683 eruere
876 630 1082 700 potuit.
1121 632 1231 684 Ista
1263 636 1318 684 et
1345 632 1586 685 istorum
1614 633 1840 686 concin-

176 727 430 777 namenta
456 720 718 773 Derothei
744 720 960 772 malitia
982 720 1296 787 fabricavit,
1330 721 1423 790 qui
1449 729 1579 775 ante
1602 722 1842 775 biduum

178 826 332 881 quam
376 809 744 878 pervenirent
791 810 975 862 nostri
1020 809 1475 863 Thessalonicam
1529 827 1702 879 super
1731 813 1842 864 duo

169 900 340 954 millia
368 898 709 966 baptizavit:
744 899 764 919 ⁸
799 903 1152 953 sacramenta
1184 904 1342 953 tanta
1375 901 1630 967 erogavit
1657 900 1714 953 in
1745 917 1840 970 po-

177 992 318 1060 pulo,
349 1005 477 1058 qua:
509 987 731 1058 possint
767 987 904 1058 ipsis
944 988 1011 1041 ad
1056 993 1316 1058 tempora
1348 988 1627 1055 suilicerc,
1663 990 1845 1058 signi-

177 1079 333 1132 iicans
365 1076 522 1146 plebi
567 1077 700 1147 quia
746 1077 886 1130 fides
917 1081 1068 1131 recta
1099 1082 1371 1131 mutatur.
1418 1080 1527 1131 Ista
1558 1078 1843 1147 quomodo

175 1184 278 1220 non
304 1167 625 1220 habuerant
654 1166 896 1220 excitare
922 1168 1246 1237 populum?
1281 1170 1387 1220 Ista
1419 1184 1590 1238 quem
1619 1184 1731 1220 non
1763 1168 1846 1219 in-

175 1256 405 1310 vitabant
438 1256 509 1309 ad
564 1256 946 1310 seditionem?
1002 1259 1136 1310 Post
1191 1258 1299 1310 hoc
1354 1257 1543 1327 ipsum
1592 1257 1846 1312 libellum

174 1363 325 1416 quem
354 1346 567 1399 fecerat
591 1361 720 1398 cum
744 1346 1026 1416 episcopis
1057 1351 1188 1400 ante
1229 1349 1510 1417 populum
1540 1345 1722 1412 scidit,
1759 1347 1846 1401 di-

171 1452 324 1489 cens:
359 1437 474 1504 Ego
508 1435 660 1489 istud
707 1452 886 1506 usque
919 1437 990 1489 ad
1027 1442 1271 1490 mortem
1303 1453 1490 1490 meam
1547 1453 1844 1506 nunquam

173 1524 318 1588 facio,
354 1541 457 1577 nec
487 1525 830 1578 facientibus
860 1525 1172 1579 consentio.
1208 1526 1549 1581 Occiderunt
1575 1531 1628 1578 et
1664 1525 1846 1579 homi-

169 1629 282 1666 nem
329 1612 655 1681 (Joannem)
706 1613 1088 1666 venerabilem
1147 1613 1512 1677 catholicum,
1576 1613 1676 1682 qui
1743 1629 1846 1667 nos

171 1702 440 1755 venientes
462 1708 792 1771 susceperat
823 1702 880 1756 in
914 1703 1082 1755 domo
1133 1719 1254 1769 sua,
1289 1703 1389 1771 qui
1419 1719 1642 1773 semper
1682 1719 1843 1772 sepa-

1953 543 2305 608 incumbere,
2357 543 2496 596 Nam
2557 540 2691 612 quid
2754 541 2989 612 prodest
3047 542 3356 596 Ecclesiam
3406 543 3653 598 redinte-

1954 648 2161 701 grasse,
2206 632 2251 685 si
2277 631 2346 685 ab
2379 631 2500 700 ejus
2539 647 2774 700 corpore
2830 631 3150 685 sacerdotes
3194 632 3492 687 videamus
3565 649 3656 686 ex-

1953 726 2198 785 traneos,
2259 736 2402 790 quos
2448 721 2509 772 in
2552 726 2808 773 nostram
2852 719 3327 775 communionem
3357 738 3453 775 vos
3485 727 3650 776 caute

1955 809 2481 863 autrationabiliter
2508 825 2618 861 non
2643 809 2950 878 ignorastis
2974 826 3094 863 esse
3120 815 3411 881 susceptos
3435 811 3461 864 ?
3491 812 3650 866 Unde

1955 916 2071 952 non
2116 899 2315 952 leviter
2347 915 2445 950 nos
2479 915 2568 951 res
2603 899 2710 952 ista
2753 898 3070 964 contristat,
3125 900 3171 953 si
3205 901 3272 954 ab
3316 901 3407 954 his
3436 902 3533 972 qui
3565 917 3652 956 se-

1953 989 2039 1044 dis
2068 988 2392 1058 apostolicze
2415 988 2876 1057 prrndicationem
2908 994 3247 1059 sequuntur,
3275 990 3650 1060 negligantur

1956 1080 2054 1149 qui
2107 1079 2166 1131 in
2202 1078 2323 1147 ejus
2382 1078 2494 1130 tide
2529 1081 2583 1130 et
2621 1094 2900 1130 consensu
2966 1079 3178 1148 recepti
3207 1082 3358 1132 sunt.
3411 1079 3649 1148 Idcirco,

1955 1169 2100 1222 sicut
2130 1168 2343 1221 hortati
2389 1183 2608 1234 sumus,
2638 1183 2739 1237 pro
2771 1183 2972 1220 eorum
3017 1168 3426 1221 communione
3481 1174 3653 1240 atque

1957 1259 2098 1325 loco,
2135 1257 2499 1310 serenissimo
2523 1257 2769 1326 principi
2793 1256 3161 1310 vehementer
3185 1257 3447 1312 insistere
3475 1275 3486 1312 :
3522 1275 3656 1313 nam

1954 1348 2016 1401 in
2049 1348 2248 1401 eadem
2280 1363 2450 1400 causa
2470 1347 2704 1400 domino
2738 1351 2793 1398 et
2815 1346 2934 1398 tilio
2969 1353 3164 1399 nostro
3210 1347 3654 1402 clementissimo

1954 1436 2200 1508 principi
2232 1441 2288 1490 et
2329 1435 2448 1488 viro
2482 1435 2691 1488 illustri
2719 1433 3040 1488 Iustiniano
3071 1433 3191 1487 tilio
3221 1440 3412 1488 nostro
3443 1437 3657 1506 scripta

1957 1526 2291 1591 direximus,
2340 1524 2632 1578 hortantes
2681 1539 2815 1577 eum
2862 1527 2923 1576 ut
2961 1538 3092 1576 cum
3122 1527 3326 1590 vestra,
3372 1530 3653 1593 quantum

1955 1617 2026 1670 ad
2083 1614 2460 1668 Ecclesiarum
2513 1629 2747 1667 suarum
2792 1612 3184 1682 receptionem
3232 1613 3502 1683 pertinet,
3556 1615 3654 1668 de-

1961 1707 2132 1761 beant
2162 1705 2394 1759 caritate
2426 1707 2687 1758 tractare.
2726 1705 2801 1757 De
2832 1720 2898 1757 eo
2929 1719 3022 1756 vos
3054 1702 3293 1756 articulo
3320 1709 3529 1757 nostra:
3562 1705 3657 1758 ad-

171 1796 306 1844 ratus
331 1791 439 1844 fuit
470 1807 504 1844 a
541 1791 946 1845 communione
979 1791 1249 1845 Dorothei
1289 1797 1524 1862 propter
1562 1793 1848 1861 synodum
1889 1770 1931 1826 B
1965 1793 2300 1848 monitionis
2357 1792 2716 1862 suspicamur
2772 1807 2888 1844 non
2949 1790 3337 1846 immemores.
3397 1791 3656 1844 Diximus

174 1881 678 1934 Chalcedonensem
705 1898 716 1936 :
742 1881 803 1934 in
825 1897 939 1951 quo
971 1883 1144 1934 talem
1175 1887 1414 1934 mortem
1448 1886 1848 1949 exercuerunt,

178 1970 382 2039 qualem
413 1970 498 2022 illi
537 1970 638 2040 qui
700 1975 954 2023 sanctum
989 1971 1313 2023 Proterium
1343 1970 1689 2023 occiderunt.
1742 1972 1852 2023 Ista

174 2059 231 2111 ad
281 2058 792 2112 clementissimum
851 2059 1258 2125 imperatorem
1321 2063 1722 2127 pervenerunt,
1797 2062 1852 2112 et

174 2163 326 2216 prope
359 2148 414 2198 in
468 2151 594 2199 tota
648 2147 872 2200 civitate
898 2149 1224 2214 catholicus
1278 2148 1467 2200 luctus
1497 2153 1583 2200 est
1618 2153 1852 2217 propter

174 2235 286 2288 talia
313 2251 438 2305 quae
482 2235 854 2304 contigerunt
903 2237 1135 2290 scelera.
1181 2236 1470 2290 Promittit
1518 2240 1708 2288 sancta
1739 2236 1848 2288 cle-

173 2325 362 2378 mentia
391 2325 690 2378 vindicare
722 2331 777 2379 et
805 2325 978 2379 citare
1011 2325 1380 2388 Dorotheum,
1413 2325 1545 2395 quia
1578 2341 1683 2378 nos
1715 2341 1850 2379 con-

172 2414 330 2467 testati
372 2431 578 2467 sumus
610 2414 880 2484 pietatem
928 2415 1071 2484 ejus,
1106 2415 1360 2468 dicentes
1391 2431 1402 2467 :
1438 2416 1601 2468 Nulla
1627 2414 1850 2468 ratione

175 2505 494 2560 Dorothenm
527 2505 682 2558 inter
708 2505 1004 2575 episcopos
1039 2509 1137 2558 aut
1171 2505 1228 2556 in
1263 2505 1668 2558 communione
1701 2503 1850 2556 sedis

175 2594 462 2663 apostolica:
493 2599 692 2665 potest
732 2594 1093 2648 beatissimus
1141 2610 1290 2664 papa
1318 2594 1591 2664 recipere,
1625 2593 1848 2659 etl'con-

175 2688 244 2735 tra
263 2684 353 2753 qui
391 2684 689 2736 voluerint
719 2700 847 2736 eum
891 2683 948 2736 in
980 2700 1081 2737 sua
1130 2683 1532 2736 communione
1565 2683 1840 2751 recipere,

176 2773 294 2825 scire
339 2789 394 2826 se
443 2789 575 2825 esse
627 2788 750 2825 reos
783 2772 1118 2826 auctoritate
1168 2771 1563 2826 ecclesiastica.
1625 2774 1735 2825 Ista
1781 2771 1847 2825 ad

177 2861 402 2913 notitiam
434 2860 811 2914 beatitudinis
842 2865 1041 2914 vestras
1087 2861 1482 2914 festinavimus
1523 2862 1752 2926 referre,
1787 2863 1851 2912 ut

178 2939 312 3002 nilul'
340 2967 435 3002 vos
478 2952 683 3015 lateat,
722 2951 872 3020 quod
933 2949 991 3003 in
1025 2950 1142 3003 istis
1172 2950 1431 3018 partibus
1473 2949 1680 3019 agitur.
1741 2951 1845 3004 Ac-

177 3047 314 3107 cepta
366 3056 418 3092 iv
475 3040 749 3091 calendas
830 3039 1176 3101 Decembris,
1240 3039 1540 3092 Eutharico
1618 3040 1846 3092 consule
1889 3078 1925 3128 ρ

179 3129 319 3194 {anno
351 3129 588 3182 Domini
621 3131 677 3180 5i
692 3129 762 3197 9).

729 3235 1057 3290 EPISTOLA
1098 3235 1278 3289 LXIII.

798 3361 876 3399 AD
910 3358 1213 3410 LEGATOS,

178 3451 309 3506 Dolet
329 3453 629 3505 Joannem
659 3453 938 3505 occisum:
974 3455 1028 3504 et
1080 3452 1362 3505 Dorotheo
1392 3450 1464 3505 ab
1516 3450 1851 3522 episcopatu

234 3528 445 3586 remoto,
479 3523 694 3586 alium,
725 3529 766 3574 .4
784 3523 983 3577 ris-title
1006 3526 1252 3591 excepto,
1284 3522 1345 3575 in
1366 3524 1488 3589 ejus
1511 3523 1700 3577 locum
1728 3524 1854 3576 sub-

233 3594 378 3648 stitui
407 3595 696 3663 praecipit.
728 3595 999 3647 Thomam
1022 3599 1074 3647 et
1099 3595 1494 3649 Nicostratum
1514 3595 1635 3647 suis
1655 3595 1855 3647 Eccle-

235 3666 330 3736 siis
359 3665 765 3720 restituendos.
793 3666 1095 3719 Monac/tos
1113 3667 1354 3735 Scythas
1378 3669 1564 3720 Romae
1585 3682 1759 3736 usque
1780 3665 1856 3719 ad

240 3735 546 3807 tegatorum
583 3737 889 3791 adventum
917 3736 1180 3790 detineri.

243 3843 526 3897 Ilormisila
584 3844 866 3897 Germano
897 3849 952 3896 et
994 3844 1196 3898 Joanui
1231 3844 1512 3915 episcopis
1543 3849 1596 3897 et
1647 3844 1856 3897 Blando

187 3933 506 4004 presbytero.

245 4023 484 4076 Graviter
543 4040 652 4077 nos
690 4023 923 4077 Joannis
976 4023 1242 4077 catholici
1298 4023 1502 4076 afflixit
1560 4023 1851 4088 interitus,

189 4126 335 4178 quem
377 4113 640 4166 lireretici
686 4112 954 4166 Dorothei
1013 4113 1238 4165 vasania
1291 4112 1600 4181 perhibetis
1633 4112 1845 4164 exstin-

192 4206 340 4253 ctum.
391 4203 530 4255 Nam
591 4203 855 4254 eumdem
906 4202 1253 4255 Dorothcum
1307 4201 1858 4271 Constantinopolim

188 4287 322 4354 jussu
355 4291 630 4360 principis
665 4291 965 4344 didicimus
993 4296 1308 4344 evocatum.
1359 4291 1645 4345 Adversus
1683 4308 1853 4360 quem

194 4376 395 4432 domino
426 4385 482 4433 et
519 4379 642 4433 tilio
665 4387 855 4432 nostro
887 4381 1328 4433 clementissimo
1362 4379 1605 4450 principi
1638 4379 1856 4432 debetis

196 4462 449 4533 insistere,
486 4485 557 4521 ne
587 4468 643 4520 in
667 4469 923 4521 eamdem
955 4469 1243 4522 civitatem
1277 4469 1464 4521 denuo
1501 4472 1852 4520 revertatur:

196 4555 292 4618 sed,
325 4557 703 4626 episcopatus,
726 4574 896 4627 quem
928 4573 1227 4627 nunquam
1257 4558 1398 4610 bene
1422 4558 1615 4626 gessit,
1642 4558 1857 4610 honore

196 4642 442 4711 όθιιοςιὶω,
477 4648 548 4698 ab
607 4648 805 4699 eodem
833 4648 953 4699 loco
988 4662 1050 4699 ac
1093 4645 1334 4698 Ecclesia
1365 4645 1590 4713 iongius
1637 4645 1863 4712 relege—

199 4735 289 4794 iur,
313 4736 389 4786 vel
426 4739 579 4788 certe
599 4735 708 4788 huc
735 4736 801 4788 ad
838 4736 1036 4788 urbem
1060 4735 1162 4788 sub
1188 4735 1585 4804 prosecutionc
1613 4750 1866 4801 congrua

200 4819 470 4890 dirigatur.
518 4826 602 4878 Ad
646 4827 794 4879 hanc
842 4826 1020 4878 etiam
1058 4829 1277 4894 partem
1313 4824 1578 4892 evigilare
1629 4824 1864 4885 debetis,

199 4923 256 4961 ne
294 4911 347 4964 in
396 4914 590 4967 locum
623 4915 746 4984 ejus
785 4913 1063 4968 Aristides
1120 4913 1293 4966 totius
1335 4913 1471 4966 mali
1520 4913 1780 4965 incentor
1812 4915 1868 4964 et

200 5002 429 5054 conscius
459 5005 812 5073 quibuslibet
850 5003 1313 5072 subreptionibus
1364 5002 1697 5055 ordinetur:
1736 5017 1868 5054 nam

199 5089 317 5142 nulli
346 5093 575 5160 prodest
599 5093 805 5147 mutari
835 5109 1160 5163 personam,
1195 5092 1241 5144 si
1272 5091 1529 5160 ejusdem
1553 5091 1736 5144 forma
1769 5107 1865 5145 ne-

201 5179 373 5245 quitia:
404 5187 764 5250 perseveret:
819 5182 914 5234 sed
948 5182 1117 5234 talem
1152 5182 1338 5234 virum
1383 5181 1601 5234 debetis
1632 5181 1867 5248 eligere,

202 5270 252 5318 ut
282 5268 343 5320 de
365 5270 579 5337 judicio
610 5275 794 5324 vestro
824 5277 1028 5324 cuncta
1060 5271 1466 5324 catholicorum
1501 5271 1869 5339 congregatio

203 5357 515 5420 gratuletur.
553 5361 620 5412 Iis
670 5360 846 5430 igitur
899 5359 1229 5428 observatis,
1267 5375 1370 5428 pro
1410 5359 1642 5412 Thomae
1675 5363 1730 5410 et
1777 5358 1870 5411 Ni-

206 5447 410 5499 costrati
462 5448 700 5502 fratrum
750 5453 804 5501 et
842 5448 1314 5519 coepiscoporum
1343 5451 1684 5519 Enostrorum
1741 5464 1870 5517 per-

269 5570 284 5646 ξ
321 5570 480 5646 Forte
513 5573 890 5646 Malacitano,
934 5574 994 5627 in
1045 5573 1332 5643 Hispania.
1368 5575 1502 5626 Nam
1537 5577 1590 5625 et
1632 5589 1876 5643 sequens

213 5642 426 5715 epistola
457 5649 540 5695 est
571 5645 631 5695 ad
677 5646 956 5712 Hispanos
988 5642 1300 5715 episcopos.
1353 5647 1696 5699 llannrixvs.

274 5716 286 5728 '
327 5713 647 5777 Frumrn/a,
675 5719 862 5769 minus
884 5713 1050 5782 bene,
1077 5723 1134 5769 ut
1156 5733 1216 5767 ev
1238 5717 1615 5784 seq.imiiculo
1643 5713 1870 5783 patebit.

1959 1885 2113 1939 enim
2146 1883 2654 1954 quemadmodum,
2697 1881 2938 1935 exclusis
2969 1881 3428 1951 occupatoribus,
3470 1880 3551 1946 hi,
3587 1881 3656 1934 de

1960 1972 2166 2044 quibus
2199 1970 2510 2042 loquimur,
2565 1970 2634 2023 ad
2679 1968 2942 2039 proprias
2969 1973 3330 2022 revertantur
3359 1969 3656 2037 Ecclesias,

1958 2065 2022 2114 ut
2045 2059 2128 2113 illi
2163 2058 2297 2112 alibi
2332 2059 2402 2128 (si
2424 2064 2613 2111 tamen
2638 2062 2804 2111 recte:
2838 2063 2972 2112 sunt
3001 2058 3158 2127 ﬁdei)
3190 2058 3554 2112 ordinentur.
3578 2058 3654 2110 De

1958 2149 2214 2220 personis
2244 2149 2579 2218 Scytharum
2603 2147 3011 2200 monachorum
3033 2148 3390 2201 Justinianus
3415 2147 3496 2199 vir
3525 2147 3655 2199 illu-

1961 2239 2090 2292 stris
2121 2239 2288 2291 nobis
2336 2236 2581 2306 scripsit,
2645 2252 2889 2306 quarum
2949 2237 3299 2306 exemplaria
3332 2236 3655 2289 litterarum

1959 2326 2303 2380 fraternitati
2334 2330 2534 2380 vestrae
2569 2325 2898 2386 direximus,
2933 2324 3032 2396 qui
3071 2340 3200 2378 cum
3233 2325 3453 2377 nollent
3483 2322 3654 2377 susti-

1959 2431 2094 2470 nere
2126 2419 2326 2468 vestra}
2371 2413 2688 2468 dilectionis
2721 2414 3049 2480 adventum,
3102 2417 3158 2468 et
3189 2413 3655 2467 Observationum

1959 2521 2147 2558 moras
2178 2520 2235 2557 se
2278 2503 2535 2558 dicerent
2558 2502 2704 2557 ferre
2733 2519 2849 2556 non
2879 2519 3065 2574 posse,
3100 2507 3465 2556 tentaverunt
3508 2503 3655 2555 clam

1959 2595 2027 2649 de
2058 2594 2198 2647 urbe
2231 2592 2556 2657 discedere;
2593 2608 2738 2662 quos
2769 2597 2891 2645 tum
2925 2608 3028 2646 nos
3059 2592 3331 2646 faciemus
3359 2590 3656 2644 sollicitius

1957 2682 2253 2746 custodiri,
2273 2697 2338 2735 ea
2365 2697 2491 2751 quae
2515 2681 2583 2734 de
2605 2680 2761 2734 vobis
2783 2681 3068 2736 contraria
3087 2681 3356 2736 dixerunt
3396 2681 3655 2734 volentes

1958 2787 2290 2842 agnoscere,
2343 2775 2404 2822 ut
2447 2785 2577 2823 cum
2624 2771 2857 2835 reversi,
2915 2772 3031 2824 Deo
3076 2770 3352 2840 propitio,
3403 2769 3650 2835 fueritis,

1959 2877 2091 2916 eoru
2102 2877 2157 2914 m
2171 2875 2330 2913 error
2343 2858 2781 2912 rationabilibus
2795 2859 3291 2913 adhortationibus
3306 2859 3649 2927 corrigatur.

1958 2951 2099 3005 Data
2125 2966 2186 3002 Ill
2251 2964 2429 3001 nonas
2464 2947 2809 3010 Decembris,
2841 2948 3144 3002 Eutharico
3181 2948 3302 3001 viro
3335 2946 3651 3000 clarissimo

1959 3040 2191 3094 consule
2224 3038 2396 3108 (anno
2426 3036 2653 3090 Domini
2676 3036 2825 3105 519).

2542 3162 2872 3216 EPISTOLA
2900 3161 3074 3216 LXIV.

2102 3286 2170 3324 AD
2194 3252 2441 3325 marinum
2474 3283 2846 3325 neucrranun
2881 3269 3166 3338 (murmur
3197 3264 3486 3335 ECCLESUE)

2623 3373 3007 3412 EPISCOPUM.

1962 3468 2011 3497 '*
2028 3465 2723 3537 Constant-inapolitanam
2745 3465 3057 3537 Ecclesium
3075 3461 3314 3518 adsedis
3324 3460 3661 3533 apostolica

2438 3536 2890 3591 communionem
2911 3535 3171 3590 rediisse.

2033 3646 2334 3699 Hormisda
2390 3645 2597 3699 Joanni
2631 3645 2897 3714 episcopo
2929 3643 3244 3698 Melicitano
3275 3645 3294 3678 ί
3328 3640 3653 3711 (Nilecopo-

1963 3734 2189 3800 litano).
3359 3751 3364 3754 ·

2033 3825 2171 3876 Vota
2201 3825 2395 3876 nostra
2426 3823 2718 3875 caritatem
2752 3826 2907 3874 tuam
2942 3822 3115 3873 latere
3142 3820 3432 3884 nolumus,
3462 3832 3534 3870 ne
3561 3814 3661 3886 qui

1964 3912 2248 3984 particeps
2273 3910 2382 3964 fuit
2411 3911 2831 3974 sollicitudinis,
2856 3910 3201 3979 gaudiorum
3231 3909 3420 3960 fructu
3448 3905 3662 3959 redda-

1965 4008 2058 4056 tur
2087 4000 2349 4054 extorris.
2377 4001 2440 4052 Et
2470 3999 2597 4052 ideo
2632 3997 3327 4068 Constantinopolitanam
3359 3995 3663 4051 Ecclesiam

1967 4090 2038 4144 ad
2085 4088 2550 4141 communionem
2583 4093 2836 4141 nostram
2893 4087 3149 4153 rediisse,
3191 4085 3431 4140 Domino
3465 4085 3662 4155 propi-

1967 4178 2168 4243 tiante,
2200 4177 2554 4231 tradentibus
2587 4175 2976 4246 signiﬁcamus
3006 4175 3273 4244 alloquiis
3300 4191 3313 4240 ;
3340 4178 3397 4228 et
3427 4172 3663 4226 manda-

1969 4272 2182 4334 torum,
2216 4282 2345 4337 quze
2378 4266 2579 4334 legatis
2622 4266 2828 4317 nostris
2869 4265 3154 4330 dedimus,
3191 4263 3251 4316 in
3282 4262 3549 4316 omnibus
3576 4276 3664 4314 se-

1896 4377 1939 4430 D
1969 4357 2114 4410 riem
2144 4355 2314 4410 fuisse
2343 4355 2702 4424 completam.
2741 4354 2816 4406 De
2847 4370 2960 4424 qua
2988 4356 3171 4423 parte,
3208 4357 3272 4405 ut
3305 4351 3375 4404 ad
3405 4348 3664 4404 dilectio-

1967 4461 2098 4498 nem
2157 4450 2311 4498 tuam
2345 4444 2572 4513 plenius
2627 4443 2940 4516 perfectum
3006 4440 3282 4512 gaudium
3314 4437 3662 4509 perveniret,

1977 4535 2156 4587 libelli
2188 4534 2417 4586 Joannis
2448 4532 2636 4586 fratris
2673 4537 2728 4586 et
2747 4530 3166 4585 consacerdotis
3197 4527 3378 4581 nostri
3412 4524 3665 4597 episcopi

1976 4621 2608 4692 Constantinopolitani,
2643 4625 2699 4674 et
2726 4618 2931 4673 Justini
2985 4616 3416 4672 clementissimi
3448 4614 3664 4685 princi-

1976 4713 2061 4781 pis
2092 4710 2338 4765 Orientis
2368 4725 2658 4762 sacrarum
2701 4709 3018 4761 litterarum
3073 4705 3420 4776 exemplaria
3452 4705 3669 4774 pariter

1977 4799 2322 4854 credidimus
2347 4797 2722 4864 destinanda;
2778 4797 3096 4850 indicantes
3153 4794 3536 4849 nihilominus
3566 4810 3670 4865 per

1979 4888 2222 4944 Orientis
2252 4891 2439 4957 partes
2469 4885 2748 4956 plurimos
2778 4884 3073 4956 episcopos
3103 4883 3182 4937 sic
3210 4884 3428 4938 fecisse.
3465 4885 3671 4954 Super-

1979 4983 2063 5032 est
2092 4983 2151 5030 ut
2184 4993 2216 5030 a
2263 4976 2428 5029 nobis
2479 4975 2931 5045 competentibus
2964 4973 3228 5044 precibus
3260 4973 3535 5029 Divinitas
3576 4989 3670 5026 ex-

1980 5071 2138 5121 orata
2168 5065 2438 5119 concedat
2488 5069 2772 5135 quatenus
2832 5065 2900 5118 de
2935 5064 3178 5118 aliarum
3231 5079 3463 5134 quoque
3493 5062 3675 5116 Eccle-

1979 5157 2189 5209 siarum
2235 5154 2717 5224 redintegratione
2747 5155 3120 5225 gratulemur.
3163 5155 3235 5207 Ea
3264 5169 3396 5206 vero
3417 5167 3546 5222 qua:
3590 5151 3672 5204 si-

1982 5245 2251 5315 gnificare
2279 5244 2600 5298 curavimus
2632 5245 2692 5296 in
2726 5260 2923 5297 eorum
2955 5244 3312 5298 sacerdotum
3347 5241 3445 5310 qui
3476 5241 3674 5293 frater-

1982 5333 2147 5388 nitati
2181 5337 2292 5387 tum
2318 5333 2490 5386 vicini
2531 5337 2661 5386 sunt
2716 5333 2940 5386 curabis
2970 5331 3233 5402 perferre
3299 5327 3581 5392 notitiam,
3614 5331 3674 5380 ut

1984 5427 2036 5478 et
2068 5423 2176 5493 ipsi
2207 5424 2275 5477 de
2298 5423 2498 5476 etfectu
2527 5428 2698 5476 tantm
2730 5423 2814 5477 rei
2856 5423 3066 5492 gratias
3098 5419 3396 5474 nobiscum
3433 5417 3676 5471 caelestis

2057 5570 2099 5602 ⁶’
2146 5567 2253 5622 Ubi
2285 5567 2670 5622 communioni
2715 5564 3366 5636 Constantinopolitanaz
3404 5563 3678 5619 Ecclesiae

1983 5640 2340 5695 subscribens
2368 5640 2421 5694 ei
2445 5640 2794 5710 gratulatur.
