3998 6172
169 332 254 383 473
1464 336 1503 390 Ε
1516 334 1820 393 PlS'l‘OLxE
1860 341 1947 396 ET
1985 344 2336 401 DECRETA.

797 477 1178 535 SUGGESTIO

172 583 389 624 σειυιΑΝι
428 583 488 620 ΕΤ
531 581 757 621 JOANNIS
806 584 1200 636 EPISCOPORUM,
1250 585 1453 625 FELICIS
1494 589 1555 626 ET
1594 590 1835 630 DIOSCORI

457 654 824 704 DIACONORUM,
867 657 925 693 ET
956 657 1150 694 BLANDI
1193 658 1530 698 PRESBYTERI.

599 727 818 782 Eadem
837 744 958 798 qua:
991 729 1050 782 in
1079 729 1382 802 superiori.

225 834 355 888 Cum
386 833 482 887 Dei
516 833 930 898 misericordia,
967 852 1080 906 quo
1130 837 1330 891 ordine
1376 843 1432 892 et
1461 855 1576 910 qua
1606 843 1833 895 cautela

164 922 687 976 communicavimus
737 923 799 976 in
872 925 1116 978 Ecclesia
1180 928 1832 998 Constantiuopolitana,

159 1015 259 1082 jam
287 1012 408 1065 aliis
438 1011 644 1065 litteris
676 1028 779 1080 per
808 1029 1034 1066 servum
1072 1022 1324 1068 vestrum
1371 1018 1690 1072 Pollionem
1745 1020 1830 1072 di-

163 1102 305 1154 rectis
335 1107 519 1154 vestra
561 1100 855 1155 beatitudo
897 1105 1186 1172 cognovit.
1225 1105 1287 1156 Et
1318 1105 1586 1159 similiter
1617 1107 1676 1160 in
1709 1109 1834 1161 aliis

167 1190 348 1243 litteris
378 1205 494 1243 non
529 1190 726 1254 semel,
761 1191 856 1244 sed
888 1181 1157 1257 secundo,
1193 1194 1386 1262 qualia
1424 1195 1617 1247 aemuli
1649 1195 1837 1248 homi-

162 1293 244 1331 nes
273 1278 568 1347 religionis
599 1282 822 1332 tentant
851 1278 1174 1348 signiﬁcare
1193 1281 1516 1334 curavimus
1550 1299 1561 1336 :
1601 1288 1661 1335 ut
1693 1284 1835 1338 nihil

162 1368 222 1419 sit
246 1372 450 1429 actum,
480 1371 581 1419 aut
613 1367 925 1436 cogitatum
947 1367 1290 1435 faciendum,
1328 1369 1480 1439 quod
1512 1372 1683 1424 lateat
1710 1372 1837 1424 bea-

163 1455 441 1508 titudinem
475 1461 744 1507 vestram.
775 1455 894 1508 Stat
922 1455 1218 1510 nobiscum
1250 1474 1379 1512 cum
1417 1459 1516 1512 Dei
1551 1460 1834 1529 adjutorio

160 1543 416 1614 quidquid
454 1543 517 1597 in
551 1542 1184 1613 Constantinopolitana
1213 1546 1461 1600 Ecclesia
1487 1553 1572 1602 est
1599 1548 1831 1602 ordina-

163 1639 284 1685 tum.
314 1634 434 1686 Non
484 1633 741 1687 titubant
782 1636 991 1702 gaudia
1022 1635 1363 1704 spiritualia,
1398 1653 1527 1706 qua:
1576 1638 1834 1692 celebra-

160 1726 277 1776 runt
300 1728 352 1776 et
379 1723 680 1776 celebrant
708 1723 991 1776 catholici.
1028 1725 1209 1778 Causa
1239 1728 1605 1780 Antiochena:
1647 1729 1832 1782 Eccle-

162 1811 245 1865 sia:
289 1798 668 1865 ordinationis
701 1827 817 1866 non
866 1813 1053 1866 solum
1097 1814 1258 1868 nobis
1306 1815 1529 1869 labores
1559 1817 1707 1884 fecit,
1739 1819 1834 1872 sed

161 1901 382 1970 grandes
414 1901 818 1955 tribulationes
851 1917 864 1955 :
897 1901 1033 1971 quia
1065 1902 1329 1958 homines
1358 1905 1691 1960 festinantes
1727 1907 1840 1960 im—

164 1989 540 2058 pedimentum
573 1991 758 2044 facere
801 1991 1056 2060 generali
1102 1993 1332 2059 unitati,
1370 1993 1606 2048 diversis
1655 1996 1840 2050 modis

164 2078 362 2132 diversa
395 2079 820 2148 impedimenta
857 2080 1132 2134 fecerunt.
1178 2082 1380 2135 Nostra
1421 2090 1542 2138 erat
1578 2086 1840 2155 proposi-

165 2168 229 2220 tio
254 2168 317 2220 de
349 2169 435 2222 his
459 2169 568 2238 qui
601 2185 658 2220 se
680 2169 1097 2238 suspenderant
1125 2170 1194 2223 de
1215 2173 1576 2228 anathemate
1598 2176 1656 2227 in
1688 2192 1841 2245 prm-

160 2256 285 2310 dicta
307 2257 559 2310 Ecclesia
582 2257 845 2311 ordinare
867 2259 1238 2313 sacerdotem.
1266 2261 1389 2314 Non
1414 2269 1844 2333 proposuerunt

167 2351 278 2396 ante
306 2345 497 2397 oculos
547 2361 676 2398 suos
723 2345 982 2398 futurum
1011 2345 1294 2414 judicium
1326 2348 1512 2416 palam
1545 2351 1794 2403 dicentes
1824 2366 1838 2405 :

167 2432 353 2486 Omnes
373 2433 473 2503 qui
511 2433 636 2486 sedi
657 2434 982 2503 apostolicae
1006 2436 1506 2492 communicabant
1526 2439 1844 2494 Nestoriaui

169 2528 309 2574 sunt.
345 2528 398 2576 ct
431 2523 626 2591 magis
662 2523 772 2575 illis
792 2539 906 2576 non
931 2524 1139 2579 debere
1173 2526 1426 2592 credere,
1449 2526 1546 2597 qui
1579 2529 1747 2581 modo
1770 2528 1845 2582 vi-

169 2609 354 2663 dentur
389 2612 461 2665 ad
507 2612 978 2666 communionem
1025 2615 1172 2667 sedis
1216 2617 1542 2685 apostolicae
1573 2618 1840 2670 revocati.

169 2699 279 2752 Post
317 2701 534 2754 multas
585 2701 941 2769 afﬁictiones,
995 2708 1052 2756 et
1096 2719 1242 2772 pene
1282 2705 1340 2757 in
1382 2711 1496 2759 tres
1549 2722 1770 2760 menses
1813 2723 1846 2759 a

169 2789 400 2842 Patrihus
449 2795 747 2860 protracta
804 2790 1140 2856 certamina,
1192 2793 1480 2862 piissimus
1531 2795 1837 2863 imperator

168 2892 252 2929 sua
272 2880 612 2932 auctoritate
657 2879 895 2932 Paulum
928 2879 1163 2934 nomine
1194 2880 1589 2951 presbyterum
1621 2884 1690 2937 de
1738 2884 1845 2936 Ec-

169 2965 314 3018 clesia
343 2967 990 3037 Constantinopolitana
1029 2969 1204 3039 elegit
1251 2971 1582 3040 episcopum
1628 2972 1753 3026 ﬁeri
1784 2966 1880 3024 in'

3538 348 3641 404 474

1872 475 1915 528 Α
1947 475 2100 541 dere,
2135 492 2306 547 quam
2341 477 2409 531 ad
2445 477 2807 532 concordiam
2851 480 3168 549 pervenire.
3222 481 3484 536 Praedicti
3515 497 3639 536 mo-

1947 565 2113 618 nachi
2156 566 2226 618 ad
2273 566 2489 620 Italiam
2523 567 2834 636 venientes,
2871 569 3168 639 aliquanta
3199 572 3446 641 capitula
3501 587 3642 642 pro-

1947 669 2159 722 ponere
2199 655 2430 721 habent,
2467 656 2613 710 iuter
2647 673 2774 727 qua-
2807 663 2862 711 et
2891 675 3069 712 unum
3104 659 3172 713 de
3204 660 3482 714 Trinitate
3514 676 3641 714 cru-

1947 742 2178 796 ciﬁxum
2241 744 2581 810 continetur,
2663 755 2953 816 sperantes
3023 748 3101 801 ita
3167 750 3494 802 conﬁrmari
3575 765 3643 803 ex

1947 833 2283 886 auctoritate
2319 833 2689 888 beatitudinis
2737 842 2954 902 vestrae,
2993 837 3137 890 sicut
3167 842 3222 890 et
3253 838 3312 890 in
3343 838 3470 891 aliis
3497 837 3643 892 litte—

1946 921 2024 974 ris
2064 922 2532 991 signiﬁcavimus,
2579 929 2633 976 et
2680 924 2846 977 modo
2889 926 2995 978 hoc
3051 926 3320 993 dicimus,
3365 933 3429 980 ut
3486 929 3644 980 nulla

1946 1011 2166 1064 novitas
2193 1029 2224 1065 a
2268 1012 2400 1065 sede
2443 1012 2752 1082 apostolica
2774 1014 3088 1068 scribatur:
3133 1015 3271 1086 quia
3300 1021 3356 1068 et
3385 1031 3491 1068 nos
3512 1023 3644 1070 ante

1948 1101 2375 1170 imperatorem,
2435 1107 2489 1154 et
2561 1108 2690 1156 ante
2763 1109 3024 1157 senatum
3079 1105 3199 1157 haec
3244 1103 3642 1171 indicavimus,

1947 1191 2243 1244 dicentes:
2293 1192 2461 1244 Extra
2521 1192 2769 1260 synodos
2839 1197 3109 1262 quatuor,
3167 1199 3322 1246 extra
3376 1195 3645 1264 epistolas

1949 1295 2112 1349 papae
2145 1280 2366 1346 Leonis,
2404 1297 2505 1333 nec
2553 1281 2796 1334 dicimus
2829 1297 2933 1334 nec
2968 1282 3325 1335 admittimus
3366 1283 3642 1354 quidquid

1946 1383 2060 1420 non
2109 1369 2437 1422 continetur
2483 1369 2540 1421 in
2590 1370 2876 1438 prmdictis
2909 1370 3158 1438 synodis,
3194 1375 3294 1422 aut
3333 1371 3484 1440 quod
3532 1387 3647 1424 non

1941 1462 2026 1509 est
2056 1457 2328 1526 scriptum
2365 1475 2396 1510 a
2442 1474 2588 1528 papa
2621 1459 2800 1512 Leone
2846 1475 2960 1512 non
2993 1459 3375 1527 suscipimus:
3407 1458 3543 1529 quia
3591 1459 3636 1512 si

1943 1547 2183 1600 voluerit
2227 1547 2491 1601 dominus
2542 1553 2733 1602 noster
2773 1548 3090 1618 qualemvis
3140 1549 3451 1601 novitatem
3500 1548 3634 1601 scri-

1943 1635 2097 1697 bere,
2131 1637 2294 1706 pejus
2340 1637 2450 1690 erit
2488 1637 2635 1690 istud
2695 1637 2923 1690 initium
2975 1636 3224 1705 (vitium)
3281 1653 3455 1706 quam
3499 1637 3641 1690 illud

1939 1725 2095 1794 quod
2143 1725 2354 1778 factum
2403 1731 2487 1780 est
2545 1742 2645 1796 per
2695 1726 3080 1795 Eutychetem.
3147 1726 3415 1780 Sufﬁcere
3473 1726 3642 1780 debet

1950 1815 2206 1868 Ecclesiae
2260 1817 2416 1885 quod
2463 1832 2565 1884 per
2621 1815 2914 1884 sexaginta
2969 1830 3152 1869 annos
3214 1816 3283 1870 ab
3335 1816 3648 1885 Eutychete

1951 1920 2132 1974 usque
2166 1906 2336 1958 modo
2368 1905 2654 1958 sustinuit.
2692 1905 2857 1958 Nobis
2891 1905 3046 1975 quod
3076 1905 3259 1958 visum
3307 1910 3391 1958 est
3429 1903 3650 1974 scripsi-

1953 2011 2080 2048 mus
2115 2011 2127 2048 :
2170 1994 2230 2047 in
2261 2001 2445 2048 vestra
2495 1999 2776 2064 potestate
2823 1999 2906 2048 est
2943 1994 3258 2047 deliberare
3287 1994 3442 2064 quod
3493 1993 3651 2047 vobis

1954 2084 2099 2136 Deus
2129 2083 2539 2152 imperaverit:
2586 2082 2857 2152 quoniam
2903 2083 3023 2136 haec
3071 2082 3156 2135 illi
3205 2083 3470 2136 nituntur
3501 2098 3649 2136 asse-

1951 2188 2096 2237 rere,
2133 2187 2200 2226 eo
2229 2172 2396 2225 modo
2441 2172 2548 2224 sibi
2579 2171 2900 2224 satisfacere
2951 2173 3269 2240 cupientes,
3303 2171 3383 2225 ita
3415 2175 3477 2224 ut
3527 2188 3651 2241 pro-

1952 2261 2216 2314 ﬁteamur
2241 2267 2298 2315 et
2326 2261 2580 2314 dicamus
2611 2275 2794 2313 unum
2827 2259 2894 2312 de
2927 2259 3203 2313 Trinitate
3234 2277 3464 2330 passum
3494 2275 3646 2325 esse;

1954 2350 2105 2420 qnod
2145 2365 2247 2402 nec
2287 2351 2480 2403 Patres
2514 2365 2618 2402 nec
2647 2349 2850 2419 synodi
2888 2348 3170 2402 dixerunt.
3224 2350 3334 2402 [sta
3385 2349 3511 2401 ideo
3551 2363 3653 2418 per

1955 2439 2182 2508 singula
2211 2438 2594 2507 exposuimus,
2625 2454 2695 2490 ne
2717 2438 2946 2490 illorum
2985 2437 3268 2490 subtilitas
3294 2437 3572 2505 glorietur
3595 2435 3652 2489 in

1956 2533 2154 2582 nostra
2185 2526 2548 2596 simplicitate
2581 2532 2813 2597 propter
2843 2526 2978 2578 istas
3011 2541 3185 2578 novas
3215 2541 3344 2578 suas
3374 2525 3656 2578 intentio-

1956 2633 2078 2670 nes.
2112 2616 2395 2669 Vitaliauo
2429 2616 2736 2683 magniﬁco
2755 2615 2874 2668 viro
2894 2615 3324 2684 subrepserunt,
3360 2617 3423 2666 ut
3443 2619 3499 2666 et
3519 2613 3655 2666 talia

1956 2705 2245 2758 vindicare
2277 2705 2622 2773 pro'talibus
2647 2705 2836 2768 rebus,
2863 2709 2918 2756 et
2939 2709 3139 2756 contra
3163 2719 3264 2755 nos
3297 2717 3654 2771 qiitecunque

1958 2794 2148 2863 potuit
2198 2792 2614 2861 impedimenta
2661 2793 2920 2845 atferret:
2972 2793 3135 2860 cujus
3191 2790 3652 2844 immutationem

1959 2883 2149 2936 omnis
2170 2882 2465 2936 nobiscum
2485 2882 2654 2934 deﬂet
2679 2881 2936 2934 Ecclesia.
2975 2881 3336 2949 Quapropter
3358 2895 3649 2948 rogamus,

1962 2975 2022 3024 ut
2067 2975 2337 3024 consueta
2375 2970 2615 3034 cautela,
2666 2975 2721 3021 et
2778 2983 2890 3038 qua
2948 2967 3092 3020 solet
3135 2966 3403 3021 dominus
3464 2971 3655 3019 noster

173 3055 386 3109 Ecclesia
435 3057 826 3122 Antiochena,
877 3057 1070 3110 dicens
1105 3057 1254 3111 inter
1293 3059 1404 3112 alia
1442 3065 1498 3114 et
1540 3061 1647 3115 hoc
1689 3061 1848 3116 testi-
1887 3065 1926 3120 C
1959 3060 2270 3130 vigilantia,
2303 3059 2582 3127 cogitetis,
2629 3063 2685 3111 et
2731 3057 3021 3127 quomodo
3067 3054 3450 3125 suspendendi
3499 3059 3649 3120 sunt,

172 3144 399 3198 monium
442 3147 521 3198 de
582 3145 728 3215 ipso,
775 3146 911 3214 quia
957 3146 1181 3200 duobus
1228 3148 1390 3202 annis
1432 3149 1492 3202 in
1548 3149 1850 3204 Antiochia

171 3237 359 3306 positus
389 3255 516 3292 non
565 3237 927 3291 mediocriter
956 3236 1253 3292 resistebat
1293 3240 1498 3293 Severo
1529 3240 1798 3295 hieretico
1833 3258 1846 3295 :

174 3326 356 3379 similia
406 3335 463 3380 et
507 3342 715 3379 omnes
762 3326 1027 3379 catholici
1071 3328 1481 3383 consonabant.
1539 3331 1605 3383 Et
1658 3330 1854 3384 omnia

176 3413 263 3467 ista
302 3416 366 3469 de
411 3431 672 3485 persona
704 3416 960 3484 praedicti
998 3415 1314 3486 imperator
1361 3435 1418 3472 se
1473 3420 1736 3490 promisit
1781 3421 1853 3476 ad

172 3511 392 3557 vestram
423 3503 856 3559 beatitudinem
886 3505 1224 3559 relaturum.
1269 3507 1478 3561 Harum
1513 3514 1703 3563 tamen
1752 3510 1852 3563 tri-

172 3592 520 3647 bulationum
551 3593 870 3662 provisores
901 3599 956 3646 et
985 3594 1122 3647 socii
1153 3600 1209 3647 et
1240 3596 1445 3650 unitati
1475 3598 1854 3652 Ecclesiarum

172 3682 570 3752 impedimento
600 3682 865 3736 monachi
895 3683 964 3736 de
998 3683 1226 3753 Scythia
1251 3685 1504 3750 fuerunt,
1529 3688 1629 3757 qui
1660 3694 1855 3757 postea

175 3772 249 3824 hic
274 3773 611 3827 defecerunt
657 3772 815 3841 (hinc
862 3771 1286 3842 discesserunt),
1315 3775 1586 3844 assignati
1629 3778 1700 3830 ab
1739 3794 1857 3830 om-

174 3862 315 3914 nibus
347 3863 490 3916 nihil
541 3862 848 3931 paciﬁcum
895 3862 1166 3929 cogitare,
1203 3863 1273 3916 ad
1307 3863 1721 3918 beatitudinem
1757 3883 1855 3920 ve-

173 3955 324 4004 stram
369 3955 777 4014 cucurrerunt,
828 3956 1124 4017 sperantes
1175 3951 1504 4021 subrepere,
1537 3960 1595 4006 et
1621 3971 1724 4023 per
1764 3955 1853 4008 Iit-

173 4043 302 4091 teras
329 4044 530 4092 vestrae
576 4035 727 4090 sedis
771 4053 900 4090 suas
943 4037 1292 4093 intentiones
1341 4043 1699 4096 conﬁrmare.
1757 4044 1855 4097 lsti

177 4123 232 4177 de
259 4143 355 4180 sua
394 4126 700 4197 provincia
741 4128 1038 4197 episcopos
1069 4135 1355 4195 accusant,
1400 4131 1550 4184 inter
1597 4148 1741 4202 quos
1771 4137 1856 4186 est

174 4215 426 4269 Paternus
475 4216 797 4270 Tomitanae
841 4215 1080 4270 civitatis
1123 4219 1376 4272 antistes.
1415 4219 1722 4272 Petitiones
1753 4221 1852 4275 ob-

175 4302 425 4371 tulerunt,
459 4310 517 4358 et
549 4304 728 4357 coacti
763 4304 1002 4373 piissimi
1048 4306 1323 4376 principis
1359 4311 1416 4361 et
1446 4308 1659 4362 domini
1704 4311 1853 4362 Vita-

1958 3151 2116 3220 quia
2147 3149 2308 3202 nobis
2349 3148 2538 3201 taliter
2577 3151 2954 3210 recesserunt,
2997 3151 3052 3198 et
3084 3161 3110 3197 a
3160 3148 3355 3197 nostra
3393 3158 3651 3196 commu-

1962 3240 2132 3292 nione
2164 3239 2398 3292 fuerunt
2428 3237 2700 3305 sejuncti;
2733 3241 2789 3289 et
2819 3234 2955 3304 quid
2989 3233 3070 3288 eis
3098 3232 3533 3302 respondeatur,
3567 3231 3655 3283 vel

1961 3328 2250 3400 quomodo
2270 3342 2470 3380 eorum
2497 3325 2745 3394 capitula
2778 3324 3157 3394 repellantur;
3180 3323 3313 3392 quia
3335 3337 3430 3374 eos
3454 3336 3656 3373 omnes

1963 3417 2594 3486 Constantinopolitana
2624 3415 2895 3468 catholica
2932 3413 3198 3466 exhorret
3228 3410 3492 3465 Ecclesia.
3521 3411 3658 3464 Data

1963 3523 2022 3560 Ill
2053 3506 2315 3560 calendas
2349 3505 2546 3566 Julias,
2583 3501 3102 3572 Constantinopoli.

2628 3610 3002 3666 SUGGESTIO

2194 3715 2576 3756 LEGATORUM
2629 3716 2704 3754 AD
2755 3713 3136 3754 HOBMISDAM
3186 3711 3422 3752 PAPAM.

1964 3788 2255 3859 Reliquias
2279 3790 2336 3842 S.
2362 3788 2662 3844 Laurentii
2684 3792 2736 3841 et
2755 3786 3091 3859 sanctuaria
3112 3785 3502 3859 apostolorum
3517 3786 3657 3859 Jus-

2036 3856 2258 3914 liriiano
2290 3859 2522 3913 concedi
2551 3862 2769 3929 petunt,
2802 3861 2900 3929 qui
2930 3859 3038 3912 illa
3066 3857 3126 3911 in
3157 3856 3398 3911 basilica
3421 3858 3660 3925 Aposto-

2036 3933 2218 3985 lorum
2247 3931 2531 3985 collocare
2551 3931 2839 4000 cupiebat.

2034 4037 2209 4090 Filius
2252 4042 2434 4090 vester
2468 4035 2806 4105 magniﬁcus
2843 4035 2924 4086 vir
2969 4033 3348 4097 Justinianus,
3404 4048 3493 4086 res
3527 4047 3660 4085 con-

1967 4125 2258 4178 venientes
2324 4123 2454 4177 ﬁdei
2498 4140 2612 4176 sua:
2673 4123 2914 4187 faciens,
2978 4121 3270 4174 basilicam
3325 4123 3657 4172 sanctorum

1964 4214 2397 4283 Apostolorum,
2445 4212 2501 4266 in
2549 4227 2663 4282 qua
2710 4210 2994 4265 desiderat
3044 4214 3100 4261 et
3161 4207 3310 4261 beati
3373 4205 3658 4260 Laurentii

1968 4303 2237 4373 martyris
2268 4303 2540 4372 reliquias
2579 4316 2721 4365 esse,
2755 4297 3064 4362 constituit,
3100 4301 3288 4366 sperat
3338 4311 3442 4364 per
3471 4293 3660 4363 parvi-

174 4389 291 4444 liani
322 4394 584 4463 magistri
612 4393 1503 4464 militnmjussione,frequenter
1529 4394 1597 4447 ad
1621 4393 1855 4447 audien-
1893 4369 1936 4420 D
1973 4399 2147 4446 tatem
2182 4397 2456 4455 nostram,
2493 4396 2554 4443 ut
2599 4387 3003 4460 praedictorum
3035 4389 3359 4438 sanctorum
3392 4380 3662 4450 reliquias

174 4481 293 4532 tiam
323 4497 511 4536 causa:
560 4482 951 4549 convenimus,
995 4499 1114 4536 non
1145 4484 1310 4554 quasi
1354 4483 1613 4536 volentes
1657 4499 1761 4536 nos
1801 4481 1859 4534 in

177 4567 248 4619 his
279 4572 530 4641 negotiis
575 4586 852 4640 occupare
888 4586 900 4624 :

179 4653 535 4712 beatitudinis
585 4666 780 4712 vestra:
815 4665 1121 4729 praecepta,
1172 4661 1379 4730 quibus
1419 4659 1768 4730 prwcepistis
1802 4664 1862 4712 ut

179 4759 338 4800 causae
390 4753 621 4802 tantum
669 4747 758 4800 cui
829 4763 1167 4802 veneramus
1234 4749 1441 4802 intenti
1510 4749 1679 4802 nullis
1734 4748 1861 4802 aliis

183 4835 403 4903 negotiis
434 4838 836 4901 misceremur,
869 4837 965 4891 sed
999 4844 1293 4908 sperantes
1337 4853 1502 4909 posse
1542 4837 1860 4890 intentione

182 4938 359 4977 -"urum
414 4925 634 4993 pacari,
688 4925 757 4978 ad
802 4926 908 4978 hoc
957 4925 1376 4980 descendimus.
1415 4927 1479 4980 Et
1533 4926 1668 4996 quia
1698 4925 1862 4978 nobis

181 5009 264 5063 diu
292 5013 711 5081 laborantibus,
741 5020 794 5067 et
822 5015 932 5068 illis
962 5016 1182 5069 nullam
1213 5016 1651 5085 suscipientibus
1691 5016 1860 5068 ratio-

184 5113 316 5165 num,
344 5102 490 5156 nihil
525 5103 858 5170 proﬁciebat
887 5103 948 5156 in
983 5120 1050 5156 eo
1081 5121 1196 5174 quo
1229 5106 1583 5172 tenebamus,
1619 5106 1864 5158 clemen-

184 5187 416 5242 tissimus
469 5192 782 5260 imperator
830 5193 887 5246 in
934 5199 1214 5246 conventu
1250 5194 1498 5262 publico,
1532 5195 1629 5247 ubi
1665 5200 1721 5246 et
1757 5209 1863 5246 nos

183 5273 558 5343 interfuimus,
623 5282 954 5347 Paternum,
1010 5282 1349 5351 praedictum
1405 5283 1758 5352 episcopum,
1809 5287 1864 5336 et

183 5367 542 5433 magniﬁcum
571 5369 755 5423 virum
807 5370 1158 5424 Vitalianum
1204 5371 1427 5424 reduxit
1458 5372 1526 5424 ad
1566 5368 1810 5442 gratiam
1847 5387 1859 5425 :

185 5462 529 5509 accusatores
556 5473 779 5528 quoque
817 5460 941 5528 ejus
980 5475 1084 5514 suo
1129 5461 1404 5530 praecepit
1432 5461 1700 5530 episcopo
1736 5476 1864 5530 Stip-

187 5541 396 5608 plicare.
433 5545 690 5600 Monachi
722 5563 854 5600 vero
903 5565 1030 5601 cum
1076 5549 1341 5603 similiter
1387 5550 1452 5603 ad
1499 5549 1862 5603 concordiam

188 5637 588 5699 quererentur,
612 5635 747 5706 fuga
775 5636 922 5706 lapsi
955 5637 1287 5694 maluerunt
1314 5637 1384 5692 de
1420 5639 1652 5693 civitate
1682 5637 1861 5692 disce-

944 4570 1080 4640 quia
1121 4571 1281 4625 nobis
1330 4577 1463 4624 sunt
1506 4578 1637 4624 ante
1668 4571 1860 4624 oculos
1911 4641 1918 4643 _

1968 4480 2231 4536 celeriter
2265 4479 2603 4534 concedatis.
2655 4478 2862 4531 Habuit
2892 4474 3120 4546 quidem
3172 4473 3372 4543 petitio
3405 4469 3663 4542 praedicti

1968 4571 2072 4622 viri
2099 4570 2415 4623 secundum
2456 4583 2675 4620 morem
2715 4567 3060 4624 Graecorum,
3087 4565 3142 4615 et
3173 4577 3276 4614 nos
3306 4564 3502 4614 contra
3531 4573 3664 4611 cou-

1971 4659 2332 4712 suetndinem
2389 4657 2535 4711 sedis
2607 4654 2931 4724 apostolicae
2987 4651 3378 4722 exposuimus.
3435 4648 3666 4718 Accepit

1972 4748 2272 4801 rationem.
2311 4749 2374 4800 Et
2401 4745 2536 4816 quia
2567 4744 2692 4798 talis
2723 4749 2807 4796 est
2845 4743 3032 4796 fervor
3077 4740 3207 4794 ﬁdei
3240 4742 3384 4809 ejus,
3413 4737 3513 4809 qui
3546 4753 3663 4791 me-

1973 4842 2130 4889 retur
2176 4836 2456 4907 quidquid
2499 4834 2566 4887 de
2619 4832 2930 4902 apostolica
2979 4831 3111 4885 sede
3161 4827 3581 4900 depoposcerit,
3611 4831 3666 4880 et

1971 4927 2100 4980 talis
2144 4930 2226 4978 est
2269 4924 2368 4994 qui
2417 4928 2607 4992 sperat
2653 4922 2802 4975 unde
2850 4926 2904 4976 et
2959 4921 3112 4974 salus
3169 4919 3373 4972 animos
3429 4922 3485 4971 et
3530 4914 3666 4970 ﬁdei

1972 5016 2203 5068 effectus
2261 5015 2558 5079 accrescat,
2602 5011 2812 5064 talibus
2850 5009 3142 5063 desideriis
3174 5007 3460 5078 postulata
3511 5021 3666 5059 com-

1973 5104 2114 5175 petit
2146 5118 2263 5156 non
2295 5117 2523 5170 negare.
2562 5100 2719 5153 Unde
2743 5098 2786 5151 si
2819 5104 2875 5151 et
2903 5097 3248 5152 beatitudini
3280 5101 3475 5150 vestrae
3506 5095 3663 5147 vide-

1973 5199 2147 5252 retur,
2208 5191 2528 5243 sauctuaria
2589 5189 2887 5242 beatorum
2945 5187 3334 5257 apostolorum
3402 5182 3548 5238 Petri
3611 5189 3668 5236 et

1975 5281 2152 5344 Pauli,
2187 5279 2499 5333 secundum
2534 5293 2772 5344 morem,
2827 5277 2877 5330 ei
2920 5276 3115 5346 largiri
3159 5271 3480 5343 przecipite;
3515 5278 3572 5324 et
3621 5271 3666 5323 si

1977 5368 2101 5423 ﬁeri
2132 5373 2335 5439 potest,
2363 5368 2433 5421 ad
2478 5367 2782 5421 secundum
2817 5369 3151 5418 cataractam
3187 5362 3309 5431 ipsa
3341 5359 3668 5414 sanctuaria

1973 5460 2278 5528 deponere,
2310 5461 2558 5510 vestrum
2593 5461 2674 5510 est
2720 5455 3052 5508 deliberare.
3090 5451 3237 5504 Petit
3266 5455 3321 5503 et
3350 5449 3418 5504 de
3453 5449 3668 5502 catenis

1974 5552 2300 5600 sanctorum
2327 5547 2739 5616 apostolorum,
2787 5545 2832 5596 si
2864 5540 3132 5610 possibile
3177 5545 3282 5605 est,
3324 5543 3378 5592 et
3425 5538 3494 5592 de
3543 5553 3664 5590 cra-

1972 5636 2147 5691 ticula
2193 5635 2344 5690 beati
2380 5633 2667 5691 Laurentii
2720 5631 3002 5700 martyris.
3046 5628 3159 5681 ista
3200 5631 3334 5681 sunt
3382 5624 3665 5681 desideria
