3998 6172
316 353 418 404 475
1773 353 2148 408 ΙΙΟΒΜΙΞΠᾹΞ
2192 355 2390 409 ΡΑΡᾸΞ

3721 358 3816 409 476

315 486 573 560 praedicti
603 486 744 541 viri:
776 486 834 540 in
864 487 971 541 hoc
999 487 1142 540 ﬁdes
1170 485 1351 556 ipsius
1384 491 1468 541 est
1489 487 1742 542 incitata.
1768 491 2005 559 Propter
2042 491 2088 544 A
2113 490 2384 560 praedicto
2411 493 2615 559 agente
2642 489 2700 542 in
2742 489 2933 554 rebus,
2971 487 3146 542 etiam
3175 488 3288 543 duo
3327 488 3504 559 pallia
3536 490 3718 544 serica
3754 490 3823 544 ad

315 579 422 632 hoc
453 578 511 631 in
543 577 745 632 urbem
775 581 1021 631 vestram
1066 577 1252 629 virum
1301 577 1669 647 spectabilem
1700 579 2006 648 Eulogium

317 666 752 737 magistrianum
803 665 1030 732 direxit,
1063 665 1167 719 hoc
1203 665 1309 720 sibi
1361 667 1683 721 satisfacere
1721 668 2005 737 judicans,

317 757 363 810 si
397 757 465 810 de
511 758 632 826 ipso
675 756 850 821 fonte,
902 771 1014 826 quo
1058 771 1158 826 per
1207 771 1438 810 omnem
1483 760 1694 810 terram
1747 761 2007 811 sanctua—

317 846 404 900 ria
430 845 818 916 apostolorum
852 848 984 898 sunt
1011 843 1162 912 data,
1195 843 1326 898 inde
1358 849 1415 898 et
1443 845 1564 915 ipse
1591 846 1862 917 reliquias
1895 863 2012 900 sus-

317 935 506 1004 cipere
532 937 838 987 mereatur.
890 934 954 987 Et
1001 933 1144 985 bene
1176 932 1357 986 facitis
1398 950 1627 988 consam
1666 936 2010 989 ecclesiasti-

318 1040 440 1078 cam
504 1038 852 1093 magnopere
913 1022 971 1074 in
1033 1022 1448 1076 contestatione
1493 1023 1592 1077 Dei
1639 1025 1739 1077 tali
1787 1024 2007 1078 homini

317 1113 740 1175 commendare,
776 1112 939 1181 cujus
980 1111 1274 1164 sinceritas
1307 1116 1362 1165 ct
1405 1112 1703 1182 integritas
1748 1114 1895 1167 circa
1928 1130 2012 1168 re-

317 1202 590 1272 ligionem
639 1201 976 1255 catholicam
1018 1206 1155 1254 nota
1202 1204 1288 1254 est
1338 1201 1605 1255 omnibus
1655 1203 2004 1257 hominibus.

317 1290 412 1344 llic
443 1292 746 1344 voluerunt
775 1288 1049 1358 capsellas
1075 1293 1374 1357 argenteas
1405 1291 1588 1345 facere
1626 1295 1680 1345 et
1723 1291 2006 1362 dirigere;

316 1380 412 1432 sed
447 1384 643 1448 postea
689 1379 1090 1446 cogitaverunt
1135 1385 1198 1431 ut
1242 1385 1296 1433 et
1343 1380 1451 1433 hoc
1483 1397 1708 1451 quoque
1758 1398 1789 1434 a
1828 1387 2007 1434 vestra

318 1469 448 1521 sedc
503 1483 602 1536 pro
661 1467 1056 1520 benedictione
1121 1468 1409 1538 suscipiat.
1499 1469 1762 1540 Singulas
1819 1477 2010 1524 tamen

322 1557 595 1625 capsellas
630 1572 733 1624 per
767 1557 1122 1625 singulorum
1155 1559 1542 1627 apostolorum
1582 1560 1858 1630 reliquias
1890 1561 2009 1613 ﬁeri

320 1646 526 1699 debere
556 1646 937 1715 suggerimus.
973 1648 1112 1700 Data
1143 1664 1199 1700 ιιι
1233 1648 1492 1701 calendas
1513 1649 1707 1715 Julias,
1745 1650 2012 1702 Constan-

319 1735 581 1805 tin0poli.

789 1824 1149 1878 EXEMPLUM
1191 1826 1536 1881 EPISTOLz’E

682 1926 1060 1967 JUSTINIANI
1109 1930 1186 1968 Αῐ)
1233 1929 1641 1969 IIORMISDAM.

319 1997 712 2072 Dissensiones
733 2017 768 2053 a
791 2000 1082 2055 monachis
1122 2003 1353 2072 Scyl/u's
1373 2002 1653 2057 excitatas
1670 2003 1742 2056 ab
1775 2020 1837 2055 (ο
1857 2019 2005 2058 com-

453 2071 787 2141 pescendos.
817 2073 1216 2142 Apostolorum
1234 2074 1516 2145 reliquias
1545 2093 1606 2128 .s-e
1636 2090 1862 2146 cupere.

393 2179 636 2232 Domino
701 2183 892 2233 sancto
947 2181 1166 2235 meritis
1211 2181 1546 2236 beatissimo
1598 2187 1654 2236 et
1698 2183 2007 2252 apostolico

317 2268 551 2323 domino
581 2269 726 2340 patri
759 2286 924 2340 papae
964 2270 1278 2325 Hormisdze
1309 2272 1665 2326 Justinianus
1692 2272 1777 2325 vir
1807 2272 2007 2344 claris-

319 2373 516 2411 simus.

391 2445 644 2516 l’ropitia
690 2445 1014 2514 Divinitate,
1050 2462 1177 2517 qua:
1218 2463 1443 2517 semper
1477 2445 1786 2500 Ecclesiam
1819 2447 2010 2500 catho-

318 2535 486 2588 licam
515 2551 618 2604 per
642 2534 993 2590 incrementa
1016 2536 1147 2589 ﬁdei
1171 2536 1438 2601 instituit,
1466 2536 1651 2589 unitas
1683 2539 2009 2591 sanctarum

318 2624 690 2679 Ecclesiarum
736 2640 840 2694 per
889 2624 1208 2679 doctrinam
1241 2629 1297 2678 et
1340 2624 1739 2678 auctoritatem
1784 2630 2008 2695 aposto-

317 2714 464 2767 latus
495 2713 665 2767 vestri
691 2713 972 2784 provenit.
998 2714 1102 2768 Sed
1133 2713 1404 2784 quoniam
1432 2713 1816 2784 comperimus
1845 2730 2010 2784 quos-

316 2803 446 2857 dam
486 2802 721 2856 nomine
772 2802 1098 2871 monachos,
1149 2803 1354 2873 quibus
1400 2803 1584 2872 magis
1631 2802 1911 2857 discordia
1949 2803 2008 2857 in

317 2892 506 2947 studio
538 2896 622 2946 est
652 2909 823 2962 quam
857 2892 1059 2946 caritas
1091 2897 1147 2947 et
1188 2910 1296 2963 pax
1349 2893 1467 2960 Dei,
1516 2893 1806 2962 cupientes
1851 2909 2008 2963 qua:-

314 2981 443 3035 dam
470 2982 826 3050 perturbare,
858 2982 926 3035 ad
973 2985 1239 3052 angelum
1273 2989 1522 3037 vestrum
1554 2983 1687 3036 hinc
1713 2983 2004 3037 disceden-

315 3075 398 3123 tes
428 3070 536 3123 iter
580 3070 888 3141 arripuissc
927 3087 938 3124 :

315 3159 466 3212 tibus
517 3160 741 3228 scriptis
786 3177 1013 3215 causam
1054 3161 1249 3214 livoris
1291 3178 1491 3215 eorum
1529 3179 1892 3232 cognoscens,
1934 3163 2012 3216 ita

315 3251 378 3300 ut
409 3251 724 3314 merentur,
744 3249 1029 3318 suscipere
1056 3254 1111 3303 et
1133 3267 1164 3302 a
1184 3267 1241 3303 se
1275 3251 1444 3321 longe
1465 3253 1678 3320 pellere
1701 3252 2004 3321 dignetur:

315 3334 593 3404 quoniam
624 3336 951 3404 vaniloquia
983 3338 1238 3406 ipsorum
1289 3339 1683 3392 festinantium
1731 3340 2009 3393 novitates

314 3423 674 3476 introducere
714 3422 771 3474 in
805 3424 1068 3492 Ecclesia,
1114 3428 1265 3495 quod
1299 3444 1485 3495 neque
1526 3431 1771 3497 quatuor
1808 3428 2009 3498 synodi

317 3510 684 3577 venerabiles,
728 3527 914 3582 neque
945 3515 1120 3566 sancti
1150 3516 1349 3567 Leonis
1384 3533 1549 3586 papae
1579 3517 1829 3585 epistolae
1867 3534 2007 3571 con-

318 3599 500 3653 tinere
534 3605 863 3668 noscuntur,
889 3601 946 3653 in
980 3603 1134 3655 omni
1160 3604 1281 3656 loco
1313 3605 1508 3657 turbas
1540 3605 1780 3659 excitare
1820 3606 2010 3659 viden-

317 3691 427 3742 tur.
475 3687 859 3751 Quamobrcm
916 3689 1084 3743 etiam
1155 3696 1212 3743 et
1260 3707 1291 3744 a
1342 3692 1478 3746 viris
1519 3693 2008 3747 reverendissimis

318 3775 598 3847 episc0pis
625 3781 681 3830 et
710 3777 1044 3831 diaconihus
1081 3778 1306 3833 directis
1361 3781 1431 3835 ab
1464 3784 1779 3852 apostolatu
1821 3789 2006 3838 vestro

317 3867 385 3919 ad
443 3883 544 3919 nos
589 3867 824 3936 angelus
860 3873 1044 3921 vester
1091 3869 1374 3924 destinare
1424 3871 1710 3941 dignetur,
1760 3878 1814 3927 et
1854 3874 2008 3944 ipsos

317 3955 488 4025 digna
531 3956 883 4010 correctione
915 3958 1225 4027 perculsos,
1258 3963 1321 4012 ut
1355 3961 1617 4030 superius
1648 3963 1859 4016 dictum
1902 3969 2004 4031 est,

316 4046 529 4114 pellere
564 4045 780 4115 jubeat.
829 4046 975 4116 Ergo
1007 4047 1128 4101 haec
1175 4049 1426 4117 petimus
1481 4056 1543 4104 ut
1595 4050 1764 4118 (sicut
1808 4069 2008 4122 supra-

316 4134 529 4188 dictum
576 4136 682 4205 est)
738 4135 887 4206 ipsas
939 4137 1268 4206 hujusmodi
1325 4140 1537 4192 litteras
1594 4157 1696 4210 per
1743 4142 2004 4194 eumdem

313 4224 652 4294 portitorem
685 4224 755 4278 ad
791 4242 894 4278 nos
926 4225 1173 4296 dirigere
1206 4244 1556 4297 magnopere
1585 4230 1830 4282 festinet.
1867 4231 2010 4282 Sunt

313 4320 504 4368 autem
534 4315 772 4368 nomina
801 4331 1020 4382 eorum,
1056 4316 1322 4382 Achilles,
1347 4318 1612 4383 Joannes,
1653 4317 1920 4371 Leontius
1951 4321 2006 4370 et

313 4404 606 4458 Mauritius
637 4405 1010 4474 (Maxentius).
1045 4405 1169 4458 Ilaec
1208 4410 1400 4458 nostra
1435 4411 1518 4459 est
1570 4406 1810 4458 maxims
1850 4407 2002 4458 solli-

312 4479 582 4545 citudinis
612 4508 802 4556 causa,
835 4507 908 4544 ne
934 4492 1142 4553 unitas,
1181 4508 1351 4562 quam
1387 4499 1573 4546 vester
1600 4493 1759 4545 labor
1789 4493 2001 4546 oratio-

313 4595 423 4647 que
452 4581 707 4648 perfecit,
741 4597 844 4650 per
891 4581 1179 4651 inquietos
1217 4580 1481 4634 homines
1514 4581 1843 4653 dissipetur,
1881 4599 2004 4653 spe-

313 4671 502 4719 rantes
545 4669 604 4720 in
649 4670 888 4722 Domino
922 4671 1056 4736 Deo,
1104 4670 1236 4739 quia
1266 4671 1312 4722 si
1345 4670 1481 4740 quid
1515 4675 1597 4724 est
1627 4673 1774 4742 quod
1821 4673 2004 4726 adhuc

314 4771 346 4806 a
366 4754 538 4808 totius
569 4756 720 4809 orbis
750 4774 884 4825 pace
916 4759 1228 4821 dissentiat,
1256 4759 1362 4812 hoc
1389 4776 1619 4831 quoque
1649 4761 2002 4816 orationibus

313 4843 512 4895 vestris
542 4846 863 4912 apostolicae
909 4848 1058 4900 sedis
1121 4850 1518 4902 communioni
1558 4852 1818 4904 societur.
1862 4853 2005 4905 Prie-

315 4935 604 4984 sumentes
636 4936 825 4984 autem
857 4934 924 4986 de
968 4936 1335 4991 beatitudinis
1363 4943 1558 4992 vestra)
1588 4940 2001 5006 benevolentia,

314 5024 612 5090 paternam
667 5020 1026 5076 dilectionem
1091 5027 1336 5080 nimium
1393 5028 1660 5098 petimus,
1722 5033 2002 5099 quatenus

314 5108 572 5180 reliquiis
604 5113 932 5163 sanctorum
963 5115 1351 5182 apostolorum
1376 5122 1492 5170 tam
1527 5134 1628 5171 nos
1659 5135 1829 5188 quam
1860 5120 2006 5172 basi-

314 5199 481 5253 licam
514 5215 710 5252 eorum
748 5198 840 5252 hic
873 5199 931 5252 in
962 5201 1132 5256 domo
1168 5210 1360 5259 nostra
1393 5209 1497 5260 sub
1538 5209 1773 5262 nomine
1795 5210 2003 5280 praedi-

314 5294 533 5342 ctorum
568 5288 981 5343 venerabilium
1035 5297 1413 5349 constructam
1465 5298 1750 5351 illustrare
1799 5303 1853 5352 et
1882 5299 2004 5351 illii-

311 5379 528 5433 minare
557 5381 710 5450 large
759 5378 1106 5448 dignemini;
1155 5389 1561 5451 cognoscentes
1593 5388 1747 5457 quod
1781 5390 2002 5442 nullum

307 5468 472 5522 nobis
500 5471 680 5539 majus
709 5470 1051 5524 beneﬁcium
1085 5486 1186 5525 nec
1206 5487 1417 5527 munus
1441 5481 1708 5544 praestare
1741 5478 2000 5547 potestis,

309 5558 538 5610 domine
570 5559 892 5614 beatissime
926 5567 1107 5631 pater,
1144 5578 1320 5632 quam
1352 5563 1398 5615 si
1429 5564 1577 5617 hanc
1616 5575 1871 5620 nostram
1907 5583 2003 5637 pe-

304 5646 568 5701 titionem
600 5649 1063 5719 adimpfeveritis.
1103 5650 1300 5706 Subito
1331 5656 1524 5707 autem
1546 5654 1654 5708 iter
1684 5656 2004 5726 arripiente

2044 4367 2086 4420 D

2119 584 2519 633 ornamentum
2565 578 2758 632 altaris
2807 582 3132 632 sanctorum
3181 580 3574 648 apostolorum
3618 579 3824 633 direxi-

2121 685 2266 735 mus,
2292 686 2422 740 quae
2444 668 2837 738 suscipientes,
2868 666 3276 721 efficacissimis
3302 669 3566 737 precibus
3595 668 3822 734 vestris,

2120 758 2299 812 nostri
2322 758 2520 828 jubetc
2547 757 2764 828 jugiter
2793 757 2977 810 facere
3013 755 3370 810 memoriam.

2587 863 2957 917 liXEMl—‘LUM
2999 862 3352 916 EPISTOLJE

2119 968 2416 1008 JUSTINIANI
2472 969 2570 1007 PER
2634 968 2877 1006 FRATREM
2933 967 3302 1006 PROEMPTORIS
3377 968 3443 1006 AD
3506 967 3826 1006 HORlilS-DA!

2867 1056 3061 1093 PAPAM.

2118 1133 2259 1185 Pet-it
2289 1133 2350 1185 ut
2397 1129 2656 1202 expedilo
2696 1129 3100 1202 monachorum
3147 1128 3371 1198 negotio
3421 1131 3724 1183 Joannem
3778 1131 3832 1180 et

2567 1202 2866 1256 Leontium
2895 1200 2970 1254 ad
2997 1217 3059 1253 se
3086 1202 3364 1255 remillat.

2190 1290 2477 1362 Quidquid
2526 1296 2609 1344 est
2664 1290 2908 1351 cautius,
2966 1290 3242 1359 quidquid
3300 1289 3538 1355 ﬁrmius,
3589 1295 3654 1342 ut
3726 1305 3832 1358 pro

2121 1385 2313 1433 sancta
2344 1380 2453 1433 ﬁde
2485 1384 2538 1433 et
2573 1379 2874 1433 concordia
2918 1394 3208 1431 sacrarum
3251 1378 3633 1432 Ecclesiarum
3668 1393 3836 1448 gera-

2120 1473 2233 1534 tur,
2269 1475 2553 1538 optamus.
2593 1469 2748 1523 Uude
2775 1468 2847 1521 ad
2886 1467 3304 1521 beatitudinem
3343 1472 3590 1521 vestram
3627 1474 3688 1519 et
3719 1467 3835 1519 fra-

2120 1561 2207 1610 ter
2255 1562 2447 1612 noster
2501 1557 2946 1627 gloriosissimus
3005 1557 3315 1610 Vitalianus
3363 1573 3467 1626 per
3512 1557 3835 1610 Paulinum

2121 1647 2307 1700 virum
2341 1647 2644 1701 sublimem
2695 1648 3057 1701 defensorem
3089 1652 3289 1699 vestrae.
3321 1647 3584 1700 Ecclesia:
3621 1644 3835 1698 rescri-

2121 1735 2255 1804 psit,
2285 1739 2339 1789 et
2367 1752 2467 1788 nos
2507 1751 2612 1805 per
2658 1736 2927 1789 eumdem
2981 1734 3304 1805 signiﬁcare
3350 1735 3686 1788 curavimus
3738 1735 3838 1787 illa

2123 1825 2328 1879 debere
2373 1824 2791 1878 beatitudinem
2833 1827 3075 1877 vestram
3115 1825 3408 1894 perﬁcere,
3444 1841 3575 1894 qum
3626 1840 3833 1894 pacem

2118 1919 2176 1967 et
2229 1913 2590 1966 concordiam
2636 1914 2840 1966 sanctis
2887 1913 3203 1965 concedant
3243 1913 3520 1966 Ecclesiis.
3566 1913 3836 1967 Subinde

2117 2007 2333 2067 tamen,
2369 2002 2468 2072 qui
2489 2003 2696 2056 certius
2727 2019 3060 2070 responsum
3085 2002 3151 2055 ad
3186 2003 3544 2056 sanctitatem
3569 2007 3834 2055 vestram

2121 2091 2342 2155 referat,
2375 2107 2502 2143 cum
2527 2091 2730 2143 litteris
2763 2090 3002 2160 piissimi
3033 2090 3215 2143 nostri
3245 2089 3613 2160 imperatoris
3647 2090 3834 2144 desti-

2118 2180 2399 2234 navimus.
2453 2181 2592 2233 Nam
2640 2184 2854 2250 quanta
2903 2179 3142 2249 quaestio
3190 2179 3248 2232 in
3298 2179 3558 2248 partibus
3607 2181 3833 2233 nostris

2118 2273 2241 2324 orta
2271 2272 2375 2334 est,
2422 2272 2608 2339 potest
2637 2269 2808 2322 etiam
2840 2269 3120 2322 antelatus
3150 2269 3238 2321 vir
3266 2268 3575 2338 religiosus
3625 2268 3832 2322 defen-

2116 2375 2211 2412 sor
2244 2343 2603 2411 sanctitatem
2634 2362 2879 2411 vestram
2911 2357 3211 2410 instruere.
3251 2357 3409 2411 Unde
3451 2358 3718 2426 petimus
3745 2363 3836 2424 ut,

2116 2447 2164 2500 si
2198 2451 2280 2500 est
2308 2446 2600 2516 possibile,
2634 2445 2931 2499 celerrimo
2963 2446 3097 2499 dato
3128 2461 3402 2515 responso
3433 2451 3491 2499 et
3517 2446 3835 2500 satisfactis

2115 2534 2398 2605 religiosis
2448 2534 2760 2600 monachis,
2815 2536 3096 2588 Joannem
3149 2540 3205 2587 et
3247 2535 3546 2588 Leontium
3601 2536 3674 2588 ad
3730 2552 3840 2589 nos

2117 2625 2421 2678 remittatis
2457 2641 2468 2679 :
2500 2624 2609 2678 nisi
2659 2624 2814 2677 enim
2858 2624 3124 2694 precibus
3169 2630 3224 2678 et
3272 2624 3574 2694 diligentia
3633 2631 3836 2679 vestra

2117 2714 2225 2768 ista
2277 2714 2517 2785 quaestio
2570 2713 2754 2767 soluta
2802 2713 2994 2781 fuerit,
3051 2729 3318 2766 veremur
3365 2731 3436 2768 ne
3483 2730 3599 2767 non
3649 2715 3841 2785 possit

2120 2803 2496 2857 Ecclesiarum
2542 2807 2867 2857 sanctarum
2916 2819 3026 2872 pax
3059 2803 3383 2872 provenire.
3423 2804 3570 2874 Ergo
3613 2820 3842 2874 cogno-

2120 2898 2336 2947 scentes
2369 2893 2504 2964 quia
2535 2898 2588 2946 et
2622 2909 2838 2947 merces
2879 2898 2936 2946 et
2967 2893 3288 2962 periculum
3324 2893 3494 2963 hujus
3542 2893 3630 2946 rei
3662 2895 3838 2947 vobis

2118 2987 2393 3050 servatur,
2433 2983 2736 3053 diligenter
2767 2987 3021 3050 tractate,
3058 2987 3113 3036 et
3153 2983 3548 3036 ﬁrmissimum
3583 2999 3838 3054 respon-

989 3089 1130 3142 quos
1179 3072 1473 3126 beatitudo
1512 3077 1717 3140 vestra,
1754 3089 2004 3143 priesen-
2047 3063 2086 3118 C
2120 3088 2246 3126 sum
2291 3089 2395 3142 per
2424 3073 2697 3125 antelatos
2727 3071 3021 3140 religiosos
3053 3073 3378 3138 monachos,
3413 3073 3460 3124 si
3510 3077 3599 3126 est
3641 3075 3837 3143 possi-

2119 3161 2253 3228 bile,
2285 3166 2592 3231 antequam
2636 3161 2855 3231 legatus
2887 3166 3082 3215 noster
3134 3163 3202 3215 ad
3250 3161 3674 3216 beatitudinem
3727 3180 3838 3217 ve—

2119 3256 2294 3305 stram
2331 3250 2642 3320 perveniat,
2686 3250 2851 3304 nobis
2897 3250 3201 3316 remittite;
3248 3251 3310 3304 in
3340 3252 3448 3306 hoc
3489 3251 3650 3305 enim
3703 3253 3834 3307 solo

2120 3339 2306 3394 omnis
2337 3340 2547 3409 pendet
2586 3339 2847 3393 intentio.

2577 3428 2948 3484 EXEMPLUM
2999 3429 3353 3484 EPISTOLAE

2565 3533 2583 3569 J
2597 3532 2626 3570 U
2639 3531 2877 3571 STINIANI
2916 3534 2984 3572 AD
3030 3533 3356 3573 UORBHSDAM.

2118 3605 2208 3661 Ad
2227 3603 2531 3661 dicendum
2552 3609 2627 3659 sit
2657 3622 2828 3660 unum
2848 3607 2917 3660 de
2942 3607 3228 3662 Trinitate
3233 3608 3428 3676 fuisse
3446 3608 3831 3678 cruciﬁxum.

2191 3697 2258 3749 Ut
2299 3695 2631 3765 plenissima
2669 3695 2804 3749 fidei
2845 3697 3114 3766 perfectio
3145 3699 3403 3751 doctrina
3443 3698 3840 3754 beatitudinis

2116 3791 2323 3840 vestrae
2389 3785 2552 3838 nobis
2613 3785 2931 3854 proveniat,
2991 3787 3199 3841 iterum
3267 3788 3570 3858 Eulogium
3627 3791 3835 3845 virum

2119 3879 2413 3930 strenuum
2448 3879 2715 3944 agentem
2745 3874 2806 3928 in
2842 3875 3010 3928 rebus
3038 3875 3198 3944 juxta
3228 3877 3366 3930 alias
3388 3894 3607 3945 causas,
3643 3880 3835 3934 etiam

2117 3965 2262 4018 hanc
2297 3969 2532 4034 propter
2563 3963 2890 4028 direximus,
2940 3981 3040 4034 per
3072 3981 3243 4035 quem
3275 3967 3435 4020 valde
3473 3968 3732 4036 petimus
3771 3975 3834 4021 ut

2118 4070 2220 4125 per
2248 4054 2441 4107 omnia
2471 4069 2746 4123 responso
2796 4055 3148 4122 apostolatus
3194 4056 3363 4108 vestri
3404 4056 3829 4127 circumspecto

2118 4148 2174 4196 et
2219 4142 2545 4196 cautissimo
2591 4142 2648 4194 in
2697 4142 3045 4196 confessione
3089 4143 3384 4198 catholicae
3426 4145 3560 4198 fidei
3591 4148 3824 4201 contir-

2117 4235 2324 4282 metur.
2360 4232 2489 4283 Post
2517 4231 2693 4284 semel
2726 4231 2879 4283 enim
2903 4230 3096 4284 divina
3121 4230 3507 4285 misericordia
3534 4232 3824 4288 donatam

2119 4318 2377 4371 Ecclesiae
2417 4319 2708 4374 catholicae
2738 4319 3037 4386 unitatem,
3081 4321 3313 4389 quidam
3359 4327 3622 4374 asserunt
3655 4323 3824 4376 Chri-

2118 4413 2267 4462 stum
2298 4409 2499 4462 Filium
2531 4409 2630 4462 Dei
2662 4407 2969 4463 Dominum
2996 4415 3255 4463 nostrum
3285 4427 3387 4479 pro
3409 4416 3605 4464 nostra
3628 4413 3825 4467 salute

2112 4514 2278 4551 carne
2297 4498 2629 4551 crucifixum
2650 4515 2830 4552 unum
2855 4499 2922 4553 de
2940 4500 3214 4553 Trinitate
3239 4500 3445 4553 debere
3473 4502 3825 4569 praedicari:

2113 4588 2264 4658 quod
2285 4588 2328 4640 si
2343 4587 2765 4656 suscipiendum
2785 4588 2876 4656 sit,
2900 4594 3139 4658 paterna
3154 4588 3474 4658 provisione
3489 4593 3829 4646 reverentia

2111 4682 2296 4730 vestra
2338 4677 2662 4729 cautissimo
2700 4693 2800 4730 suo
2850 4677 3146 4748 rescripto,
3193 4679 3329 4748 quid
3362 4679 3542 4749 sequi,
3602 4681 3826 4750 quidve

2112 4782 2282 4835 super
2312 4766 2416 4818 hoc
2437 4766 2647 4819 evitare
2683 4767 3014 4836 debeamus,
3044 4784 3144 4820 nos
3173 4769 3482 4821 certiorare
3503 4769 3785 4838 dignetur
3810 4788 3824 4823 :

2113 4855 2386 4926 quoniam
2428 4855 2600 4908 verba
2634 4856 2902 4908 videntur
2943 4856 3127 4909 facere
3168 4857 3583 4910 dissensionem
3621 4875 3634 4910 :
3682 4875 3821 4911 nam

2113 4961 2311 4998 sensus
2357 4945 2506 4999 inter
2549 4945 2854 5000 catholicos
2899 4963 3098 5000 omnes
3150 4962 3301 4999 unus
3351 4963 3470 4999 esse
3510 4948 3820 5016 probatur.

2115 5033 2394 5103 lmpouite
2440 5034 2618 5104 igitur
2689 5035 2848 5089 vobis
2920 5037 3093 5089 semel
3151 5041 3480 5106 susceptum
3535 5036 3820 5102 laborem,

2113 5127 2304 5176 sancte
2338 5139 2399 5176 ac
2447 5124 2790 5177 venerabilis
2824 5126 3008 5191 Pater,
3043 5125 3214 5178 etiam
3253 5125 3315 5178 in
3357 5126 3460 5178 hoc
3495 5127 3826 5195 praedeces-

2114 5227 2267 5265 sorcs
2300 5218 2512 5267 vestros
2561 5219 2886 5285 sequentes,
2938 5230 3184 5284 quorum
3228 5215 3560 5268 memoriam
3610 5221 3666 5269 et
3691 5233 3819 5270 am—

2113 5301 2447 5371 plectimini,
2501 5307 2557 5356 et
2601 5302 2881 5357 consortio
2926 5303 3291 5373 pontificatus
3338 5304 3574 5370 ornatis,
3640 5309 3696 5357 et
3747 5306 3823 5358 de.

2114 5391 2218 5444 hac
2277 5391 2595 5445 intentione
2657 5393 2868 5446 liberos
2943 5409 3042 5445 nos
3100 5397 3404 5463 properate
3468 5393 3705 5446 reddere
3763 5400 3824 5447 et

2114 5496 2360 5533 securos.
2407 5482 2522 5534 Hoc
2569 5481 2724 5535 enim
2774 5481 3057 5535 credimus
3089 5497 3211 5535 esse
3255 5483 3619 5547 catholicum,
3659 5483 3818 5552 quod

2119 5575 2302 5623 vestro
2344 5570 2613 5639 religioso
2672 5587 2943 5641 responso
3003 5572 3165 5626 nobis
3229 5573 3402 5626 fuerit
3459 5572 3814 5625 intimatum.

2120 5659 2261 5723 Quia
2290 5675 2423 5713 vero
2455 5659 2673 5714 dictum
2695 5665 2778 5714 est
2802 5660 3091 5732 Scythicos
3125 5661 3430 5716 monachos
3455 5661 3559 5715 hac
3590 5661 3819 5715 ratione
