4038 6170
216 352 314 405 477
1149 367 1158 372 ‘
1515 355 1865 410 ΕΙἾΞἸῸῖηιΕ
1905 357 1994 412 ΕΤ
2028 358 2351 412 DECRETA
2367 399 2379 412 .
3596 362 3661 411 1+7

215 483 278 535 ad
323 483 516 535 sedem
556 488 798 536 vestram
833 485 1127 538 accessisse
1172 503 1277 556 pro
1323 488 1624 543 traditione
1661 493 1889 543 Patrum
1929 496 1974 547 Α
2008 506 2136 544 rum
2166 490 2606 560 allegationibus
2639 507 2764 543 eum
2798 491 3004 560 legatis
3039 491 3424 545 remeantibus
3460 508 3694 562 compe-

215 577 265 624 et
302 571 502 624 ordine
530 572 877 640 regularum,
905 574 1147 644 praebito
1179 576 1258 628 eis
1289 593 1582 647 responso,
1613 579 1756 632 nihil
1789 581 1894 633 for—

214 660 480 726 midante,
506 661 574 713 ad
609 677 712 713 nos
744 679 871 714 eum
905 664 1102 716 vestris
1132 665 1550 735 litterisjubete
1583 668 1890 722 remittere.

214 752 454 813 Quarum
489 751 658 802 etiam
705 753 1046 822 exemplaria
1091 756 1422 825 consignata
1473 758 1744 829 praedicto
1774 760 1894 812 viro

213 846 432 891 strenuo
454 839 693 908 Eulogio
726 841 847 894 dari
876 843 1188 912 praecipite.
1221 846 1347 898 Ilaec
1374 846 1523 900 enim
1551 847 1743 900 omnia
1766 847 1894 902 ideo

212 928 451 998 petimus
481 944 577 980 vos
605 930 910 999 disponere
939 933 1180 997 cautius,
1209 937 1269 985 ut
1309 950 1377 986 ne
1412 915 1567 988 locus
1599 937 1896 990 mendacio

215 1018 289 1070 vel
331 1017 556 1069 insidiis
600 1018 809 1072 detur:
843 1021 1114 1090 quoniam
1159 1038 1384 1076 summo
1433 1041 1561 1076 cum
1615 1025 1894 1079 desiderio

215 1105 368 1160 tidem
407 1107 748 1161 catholicam
792 1109 1222 1178 amplectentes,
1255 1117 1440 1166 vestra
1479 1113 1735 1168 doctrina
1770 1114 1895 1167 uni-

217 1201 375 1248 tatem
407 1196 678 1250 universo
713 1198 838 1251 orbi
869 1199 1120 1268 petimus
1151 1201 1492 1257 condonare.

783 1305 1111 1361 EPISTULA
1154 1308 1320 1362 LXVI.

805 1410 874 1446 AD
915 1411 1290 1450 JUSTINIANUM.

216 1479 773 1554 Monac-hosScylhas
789 1500 861 1535 an
871 1487 922 1535 le
935 1484 1250 1554 legatorum
1268 1485 1344 1538 ad
1349 1490 1572 1542 uentum
1593 1488 1772 1540 Roma
1784 1503 1897 1541 non

275 1553 643 1606 discessuros.
677 1553 1076 1624 Apostolorum
1097 1561 1429 1612 sanctuaria
1465 1559 1823 1612 transmittit.

281 1641 577 1696 llormisda
599 1644 918 1696 Justiniano
950 1645 1071 1698 viro
1099 1645 1327 1701 illustri.

278 1733 349 1784 tta
377 1732 821 1800 magniticeutiae
857 1739 1053 1787 vestrae
1103 1735 1362 1788 animum
1403 1736 1596 1806 vigere
1635 1737 1896 1790 novimus

210 1821 493 1890 religionis
521 1823 748 1888 atlectu,
769 1827 831 1875 ut
853 1824 1191 1876 beneﬁcium
1217 1841 1248 1877 a
1279 1825 1437 1879 vobis
1461 1827 1518 1878 in
1547 1827 1894 1896 perfectione

212 1911 351 1979 pacis
383 1910 654 1964 Ecclesiae
686 1912 869 1965 velitis
897 1914 1077 1982 magis
1109 1914 1258 1984 exigi
1293 1931 1464 1984 quam
1500 1918 1711 1985 rogari,
1737 1918 1889 1986 judi-

210 2003 382 2050 cantes
443 2000 670 2052 meritis
719 2001 1065 2054 excellentiae
1124 2009 1325 2055 vestrae
1382 2006 1677 2072 proiicere,
1740 2005 1896 2074 quod

213 2105 294 2139 vos
324 2089 721 2156 generalitatis
754 2090 1035 2143 desiderio
1071 2093 1352 2161 contingit
1385 2094 1609 2146 otferre.
1650 2095 1801 2147 Unde
1842 2098 1928 2147 et.

214 2191 301 2226 nos
331 2193 357 2227 a
389 2177 555 2228 vobis
601 2183 950 2248 pra-sumpto
995 2180 1305 2248 quaerimus
1338 2187 1609 2251 tamquam
1641 2184 1895 2236 (baiulum

213 2264 347 2331 quod
393 2265 620 2317 meritis
666 2266 865 2318 vestris
915 2269 1179 2321 novimus
1231 2286 1350 2322 esse
1396 2273 1806 2340 profuturum:
1843 2277 1899 2326 et

215 2353 347 2421 ideo,
386 2353 624 2407 domine
657 2355 759 2419 fili,
815 2355 918 2409 sub
969 2357 1126 2410 omni
1157 2361 1390 2412 caritate
1426 2362 1726 2428 salutante,
1771 2379 1897 2431 spe-

215 2457 386 2494 ramus
416 2447 479 2495 ut
511 2443 871 2497 imminentis
921 2446 1079 2515 operi
1115 2448 1266 2516 quod
1303 2449 1546 2501 Domino
1596 2451 1898 2519 adiuvante

215 2532 489 2594 fundastis,
528 2548 818 2586 memores
848 2534 1025 2587 divini
1055 2537 1368 2590 testimonii
1399 2555 1410 2591 :
1443 2538 1551 2602 Qui
1580 2554 1902 2607 persevera-

213 2619 335 2673 verit
365 2631 554 2691 usque
587 2621 647 2674 in
676 2625 866 2689 ﬁnem,
910 2623 995 2676 hic
1022 2624 1218 2677 salvus-
1253 2628 1358 2680 e-rz't
1389 2628 1610 2696 (suum.
1645 2633 1719 2687 xl.
1755 2630 1901 2682 Prae-

215 2713 348 2760 terea
394 2711 737 2776 monachos,
792 2728 934 2780 quos
981 2712 1202 2766 venisse
1250 2715 1490 2768 Romam
1539 2717 1899 2784 signiticastis

217 2797 397 2850 litteris
423 2800 656 2863 vestris,
692 2800 758 2853 ad
795 2800 1028 2869 propria
1057 2817 1184 2854 mox
1220 2804 1503 2856 voluimus
1528 2805 1756 2857 reverti.
1792 2806 1897 2859 Sed

215 2888 331 2955 quia
361 2889 465 2942 sub
511 2888 918 2941 testificatione
955 2891 1226 2958 potentiae
1261 2893 1469 2945 divinae
1503 2893 1769 2947 dicebant
1799 2910 1902 2964 per

216 2975 427 3028 insidias
479 2977 547 3029 in
597 2977 804 3030 itinere
849 2983 1073 3048 paratas
1124 2979 1253 3032 vitae
1306 2982 1585 3035 sustinere
1631 3000 1687 3035 se
1739 2999 1901 3052 posse

2006 584 2196 633 tenter
2254 581 2533 634 fuerimus
2585 581 2864 646 instructi,
2923 579 2964 632 si
3041 580 3178 650 quid
3244 580 3692 650 reprehensione

2006 669 2244 739 dignum
2275 670 2524 736 cognitio
2557 674 2748 722 nostra
2782 670 3078 739 repererit,
3107 686 3332 722 necesse
3355 675 3437 722 est
3459 675 3520 723 ut
3549 672 3696 724 circa

2006 775 2103 811 eos
2149 764 2444 812 teneamus
2496 759 2932 811 ecclesiasticam
2983 758 3364 827 disciplinam.
3417 759 3694 812 Victorem

2008 853 2304 917 praeterea,
2349 849 2447 918 qui
2500 847 2723 899 diaconi
2780 847 2988 900 habere
3039 846 3373 913 perhibetur
3420 847 3696 914 ofﬁcium,

2005 938 2164 1005 cujus
2195 936 2367 988 fidem
2415 935 2472 987 hi
2515 935 2623 1004 ipsi
2676 934 2944 987 monachi
2993 934 3362 987 vehementer
3409 940 3695 1000 accusant,

2005 1026 2088 1077 vel
2121 1025 2261 1077 alios
2293 1024 2390 1094 qui
2440 1039 2731 1094 perversas
2763 1023 3000 1076 forsitan
3024 1021 3303 1092 objiciunt
3333 1023 3694 1092 qumstiones,

2007 1113 2365 1167 ordinatione
2399 1112 2620 1166 domini
2652 1113 2755 1164 tilii
2787 1112 2966 1164 nostri
2997 1111 3424 1164 clementissimi
3456 1111 3698 1180 impera-

2005 1203 2144 1257 toris
2160 1203 2230 1254 ad
2250 1203 2448 1255 urbem
2476 1202 2634 1254 vobis
2656 1201 3092 1270 suggerentibus
3117 1200 3440 1269 dirigantur
3463 1198 3592 1271 [sic]
3608 1241 3619 1262 ,
3640 1205 3699 1252 ut

2005 1290 2298 1344 universas
2324 1289 2692 1358 allegationes
2716 1289 2784 1340 de
2809 1288 3017 1357 quibus
3044 1287 3397 1342 contendunt
3429 1303 3530 1340 nos
3559 1303 3689 1355 pos-

2006 1379 2183 1432 simus
2220 1393 2546 1448 agnoscere.

2665 1483 3043 1537 SUGGESTIO

2254 1589 2497 1626 DIOSCORI
2537 1589 2753 1627 DIACONI
2791 1590 2859 1626 AD
2902 1589 3211 1626 HORMISDAM
3255 1589 3449 1627 ΡΛΡΑΜ.

2003 1679 2089 1735 Ab
2123 1679 2509 1734 haereticorum
2539 1697 2600 1733 se
2628 1679 2909 1732 consortio
2940 1696 3154 1734 carere.
3191 1679 3478 1734 rio/orem.
3509 1679 3698 1732 diaco-

2074 1769 2206 1804 num
2222 1752 2564 1805 catholicam
2583 1752 2751 1816 ﬁdem
2771 1754 3107 1820 professum.
3137 1753 3375 1820 Scythas
3396 1753 3702 1803 monachos
3759 1755 3766 1766 '

2078 1824 2530 1878 Chalcedonense
2574 1823 2880 1877 concilium
2928 1823 3256 1876 alanmasse.
3310 1826 3481 1876 Suam
3524 1823 3699 1888 ﬁdem

2075 1894 2324 1965 exponi],
2354 1911 2526 1964 quam
2556 1894 2848 1964 ponti/fcis
2872 1894 3090 1962 judicio
3117 1893 3420 1949 submittit.

2077 2003 2181 2055 Per
2213 2002 2512 2071 Eulogium
2547 2001 2624 2071 (α)
2660 2000 2843 2054 virum
2877 2000 3180 2053 sublimem
3216 2001 3434 2053 litteras
3461 2001 3695 2055 beatitu.

2006 2091 2156 2145 dinis
2196 2095 2397 2143 vestrae
2440 2090 2812 2159 suscepimus,
2847 2090 2904 2142 in
2953 2089 3161 2158 quibus
3206 2091 3568 2158 signiticastis
3610 2090 3700 2143 in-

2004 2180 2324 2232 tentionem
2386 2180 2799 2232 monachorum
2865 2179 3222 2248 Scytharum,
3284 2183 3339 2230 et
3408 2179 3698 2248 quomodo

2003 2269 2186 2321 visum
2214 2269 2389 2322 fuerit
2414 2269 2758 2339 apostolatui
2791 2273 2974 2321 vestro
3006 2269 3270 2338 episcopo
3303 2269 3699 2321 Constantino-

2007 2358 2258 2428 potitano
2291 2374 2521 2411 causam
2569 2358 2853 2426 delegare,
2888 2362 2952 2410 ut
3000 2358 3118 2426 ipse
3165 2358 3316 2410 inter
3356 2374 3474 2421 eos,
3517 2363 3573 2410 et
3603 2357 3702 2427 qui

2005 2447 2075 2499 ab
2106 2446 2185 2498 eis
2219 2446 2574 2516 impetuntur
2617 2447 2839 2500 audiret
2875 2461 2888 2500 :
2923 2446 3059 2499 mihi
3099 2447 3329 2516 quidem
3363 2463 3476 2499 non
3504 2446 3701 2516 displi-

2005 2540 2216 2600 cuerat,
2251 2536 2388 2606 quia
2419 2537 2517 2588 ubi
2548 2535 2900 2588 conscientia
2933 2552 3062 2588 cum
3094 2537 3192 2589 Dei
3225 2536 3509 2606 adjutorio
3545 2536 3702 2588 nulla

2003 2625 2308 2678 formidine
2369 2629 2635 2690 terretur,
2696 2642 2727 2677 a
2787 2625 2946 2677 nullo
3007 2625 3172 2678 debet
3225 2625 3538 2689 declinare;
3585 2625 3700 2677 imo

2008 2718 2188 2784 magis
2217 2714 2505 2777 festinare,
2535 2717 2598 2766 ut
2628 2729 2733 2782 per
2773 2729 3012 2766 examen
3046 2714 3198 2782 quod
3235 2729 3430 2765 verum
3466 2720 3546 2765 est
3577 2729 3698 2765 om-

2007 2803 2173 2855 nibus
2218 2803 2630 2856 manit‘estetur.
2667 2802 3040 2870 Significastis
3071 2801 3211 2854 mihi
3253 2801 3319 2852 ab
3349 2801 3461 2853 illis
3509 2806 3700 2853 conte-

2008 2892 2310 2944 stationem
2340 2893 2551 2957 datam,
2589 2895 2648 2943 ut
2690 2907 2804 2943 non
2835 2891 2974 2942 mihi
3007 2891 3257 2942 haeretici
3292 2891 3696 2958 jungerentur.

2006 2981 2156 3044 Quos
2191 2981 2385 3034 dicunt
2414 2980 2712 3033 haereticos
2745 2995 2849 3048 ego
2883 2979 3107 3048 ignoro,
3144 2979 3253 3030 nisi
3281 2979 3406 3029 illos
3438 2979 3579 3030 forte
3602 2976 3699 3045 qui

216 3065 526 3128 discrimen,
587 3068 836 3120 volentes
883 3067 1070 3121 redire
1114 3072 1688 3141 Constantinopolim,
1751 3072 1901 3141 passi
1940 3083 1979 3137 ί]
2007 3071 2289 3138 synodum
2339 3068 2861 3122 Chalcedonensem
2913 3067 3249 3136 suscipiunt,
3285 3082 3424 3134 quos
3464 3081 3570 3133 ego
3602 3081 3700 3116 ca-

216 3168 310 3204 non
366 3171 574 3208 sumus
632 3157 908 3209 violenter
962 3161 1188 3228 expelli.
1249 3162 1606 3231 Quapropter
1669 3179 1896 3215 necesse

215 3242 496 3296 habuimus
540 3245 904 3298 venientibus
953 3249 1152 3316 legatis
1199 3252 1405 3302 nostris
1448 3249 1739 3319 inquirere
1785 3267 1899 3320 qua

215 3347 389 3385 revera
417 3334 672 3386 ficiente
713 3352 880 3388 causa
927 3336 1075 3391 inter
1115 3356 1209 3391 eos
1239 3339 1410 3392 fuerit
1458 3346 1741 3392 commoti
1785 3341 1895 3393 dis-

217 3423 398 3475 cordia.
451 3425 932 3478 Beatissimorum
992 3443 1125 3480 vero
1184 3431 1570 3497 apostolorum
1631 3430 1782 3483 Petri
1843 3435 1899 3483 et

220 3511 355 3564 Pauli
404 3514 757 3581 sanctuaria,
792 3515 937 3568 sicut
979 3516 1408 3586 religiosissimi)
1454 3519 1737 3587 quaesistis
1768 3520 1898 3572 atl'e-

218 3605 311 3662 ctu,
357 3617 456 3670 per
507 3603 716 3654 harum
773 3605 1111 3673 portitorem
1163 3607 1266 3659 sub
1315 3607 1471 3659 omni
1531 3608 1898 3662 veneratione

218 3692 662 3754 transmisimus;
693 3697 953 3762 optantes
979 3695 1332 3747 orationibus
1356 3711 1554 3748 eorum
1594 3701 1656 3748 ut
1693 3698 1899 3750 mentis

219 3786 392 3832 vestrae
457 3781 678 3833 oblatio
738 3788 792 3835 et
848 3783 1126 3836 desideria
1172 3785 1369 3852 gratiae
1413 3786 1525 3837 sint
1582 3786 1898 3838 Divinitatis

219 3874 439 3939 accepta.
477 3871 740 3923 Petimus
764 3871 955 3941 itaque
988 3878 1049 3925 ut
1081 3878 1194 3925 tam
1229 3875 1296 3925 de
1341 3875 1430 3926 his
1463 3891 1590 3944 qua1
1621 3880 1900 3942 geruntur

217 3972 304 4024 pro
334 3959 640 4011 concordia
672 3963 854 4029 'quam
901 3962 1072 4014 etiam
1122 3963 1190 4015 de
1240 3963 1648 4016 incolumitatis
1699 3971 1898 4017 vestrae

219 4046 348 4098 bono
370 4049 656 4102 nuntietis
687 4049 1054 4104 sollicitudini
1083 4058 1284 4104 nostrae.
1308 4053 1601 4122 gaudium,
1636 4059 1898 4107 currente

218 4135 405 4203 pagina
432 4138 783 4190 litterarum.
824 4141 961 4192 Data
992 4157 1045 4193 iv
1076 4157 1255 4192 nonas
1287 4141 1654 4210 Septembris,
1693 4143 1895 4196 Eutha-

218 4224 318 4276 rico
348 4226 465 4279 viro
501 4226 824 4280 clarissimo
861 4230 1029 4298 (anno
1064 4229 1292 4282 Domini
1331 4233 1470 4300 120).

763 4334 1095 4388 EPISLOLA
1139 4335 1332 4387 LXVII.

878 4440 944 4475 AD
987 4440 1226 4477 EL'MUESI.

220 4506 439 4577 Scythas
483 4511 795 4565 monachos
833 4513 1329 4634 tan/erlegai’orum
1377 4513 1676 4567 adveniam
1724 4517 1901 4569 Roma

794 4601 907 4634 non
938 4601 956 4634 ι
978 4600 1303 4634 Μαρέης-τινος.

794 4601 907 4634 72072
938 4600 1303 4637 (IZSCPS'SIU'OS.

284 4669 579 4724 Hormisda
618 4671 936 4724 Justiniano
961 4673 1184 4726 illustri.

283 4758 514 4828 Eulogio
548 4760 668 4813 viro
700 4761 1012 4814 clarissimo
1045 4764 1163 4814 tilio
1196 4766 1387 4814 nostro
1417 4762 1729 4828 deferente,
1757 4763 1901 4817 litte-

223 4857 297 4893 ras
322 4849 678 4901 celsitudinis
705 4856 902 4903 vestrae
948 4850 1318 4921 suscepimus.
1359 4868 1540 4919 eoque
1585 4858 1898 4919 remeante,

223 4930 456 4990 debitum
489 4940 881 5007 persolventes
914 4941 1270 4993 salutationis
1303 4941 1577 5007 officium,
1612 4942 1898 5011 significa-

225 5037 333 5075 mus
363 5026 600 5096 Scythas
650 5030 958 5082 monachos
1001 5031 1273 5098 allogasse
1322 5030 1574 5101 plurima
1622 5049 1749 5101 quae
1796 5049 1899 5084 nos

225 5113 529 5184 relinquere
571 5119 883 5171 indiscussa
916 5136 1022 5172 non
1059 5137 1361 5188 possumus
1399 5137 1410 5174 :
1448 5122 1543 5174 sed
1578 5121 1899 5189 legatorum

225 5206 531 5257 nostrorum
585 5207 694 5258 Deo
734 5208 970 5275 juvante
1003 5209 1338 5262 festinemus
1382 5210 1734 5262 adventum:
1792 5226 1897 5278 pro

224 5302 321 5355 qua
346 5308 401 5343 re
433 5310 528 5345 eos
574 5295 631 5346 in
671 5297 815 5348 Urbe
844 5297 1128 5350 credimus
1174 5299 1522 5362 retinendos,
1573 5316 1604 5350 a
1653 5314 1763 5367 qua
1795 5315 1898 5350 nec

223 5375 317 5443 ipsi
349 5381 708 5436 ordinatione
754 5385 1120 5439 dissentiunt.
1158 5387 1616 5456 Amplitudinem
1652 5393 1898 5439 vestram

226 5467 399 5518 tamen
436 5471 678 5525 retinere
709 5475 1071 5538 confidimus,
1107 5477 1256 5544 quod
1287 5477 1354 5527 de
1396 5475 1532 5545 ipsis
1567 5475 1729 5528 nobis
1758 5491 1899 5546 prae-

227 5558 376 5609 terito
404 5564 657 5629 tempore
690 5563 890 5616 litteris
925 5564 1223 5617 destinatis
1253 5565 1606 5634 scripserint.
1643 5567 1704 5618 In
1753 5581 1898 5635 quo-

287 5699 361 5766 ta)
391 5701 458 5754 ν.
495 5703 552 5758 C.
584 5703 662 5758 lta
690 5706 825 5775 legit
856 5707 1126 5762 Collectio
1150 5707 1422 5762 Avellana
1452 5724 1556 5762 ms.

2007 3159 2243 3211 tholicos
2286 3159 2427 3211 dico.
2463 3158 2650 3210 Victor
2694 3158 2963 3210 diaconus
3006 3157 3214 3208 dicitur
3240 3172 3258 3209 :
3305 3155 3540 3225 quidam
3569 3169 3700 3206 cum

2006 3248 2132 3310 isto,
2168 3253 2474 3318 antequam
2511 3264 2616 3300 nos
2652 3245 3205 3316 Constantinopolim
3239 3245 3701 3313 ingrederemur,

2008 3337 2334 3390 habuerunt
2376 3336 2756 3389 intentionem
2819 3335 3299 3402 (contentionem)
3351 3333 3419 3385 de
3468 3348 3582 3386 uno
3631 3331 3700 3384 de

2006 3425 2279 3486 Trinitate
2322 3426 2606 3490 crueitixo,
2659 3429 2716 3476 et
2762 3425 2829 3478 de
2882 3424 3107 3478 Christo
3142 3422 3483 3492 composito,
3531 3426 3588 3474 et
3631 3419 3700 3473 de

2007 3515 2131 3567 aliis
2157 3515 2422 3584 capitulis
2453 3515 2528 3583 (ὁ)
2555 3513 2720 3566 nobis
2753 3513 2844 3566 hic
2869 3512 3066 3583 positis
3100 3528 3114 3566 :
3150 3512 3481 3565 obtulerunt
3507 3514 3700 3564 contra

2007 3605 2196 3675 ipsum
2230 3605 2487 3657 libellum
2523 3609 2636 3656 tam
2670 3603 2832 3656 nobis
2871 3619 3042 3672 quam
3077 3601 3344 3672 episeopo
3380 3599 3699 3653 Constanti-

2009 3693 2364 3762 nopolitano.
2401 3692 2781 3745 Convenimus
2814 3691 2868 3744 in
2896 3692 3130 3744 domum
3159 3688 3428 3760 episcopi,
3463 3693 3524 3740 ut
3552 3687 3702 3741 inter

2009 3799 2106 3836 eos
2170 3781 2571 3846 intentionem,
2632 3798 2757 3851 quae
2829 3781 3172 3846 vertebatur,
3242 3794 3698 3848 agnoscereruus.

2011 3871 2318 3924 Praedictus
2358 3871 2659 3939 episcopus
2692 3871 2972 3939 synodum
3015 3870 3536 3922 Chalcedonensem
3567 3883 3699 3936 pro-

2011 3960 2139 4012 tulit
2175 3976 2186 4012 :
2224 3959 2357 4027 legit
2397 3964 2526 4009 ante
2577 3974 2774 4009 omnes
2823 3959 3016 4009 omnia
3049 3975 3177 4026 qum
3212 3962 3341 4010 sunt
3393 3958 3449 4009 in
3499 3958 3699 4010 eodem

2009 4047 2248 4102 concilio
2297 4047 2623 4111 constituta,
2674 4047 2914 4100 dicens:
2971 4050 3182 4100 Praeter
3227 4048 3331 4099 ista
3383 4045 3526 4098 nihil
3558 4045 3700 4098 mihi

2010 4139 2162 4191 aliud
2205 4138 2445 4190 dicatur.
2479 4137 2585 4199 Qui
2620 4135 2880 4205 sequitur
2913 4135 3014 4188 ista
3058 4140 3242 4204 potest
3274 4134 3424 4187 inter
3463 4134 3700 4186 catholi-

2010 4244 2102 4280 cos
2163 4243 2299 4279 esse.
2363 4226 2550 4278 Victor
2621 4225 2951 4294 respondit:
3012 4223 3268 4292 Suscipio
3331 4223 3592 4275 similiter
3646 4227 3703 4274 et

2011 4317 2274 4385 epistolas
2300 4332 2460 4386 papae
2494 4315 2717 4378 Leonis,
2747 4319 2802 4366 et
2828 4313 3006 4366 sancti
3031 4313 3220 4383 Cyrilti
3246 4312 3516 4382 epistolas
3542 4327 3701 4380 syno-

1939 4424 1980 4476 ι)
2014 4407 2187 4471 dates,
2222 4422 2350 4475 quae
2381 4411 2511 4458 sunt
2559 4405 2617 4456 in
2648 4403 3094 4458 Chalcedonensi
3126 4403 3362 4455 concilio
3394 4402 3648 4470 allegatae
3688 4417 3698 4452 :

2011 4502 2066 4552 et
2099 4512 2270 4548 manu
2318 4495 2628 4559 subscribe,
2663 4498 2718 4546 et
2749 4492 3116 4545 sacramentis
3147 4492 3420 4544 contirmo
3459 4489 3565 4542 ista
3611 4505 3702 4542 me

2010 4585 2318 4653 suscipere,
2353 4589 2408 4637 et
2438 4589 2646 4653 praeter
2679 4583 2783 4635 ista
2818 4581 2958 4635 nihil
3008 4581 3163 4634 aliud
3208 4580 3513 4650 praedicare
3550 4596 3561 4632 :
3596 4578 3702 4631 etsi

2010 4674 2272 4727 iuventus
2301 4674 2459 4726 fuero
2495 4673 2800 4742 aliquando
2829 4677 2985 4724 extra
3018 4672 3122 4722 ista
3161 4671 3313 4722 aliud
3358 4669 3700 4738 praedicans,

2012 4765 2228 4816 nullam
2269 4763 2416 4815 circa
2456 4779 2544 4814 me
2578 4766 2704 4830 peto
2737 4760 3201 4814 misericordiam.
3235 4759 3452 4830 Scythae
3489 4775 3517 4811 e
3567 4774 3701 4810 con-

2011 4857 2093 4905 tra
2130 4853 2542 4904 inchoaverunt
2573 4852 2759 4904 dicere
2791 4867 2802 4903 :
2837 4850 3094 4903 Addetur
3127 4854 3184 4902 et
3213 4865 3359 4901 unus
3404 4848 3473 4901 de
3515 4846 3700 4900 Trinio

2011 4946 2141 4993 tate.
2174 4943 2283 4994 Nos
2307 4957 2335 4992 e
2369 4948 2564 4993 contra
2591 4940 2836 4992 diximus
2871 4957 2882 4993 :
2917 4940 3075 5002 Quod
3111 4955 3220 4992 non
3258 4944 3340 4991 est
3363 4937 3421 4990 in
3455 4941 3702 5006 quatuor

2009 5029 2260 5082 conciliis
2287 5029 2606 5094 definitum,
2642 5044 2745 5082 nec
2789 5028 2846 5080 in
2879 5028 3133 5098 epistolis
3173 5027 3321 5080 beati
3363 5041 3527 5095 papae
3562 5026 3698 5077 Leo-

2009 5118 2118 5183 nis,
2151 5135 2252 5171 nos
2283 5136 2385 5172 nec
2415 5119 2600 5171 dicere
2634 5133 2938 5186 possumus
2987 5134 3089 5170 nec
3138 5117 3365 5170 addere.
3407 5111 3702 5182 [)isplicuit

2007 5208 2113 5261 hoc
2145 5208 2380 5260 dictum.
2420 5209 2602 5260 Victor
2634 5214 2820 5259 autem
2867 5213 3060 5260 utrum
3095 5207 3312 5258 sincero
3357 5203 3548 5255 animo
3580 5201 3700 5253 haec

2010 5297 2222 5349 diceret
2252 5314 2323 5350 an
2356 5297 2571 5357 dolose,
2603 5297 2729 5366 quis
2774 5312 2936 5349 nosse
2988 5300 3179 5364 potest
3223 5292 3331 5346 nisi
3379 5291 3478 5360 qui
3526 5289 3699 5341 corda

2009 5386 2332 5455 cognoscit?
2361 5386 2539 5438 Verba
2567 5386 2673 5437 ista
2696 5402 2797 5437 nos
2819 5385 3176 5450 audivimus;
3201 5382 3300 5434 Dei
3331 5385 3411 5433 est
3441 5377 3698 5431 animum

2003 5475 2277 5544 judicare.
2320 5477 2521 5527 Postea
2551 5474 2670 5526 sine
2705 5474 2869 5527 nobis
2908 5473 3244 5542 magniﬁcus
3277 5469 3356 5522 vir
3388 5468 3702 5522 Vitalianus

2010 5565 2284 5634 magister
2312 5565 2561 5618 militum
2595 5565 2744 5618 inter
2775 5582 2834 5617 se
2866 5568 2918 5617 et
2951 5566 3281 5634 episcopum
3307 5559 3703 5616 Constantino-

2080 5707 2155 5776 (ὁ)
2190 5708 2332 5761 Edit.
2367 5708 2557 5772 Rom,
2588 5705 2750 5761 nobis
2776 5704 2907 5758 hinc
2932 5703 3151 5774 positis.
