  <div class='ocr_page' id='page_1' title='image "/cluster/home/n/w/nwhite01/storage/ocr_20150623/63/hvd.32044073498800/245.png"; bbox 0 0 4038 6170; ppageno 0'>
   <div class='ocr_carea' id='block_1_1' title="bbox 357 293 462 346">
    <p class='ocr_par' dir='ltr' id='par_1_1' title="bbox 357 293 462 346">
     <span class='ocr_line' id='line_1_1' title="bbox 357 293 462 346; baseline 0 0"><span class='ocrx_word' id='word_1_1' title='bbox 357 293 462 346; x_wconf 83' lang='grc'>479</span> 
     </span>
    </p>
   </div>
   <div class='ocr_carea' id='block_1_2' title="bbox 1797 294 2416 357">
    <p class='ocr_par' dir='ltr' id='par_1_2' title="bbox 1797 294 2416 357">
     <span class='ocr_line' id='line_1_2' title="bbox 1797 294 2416 357; baseline 0.003 -7"><span class='ocrx_word' id='word_1_2' title='bbox 1797 294 2179 352; x_wconf 73' lang='grc' dir='ltr'>ΗΟΒΜΙΞΒᾹΞ</span> <span class='ocrx_word' id='word_1_3' title='bbox 2221 297 2416 357; x_wconf 68' lang='grc' dir='ltr'>ΡΑΡᾹΞ</span> 
     </span>
    </p>
   </div>
   <div class='ocr_carea' id='block_1_3' title="bbox 3750 301 3846 355">
    <p class='ocr_par' dir='ltr' id='par_1_3' title="bbox 3750 301 3846 355">
     <span class='ocr_line' id='line_1_3' title="bbox 3750 301 3846 355; baseline 0.021 -2"><span class='ocrx_word' id='word_1_4' title='bbox 3750 301 3846 355; x_wconf 76' lang='grc'>480</span> 
     </span>
    </p>
   </div>
   <div class='ocr_carea' id='block_1_4' title="bbox 354 429 3848 507">
    <p class='ocr_par' dir='ltr' id='par_1_4' title="bbox 354 429 3848 507">
     <span class='ocr_line' id='line_1_4' title="bbox 354 429 3848 507; baseline 0.001 -19"><span class='ocrx_word' id='word_1_5' title='bbox 354 433 676 505; x_wconf 88' lang='lat' dir='ltr'>politanum</span> <span class='ocrx_word' id='word_1_6' title='bbox 731 436 1071 487; x_wconf 88' lang='lat' dir='ltr'>vocaverunt</span> <span class='ocrx_word' id='word_1_7' title='bbox 1121 429 1459 502; x_wconf 68' lang='lat' dir='ltr'>praedictum</span> <span class='ocrx_word' id='word_1_8' title='bbox 1510 429 1815 499; x_wconf 75' lang='lat' dir='ltr'>Victorem,</span> <span class='ocrx_word' id='word_1_9' title='bbox 1870 432 2047 487; x_wconf 87' lang='lat' dir='ltr'>locuti</span> <span class='ocrx_word' id='word_1_10' title='bbox 2084 438 2130 491; x_wconf 83' lang='lat' dir='ltr'><strong>A</strong></span> <span class='ocrx_word' id='word_1_11' title='bbox 2236 433 2705 507; x_wconf 79' lang='lat' dir='ltr'>Dioscorumnon</span> <span class='ocrx_word' id='word_1_12' title='bbox 2725 431 3014 507; x_wconf 78' lang='lat' dir='ltr'>probasse.</span> <span class='ocrx_word' id='word_1_13' title='bbox 3047 434 3123 489; x_wconf 88' lang='lat' dir='ltr'>Se</span> <span class='ocrx_word' id='word_1_14' title='bbox 3151 432 3398 507; x_wconf 80' lang='lat' dir='ltr'>aliquem</span> <span class='ocrx_word' id='word_1_15' title='bbox 3427 434 3506 490; x_wconf 83' lang='lat' dir='ltr'>ad</span> <span class='ocrx_word' id='word_1_16' title='bbox 3528 434 3848 507; x_wconf 74' lang='lat' dir='ltr'>pontiﬁcem</span> 
     </span>
    </p>
   </div>
   <div class='ocr_carea' id='block_1_5' title="bbox 355 519 2048 592">
    <p class='ocr_par' dir='ltr' id='par_1_5' title="bbox 355 519 2048 592">
     <span class='ocr_line' id='line_1_5' title="bbox 355 519 2048 592; baseline -0.001 -14"><span class='ocrx_word' id='word_1_17' title='bbox 355 528 648 578; x_wconf 88' lang='lat' dir='ltr'>suntcum</span> <span class='ocrx_word' id='word_1_18' title='bbox 690 538 791 575; x_wconf 91' lang='lat' dir='ltr'>eo:</span> <span class='ocrx_word' id='word_1_19' title='bbox 847 519 984 592; x_wconf 90' lang='lat' dir='ltr'>quid</span> <span class='ocrx_word' id='word_1_20' title='bbox 1045 520 1374 574; x_wconf 82' lang='lat' dir='ltr'>definierint</span> <span class='ocrx_word' id='word_1_21' title='bbox 1418 521 1568 574; x_wconf 91' lang='lat' dir='ltr'>inter</span> <span class='ocrx_word' id='word_1_22' title='bbox 1614 537 1690 586; x_wconf 90' lang='lat' dir='ltr'>se,</span> <span class='ocrx_word' id='word_1_23' title='bbox 1742 522 2048 577; x_wconf 85' lang='lat' dir='ltr'>nescimus.</span> 
     </span>
    </p>
   </div>
   <div class='ocr_carea' id='block_1_6' title="bbox 359 609 2046 676">
    <p class='ocr_par' dir='ltr' id='par_1_6' title="bbox 359 609 2046 676">
     <span class='ocr_line' id='line_1_6' title="bbox 359 609 2046 676; baseline -0.001 -8"><span class='ocrx_word' id='word_1_24' title='bbox 359 615 557 669; x_wconf 83' lang='lat' dir='ltr'>Postea</span> <span class='ocrx_word' id='word_1_25' title='bbox 585 628 690 665; x_wconf 91' lang='lat' dir='ltr'>nec</span> <span class='ocrx_word' id='word_1_26' title='bbox 723 611 911 663; x_wconf 78' lang='lat' dir='ltr'>Victor</span> <span class='ocrx_word' id='word_1_27' title='bbox 942 610 1012 663; x_wconf 90' lang='lat' dir='ltr'>ad</span> <span class='ocrx_word' id='word_1_28' title='bbox 1057 626 1161 662; x_wconf 91' lang='lat' dir='ltr'>nos</span> <span class='ocrx_word' id='word_1_29' title='bbox 1204 609 1376 676; x_wconf 84' lang='lat' dir='ltr'>venit,</span> <span class='ocrx_word' id='word_1_30' title='bbox 1428 627 1532 664; x_wconf 86' lang='lat' dir='ltr'>nec</span> <span class='ocrx_word' id='word_1_31' title='bbox 1574 617 1656 664; x_wconf 88' lang='lat' dir='ltr'>est</span> <span class='ocrx_word' id='word_1_32' title='bbox 1686 627 1853 665; x_wconf 88' lang='lat' dir='ltr'>causa</span> <span class='ocrx_word' id='word_1_33' title='bbox 1881 612 2046 666; x_wconf 85' lang='lat' dir='ltr'>dicta.</span> 
     </span>
    </p>
   </div>
   <div class='ocr_carea' id='block_1_7' title="bbox 357 698 2051 772">
    <p class='ocr_par' dir='ltr' id='par_1_7' title="bbox 357 698 2051 772">
     <span class='ocr_line' id='line_1_7' title="bbox 357 698 2051 772; baseline -0.001 -17"><span class='ocrx_word' id='word_1_34' title='bbox 357 703 451 756; x_wconf 89' lang='lat' dir='ltr'>Isti</span> <span class='ocrx_word' id='word_1_35' title='bbox 483 705 674 755; x_wconf 88' lang='lat' dir='ltr'>tamen</span> <span class='ocrx_word' id='word_1_36' title='bbox 721 700 937 770; x_wconf 68' lang='lat' dir='ltr'>Scythae</span> <span class='ocrx_word' id='word_1_37' title='bbox 972 698 1133 769; x_wconf 90' lang='lat' dir='ltr'>(sciat</span> <span class='ocrx_word' id='word_1_38' title='bbox 1163 699 1455 752; x_wconf 83' lang='lat' dir='ltr'>beatitudo</span> <span class='ocrx_word' id='word_1_39' title='bbox 1488 703 1690 768; x_wconf 87' lang='lat' dir='ltr'>vestra)</span> <span class='ocrx_word' id='word_1_40' title='bbox 1724 717 1921 756; x_wconf 90' lang='lat' dir='ltr'>omnes</span> <span class='ocrx_word' id='word_1_41' title='bbox 1953 702 2051 772; x_wconf 87' lang='lat' dir='ltr'>qui</span> 
     </span>
    </p>
   </div>
   <div class='ocr_carea' id='block_1_8' title="bbox 355 789 2052 861">
    <p class='ocr_par' dir='ltr' id='par_1_8' title="bbox 355 789 2052 861">
     <span class='ocr_line' id='line_1_8' title="bbox 355 789 2052 861; baseline -0.001 -16"><span class='ocrx_word' id='word_1_42' title='bbox 355 790 639 861; x_wconf 88' lang='lat' dir='ltr'>accipiunt</span> <span class='ocrx_word' id='word_1_43' title='bbox 725 789 1001 859; x_wconf 79' lang='lat' dir='ltr'>synodum</span> <span class='ocrx_word' id='word_1_44' title='bbox 1081 789 1604 843; x_wconf 85' lang='lat' dir='ltr'>Chalcedonensem</span> <span class='ocrx_word' id='word_1_45' title='bbox 1686 790 2052 844; x_wconf 83' lang='lat' dir='ltr'>Nestorianos</span> 
     </span>
    </p>
   </div>
   <div class='ocr_carea' id='block_1_9' title="bbox 357 879 2053 949">
    <p class='ocr_par' dir='ltr' id='par_1_9' title="bbox 357 879 2053 949">
     <span class='ocr_line' id='line_1_9' title="bbox 357 879 2053 949; baseline 0 -16"><span class='ocrx_word' id='word_1_46' title='bbox 357 880 571 946; x_wconf 91' lang='lat' dir='ltr'>dicunt,</span> <span class='ocrx_word' id='word_1_47' title='bbox 606 879 856 933; x_wconf 85' lang='lat' dir='ltr'>dicentes</span> <span class='ocrx_word' id='word_1_48' title='bbox 887 895 898 931; x_wconf 92' lang='lat'><strong>:</strong></span> <span class='ocrx_word' id='word_1_49' title='bbox 939 879 1062 932; x_wconf 72' lang='lat' dir='ltr'>Non</span> <span class='ocrx_word' id='word_1_50' title='bbox 1096 879 1304 932; x_wconf 83' lang='lat' dir='ltr'>sufficit</span> <span class='ocrx_word' id='word_1_51' title='bbox 1333 879 1580 949; x_wconf 76' lang='lat' dir='ltr'>synodus</span> <span class='ocrx_word' id='word_1_52' title='bbox 1628 886 1825 933; x_wconf 88' lang='lat' dir='ltr'>contra</span> <span class='ocrx_word' id='word_1_53' title='bbox 1859 881 2053 933; x_wconf 79' lang='lat' dir='ltr'>Nesto-</span> 
     </span>
    </p>
   </div>
   <div class='ocr_carea' id='block_1_10' title="bbox 355 967 2046 1039">
    <p class='ocr_par' dir='ltr' id='par_1_10' title="bbox 355 967 2046 1039">
     <span class='ocr_line' id='line_1_10' title="bbox 355 967 2046 1039; baseline 0.001 -17"><span class='ocrx_word' id='word_1_54' title='bbox 355 969 526 1033; x_wconf 92' lang='lat' dir='ltr'>rium,</span> <span class='ocrx_word' id='word_1_55' title='bbox 560 974 614 1022; x_wconf 85' lang='lat' dir='ltr'>et</span> <span class='ocrx_word' id='word_1_56' title='bbox 665 969 742 1020; x_wconf 91' lang='lat' dir='ltr'>sic</span> <span class='ocrx_word' id='word_1_57' title='bbox 791 967 997 1021; x_wconf 90' lang='lat' dir='ltr'>debere</span> <span class='ocrx_word' id='word_1_58' title='bbox 1049 969 1327 1037; x_wconf 77' lang='lat' dir='ltr'>synodum</span> <span class='ocrx_word' id='word_1_59' title='bbox 1379 968 1664 1038; x_wconf 77' lang='lat' dir='ltr'>suscipere</span> <span class='ocrx_word' id='word_1_60' title='bbox 1715 985 1830 1039; x_wconf 88' lang='lat' dir='ltr'>quo</span> <span class='ocrx_word' id='word_1_61' title='bbox 1879 970 2046 1023; x_wconf 90' lang='lat' dir='ltr'>modo</span> 
     </span>
    </p>
   </div>
   <div class='ocr_carea' id='block_1_11' title="bbox 353 1057 2051 1128">
    <p class='ocr_par' dir='ltr' id='par_1_11' title="bbox 353 1057 2051 1128">
     <span class='ocr_line' id='line_1_11' title="bbox 353 1057 2051 1128; baseline 0 -17"><span class='ocrx_word' id='word_1_62' title='bbox 353 1057 463 1127; x_wconf 83' lang='lat' dir='ltr'>ipsi</span> <span class='ocrx_word' id='word_1_63' title='bbox 496 1057 861 1127; x_wconf 82' lang='lat' dir='ltr'>exposuerint</span> <span class='ocrx_word' id='word_1_64' title='bbox 890 1073 901 1110; x_wconf 88' lang='lat'><strong>:</strong></span> <span class='ocrx_word' id='word_1_65' title='bbox 939 1057 1036 1127; x_wconf 90' lang='lat' dir='ltr'>qui</span> <span class='ocrx_word' id='word_1_66' title='bbox 1065 1057 1326 1110; x_wconf 83' lang='lat' dir='ltr'>homines</span> <span class='ocrx_word' id='word_1_67' title='bbox 1359 1058 1554 1126; x_wconf 81' lang='lat' dir='ltr'>quales</span> <span class='ocrx_word' id='word_1_68' title='bbox 1586 1062 1736 1125; x_wconf 90' lang='lat' dir='ltr'>sunt,</span> <span class='ocrx_word' id='word_1_69' title='bbox 1771 1061 1825 1111; x_wconf 90' lang='lat' dir='ltr'>et</span> <span class='ocrx_word' id='word_1_70' title='bbox 1856 1059 2051 1128; x_wconf 88' lang='lat' dir='ltr'>quales</span> 
     </span>
    </p>
   </div>
   <div class='ocr_carea' id='block_1_12' title="bbox 352 1145 2050 1216">
    <p class='ocr_par' dir='ltr' id='par_1_12' title="bbox 352 1145 2050 1216">
     <span class='ocr_line' id='line_1_12' title="bbox 352 1145 2050 1216; baseline 0.001 -16"><span class='ocrx_word' id='word_1_71' title='bbox 352 1146 693 1200; x_wconf 88' lang='lat' dir='ltr'>intentiones</span> <span class='ocrx_word' id='word_1_72' title='bbox 741 1146 971 1211; x_wconf 86' lang='lat' dir='ltr'>habent,</span> <span class='ocrx_word' id='word_1_73' title='bbox 1010 1150 1063 1199; x_wconf 88' lang='lat' dir='ltr'>et</span> <span class='ocrx_word' id='word_1_74' title='bbox 1095 1145 1231 1216; x_wconf 91' lang='lat' dir='ltr'>quid</span> <span class='ocrx_word' id='word_1_75' title='bbox 1262 1147 1462 1200; x_wconf 88' lang='lat' dir='ltr'>volunt</span> <span class='ocrx_word' id='word_1_76' title='bbox 1508 1146 1568 1199; x_wconf 91' lang='lat' dir='ltr'>in</span> <span class='ocrx_word' id='word_1_77' title='bbox 1615 1148 1725 1200; x_wconf 83' lang='lat' dir='ltr'>fide</span> <span class='ocrx_word' id='word_1_78' title='bbox 1773 1147 2050 1201; x_wconf 90' lang='lat' dir='ltr'>catholica</span> 
     </span>
    </p>
   </div>
   <div class='ocr_carea' id='block_1_13' title="bbox 352 1235 2048 1304">
    <p class='ocr_par' dir='ltr' id='par_1_13' title="bbox 352 1235 2048 1304">
     <span class='ocr_line' id='line_1_13' title="bbox 352 1235 2048 1304; baseline 0.001 -15"><span class='ocrx_word' id='word_1_79' title='bbox 352 1236 735 1302; x_wconf 82' lang='lat' dir='ltr'>introducere,</span> <span class='ocrx_word' id='word_1_80' title='bbox 780 1251 909 1288; x_wconf 90' lang='lat' dir='ltr'>cum</span> <span class='ocrx_word' id='word_1_81' title='bbox 971 1235 1072 1287; x_wconf 87' lang='lat' dir='ltr'>Dei</span> <span class='ocrx_word' id='word_1_82' title='bbox 1126 1235 1410 1304; x_wconf 81' lang='lat' dir='ltr'>adjutorio</span> <span class='ocrx_word' id='word_1_83' title='bbox 1468 1237 1893 1290; x_wconf 73' lang='lat' dir='ltr'>manifestatum</span> <span class='ocrx_word' id='word_1_84' title='bbox 1963 1241 2048 1291; x_wconf 87' lang='lat' dir='ltr'>est</span> 
     </span>
    </p>
   </div>
   <div class='ocr_carea' id='block_1_14' title="bbox 352 1323 2047 1393">
    <p class='ocr_par' dir='ltr' id='par_1_14' title="bbox 352 1323 2047 1393">
     <span class='ocr_line' id='line_1_14' title="bbox 352 1323 2047 1393; baseline 0.001 -14"><span class='ocrx_word' id='word_1_85' title='bbox 352 1325 618 1379; x_wconf 87' lang='lat' dir='ltr'>omnibus</span> <span class='ocrx_word' id='word_1_86' title='bbox 650 1323 980 1377; x_wconf 77' lang='lat' dir='ltr'>catholicis:</span> <span class='ocrx_word' id='word_1_87' title='bbox 1037 1339 1138 1376; x_wconf 92' lang='lat' dir='ltr'>nec</span> <span class='ocrx_word' id='word_1_88' title='bbox 1183 1325 1401 1393; x_wconf 81' lang='lat' dir='ltr'>indiget</span> <span class='ocrx_word' id='word_1_89' title='bbox 1445 1341 1612 1378; x_wconf 89' lang='lat' dir='ltr'>causa</span> <span class='ocrx_word' id='word_1_90' title='bbox 1653 1342 1780 1379; x_wconf 90' lang='lat' dir='ltr'>meo</span> <span class='ocrx_word' id='word_1_91' title='bbox 1829 1327 2047 1392; x_wconf 90' lang='lat' dir='ltr'>labore,</span> 
     </span>
    </p>
   </div>
   <div class='ocr_carea' id='block_1_15' title="bbox 353 1412 2044 1484">
    <p class='ocr_par' dir='ltr' id='par_1_15' title="bbox 353 1412 2044 1484">
     <span class='ocr_line' id='line_1_15' title="bbox 353 1412 2044 1484; baseline 0.003 -20"><span class='ocrx_word' id='word_1_92' title='bbox 353 1429 524 1483; x_wconf 88' lang='lat' dir='ltr'>quam</span> <span class='ocrx_word' id='word_1_93' title='bbox 556 1429 659 1483; x_wconf 85' lang='lat' dir='ltr'>pro</span> <span class='ocrx_word' id='word_1_94' title='bbox 694 1430 793 1466; x_wconf 91' lang='lat' dir='ltr'>sua</span> <span class='ocrx_word' id='word_1_95' title='bbox 829 1412 1218 1466; x_wconf 84' lang='lat' dir='ltr'>misericordia</span> <span class='ocrx_word' id='word_1_96' title='bbox 1251 1415 1398 1467; x_wconf 85' lang='lat' dir='ltr'>Deus</span> <span class='ocrx_word' id='word_1_97' title='bbox 1429 1415 1696 1484; x_wconf 78' lang='lat' dir='ltr'>produxit</span> <span class='ocrx_word' id='word_1_98' title='bbox 1727 1415 1798 1468; x_wconf 88' lang='lat' dir='ltr'>ad</span> <span class='ocrx_word' id='word_1_99' title='bbox 1838 1415 2044 1470; x_wconf 89' lang='lat' dir='ltr'>lucem.</span> 
     </span>
    </p>
   </div>
   <div class='ocr_carea' id='block_1_16' title="bbox 352 1501 2050 1574">
    <p class='ocr_par' dir='ltr' id='par_1_16' title="bbox 352 1501 2050 1574">
     <span class='ocr_line' id='line_1_16' title="bbox 352 1501 2050 1574; baseline 0.002 -19"><span class='ocrx_word' id='word_1_100' title='bbox 352 1504 468 1571; x_wconf 83' lang='lat' dir='ltr'>Ego</span> <span class='ocrx_word' id='word_1_101' title='bbox 511 1502 665 1571; x_wconf 89' lang='lat' dir='ltr'>quod</span> <span class='ocrx_word' id='word_1_102' title='bbox 707 1520 740 1555; x_wconf 90' lang='lat' dir='ltr'>a</span> <span class='ocrx_word' id='word_1_103' title='bbox 791 1501 1048 1556; x_wconf 89' lang='lat' dir='ltr'>Patribus</span> <span class='ocrx_word' id='word_1_104' title='bbox 1094 1502 1283 1569; x_wconf 86' lang='lat' dir='ltr'>didici,</span> <span class='ocrx_word' id='word_1_105' title='bbox 1330 1503 1480 1573; x_wconf 89' lang='lat' dir='ltr'>quod</span> <span class='ocrx_word' id='word_1_106' title='bbox 1533 1519 1760 1574; x_wconf 85' lang='lat' dir='ltr'>semper</span> <span class='ocrx_word' id='word_1_107' title='bbox 1806 1505 2050 1560; x_wconf 81' lang='lat' dir='ltr'>Ecclesia</span> 
     </span>
    </p>
   </div>
   <div class='ocr_carea' id='block_1_17' title="bbox 354 1591 2050 1661">
    <p class='ocr_par' dir='ltr' id='par_1_17' title="bbox 354 1591 2050 1661">
     <span class='ocr_line' id='line_1_17' title="bbox 354 1591 2050 1661; baseline 0.002 -16"><span class='ocrx_word' id='word_1_108' title='bbox 354 1592 628 1645; x_wconf 87' lang='lat' dir='ltr'>catholica</span> <span class='ocrx_word' id='word_1_109' title='bbox 657 1593 921 1661; x_wconf 77' lang='lat' dir='ltr'>servavit,</span> <span class='ocrx_word' id='word_1_110' title='bbox 955 1608 1068 1645; x_wconf 93' lang='lat' dir='ltr'>non</span> <span class='ocrx_word' id='word_1_111' title='bbox 1103 1591 1274 1659; x_wconf 86' lang='lat' dir='ltr'>tacui,</span> <span class='ocrx_word' id='word_1_112' title='bbox 1310 1608 1424 1646; x_wconf 89' lang='lat' dir='ltr'>non</span> <span class='ocrx_word' id='word_1_113' title='bbox 1457 1593 1744 1648; x_wconf 86' lang='lat' dir='ltr'>abscondi.</span> <span class='ocrx_word' id='word_1_114' title='bbox 1783 1595 1935 1648; x_wconf 89' lang='lat' dir='ltr'>Unus</span> <span class='ocrx_word' id='word_1_115' title='bbox 1966 1599 2050 1650; x_wconf 89' lang='lat' dir='ltr'>est</span> 
     </span>
    </p>
   </div>
   <div class='ocr_carea' id='block_1_18' title="bbox 355 1681 2044 1750">
    <p class='ocr_par' dir='ltr' id='par_1_18' title="bbox 355 1681 2044 1750">
     <span class='ocr_line' id='line_1_18' title="bbox 355 1681 2044 1750; baseline 0.001 -16"><span class='ocrx_word' id='word_1_116' title='bbox 355 1681 526 1748; x_wconf 89' lang='lat' dir='ltr'>Deus,</span> <span class='ocrx_word' id='word_1_117' title='bbox 561 1681 629 1734; x_wconf 91' lang='lat' dir='ltr'>de</span> <span class='ocrx_word' id='word_1_118' title='bbox 663 1696 772 1750; x_wconf 90' lang='lat' dir='ltr'>quo</span> <span class='ocrx_word' id='word_1_119' title='bbox 806 1681 1021 1750; x_wconf 83' lang='lat' dir='ltr'>Moyses</span> <span class='ocrx_word' id='word_1_120' title='bbox 1053 1681 1329 1750; x_wconf 88' lang='lat' dir='ltr'>loquitur,</span> <span class='ocrx_word' id='word_1_121' title='bbox 1364 1681 1553 1734; x_wconf 83' lang='lat' dir='ltr'>dicens</span> <span class='ocrx_word' id='word_1_122' title='bbox 1587 1698 1598 1735; x_wconf 93' lang='lat'>:</span> <span class='ocrx_word' id='word_1_123' title='bbox 1628 1682 1801 1750; x_wconf 74' lang='lat' dir='ltr'>Audi,</span> <span class='ocrx_word' id='word_1_124' title='bbox 1837 1683 2044 1750; x_wconf 87' lang='lat' dir='ltr'>Israel,</span> 
     </span>
    </p>
   </div>
   <div class='ocr_carea' id='block_1_19' title="bbox 352 1769 2049 1843">
    <p class='ocr_par' dir='ltr' id='par_1_19' title="bbox 352 1769 2049 1843">
     <span class='ocr_line' id='line_1_19' title="bbox 352 1769 2049 1843; baseline 0.002 -20"><span class='ocrx_word' id='word_1_125' title='bbox 352 1769 632 1826; x_wconf 76' lang='lat' dir='ltr'>Dominus</span> <span class='ocrx_word' id='word_1_126' title='bbox 665 1771 812 1823; x_wconf 80' lang='lat' dir='ltr'>Deus</span> <span class='ocrx_word' id='word_1_127' title='bbox 844 1773 992 1835; x_wconf 86' lang='lat' dir='ltr'>tuus,</span> <span class='ocrx_word' id='word_1_128' title='bbox 1044 1771 1197 1824; x_wconf 91' lang='lat' dir='ltr'>Deus</span> <span class='ocrx_word' id='word_1_129' title='bbox 1227 1787 1373 1824; x_wconf 87' lang='lat' dir='ltr'>unus</span> <span class='ocrx_word' id='word_1_130' title='bbox 1419 1774 1503 1824; x_wconf 81' lang='lat' dir='ltr'>est</span> <span class='ocrx_word' id='word_1_131' title='bbox 1536 1772 1718 1839; x_wconf 79' lang='lat' dir='ltr'>(Deut.</span> <span class='ocrx_word' id='word_1_132' title='bbox 1762 1772 1867 1843; x_wconf 83' lang='lat' dir='ltr'>V1);</span> <span class='ocrx_word' id='word_1_133' title='bbox 1904 1778 1960 1827; x_wconf 89' lang='lat' dir='ltr'>et</span> <span class='ocrx_word' id='word_1_134' title='bbox 1989 1773 2049 1826; x_wconf 92' lang='lat' dir='ltr'>in</span> 
     </span>
    </p>
   </div>
   <div class='ocr_carea' id='block_1_20' title="bbox 354 1858 2045 1916">
    <p class='ocr_par' dir='ltr' id='par_1_20' title="bbox 354 1858 2045 1916">
     <span class='ocr_line' id='line_1_20' title="bbox 354 1858 2045 1916; baseline 0.002 -4"><span class='ocrx_word' id='word_1_135' title='bbox 354 1858 468 1912; x_wconf 89' lang='lat' dir='ltr'>alio</span> <span class='ocrx_word' id='word_1_136' title='bbox 499 1859 621 1912; x_wconf 92' lang='lat' dir='ltr'>loco</span> <span class='ocrx_word' id='word_1_137' title='bbox 653 1859 732 1913; x_wconf 90' lang='lat' dir='ltr'>ait</span> <span class='ocrx_word' id='word_1_138' title='bbox 763 1875 775 1912; x_wconf 94' lang='lat'>:</span> <span class='ocrx_word' id='word_1_139' title='bbox 804 1861 1085 1912; x_wconf 77' lang='lat' dir='ltr'>Dominus</span> <span class='ocrx_word' id='word_1_140' title='bbox 1107 1859 1262 1912; x_wconf 87' lang='lat' dir='ltr'>solus</span> <span class='ocrx_word' id='word_1_141' title='bbox 1292 1859 1527 1913; x_wconf 85' lang='lat' dir='ltr'>docebat</span> <span class='ocrx_word' id='word_1_142' title='bbox 1556 1877 1667 1914; x_wconf 89' lang='lat' dir='ltr'>eos.</span> <span class='ocrx_word' id='word_1_143' title='bbox 1707 1861 1880 1914; x_wconf 86' lang='lat' dir='ltr'>Unius</span> <span class='ocrx_word' id='word_1_144' title='bbox 1913 1862 2045 1916; x_wconf 91' lang='lat' dir='ltr'>sub-</span> 
     </span>
    </p>
   </div>
   <div class='ocr_carea' id='block_1_21' title="bbox 353 1947 2042 2020">
    <p class='ocr_par' dir='ltr' id='par_1_21' title="bbox 353 1947 2042 2020">
     <span class='ocr_line' id='line_1_21' title="bbox 353 1947 2042 2020; baseline 0.002 -20"><span class='ocrx_word' id='word_1_145' title='bbox 353 1947 574 2001; x_wconf 69' lang='lat' dir='ltr'>stantiae</span> <span class='ocrx_word' id='word_1_146' title='bbox 596 1947 880 2001; x_wconf 87' lang='lat' dir='ltr'>credimus</span> <span class='ocrx_word' id='word_1_147' title='bbox 905 1949 1260 2015; x_wconf 79' lang='lat' dir='ltr'>Trinitatem,</span> <span class='ocrx_word' id='word_1_148' title='bbox 1289 1950 1579 2018; x_wconf 86' lang='lat' dir='ltr'>quomodo</span> <span class='ocrx_word' id='word_1_149' title='bbox 1605 1950 1842 2020; x_wconf 81' lang='lat' dir='ltr'>praedixi</span> <span class='ocrx_word' id='word_1_150' title='bbox 1869 1967 2042 2004; x_wconf 89' lang='lat' dir='ltr'>unam</span> 
     </span>
    </p>
   </div>
   <div class='ocr_carea' id='block_1_22' title="bbox 354 2036 2045 2110">
    <p class='ocr_par' dir='ltr' id='par_1_22' title="bbox 354 2036 2045 2110">
     <span class='ocr_line' id='line_1_22' title="bbox 354 2036 2045 2110; baseline 0.002 -19"><span class='ocrx_word' id='word_1_151' title='bbox 354 2036 662 2102; x_wconf 82' lang='lat' dir='ltr'>deitatem;</span> <span class='ocrx_word' id='word_1_152' title='bbox 693 2041 804 2090; x_wconf 91' lang='lat' dir='ltr'>tres</span> <span class='ocrx_word' id='word_1_153' title='bbox 854 2053 1144 2106; x_wconf 85' lang='lat' dir='ltr'>personas,</span> <span class='ocrx_word' id='word_1_154' title='bbox 1180 2038 1315 2108; x_wconf 87' lang='lat' dir='ltr'>quia</span> <span class='ocrx_word' id='word_1_155' title='bbox 1348 2055 1449 2092; x_wconf 92' lang='lat' dir='ltr'>nec</span> <span class='ocrx_word' id='word_1_156' title='bbox 1495 2040 1686 2110; x_wconf 89' lang='lat' dir='ltr'>plures</span> <span class='ocrx_word' id='word_1_157' title='bbox 1733 2040 1868 2094; x_wconf 89' lang='lat' dir='ltr'>deos</span> <span class='ocrx_word' id='word_1_158' title='bbox 1906 2040 2045 2094; x_wconf 90' lang='lat' dir='ltr'>dici-</span> 
     </span>
    </p>
   </div>
   <div class='ocr_carea' id='block_1_23' title="bbox 353 2127 2050 2194">
    <p class='ocr_par' dir='ltr' id='par_1_23' title="bbox 353 2127 2050 2194">
     <span class='ocr_line' id='line_1_23' title="bbox 353 2127 2050 2194; baseline 0.002 -16"><span class='ocrx_word' id='word_1_159' title='bbox 353 2141 500 2193; x_wconf 91' lang='lat' dir='ltr'>mus,</span> <span class='ocrx_word' id='word_1_160' title='bbox 535 2127 832 2180; x_wconf 82' lang='lat' dir='ltr'>credentes</span> <span class='ocrx_word' id='word_1_161' title='bbox 864 2143 1042 2180; x_wconf 90' lang='lat' dir='ltr'>unum</span> <span class='ocrx_word' id='word_1_162' title='bbox 1093 2128 1272 2180; x_wconf 90' lang='lat' dir='ltr'>Deum</span> <span class='ocrx_word' id='word_1_163' title='bbox 1305 2144 1446 2193; x_wconf 86' lang='lat' dir='ltr'>esse,</span> <span class='ocrx_word' id='word_1_164' title='bbox 1479 2127 1536 2181; x_wconf 90' lang='lat' dir='ltr'>id</span> <span class='ocrx_word' id='word_1_165' title='bbox 1583 2134 1666 2182; x_wconf 87' lang='lat' dir='ltr'>est</span> <span class='ocrx_word' id='word_1_166' title='bbox 1712 2132 1960 2194; x_wconf 84' lang='lat' dir='ltr'>Patrem,</span> <span class='ocrx_word' id='word_1_167' title='bbox 1995 2134 2050 2183; x_wconf 91' lang='lat' dir='ltr'>et</span> 
     </span>
    </p>
   </div>
   <div class='ocr_carea' id='block_1_24' title="bbox 353 2215 2050 2286">
    <p class='ocr_par' dir='ltr' id='par_1_24' title="bbox 353 2215 2050 2286">
     <span class='ocr_line' id='line_1_24' title="bbox 353 2215 2050 2286; baseline 0.002 -17"><span class='ocrx_word' id='word_1_168' title='bbox 353 2215 582 2282; x_wconf 85' lang='lat' dir='ltr'>Filium,</span> <span class='ocrx_word' id='word_1_169' title='bbox 618 2219 671 2269; x_wconf 89' lang='lat' dir='ltr'>et</span> <span class='ocrx_word' id='word_1_170' title='bbox 704 2215 979 2284; x_wconf 83' lang='lat' dir='ltr'>Spiritum</span> <span class='ocrx_word' id='word_1_171' title='bbox 1015 2219 1294 2281; x_wconf 87' lang='lat' dir='ltr'>sanctum,</span> <span class='ocrx_word' id='word_1_172' title='bbox 1339 2233 1442 2270; x_wconf 88' lang='lat' dir='ltr'>nec</span> <span class='ocrx_word' id='word_1_173' title='bbox 1476 2222 1592 2270; x_wconf 89' lang='lat' dir='ltr'>tres</span> <span class='ocrx_word' id='word_1_174' title='bbox 1636 2233 1910 2286; x_wconf 84' lang='lat' dir='ltr'>personas</span> <span class='ocrx_word' id='word_1_175' title='bbox 1942 2235 2050 2272; x_wconf 89' lang='lat' dir='ltr'>ne—</span> 
     </span>
    </p>
   </div>
   <div class='ocr_carea' id='block_1_25' title="bbox 351 2303 2049 2376">
    <p class='ocr_par' dir='ltr' id='par_1_25' title="bbox 351 2303 2049 2376">
     <span class='ocr_line' id='line_1_25' title="bbox 351 2303 2049 2376; baseline 0.003 -20"><span class='ocrx_word' id='word_1_176' title='bbox 351 2319 573 2374; x_wconf 86' lang='lat' dir='ltr'>gamus,</span> <span class='ocrx_word' id='word_1_177' title='bbox 603 2320 674 2356; x_wconf 91' lang='lat' dir='ltr'>ne</span> <span class='ocrx_word' id='word_1_178' title='bbox 710 2303 940 2358; x_wconf 87' lang='lat' dir='ltr'>Sabellii</span> <span class='ocrx_word' id='word_1_179' title='bbox 973 2304 1183 2373; x_wconf 80' lang='lat' dir='ltr'>dogma</span> <span class='ocrx_word' id='word_1_180' title='bbox 1214 2305 1510 2358; x_wconf 85' lang='lat' dir='ltr'>videamur</span> <span class='ocrx_word' id='word_1_181' title='bbox 1536 2307 1930 2376; x_wconf 81' lang='lat' dir='ltr'>sequi.Verum</span> <span class='ocrx_word' id='word_1_182' title='bbox 1963 2312 2049 2362; x_wconf 90' lang='lat' dir='ltr'>est</span> 
     </span>
    </p>
   </div>
   <div class='ocr_carea' id='block_1_26' title="bbox 351 2393 2046 2463">
    <p class='ocr_par' dir='ltr' id='par_1_26' title="bbox 351 2393 2046 2463">
     <span class='ocr_line' id='line_1_26' title="bbox 351 2393 2046 2463; baseline 0.002 -17"><span class='ocrx_word' id='word_1_183' title='bbox 351 2409 654 2463; x_wconf 88' lang='lat' dir='ltr'>personam</span> <span class='ocrx_word' id='word_1_184' title='bbox 699 2393 843 2458; x_wconf 88' lang='lat' dir='ltr'>Filii,</span> <span class='ocrx_word' id='word_1_185' title='bbox 877 2393 936 2446; x_wconf 92' lang='lat' dir='ltr'>id</span> <span class='ocrx_word' id='word_1_186' title='bbox 989 2399 1073 2447; x_wconf 78' lang='lat' dir='ltr'>est</span> <span class='ocrx_word' id='word_1_187' title='bbox 1121 2394 1285 2448; x_wconf 80' lang='lat' dir='ltr'>Verbi</span> <span class='ocrx_word' id='word_1_188' title='bbox 1333 2395 1455 2459; x_wconf 88' lang='lat' dir='ltr'>Dei,</span> <span class='ocrx_word' id='word_1_189' title='bbox 1503 2396 2046 2450; x_wconf 82' lang='lat' dir='ltr'>consubstantialem</span> 
     </span>
    </p>
   </div>
   <div class='ocr_carea' id='block_1_27' title="bbox 352 2483 2046 2554">
    <p class='ocr_par' dir='ltr' id='par_1_27' title="bbox 352 2483 2046 2554">
     <span class='ocr_line' id='line_1_27' title="bbox 352 2483 2046 2554; baseline 0.002 -18"><span class='ocrx_word' id='word_1_190' title='bbox 352 2483 526 2550; x_wconf 86' lang='lat' dir='ltr'>Patri,</span> <span class='ocrx_word' id='word_1_191' title='bbox 555 2488 611 2536; x_wconf 91' lang='lat' dir='ltr'>et</span> <span class='ocrx_word' id='word_1_192' title='bbox 659 2483 782 2552; x_wconf 91' lang='lat' dir='ltr'>ipsa</span> <span class='ocrx_word' id='word_1_193' title='bbox 833 2498 962 2536; x_wconf 88' lang='lat' dir='ltr'>caro</span> <span class='ocrx_word' id='word_1_194' title='bbox 1007 2483 1153 2536; x_wconf 83' lang='lat' dir='ltr'>facta</span> <span class='ocrx_word' id='word_1_195' title='bbox 1196 2489 1311 2549; x_wconf 88' lang='lat' dir='ltr'>est;</span> <span class='ocrx_word' id='word_1_196' title='bbox 1368 2485 1491 2554; x_wconf 88' lang='lat' dir='ltr'>ipsa</span> <span class='ocrx_word' id='word_1_197' title='bbox 1540 2484 1597 2536; x_wconf 92' lang='lat' dir='ltr'>in</span> <span class='ocrx_word' id='word_1_198' title='bbox 1646 2491 1808 2538; x_wconf 89' lang='lat' dir='ltr'>utero</span> <span class='ocrx_word' id='word_1_199' title='bbox 1857 2486 2046 2540; x_wconf 50' lang='lat' dir='ltr'>Maria).</span> 
     </span>
    </p>
   </div>
   <div class='ocr_carea' id='block_1_28' title="bbox 351 2571 2046 2646">
    <p class='ocr_par' dir='ltr' id='par_1_28' title="bbox 351 2571 2046 2646">
     <span class='ocr_line' id='line_1_28' title="bbox 351 2571 2046 2646; baseline 0.003 -21"><span class='ocrx_word' id='word_1_200' title='bbox 351 2571 656 2638; x_wconf 83' lang='lat' dir='ltr'>habitavit;</span> <span class='ocrx_word' id='word_1_201' title='bbox 689 2573 811 2642; x_wconf 83' lang='lat' dir='ltr'>ipsa</span> <span class='ocrx_word' id='word_1_202' title='bbox 843 2576 1103 2625; x_wconf 89' lang='lat' dir='ltr'>naturam</span> <span class='ocrx_word' id='word_1_203' title='bbox 1140 2573 1450 2626; x_wconf 85' lang='lat' dir='ltr'>humanam</span> <span class='ocrx_word' id='word_1_204' title='bbox 1485 2575 1734 2644; x_wconf 89' lang='lat' dir='ltr'>suscepit</span> <span class='ocrx_word' id='word_1_205' title='bbox 1762 2576 1884 2629; x_wconf 90' lang='lat' dir='ltr'>sine</span> <span class='ocrx_word' id='word_1_206' title='bbox 1917 2592 2046 2646; x_wconf 84' lang='lat' dir='ltr'>pec-</span> 
     </span>
    </p>
   </div>
   <div class='ocr_carea' id='block_1_29' title="bbox 353 2660 2045 2730">
    <p class='ocr_par' dir='ltr' id='par_1_29' title="bbox 353 2660 2045 2730">
     <span class='ocr_line' id='line_1_29' title="bbox 353 2660 2045 2730; baseline 0.002 -16"><span class='ocrx_word' id='word_1_207' title='bbox 353 2666 512 2729; x_wconf 86' lang='lat' dir='ltr'>cato;</span> <span class='ocrx_word' id='word_1_208' title='bbox 544 2661 665 2730; x_wconf 88' lang='lat' dir='ltr'>ipse</span> <span class='ocrx_word' id='word_1_209' title='bbox 700 2660 873 2714; x_wconf 83' lang='lat' dir='ltr'>Filius</span> <span class='ocrx_word' id='word_1_210' title='bbox 913 2662 1013 2714; x_wconf 86' lang='lat' dir='ltr'>Dei</span> <span class='ocrx_word' id='word_1_211' title='bbox 1059 2661 1231 2715; x_wconf 89' lang='lat' dir='ltr'>homo</span> <span class='ocrx_word' id='word_1_212' title='bbox 1263 2661 1444 2716; x_wconf 87' lang='lat' dir='ltr'>factus</span> <span class='ocrx_word' id='word_1_213' title='bbox 1490 2667 1658 2716; x_wconf 89' lang='lat' dir='ltr'>natus</span> <span class='ocrx_word' id='word_1_214' title='bbox 1685 2668 1767 2718; x_wconf 91' lang='lat' dir='ltr'>est</span> <span class='ocrx_word' id='word_1_215' title='bbox 1816 2665 1884 2718; x_wconf 93' lang='lat' dir='ltr'>de</span> <span class='ocrx_word' id='word_1_216' title='bbox 1933 2665 2045 2718; x_wconf 89' lang='lat' dir='ltr'>vir-</span> 
     </span>
    </p>
   </div>
   <div class='ocr_carea' id='block_1_30' title="bbox 358 2749 2047 2821">
    <p class='ocr_par' dir='ltr' id='par_1_30' title="bbox 358 2749 2047 2821">
     <span class='ocr_line' id='line_1_30' title="bbox 358 2749 2047 2821; baseline 0.003 -19"><span class='ocrx_word' id='word_1_217' title='bbox 358 2749 490 2820; x_wconf 89' lang='lat' dir='ltr'>gine</span> <span class='ocrx_word' id='word_1_218' title='bbox 522 2749 722 2804; x_wconf 82' lang='lat' dir='ltr'>Maria:</span> <span class='ocrx_word' id='word_1_219' title='bbox 755 2754 988 2820; x_wconf 79' lang='lat' dir='ltr'>propter</span> <span class='ocrx_word' id='word_1_220' title='bbox 1036 2751 1186 2821; x_wconf 83' lang='lat' dir='ltr'>quod</span> <span class='ocrx_word' id='word_1_221' title='bbox 1235 2767 1358 2804; x_wconf 90' lang='lat' dir='ltr'>eam</span> <span class='ocrx_word' id='word_1_222' title='bbox 1396 2751 1495 2805; x_wconf 90' lang='lat' dir='ltr'>Dei</span> <span class='ocrx_word' id='word_1_223' title='bbox 1525 2751 1867 2821; x_wconf 86' lang='lat' dir='ltr'>genitricem</span> <span class='ocrx_word' id='word_1_224' title='bbox 1901 2753 2047 2807; x_wconf 92' lang='lat' dir='ltr'>dici-</span> 
     </span>
    </p>
   </div>
   <div class='ocr_carea' id='block_1_31' title="bbox 353 2838 2048 2908">
    <p class='ocr_par' dir='ltr' id='par_1_31' title="bbox 353 2838 2048 2908">
     <span class='ocr_line' id='line_1_31' title="bbox 353 2838 2048 2908; baseline 0.003 -17"><span class='ocrx_word' id='word_1_225' title='bbox 353 2854 479 2892; x_wconf 85' lang='lat' dir='ltr'>mus</span> <span class='ocrx_word' id='word_1_226' title='bbox 512 2842 564 2892; x_wconf 89' lang='lat' dir='ltr'>et</span> <span class='ocrx_word' id='word_1_227' title='bbox 595 2839 900 2904; x_wconf 88' lang='lat' dir='ltr'>credimus,</span> <span class='ocrx_word' id='word_1_228' title='bbox 935 2838 1069 2908; x_wconf 88' lang='lat' dir='ltr'>quia</span> <span class='ocrx_word' id='word_1_229' title='bbox 1113 2838 1302 2892; x_wconf 89' lang='lat' dir='ltr'>unitas</span> <span class='ocrx_word' id='word_1_230' title='bbox 1335 2839 1643 2894; x_wconf 80' lang='lat' dir='ltr'>divinitatis</span> <span class='ocrx_word' id='word_1_231' title='bbox 1687 2847 1745 2895; x_wconf 91' lang='lat' dir='ltr'>et</span> <span class='ocrx_word' id='word_1_232' title='bbox 1786 2841 2048 2896; x_wconf 89' lang='lat' dir='ltr'>humani-</span> 
     </span>
    </p>
   </div>
   <div class='ocr_carea' id='block_1_32' title="bbox 350 2926 2047 3000">
    <p class='ocr_par' dir='ltr' id='par_1_32' title="bbox 350 2926 2047 3000">
     <span class='ocr_line' id='line_1_32' title="bbox 350 2926 2047 3000; baseline 0.002 -19"><span class='ocrx_word' id='word_1_233' title='bbox 350 2927 502 2995; x_wconf 87' lang='lat' dir='ltr'>tatis,</span> <span class='ocrx_word' id='word_1_234' title='bbox 559 2943 685 2996; x_wconf 72' lang='lat' dir='ltr'>quaa</span> <span class='ocrx_word' id='word_1_235' title='bbox 736 2926 860 2979; x_wconf 82' lang='lat' dir='ltr'>ﬁeri</span> <span class='ocrx_word' id='word_1_236' title='bbox 916 2931 1096 2996; x_wconf 78' lang='lat' dir='ltr'>ccepta</span> <span class='ocrx_word' id='word_1_237' title='bbox 1153 2932 1235 2980; x_wconf 86' lang='lat' dir='ltr'>est</span> <span class='ocrx_word' id='word_1_238' title='bbox 1292 2943 1356 2980; x_wconf 80' lang='lat' dir='ltr'>ex</span> <span class='ocrx_word' id='word_1_239' title='bbox 1403 2944 1516 2999; x_wconf 92' lang='lat' dir='ltr'>quo</span> <span class='ocrx_word' id='word_1_240' title='bbox 1568 2929 1750 2984; x_wconf 72' lang='lat' dir='ltr'>Mariae</span> <span class='ocrx_word' id='word_1_241' title='bbox 1807 2932 2047 3000; x_wconf 85' lang='lat' dir='ltr'>angelus</span> 
     </span>
    </p>
   </div>
   <div class='ocr_carea' id='block_1_33' title="bbox 352 3014 2043 3091">
    <p class='ocr_par' dir='ltr' id='par_1_33' title="bbox 352 3014 2043 3091">
     <span class='ocr_line' id='line_1_33' title="bbox 352 3014 2043 3091; baseline 0.003 -22"><span class='ocrx_word' id='word_1_242' title='bbox 352 3014 576 3069; x_wconf 88' lang='lat' dir='ltr'>Gabriel</span> <span class='ocrx_word' id='word_1_243' title='bbox 595 3014 956 3068; x_wconf 88' lang='lat' dir='ltr'>annuntiavit</span> <span class='ocrx_word' id='word_1_244' title='bbox 983 3015 1203 3070; x_wconf 90' lang='lat' dir='ltr'>dicens:</span> <span class='ocrx_word' id='word_1_245' title='bbox 1223 3017 1366 3083; x_wconf 80' lang='lat' dir='ltr'>&#39;Ave,</span> <span class='ocrx_word' id='word_1_246' title='bbox 1389 3017 1606 3085; x_wconf 83' lang='lat' dir='ltr'>Maria,</span> <span class='ocrx_word' id='word_1_247' title='bbox 1627 3019 1823 3090; x_wconf 85' lang='lat' dir='ltr'>gratia</span> <span class='ocrx_word' id='word_1_248' title='bbox 1847 3021 2043 3091; x_wconf 86' lang='lat' dir='ltr'>plena,</span> 
     </span>
    </p>
   </div>
   <div class='ocr_carea' id='block_1_34' title="bbox 351 3095 2052 3176">
    <p class='ocr_par' dir='ltr' id='par_1_34' title="bbox 351 3095 2052 3176">
     <span class='ocr_line' id='line_1_34' title="bbox 351 3095 2052 3176; baseline 0.002 -16"><span class='ocrx_word' id='word_1_249' title='bbox 351 3102 605 3174; x_wconf 78' lang='lat' dir='ltr'>Spiritus</span> <span class='ocrx_word' id='word_1_250' title='bbox 629 3106 865 3156; x_wconf 82' lang='lat' dir='ltr'>sanctus</span> <span class='ocrx_word' id='word_1_251' title='bbox 907 3103 1264 3174; x_wconf 76' lang='lat' dir='ltr'>superveniet</span> <span class='ocrx_word' id='word_1_252' title='bbox 1306 3103 1368 3158; x_wconf 88' lang='lat' dir='ltr'>in</span> <span class='ocrx_word' id='word_1_253' title='bbox 1410 3108 1462 3159; x_wconf 87' lang='lat' dir='ltr'>te</span> <span class='ocrx_word' id='word_1_254' title='bbox 1501 3107 1638 3176; x_wconf 86' lang='lat' dir='ltr'>(Luc</span> <span class='ocrx_word' id='word_1_255' title='bbox 1663 3110 1722 3175; x_wconf 79' lang='grc' dir='ltr'>ι),</span> <span class='ocrx_word' id='word_1_256' title='bbox 1757 3095 1888 3172; x_wconf 87' lang='lat' dir='ltr'>etc.,</span> <span class='ocrx_word' id='word_1_257' title='bbox 1935 3126 2052 3164; x_wconf 90' lang='lat' dir='ltr'>non</span> 
     </span>
    </p>
   </div>
   <div class='ocr_carea' id='block_1_35' title="bbox 357 3192 2051 3264">
    <p class='ocr_par' dir='ltr' id='par_1_35' title="bbox 357 3192 2051 3264">
     <span class='ocr_line' id='line_1_35' title="bbox 357 3192 2051 3264; baseline 0.003 -20"><span class='ocrx_word' id='word_1_258' title='bbox 357 3197 579 3245; x_wconf 90' lang='lat' dir='ltr'>tantum</span> <span class='ocrx_word' id='word_1_259' title='bbox 614 3192 670 3244; x_wconf 89' lang='lat' dir='ltr'>in</span> <span class='ocrx_word' id='word_1_260' title='bbox 699 3196 862 3244; x_wconf 88' lang='lat' dir='ltr'>utero</span> <span class='ocrx_word' id='word_1_261' title='bbox 894 3209 1005 3244; x_wconf 88' lang='lat' dir='ltr'>non</span> <span class='ocrx_word' id='word_1_262' title='bbox 1036 3197 1120 3246; x_wconf 90' lang='lat' dir='ltr'>est</span> <span class='ocrx_word' id='word_1_263' title='bbox 1151 3192 1350 3260; x_wconf 86' lang='lat' dir='ltr'>divisa,</span> <span class='ocrx_word' id='word_1_264' title='bbox 1383 3194 1477 3248; x_wconf 88' lang='lat' dir='ltr'>sed</span> <span class='ocrx_word' id='word_1_265' title='bbox 1510 3211 1613 3248; x_wconf 89' lang='lat' dir='ltr'>nec</span> <span class='ocrx_word' id='word_1_266' title='bbox 1644 3195 1702 3248; x_wconf 92' lang='lat' dir='ltr'>in</span> <span class='ocrx_word' id='word_1_267' title='bbox 1729 3200 1916 3264; x_wconf 85' lang='lat' dir='ltr'>partu,</span> <span class='ocrx_word' id='word_1_268' title='bbox 1949 3211 2051 3249; x_wconf 91' lang='lat' dir='ltr'>nec</span> 
     </span>
    </p>
   </div>
   <div class='ocr_carea' id='block_1_36' title="bbox 354 3279 2052 3354">
    <p class='ocr_par' dir='ltr' id='par_1_36' title="bbox 354 3279 2052 3354">
     <span class='ocr_line' id='line_1_36' title="bbox 354 3279 2052 3354; baseline 0.004 -21"><span class='ocrx_word' id='word_1_269' title='bbox 354 3281 413 3334; x_wconf 92' lang='lat' dir='ltr'>in</span> <span class='ocrx_word' id='word_1_270' title='bbox 445 3279 838 3346; x_wconf 88' lang='lat' dir='ltr'>nutrimentis,</span> <span class='ocrx_word' id='word_1_271' title='bbox 873 3297 977 3334; x_wconf 90' lang='lat' dir='ltr'>nec</span> <span class='ocrx_word' id='word_1_272' title='bbox 1007 3281 1065 3334; x_wconf 91' lang='lat' dir='ltr'>in</span> <span class='ocrx_word' id='word_1_273' title='bbox 1091 3282 1372 3350; x_wconf 88' lang='lat' dir='ltr'>passione,</span> <span class='ocrx_word' id='word_1_274' title='bbox 1408 3298 1512 3336; x_wconf 92' lang='lat' dir='ltr'>nec</span> <span class='ocrx_word' id='word_1_275' title='bbox 1543 3282 1601 3336; x_wconf 92' lang='lat' dir='ltr'>in</span> <span class='ocrx_word' id='word_1_276' title='bbox 1637 3285 1917 3354; x_wconf 91' lang='lat' dir='ltr'>sepulcro,</span> <span class='ocrx_word' id='word_1_277' title='bbox 1947 3301 2052 3339; x_wconf 89' lang='lat' dir='ltr'>nec</span> 
     </span>
    </p>
   </div>
   <div class='ocr_carea' id='block_1_37' title="bbox 355 3367 2052 3443">
    <p class='ocr_par' dir='ltr' id='par_1_37' title="bbox 355 3367 2052 3443">
     <span class='ocr_line' id='line_1_37' title="bbox 355 3367 2052 3443; baseline 0.005 -23"><span class='ocrx_word' id='word_1_278' title='bbox 355 3367 414 3420; x_wconf 89' lang='lat' dir='ltr'>in</span> <span class='ocrx_word' id='word_1_279' title='bbox 469 3368 908 3432; x_wconf 84' lang='lat' dir='ltr'>resurrectione,</span> <span class='ocrx_word' id='word_1_280' title='bbox 971 3385 1074 3422; x_wconf 90' lang='lat' dir='ltr'>nec</span> <span class='ocrx_word' id='word_1_281' title='bbox 1125 3370 1182 3421; x_wconf 90' lang='lat' dir='ltr'>in</span> <span class='ocrx_word' id='word_1_282' title='bbox 1235 3372 1373 3422; x_wconf 64' lang='lat' dir='ltr'>caelo</span> <span class='ocrx_word' id='word_1_283' title='bbox 1422 3376 1681 3440; x_wconf 86' lang='lat' dir='ltr'>separata</span> <span class='ocrx_word' id='word_1_284' title='bbox 1740 3378 1870 3426; x_wconf 90' lang='lat' dir='ltr'>est:</span> <span class='ocrx_word' id='word_1_285' title='bbox 1917 3374 2052 3443; x_wconf 84' lang='lat' dir='ltr'>quia</span> 
     </span>
    </p>
   </div>
   <div class='ocr_carea' id='block_1_38' title="bbox 356 3456 2051 3532">
    <p class='ocr_par' dir='ltr' id='par_1_38' title="bbox 356 3456 2051 3532">
     <span class='ocr_line' id='line_1_38' title="bbox 356 3456 2051 3532; baseline 0.004 -24"><span class='ocrx_word' id='word_1_286' title='bbox 356 3471 500 3509; x_wconf 91' lang='lat' dir='ltr'>unus</span> <span class='ocrx_word' id='word_1_287' title='bbox 548 3460 632 3509; x_wconf 89' lang='lat' dir='ltr'>est</span> <span class='ocrx_word' id='word_1_288' title='bbox 667 3457 840 3510; x_wconf 88' lang='lat' dir='ltr'>Filius</span> <span class='ocrx_word' id='word_1_289' title='bbox 874 3456 969 3510; x_wconf 89' lang='lat' dir='ltr'>Dei</span> <span class='ocrx_word' id='word_1_290' title='bbox 1021 3456 1294 3510; x_wconf 90' lang='lat' dir='ltr'>Dominus</span> <span class='ocrx_word' id='word_1_291' title='bbox 1326 3463 1515 3511; x_wconf 91' lang='lat' dir='ltr'>noster</span> <span class='ocrx_word' id='word_1_292' title='bbox 1562 3461 1722 3513; x_wconf 80' lang='lat' dir='ltr'>Jesus</span> <span class='ocrx_word' id='word_1_293' title='bbox 1768 3461 2051 3532; x_wconf 89' lang='lat' dir='ltr'>Christus,</span> 
     </span>
    </p>
   </div>
   <div class='ocr_carea' id='block_1_39' title="bbox 351 3545 2046 3621">
    <p class='ocr_par' dir='ltr' id='par_1_39' title="bbox 351 3545 2046 3621">
     <span class='ocr_line' id='line_1_39' title="bbox 351 3545 2046 3621; baseline 0.004 -23"><span class='ocrx_word' id='word_1_294' title='bbox 351 3561 470 3599; x_wconf 92' lang='lat' dir='ltr'>non</span> <span class='ocrx_word' id='word_1_295' title='bbox 501 3545 560 3598; x_wconf 92' lang='lat' dir='ltr'>in</span> <span class='ocrx_word' id='word_1_296' title='bbox 608 3546 868 3615; x_wconf 85' lang='lat' dir='ltr'>personis</span> <span class='ocrx_word' id='word_1_297' title='bbox 900 3545 1133 3611; x_wconf 86' lang='lat' dir='ltr'>divisus,</span> <span class='ocrx_word' id='word_1_298' title='bbox 1185 3562 1302 3600; x_wconf 91' lang='lat' dir='ltr'>non</span> <span class='ocrx_word' id='word_1_299' title='bbox 1348 3547 1406 3600; x_wconf 91' lang='lat' dir='ltr'>in</span> <span class='ocrx_word' id='word_1_300' title='bbox 1464 3549 1680 3603; x_wconf 91' lang='lat' dir='ltr'>naturis</span> <span class='ocrx_word' id='word_1_301' title='bbox 1732 3557 2046 3621; x_wconf 89' lang='lat' dir='ltr'>separatus,</span> 
     </span>
    </p>
   </div>
   <div class='ocr_carea' id='block_1_40' title="bbox 357 3633 2052 3712">
    <p class='ocr_par' dir='ltr' id='par_1_40' title="bbox 357 3633 2052 3712">
     <span class='ocr_line' id='line_1_40' title="bbox 357 3633 2052 3712; baseline 0.005 -24"><span class='ocrx_word' id='word_1_302' title='bbox 357 3650 545 3704; x_wconf 82' lang='lat' dir='ltr'>neque</span> <span class='ocrx_word' id='word_1_303' title='bbox 601 3633 660 3687; x_wconf 91' lang='lat' dir='ltr'>in</span> <span class='ocrx_word' id='word_1_304' title='bbox 709 3634 966 3705; x_wconf 88' lang='lat' dir='ltr'>potentia</span> <span class='ocrx_word' id='word_1_305' title='bbox 1016 3634 1288 3690; x_wconf 86' lang='lat' dir='ltr'>diversus.</span> <span class='ocrx_word' id='word_1_306' title='bbox 1355 3637 1508 3690; x_wconf 90' lang='lat' dir='ltr'>Idem</span> <span class='ocrx_word' id='word_1_307' title='bbox 1566 3644 1652 3692; x_wconf 91' lang='lat' dir='ltr'>est</span> <span class='ocrx_word' id='word_1_308' title='bbox 1702 3657 1949 3712; x_wconf 88' lang='lat' dir='ltr'>namque</span> <span class='ocrx_word' id='word_1_309' title='bbox 1997 3647 2052 3696; x_wconf 89' lang='lat' dir='ltr'>et</span> 
     </span>
    </p>
   </div>
   <div class='ocr_carea' id='block_1_41' title="bbox 354 3723 2048 3797">
    <p class='ocr_par' dir='ltr' id='par_1_41' title="bbox 354 3723 2048 3797">
     <span class='ocr_line' id='line_1_41' title="bbox 354 3723 2048 3797; baseline 0.005 -21"><span class='ocrx_word' id='word_1_310' title='bbox 354 3723 642 3777; x_wconf 87' lang='lat' dir='ltr'>sustinens</span> <span class='ocrx_word' id='word_1_311' title='bbox 671 3723 1021 3794; x_wconf 88' lang='lat' dir='ltr'>passionem,</span> <span class='ocrx_word' id='word_1_312' title='bbox 1055 3724 1190 3795; x_wconf 88' lang='lat' dir='ltr'>quia</span> <span class='ocrx_word' id='word_1_313' title='bbox 1222 3741 1422 3780; x_wconf 90' lang='lat' dir='ltr'>omnes</span> <span class='ocrx_word' id='word_1_314' title='bbox 1458 3728 1740 3797; x_wconf 88' lang='lat' dir='ltr'>homines,</span> <span class='ocrx_word' id='word_1_315' title='bbox 1772 3737 1870 3784; x_wconf 90' lang='lat' dir='ltr'>aut</span> <span class='ocrx_word' id='word_1_316' title='bbox 1902 3731 2048 3784; x_wconf 86' lang='lat' dir='ltr'>divi-</span> 
     </span>
    </p>
   </div>
   <div class='ocr_carea' id='block_1_42' title="bbox 355 3813 2046 3891">
    <p class='ocr_par' dir='ltr' id='par_1_42' title="bbox 355 3813 2046 3891">
     <span class='ocr_line' id='line_1_42' title="bbox 355 3813 2046 3891; baseline 0.006 -23"><span class='ocrx_word' id='word_1_317' title='bbox 355 3814 494 3868; x_wconf 90' lang='lat' dir='ltr'>dens</span> <span class='ocrx_word' id='word_1_318' title='bbox 527 3813 1018 3883; x_wconf 89' lang='lat' dir='ltr'>quemadmodum</span> <span class='ocrx_word' id='word_1_319' title='bbox 1048 3815 1362 3881; x_wconf 78' lang='lat' dir='ltr'>Nestorius,</span> <span class='ocrx_word' id='word_1_320' title='bbox 1386 3821 1483 3870; x_wconf 88' lang='lat' dir='ltr'>aut</span> <span class='ocrx_word' id='word_1_321' title='bbox 1512 3833 1728 3888; x_wconf 88' lang='lat' dir='ltr'>negans</span> <span class='ocrx_word' id='word_1_322' title='bbox 1760 3823 2046 3891; x_wconf 90' lang='lat' dir='ltr'>quomodo</span> 
     </span>
    </p>
   </div>
   <div class='ocr_carea' id='block_1_43' title="bbox 352 3902 2049 3980">
    <p class='ocr_par' dir='ltr' id='par_1_43' title="bbox 352 3902 2049 3980">
     <span class='ocr_line' id='line_1_43' title="bbox 352 3902 2049 3980; baseline 0.006 -24"><span class='ocrx_word' id='word_1_323' title='bbox 352 3903 654 3971; x_wconf 83' lang='lat' dir='ltr'>Eutyches,</span> <span class='ocrx_word' id='word_1_324' title='bbox 673 3908 770 3955; x_wconf 89' lang='lat' dir='ltr'>aut</span> <span class='ocrx_word' id='word_1_325' title='bbox 792 3902 984 3956; x_wconf 89' lang='lat' dir='ltr'>minus</span> <span class='ocrx_word' id='word_1_326' title='bbox 1015 3902 1469 3959; x_wconf 85' lang='lat' dir='ltr'>incarnationem</span> <span class='ocrx_word' id='word_1_327' title='bbox 1498 3909 1734 3961; x_wconf 88' lang='lat' dir='ltr'>credens</span> <span class='ocrx_word' id='word_1_328' title='bbox 1757 3913 2049 3980; x_wconf 91' lang='lat' dir='ltr'>quomodo</span> 
     </span>
    </p>
   </div>
   <div class='ocr_carea' id='block_1_44' title="bbox 353 3991 2050 4069">
    <p class='ocr_par' dir='ltr' id='par_1_44' title="bbox 353 3991 2050 4069">
     <span class='ocr_line' id='line_1_44' title="bbox 353 3991 2050 4069; baseline 0.005 -23"><span class='ocrx_word' id='word_1_329' title='bbox 353 3991 714 4062; x_wconf 79' lang='lat' dir='ltr'>Apollinaris,</span> <span class='ocrx_word' id='word_1_330' title='bbox 777 3997 875 4044; x_wconf 90' lang='lat' dir='ltr'>aut</span> <span class='ocrx_word' id='word_1_331' title='bbox 930 3992 1292 4061; x_wconf 87' lang='lat' dir='ltr'>phantasiam</span> <span class='ocrx_word' id='word_1_332' title='bbox 1349 3995 1716 4050; x_wconf 87' lang='lat' dir='ltr'>introducens</span> <span class='ocrx_word' id='word_1_333' title='bbox 1761 4003 2050 4069; x_wconf 91' lang='lat' dir='ltr'>quomodo</span> 
     </span>
    </p>
   </div>
   <div class='ocr_carea' id='block_1_45' title="bbox 352 4079 2050 4158">
    <p class='ocr_par' dir='ltr' id='par_1_45' title="bbox 352 4079 2050 4158">
     <span class='ocr_line' id='line_1_45' title="bbox 352 4079 2050 4158; baseline 0.005 -23"><span class='ocrx_word' id='word_1_334' title='bbox 352 4081 563 4146; x_wconf 82' lang='lat' dir='ltr'>Manes,</span> <span class='ocrx_word' id='word_1_335' title='bbox 586 4097 619 4133; x_wconf 89' lang='lat' dir='ltr'>a</span> <span class='ocrx_word' id='word_1_336' title='bbox 640 4079 751 4134; x_wconf 84' lang='lat' dir='ltr'>ﬁde</span> <span class='ocrx_word' id='word_1_337' title='bbox 781 4081 1056 4134; x_wconf 89' lang='lat' dir='ltr'>catholica</span> <span class='ocrx_word' id='word_1_338' title='bbox 1084 4088 1215 4136; x_wconf 88' lang='lat' dir='ltr'>sunt</span> <span class='ocrx_word' id='word_1_339' title='bbox 1238 4083 1421 4150; x_wconf 87' lang='lat' dir='ltr'>incisi,</span> <span class='ocrx_word' id='word_1_340' title='bbox 1447 4085 1704 4139; x_wconf 90' lang='lat' dir='ltr'>homines</span> <span class='ocrx_word' id='word_1_341' title='bbox 1736 4091 2050 4158; x_wconf 88' lang='lat' dir='ltr'>opererarii</span> 
     </span>
    </p>
   </div>
   <div class='ocr_carea' id='block_1_46' title="bbox 349 4168 2032 4242">
    <p class='ocr_par' dir='ltr' id='par_1_46' title="bbox 349 4168 2032 4242">
     <span class='ocr_line' id='line_1_46' title="bbox 349 4168 2032 4242; baseline 0.005 -20"><span class='ocrx_word' id='word_1_342' title='bbox 349 4168 690 4238; x_wconf 88' lang='lat' dir='ltr'>iniquitatis,</span> <span class='ocrx_word' id='word_1_343' title='bbox 725 4172 780 4223; x_wconf 90' lang='lat' dir='ltr'>et</span> <span class='ocrx_word' id='word_1_344' title='bbox 821 4169 1009 4222; x_wconf 85' lang='lat' dir='ltr'>hostes</span> <span class='ocrx_word' id='word_1_345' title='bbox 1053 4169 1328 4224; x_wconf 62' lang='lat' dir='ltr'>doctrinae</span> <span class='ocrx_word' id='word_1_346' title='bbox 1370 4174 1782 4242; x_wconf 87' lang='lat' dir='ltr'>apostolorum.</span> <span class='ocrx_word' id='word_1_347' title='bbox 1815 4179 1922 4229; x_wconf 83' lang='lat' dir='ltr'>Ista</span> <span class='ocrx_word' id='word_1_348' title='bbox 1949 4177 2032 4230; x_wconf 90' lang='lat' dir='ltr'>di-</span> 
     </span>
    </p>
   </div>
   <div class='ocr_carea' id='block_1_47' title="bbox 352 4256 2048 4328">
    <p class='ocr_par' dir='ltr' id='par_1_47' title="bbox 352 4256 2048 4328">
     <span class='ocr_line' id='line_1_47' title="bbox 352 4256 2048 4328; baseline 0.005 -17"><span class='ocrx_word' id='word_1_349' title='bbox 352 4257 482 4322; x_wconf 88' lang='lat' dir='ltr'>dici,</span> <span class='ocrx_word' id='word_1_350' title='bbox 512 4256 619 4311; x_wconf 89' lang='lat' dir='ltr'>ista</span> <span class='ocrx_word' id='word_1_351' title='bbox 643 4257 834 4311; x_wconf 87' lang='lat' dir='ltr'>audivi</span> <span class='ocrx_word' id='word_1_352' title='bbox 857 4274 888 4310; x_wconf 88' lang='lat' dir='ltr'>a</span> <span class='ocrx_word' id='word_1_353' title='bbox 922 4257 1237 4328; x_wconf 88' lang='lat' dir='ltr'>majoribus</span> <span class='ocrx_word' id='word_1_354' title='bbox 1269 4261 1477 4314; x_wconf 88' lang='lat' dir='ltr'>nostris</span> <span class='ocrx_word' id='word_1_355' title='bbox 1511 4268 1603 4315; x_wconf 86' lang='lat' dir='ltr'>:et</span> <span class='ocrx_word' id='word_1_356' title='bbox 1635 4264 1677 4315; x_wconf 91' lang='lat' dir='ltr'>si</span> <span class='ocrx_word' id='word_1_357' title='bbox 1716 4264 1857 4318; x_wconf 85' lang='lat' dir='ltr'>forte</span> <span class='ocrx_word' id='word_1_358' title='bbox 1889 4271 2048 4320; x_wconf 78' lang='lat' dir='ltr'>extra</span> 
     </span>
    </p>
   </div>
   <div class='ocr_carea' id='block_1_48' title="bbox 352 4345 2045 4420">
    <p class='ocr_par' dir='ltr' id='par_1_48' title="bbox 352 4345 2045 4420">
     <span class='ocr_line' id='line_1_48' title="bbox 352 4345 2045 4420; baseline 0.005 -20"><span class='ocrx_word' id='word_1_359' title='bbox 352 4345 459 4400; x_wconf 90' lang='lat' dir='ltr'>ista</span> <span class='ocrx_word' id='word_1_360' title='bbox 485 4346 623 4414; x_wconf 89' lang='lat' dir='ltr'>quid</span> <span class='ocrx_word' id='word_1_361' title='bbox 654 4347 965 4401; x_wconf 89' lang='lat' dir='ltr'>debeamus</span> <span class='ocrx_word' id='word_1_362' title='bbox 998 4348 1159 4418; x_wconf 88' lang='lat' dir='ltr'>sequi</span> <span class='ocrx_word' id='word_1_363' title='bbox 1193 4349 1420 4418; x_wconf 89' lang='lat' dir='ltr'>ignoro,</span> <span class='ocrx_word' id='word_1_364' title='bbox 1454 4359 1774 4420; x_wconf 85' lang='lat' dir='ltr'>exponente</span> <span class='ocrx_word' id='word_1_365' title='bbox 1806 4354 2045 4408; x_wconf 88' lang='lat' dir='ltr'>beatitu-</span> 
     </span>
    </p>
   </div>
   <div class='ocr_carea' id='block_1_49' title="bbox 351 4434 2044 4510">
    <p class='ocr_par' dir='ltr' id='par_1_49' title="bbox 351 4434 2044 4510">
     <span class='ocr_line' id='line_1_49' title="bbox 351 4434 2044 4510; baseline 0.005 -21"><span class='ocrx_word' id='word_1_366' title='bbox 351 4434 484 4489; x_wconf 90' lang='lat' dir='ltr'>dine</span> <span class='ocrx_word' id='word_1_367' title='bbox 515 4440 698 4489; x_wconf 89' lang='lat' dir='ltr'>vestra</span> <span class='ocrx_word' id='word_1_368' title='bbox 734 4452 964 4507; x_wconf 85' lang='lat' dir='ltr'>necesse</span> <span class='ocrx_word' id='word_1_369' title='bbox 1005 4443 1088 4489; x_wconf 87' lang='lat' dir='ltr'>est</span> <span class='ocrx_word' id='word_1_370' title='bbox 1129 4454 1216 4489; x_wconf 92' lang='lat' dir='ltr'>me</span> <span class='ocrx_word' id='word_1_371' title='bbox 1264 4439 1443 4508; x_wconf 84' lang='lat' dir='ltr'>sequi.</span> <span class='ocrx_word' id='word_1_372' title='bbox 1477 4440 1792 4494; x_wconf 86' lang='lat' dir='ltr'>Maxentius</span> <span class='ocrx_word' id='word_1_373' title='bbox 1832 4448 2044 4510; x_wconf 89' lang='lat' dir='ltr'>tamen,</span> 
     </span>
    </p>
   </div>
   <div class='ocr_carea' id='block_1_50' title="bbox 350 4523 2045 4600">
    <p class='ocr_par' dir='ltr' id='par_1_50' title="bbox 350 4523 2045 4600">
     <span class='ocr_line' id='line_1_50' title="bbox 350 4523 2045 4600; baseline 0.006 -24"><span class='ocrx_word' id='word_1_374' title='bbox 350 4523 452 4594; x_wconf 89' lang='lat' dir='ltr'>qui</span> <span class='ocrx_word' id='word_1_375' title='bbox 491 4524 596 4576; x_wconf 89' lang='lat' dir='ltr'>sub</span> <span class='ocrx_word' id='word_1_376' title='bbox 641 4524 862 4577; x_wconf 83' lang='lat' dir='ltr'>abbatis</span> <span class='ocrx_word' id='word_1_377' title='bbox 910 4525 1185 4579; x_wconf 86' lang='lat' dir='ltr'>vocabulo</span> <span class='ocrx_word' id='word_1_378' title='bbox 1246 4526 1388 4580; x_wconf 81' lang='lat' dir='ltr'>dixit</span> <span class='ocrx_word' id='word_1_379' title='bbox 1443 4543 1501 4581; x_wconf 88' lang='lat' dir='ltr'>se</span> <span class='ocrx_word' id='word_1_380' title='bbox 1538 4531 2045 4600; x_wconf 86' lang='lat' dir='ltr'>congregationem</span> 
     </span>
    </p>
   </div>
   <div class='ocr_carea' id='block_1_51' title="bbox 352 4612 2048 4688">
    <p class='ocr_par' dir='ltr' id='par_1_51' title="bbox 352 4612 2048 4688">
     <span class='ocr_line' id='line_1_51' title="bbox 352 4612 2048 4688; baseline 0.006 -23"><span class='ocrx_word' id='word_1_381' title='bbox 352 4612 588 4678; x_wconf 87' lang='lat' dir='ltr'>habere,</span> <span class='ocrx_word' id='word_1_382' title='bbox 619 4613 665 4664; x_wconf 90' lang='lat' dir='ltr'>si</span> <span class='ocrx_word' id='word_1_383' title='bbox 717 4613 1119 4684; x_wconf 87' lang='lat' dir='ltr'>interrogetur,</span> <span class='ocrx_word' id='word_1_384' title='bbox 1168 4619 1264 4668; x_wconf 89' lang='lat' dir='ltr'>aut</span> <span class='ocrx_word' id='word_1_385' title='bbox 1310 4633 1436 4669; x_wconf 89' lang='lat' dir='ltr'>cum</span> <span class='ocrx_word' id='word_1_386' title='bbox 1492 4617 1700 4688; x_wconf 87' lang='lat' dir='ltr'>quibus</span> <span class='ocrx_word' id='word_1_387' title='bbox 1753 4621 2048 4675; x_wconf 72' lang='lat' dir='ltr'>monachis</span> 
     </span>
    </p>
   </div>
   <div class='ocr_carea' id='block_1_52' title="bbox 348 4700 2046 4780">
    <p class='ocr_par' dir='ltr' id='par_1_52' title="bbox 348 4700 2046 4780">
     <span class='ocr_line' id='line_1_52' title="bbox 348 4700 2046 4780; baseline 0.006 -26"><span class='ocrx_word' id='word_1_388' title='bbox 348 4700 512 4763; x_wconf 77' lang='lat' dir='ltr'>vixit,</span> <span class='ocrx_word' id='word_1_389' title='bbox 549 4704 646 4754; x_wconf 89' lang='lat' dir='ltr'>aut</span> <span class='ocrx_word' id='word_1_390' title='bbox 685 4701 742 4753; x_wconf 91' lang='lat' dir='ltr'>in</span> <span class='ocrx_word' id='word_1_391' title='bbox 789 4719 900 4771; x_wconf 89' lang='lat' dir='ltr'>quo</span> <span class='ocrx_word' id='word_1_392' title='bbox 952 4707 1326 4772; x_wconf 87' lang='lat' dir='ltr'>monasterio,</span> <span class='ocrx_word' id='word_1_393' title='bbox 1377 4712 1477 4760; x_wconf 88' lang='lat' dir='ltr'>aut</span> <span class='ocrx_word' id='word_1_394' title='bbox 1526 4708 1631 4763; x_wconf 87' lang='lat' dir='ltr'>sub</span> <span class='ocrx_word' id='word_1_395' title='bbox 1676 4725 1791 4780; x_wconf 91' lang='lat' dir='ltr'>quo</span> <span class='ocrx_word' id='word_1_396' title='bbox 1839 4711 2046 4766; x_wconf 86' lang='lat' dir='ltr'>abbate</span> 
     </span>
    </p>
   </div>
   <div class='ocr_carea' id='block_1_53' title="bbox 352 4788 2047 4864">
    <p class='ocr_par' dir='ltr' id='par_1_53' title="bbox 352 4788 2047 4864">
     <span class='ocr_line' id='line_1_53' title="bbox 352 4788 2047 4864; baseline 0.008 -24"><span class='ocrx_word' id='word_1_397' title='bbox 352 4788 666 4841; x_wconf 87' lang='lat' dir='ltr'>monachus</span> <span class='ocrx_word' id='word_1_398' title='bbox 698 4789 874 4844; x_wconf 89' lang='lat' dir='ltr'>factus</span> <span class='ocrx_word' id='word_1_399' title='bbox 897 4798 998 4858; x_wconf 88' lang='lat' dir='ltr'>est,</span> <span class='ocrx_word' id='word_1_400' title='bbox 1025 4793 1210 4846; x_wconf 89' lang='lat' dir='ltr'>dicere</span> <span class='ocrx_word' id='word_1_401' title='bbox 1236 4810 1346 4848; x_wconf 90' lang='lat' dir='ltr'>non</span> <span class='ocrx_word' id='word_1_402' title='bbox 1379 4801 1584 4864; x_wconf 86' lang='lat' dir='ltr'>potest.</span> <span class='ocrx_word' id='word_1_403' title='bbox 1611 4798 1886 4852; x_wconf 90' lang='lat' dir='ltr'>Similiter</span> <span class='ocrx_word' id='word_1_404' title='bbox 1915 4804 1968 4852; x_wconf 92' lang='lat' dir='ltr'>et</span> <span class='ocrx_word' id='word_1_405' title='bbox 1999 4801 2047 4854; x_wconf 91' lang='lat' dir='ltr'>si</span> 
     </span>
    </p>
   </div>
   <div class='ocr_carea' id='block_1_54' title="bbox 353 4876 2042 4957">
    <p class='ocr_par' dir='ltr' id='par_1_54' title="bbox 353 4876 2042 4957">
     <span class='ocr_line' id='line_1_54' title="bbox 353 4876 2042 4957; baseline 0.005 -25"><span class='ocrx_word' id='word_1_406' title='bbox 353 4876 674 4932; x_wconf 50' lang='lat' dir='ltr'>de‘Acbille</span> <span class='ocrx_word' id='word_1_407' title='bbox 715 4878 901 4932; x_wconf 90' lang='lat' dir='ltr'>dicere</span> <span class='ocrx_word' id='word_1_408' title='bbox 953 4882 1202 4950; x_wconf 90' lang='lat' dir='ltr'>voluero,</span> <span class='ocrx_word' id='word_1_409' title='bbox 1253 4900 1372 4937; x_wconf 90' lang='lat' dir='ltr'>rem</span> <span class='ocrx_word' id='word_1_410' title='bbox 1407 4885 1552 4939; x_wconf 79' lang='lat' dir='ltr'>facio</span> <span class='ocrx_word' id='word_1_411' title='bbox 1585 4903 1992 4957; x_wconf 87' lang='lat' dir='ltr'>supervacuam</span> <span class='ocrx_word' id='word_1_412' title='bbox 2031 4907 2042 4940; x_wconf 91' lang='lat'>:</span> 
     </span>
    </p>
   </div>
   <div class='ocr_carea' id='block_1_55' title="bbox 352 4965 2047 5043">
    <p class='ocr_par' dir='ltr' id='par_1_55' title="bbox 352 4965 2047 5043">
     <span class='ocr_line' id='line_1_55' title="bbox 352 4965 2047 5043; baseline 0.007 -24"><span class='ocrx_word' id='word_1_413' title='bbox 352 4965 444 5020; x_wconf 90' lang='lat' dir='ltr'>cui</span> <span class='ocrx_word' id='word_1_414' title='bbox 477 4967 687 5020; x_wconf 81' lang='lat' dir='ltr'>sufﬁcit</span> <span class='ocrx_word' id='word_1_415' title='bbox 717 4984 942 5039; x_wconf 87' lang='lat' dir='ltr'>semper</span> <span class='ocrx_word' id='word_1_416' title='bbox 974 4971 1147 5025; x_wconf 89' lang='lat' dir='ltr'>latere</span> <span class='ocrx_word' id='word_1_417' title='bbox 1183 4980 1418 5043; x_wconf 86' lang='lat' dir='ltr'>propter</span> <span class='ocrx_word' id='word_1_418' title='bbox 1450 4975 1850 5031; x_wconf 90' lang='lat' dir='ltr'>conscientiam</span> <span class='ocrx_word' id='word_1_419' title='bbox 1885 4994 2047 5032; x_wconf 87' lang='lat' dir='ltr'>suam</span> 
     </span>
    </p>
   </div>
   <div class='ocr_carea' id='block_1_56' title="bbox 353 5056 2046 5121">
    <p class='ocr_par' dir='ltr' id='par_1_56' title="bbox 353 5056 2046 5121">
     <span class='ocr_line' id='line_1_56' title="bbox 353 5056 2046 5121; baseline 0.005 -10"><span class='ocrx_word' id='word_1_420' title='bbox 353 5057 422 5111; x_wconf 88' lang='lat' dir='ltr'>ab</span> <span class='ocrx_word' id='word_1_421' title='bbox 457 5056 726 5110; x_wconf 88' lang='lat' dir='ltr'>omnibus</span> <span class='ocrx_word' id='word_1_422' title='bbox 755 5058 1046 5113; x_wconf 87' lang='lat' dir='ltr'>catholicis</span> <span class='ocrx_word' id='word_1_423' title='bbox 1091 5061 1441 5117; x_wconf 88' lang='lat' dir='ltr'>damnatam.</span> <span class='ocrx_word' id='word_1_424' title='bbox 1487 5065 1626 5118; x_wconf 89' lang='lat' dir='ltr'>Data</span> <span class='ocrx_word' id='word_1_425' title='bbox 1662 5065 1850 5119; x_wconf 88' lang='lat' dir='ltr'>idibus</span> <span class='ocrx_word' id='word_1_426' title='bbox 1881 5068 2046 5121; x_wconf 78' lang='lat' dir='ltr'>Octo-</span> 
     </span>
    </p>
   </div>
   <div class='ocr_carea' id='block_1_57' title="bbox 352 5145 2047 5226">
    <p class='ocr_par' dir='ltr' id='par_1_57' title="bbox 352 5145 2047 5226">
     <span class='ocr_line' id='line_1_57' title="bbox 352 5145 2047 5226; baseline 0.006 -26"><span class='ocrx_word' id='word_1_427' title='bbox 352 5145 468 5200; x_wconf 86' lang='lat' dir='ltr'>bris</span> <span class='ocrx_word' id='word_1_428' title='bbox 500 5147 804 5200; x_wconf 89' lang='lat' dir='ltr'>Eutharico</span> <span class='ocrx_word' id='word_1_429' title='bbox 852 5149 1082 5202; x_wconf 87' lang='lat' dir='ltr'>consule</span> <span class='ocrx_word' id='word_1_430' title='bbox 1114 5151 1288 5216; x_wconf 87' lang='lat' dir='ltr'>(anno</span> <span class='ocrx_word' id='word_1_431' title='bbox 1343 5154 1566 5207; x_wconf 89' lang='lat' dir='ltr'>Domini</span> <span class='ocrx_word' id='word_1_432' title='bbox 1614 5156 1755 5225; x_wconf 73' lang='lat' dir='ltr'>Eil9).</span> <span class='ocrx_word' id='word_1_433' title='bbox 1805 5158 2047 5226; x_wconf 80' lang='lat' dir='ltr'>Accepta</span> 
     </span>
    </p>
   </div>
   <div class='ocr_carea' id='block_1_58' title="bbox 353 5236 2044 5304">
    <p class='ocr_par' dir='ltr' id='par_1_58' title="bbox 353 5236 2044 5304">
     <span class='ocr_line' id='line_1_58' title="bbox 353 5236 2044 5304; baseline 0.007 -16"><span class='ocrx_word' id='word_1_434' title='bbox 353 5251 424 5288; x_wconf 81' lang='lat' dir='ltr'>xv</span> <span class='ocrx_word' id='word_1_435' title='bbox 462 5236 722 5290; x_wconf 89' lang='lat' dir='ltr'>calendas</span> <span class='ocrx_word' id='word_1_436' title='bbox 754 5237 1098 5304; x_wconf 89' lang='lat' dir='ltr'>Decembris,</span> <span class='ocrx_word' id='word_1_437' title='bbox 1139 5239 1367 5293; x_wconf 79' lang='lat' dir='ltr'>Rustico</span> <span class='ocrx_word' id='word_1_438' title='bbox 1409 5242 1527 5297; x_wconf 90' lang='lat' dir='ltr'>viro</span> <span class='ocrx_word' id='word_1_439' title='bbox 1558 5244 1870 5298; x_wconf 91' lang='lat' dir='ltr'>clarissimo</span> <span class='ocrx_word' id='word_1_440' title='bbox 1908 5261 2044 5300; x_wconf 89' lang='lat' dir='ltr'>con-</span> 
     </span>
    </p>
   </div>
   <div class='ocr_carea' id='block_1_59' title="bbox 354 5325 1118 5398">
    <p class='ocr_par' dir='ltr' id='par_1_59' title="bbox 354 5325 1118 5398">
     <span class='ocr_line' id='line_1_59' title="bbox 354 5325 1118 5398; baseline 0.001 -20"><span class='ocrx_word' id='word_1_441' title='bbox 354 5325 474 5378; x_wconf 89' lang='lat' dir='ltr'>sule</span> <span class='ocrx_word' id='word_1_442' title='bbox 504 5325 680 5394; x_wconf 91' lang='lat' dir='ltr'>(anno</span> <span class='ocrx_word' id='word_1_443' title='bbox 711 5326 938 5380; x_wconf 89' lang='lat' dir='ltr'>Domini</span> <span class='ocrx_word' id='word_1_444' title='bbox 975 5327 1118 5398; x_wconf 75' lang='lat'>520).</span> 
     </span>
    </p>
   </div>
   <div class='ocr_carea' id='block_1_60' title="bbox 1038 5452 1373 5507">
    <p class='ocr_par' dir='ltr' id='par_1_60' title="bbox 1038 5452 1373 5507">
     <span class='ocr_line' id='line_1_60' title="bbox 1038 5452 1373 5507; baseline 0.012 -4"><span class='ocrx_word' id='word_1_445' title='bbox 1038 5452 1373 5507; x_wconf 77' lang='lat' dir='ltr'>EPISTULA</span> 
     </span>
    </p>
   </div>
   <div class='ocr_carea' id='block_1_61' title="bbox 859 5574 1535 5614">
    <p class='ocr_par' dir='ltr' id='par_1_61' title="bbox 859 5574 1535 5614">
     <span class='ocr_line' id='line_1_61' title="bbox 859 5574 1535 5614; baseline 0.004 -4"><span class='ocrx_word' id='word_1_446' title='bbox 859 5576 876 5610; x_wconf 89' lang='lat' dir='ltr'><strong>J</strong></span> <span class='ocrx_word' id='word_1_447' title='bbox 886 5574 1057 5613; x_wconf 70' lang='lat' dir='ltr'>L‘STINI</span> <span class='ocrx_word' id='word_1_448' title='bbox 1099 5575 1165 5612; x_wconf 82' lang='lat' dir='ltr'>AD</span> <span class='ocrx_word' id='word_1_449' title='bbox 1206 5575 1514 5614; x_wconf 68' lang='lat' dir='ltr'>HORMISDAK</span> <span class='ocrx_word' id='word_1_450' title='bbox 1524 5599 1535 5612; x_wconf 84' lang='lat'>.</span> 
     </span>
    </p>
   </div>
   <div class='ocr_carea' id='block_1_62' title="bbox 360 5682 2045 5753">
    <p class='ocr_par' dir='ltr' id='par_1_62' title="bbox 360 5682 2045 5753">
     <span class='ocr_line' id='line_1_62' title="bbox 360 5682 2045 5753; baseline 0.004 -19"><span class='ocrx_word' id='word_1_451' title='bbox 360 5682 563 5736; x_wconf 81' lang='lat' dir='ltr'>Preces</span> <span class='ocrx_word' id='word_1_452' title='bbox 580 5682 650 5735; x_wconf 89' lang='lat' dir='ltr'>de</span> <span class='ocrx_word' id='word_1_453' title='bbox 668 5683 780 5740; x_wconf 81' lang='lat' dir='ltr'>ﬁde</span> <span class='ocrx_word' id='word_1_454' title='bbox 798 5684 1132 5753; x_wconf 72' lang='lat' dir='ltr'>quaestiones</span> <span class='ocrx_word' id='word_1_455' title='bbox 1161 5685 1511 5738; x_wconf 76' lang='lat' dir='ltr'>continentes</span> <span class='ocrx_word' id='word_1_456' title='bbox 1537 5686 1645 5740; x_wconf 79' lang='lat' dir='ltr'>sibi</span> <span class='ocrx_word' id='word_1_457' title='bbox 1670 5687 1913 5748; x_wconf 71' lang='lat' dir='ltr'>oblatas,</span> <span class='ocrx_word' id='word_1_458' title='bbox 1948 5705 2045 5740; x_wconf 77' lang='lat' dir='ltr'>eos</span> 
     </span>
    </p>
   </div>
   <div class='ocr_carea' id='block_1_63' title="bbox 2090 1751 2128 1804">
    <p class='ocr_par' dir='ltr' id='par_1_63' title="bbox 2090 1751 2128 1804">
     <span class='ocr_line' id='line_1_63' title="bbox 2090 1751 2128 1804; baseline 0 0"><span class='ocrx_word' id='word_1_459' title='bbox 2090 1751 2128 1804; x_wconf 87' lang='grc' dir='ltr'><strong>Β</strong></span> 
     </span>
    </p>
   </div>
   <div class='ocr_carea' id='block_1_64' title="bbox 2091 3056 2130 3112">
    <p class='ocr_par' dir='ltr' id='par_1_64' title="bbox 2091 3056 2130 3112">
     <span class='ocr_line' id='line_1_64' title="bbox 2091 3056 2130 3112; baseline 0 0"><span class='ocrx_word' id='word_1_460' title='bbox 2091 3056 2130 3112; x_wconf 91' lang='lat' dir='ltr'>C</span> 
     </span>
    </p>
   </div>
   <div class='ocr_carea' id='block_1_65' title="bbox 2090 4411 2179 4509">
    <p class='ocr_par' dir='ltr' id='par_1_65' title="bbox 2090 4411 2179 4509">
     <span class='ocr_line' id='line_1_65' title="bbox 2090 4411 2179 4509; baseline 0 0"><span class='ocrx_word' id='word_1_461' title='bbox 2090 4411 2179 4509; x_wconf 73' lang='lat' dir='ltr'>Di</span> 
     </span>
    </p>
   </div>
   <div class='ocr_carea' id='block_1_66' title="bbox 2226 503 3429 575">
    <p class='ocr_par' dir='ltr' id='par_1_66' title="bbox 2226 503 3429 575">
     <span class='ocr_line' id='line_1_66' title="bbox 2226 503 3429 575; baseline 0.001 -17"><span class='ocrx_word' id='word_1_462' title='bbox 2226 506 2651 561; x_wconf 80' lang='lat' dir='ltr'>destinaturum</span> <span class='ocrx_word' id='word_1_463' title='bbox 2676 507 2738 558; x_wconf 88' lang='lat' dir='ltr'>ut</span> <span class='ocrx_word' id='word_1_464' title='bbox 2769 503 3110 575; x_wconf 77' lang='lat' dir='ltr'>quaestiones</span> <span class='ocrx_word' id='word_1_465' title='bbox 3141 503 3429 560; x_wconf 80' lang='lat' dir='ltr'>terminet.</span> 
     </span>
    </p>
   </div>
   <div class='ocr_carea' id='block_1_67' title="bbox 2228 611 3361 682">
    <p class='ocr_par' dir='ltr' id='par_1_67' title="bbox 2228 611 3361 682">
     <span class='ocr_line' id='line_1_67' title="bbox 2228 611 3361 682; baseline 0 -16"><span class='ocrx_word' id='word_1_466' title='bbox 2228 612 2479 666; x_wconf 85' lang='lat' dir='ltr'>Justinus</span> <span class='ocrx_word' id='word_1_467' title='bbox 2511 615 2801 682; x_wconf 80' lang='lat' dir='ltr'>Augustus</span> <span class='ocrx_word' id='word_1_468' title='bbox 2832 611 3146 665; x_wconf 72' lang='lat' dir='ltr'>liormisdze</span> <span class='ocrx_word' id='word_1_469' title='bbox 3177 628 3361 682; x_wconf 67' lang='lat' dir='ltr'>papae.</span> 
     </span>
    </p>
   </div>
   <div class='ocr_carea' id='block_1_68' title="bbox 2230 701 3852 772">
    <p class='ocr_par' dir='ltr' id='par_1_68' title="bbox 2230 701 3852 772">
     <span class='ocr_line' id='line_1_68' title="bbox 2230 701 3852 772; baseline 0.002 -19"><span class='ocrx_word' id='word_1_470' title='bbox 2230 701 2452 765; x_wconf 88' lang='lat' dir='ltr'>Quanto</span> <span class='ocrx_word' id='word_1_471' title='bbox 2486 702 2798 771; x_wconf 80' lang='lat' dir='ltr'>ﬂagramus</span> <span class='ocrx_word' id='word_1_472' title='bbox 2825 701 3014 754; x_wconf 90' lang='lat' dir='ltr'>studio</span> <span class='ocrx_word' id='word_1_473' title='bbox 3046 717 3152 771; x_wconf 89' lang='lat' dir='ltr'>pro</span> <span class='ocrx_word' id='word_1_474' title='bbox 3185 701 3521 772; x_wconf 90' lang='lat' dir='ltr'>colligendis</span> <span class='ocrx_word' id='word_1_475' title='bbox 3551 704 3852 758; x_wconf 84' lang='lat' dir='ltr'>concordia</span> 
     </span>
    </p>
   </div>
   <div class='ocr_carea' id='block_1_69' title="bbox 2159 789 3852 862">
    <p class='ocr_par' dir='ltr' id='par_1_69' title="bbox 2159 789 3852 862">
     <span class='ocr_line' id='line_1_69' title="bbox 2159 789 3852 862; baseline 0.002 -18"><span class='ocrx_word' id='word_1_476' title='bbox 2159 790 2552 844; x_wconf 88' lang='lat' dir='ltr'>sacratissimis</span> <span class='ocrx_word' id='word_1_477' title='bbox 2596 791 2879 856; x_wconf 85' lang='lat' dir='ltr'>Ecclesiis,</span> <span class='ocrx_word' id='word_1_478' title='bbox 2923 789 3271 861; x_wconf 88' lang='lat' dir='ltr'>jamdudum</span> <span class='ocrx_word' id='word_1_479' title='bbox 3304 808 3408 845; x_wconf 91' lang='lat' dir='ltr'>nos</span> <span class='ocrx_word' id='word_1_480' title='bbox 3439 792 3629 862; x_wconf 89' lang='lat' dir='ltr'>palam</span> <span class='ocrx_word' id='word_1_481' title='bbox 3662 792 3852 848; x_wconf 81' lang='lat' dir='ltr'>fecisse</span> 
     </span>
    </p>
   </div>
   <div class='ocr_carea' id='block_1_70' title="bbox 2161 879 3853 951">
    <p class='ocr_par' dir='ltr' id='par_1_70' title="bbox 2161 879 3853 951">
     <span class='ocr_line' id='line_1_70' title="bbox 2161 879 3853 951; baseline 0.001 -17"><span class='ocrx_word' id='word_1_482' title='bbox 2161 879 2517 950; x_wconf 89' lang='lat' dir='ltr'>dignoscitur</span> <span class='ocrx_word' id='word_1_483' title='bbox 2549 896 2562 933; x_wconf 89' lang='lat'><strong>:</strong></span> <span class='ocrx_word' id='word_1_484' title='bbox 2590 879 2689 950; x_wconf 92' lang='lat' dir='ltr'>qui</span> <span class='ocrx_word' id='word_1_485' title='bbox 2721 883 2775 934; x_wconf 90' lang='lat' dir='ltr'>et</span> <span class='ocrx_word' id='word_1_486' title='bbox 2804 879 3040 933; x_wconf 89' lang='lat' dir='ltr'>ineunte</span> <span class='ocrx_word' id='word_1_487' title='bbox 3070 884 3264 934; x_wconf 91' lang='lat' dir='ltr'>nostro</span> <span class='ocrx_word' id='word_1_488' title='bbox 3297 880 3540 951; x_wconf 88' lang='lat' dir='ltr'>imperio</span> <span class='ocrx_word' id='word_1_489' title='bbox 3580 883 3853 936; x_wconf 90' lang='lat' dir='ltr'>sanctitu-</span> 
     </span>
    </p>
   </div>
   <div class='ocr_carea' id='block_1_71' title="bbox 2161 968 3855 1041">
    <p class='ocr_par' dir='ltr' id='par_1_71' title="bbox 2161 968 3855 1041">
     <span class='ocr_line' id='line_1_71' title="bbox 2161 968 3855 1041; baseline 0.002 -20"><span class='ocrx_word' id='word_1_490' title='bbox 2161 968 2356 1022; x_wconf 85' lang='lat' dir='ltr'>dinem</span> <span class='ocrx_word' id='word_1_491' title='bbox 2394 973 2634 1022; x_wconf 86' lang='lat' dir='ltr'>vestram</span> <span class='ocrx_word' id='word_1_492' title='bbox 2705 969 3125 1023; x_wconf 88' lang='lat' dir='ltr'>admonendam</span> <span class='ocrx_word' id='word_1_493' title='bbox 3180 969 3467 1032; x_wconf 85' lang='lat' dir='ltr'>duximus,</span> <span class='ocrx_word' id='word_1_494' title='bbox 3528 987 3641 1041; x_wconf 90' lang='lat' dir='ltr'>quo</span> <span class='ocrx_word' id='word_1_495' title='bbox 3674 978 3855 1025; x_wconf 88' lang='lat' dir='ltr'>certos</span> 
     </span>
    </p>
   </div>
   <div class='ocr_carea' id='block_1_72' title="bbox 2157 1056 3856 1129">
    <p class='ocr_par' dir='ltr' id='par_1_72' title="bbox 2157 1056 3856 1129">
     <span class='ocr_line' id='line_1_72' title="bbox 2157 1056 3856 1129; baseline 0.002 -19"><span class='ocrx_word' id='word_1_496' title='bbox 2157 1056 2453 1126; x_wconf 87' lang='lat' dir='ltr'>dirigeret,</span> <span class='ocrx_word' id='word_1_497' title='bbox 2481 1063 2540 1111; x_wconf 90' lang='lat' dir='ltr'>ut</span> <span class='ocrx_word' id='word_1_498' title='bbox 2566 1057 2894 1111; x_wconf 91' lang='lat' dir='ltr'>interventu</span> <span class='ocrx_word' id='word_1_499' title='bbox 2923 1073 3125 1111; x_wconf 90' lang='lat' dir='ltr'>eorum</span> <span class='ocrx_word' id='word_1_500' title='bbox 3157 1058 3477 1113; x_wconf 89' lang='lat' dir='ltr'>remedium</span> <span class='ocrx_word' id='word_1_501' title='bbox 3511 1060 3744 1129; x_wconf 88' lang='lat' dir='ltr'>aliquod</span> <span class='ocrx_word' id='word_1_502' title='bbox 3773 1060 3856 1114; x_wconf 89' lang='lat' dir='ltr'>his</span> 
     </span>
    </p>
   </div>
   <div class='ocr_carea' id='block_1_73' title="bbox 2158 1146 3856 1219">
    <p class='ocr_par' dir='ltr' id='par_1_73' title="bbox 2158 1146 3856 1219">
     <span class='ocr_line' id='line_1_73' title="bbox 2158 1146 3856 1219; baseline 0.002 -21"><span class='ocrx_word' id='word_1_503' title='bbox 2158 1146 2326 1199; x_wconf 90' lang='lat' dir='ltr'>rebus</span> <span class='ocrx_word' id='word_1_504' title='bbox 2367 1146 2612 1200; x_wconf 88' lang='lat' dir='ltr'>inveniri</span> <span class='ocrx_word' id='word_1_505' title='bbox 2655 1146 2852 1217; x_wconf 87' lang='lat' dir='ltr'>possit.</span> <span class='ocrx_word' id='word_1_506' title='bbox 2905 1148 2971 1200; x_wconf 88' lang='lat' dir='ltr'>Et</span> <span class='ocrx_word' id='word_1_507' title='bbox 3013 1152 3324 1218; x_wconf 89' lang='lat' dir='ltr'>antequam</span> <span class='ocrx_word' id='word_1_508' title='bbox 3373 1148 3714 1201; x_wconf 88' lang='lat' dir='ltr'>adveneriut</span> <span class='ocrx_word' id='word_1_509' title='bbox 3763 1150 3856 1219; x_wconf 90' lang='lat' dir='ltr'>qui</span> 
     </span>
    </p>
   </div>
   <div class='ocr_carea' id='block_1_74' title="bbox 2159 1235 3853 1308">
    <p class='ocr_par' dir='ltr' id='par_1_74' title="bbox 2159 1235 3853 1308">
     <span class='ocr_line' id='line_1_74' title="bbox 2159 1235 3853 1308; baseline 0.001 -19"><span class='ocrx_word' id='word_1_510' title='bbox 2159 1235 2428 1289; x_wconf 86' lang='lat' dir='ltr'>destinati</span> <span class='ocrx_word' id='word_1_511' title='bbox 2487 1241 2638 1302; x_wconf 92' lang='lat' dir='ltr'>sunt,</span> <span class='ocrx_word' id='word_1_512' title='bbox 2689 1241 2889 1289; x_wconf 89' lang='lat' dir='ltr'>cuncta</span> <span class='ocrx_word' id='word_1_513' title='bbox 2947 1237 3417 1307; x_wconf 67' lang='lat' dir='ltr'>prmparavimus,</span> <span class='ocrx_word' id='word_1_514' title='bbox 3465 1254 3579 1308; x_wconf 91' lang='lat' dir='ltr'>quo</span> <span class='ocrx_word' id='word_1_515' title='bbox 3632 1237 3853 1291; x_wconf 82' lang='lat' dir='ltr'>facilius</span> 
     </span>
    </p>
   </div>
   <div class='ocr_carea' id='block_1_75' title="bbox 2157 1325 3854 1396">
    <p class='ocr_par' dir='ltr' id='par_1_75' title="bbox 2157 1325 3854 1396">
     <span class='ocr_line' id='line_1_75' title="bbox 2157 1325 3854 1396; baseline 0.002 -19"><span class='ocrx_word' id='word_1_516' title='bbox 2157 1325 2610 1395; x_wconf 85' lang='lat' dir='ltr'>transigerentur</span> <span class='ocrx_word' id='word_1_517' title='bbox 2644 1341 2771 1395; x_wconf 67' lang='lat' dir='ltr'>quin</span> <span class='ocrx_word' id='word_1_518' title='bbox 2812 1341 2915 1396; x_wconf 89' lang='lat' dir='ltr'>per</span> <span class='ocrx_word' id='word_1_519' title='bbox 2949 1325 3094 1380; x_wconf 89' lang='lat' dir='ltr'>hanc</span> <span class='ocrx_word' id='word_1_520' title='bbox 3137 1325 3599 1379; x_wconf 74' lang='lat' dir='ltr'>florentissimam</span> <span class='ocrx_word' id='word_1_521' title='bbox 3650 1327 3854 1380; x_wconf 88' lang='lat' dir='ltr'>urbem</span> 
     </span>
    </p>
   </div>
   <div class='ocr_carea' id='block_1_76' title="bbox 2159 1413 3855 1486">
    <p class='ocr_par' dir='ltr' id='par_1_76' title="bbox 2159 1413 3855 1486">
     <span class='ocr_line' id='line_1_76' title="bbox 2159 1413 3855 1486; baseline 0.002 -20"><span class='ocrx_word' id='word_1_522' title='bbox 2159 1413 2514 1484; x_wconf 84' lang='lat' dir='ltr'>disponenda</span> <span class='ocrx_word' id='word_1_523' title='bbox 2555 1414 2802 1467; x_wconf 86' lang='lat' dir='ltr'>fuerant.</span> <span class='ocrx_word' id='word_1_524' title='bbox 2849 1414 3057 1468; x_wconf 82' lang='lat' dir='ltr'>Verum</span> <span class='ocrx_word' id='word_1_525' title='bbox 3105 1415 3378 1486; x_wconf 90' lang='lat' dir='ltr'>quoniam</span> <span class='ocrx_word' id='word_1_526' title='bbox 3427 1431 3622 1485; x_wconf 88' lang='lat' dir='ltr'>preces</span> <span class='ocrx_word' id='word_1_527' title='bbox 3660 1422 3855 1469; x_wconf 88' lang='lat' dir='ltr'>nostro</span> 
     </span>
    </p>
   </div>
   <div class='ocr_carea' id='block_1_77' title="bbox 2157 1503 3854 1574">
    <p class='ocr_par' dir='ltr' id='par_1_77' title="bbox 2157 1503 3854 1574">
     <span class='ocr_line' id='line_1_77' title="bbox 2157 1503 3854 1574; baseline 0 -18"><span class='ocrx_word' id='word_1_528' title='bbox 2157 1503 2381 1556; x_wconf 88' lang='lat' dir='ltr'>numiui</span> <span class='ocrx_word' id='word_1_529' title='bbox 2429 1507 2709 1572; x_wconf 69' lang='lat' dir='ltr'>porrectae</span> <span class='ocrx_word' id='word_1_530' title='bbox 2753 1507 2886 1556; x_wconf 91' lang='lat' dir='ltr'>sunt</span> <span class='ocrx_word' id='word_1_531' title='bbox 2937 1518 3001 1556; x_wconf 85' lang='lat' dir='ltr'>ex</span> <span class='ocrx_word' id='word_1_532' title='bbox 3053 1503 3290 1557; x_wconf 86' lang='lat' dir='ltr'>diversis</span> <span class='ocrx_word' id='word_1_533' title='bbox 3343 1503 3474 1557; x_wconf 87' lang='lat' dir='ltr'>Eois</span> <span class='ocrx_word' id='word_1_534' title='bbox 3520 1503 3854 1574; x_wconf 86' lang='lat' dir='ltr'>provinciis,</span> 
     </span>
    </p>
   </div>
   <div class='ocr_carea' id='block_1_78' title="bbox 2156 1592 3856 1663">
    <p class='ocr_par' dir='ltr' id='par_1_78' title="bbox 2156 1592 3856 1663">
     <span class='ocr_line' id='line_1_78' title="bbox 2156 1592 3856 1663; baseline 0.002 -19"><span class='ocrx_word' id='word_1_535' title='bbox 2156 1597 2308 1645; x_wconf 90' lang='lat' dir='ltr'>certa</span> <span class='ocrx_word' id='word_1_536' title='bbox 2341 1592 2604 1663; x_wconf 71' lang='lat' dir='ltr'>quazdam</span> <span class='ocrx_word' id='word_1_537' title='bbox 2639 1592 3050 1646; x_wconf 80' lang='lat' dir='ltr'>disserentibus</span> <span class='ocrx_word' id='word_1_538' title='bbox 3077 1609 3182 1662; x_wconf 91' lang='lat' dir='ltr'>pro</span> <span class='ocrx_word' id='word_1_539' title='bbox 3214 1593 3323 1646; x_wconf 81' lang='lat' dir='ltr'>tide</span> <span class='ocrx_word' id='word_1_540' title='bbox 3355 1593 3654 1660; x_wconf 86' lang='lat' dir='ltr'>catholica,</span> <span class='ocrx_word' id='word_1_541' title='bbox 3682 1609 3856 1647; x_wconf 81' lang='lat' dir='ltr'>secre-</span> 
     </span>
    </p>
   </div>
   <div class='ocr_carea' id='block_1_79' title="bbox 2157 1682 3854 1753">
    <p class='ocr_par' dir='ltr' id='par_1_79' title="bbox 2157 1682 3854 1753">
     <span class='ocr_line' id='line_1_79' title="bbox 2157 1682 3854 1753; baseline -0.001 -19"><span class='ocrx_word' id='word_1_542' title='bbox 2157 1685 2328 1752; x_wconf 88' lang='lat' dir='ltr'>taque</span> <span class='ocrx_word' id='word_1_543' title='bbox 2376 1698 2491 1734; x_wconf 74' lang='lat' dir='ltr'>sum</span> <span class='ocrx_word' id='word_1_544' title='bbox 2539 1682 2750 1735; x_wconf 89' lang='lat' dir='ltr'>mentis</span> <span class='ocrx_word' id='word_1_545' title='bbox 2789 1682 3227 1744; x_wconf 89' lang='lat' dir='ltr'>declarantibus,</span> <span class='ocrx_word' id='word_1_546' title='bbox 3279 1698 3408 1752; x_wconf 72' lang='lat' dir='ltr'>qua:</span> <span class='ocrx_word' id='word_1_547' title='bbox 3457 1682 3607 1753; x_wconf 91' lang='lat' dir='ltr'>apud</span> <span class='ocrx_word' id='word_1_548' title='bbox 3659 1698 3720 1734; x_wconf 89' lang='lat' dir='ltr'>se</span> <span class='ocrx_word' id='word_1_549' title='bbox 3754 1698 3854 1752; x_wconf 90' lang='lat' dir='ltr'>pro</span> 
     </span>
    </p>
   </div>
   <div class='ocr_carea' id='block_1_80' title="bbox 2161 1771 3874 1842">
    <p class='ocr_par' dir='ltr' id='par_1_80' title="bbox 2161 1771 3874 1842">
     <span class='ocr_line' id='line_1_80' title="bbox 2161 1771 3874 1842; baseline -0.001 -18"><span class='ocrx_word' id='word_1_550' title='bbox 2161 1771 2461 1824; x_wconf 86' lang='lat' dir='ltr'>individua.</span> <span class='ocrx_word' id='word_1_551' title='bbox 2487 1771 2760 1824; x_wconf 84' lang='lat' dir='ltr'>Trinitate</span> <span class='ocrx_word' id='word_1_552' title='bbox 2811 1771 3114 1824; x_wconf 89' lang='lat' dir='ltr'>constituta</span> <span class='ocrx_word' id='word_1_553' title='bbox 3147 1775 3450 1838; x_wconf 89' lang='lat' dir='ltr'>testantur,</span> <span class='ocrx_word' id='word_1_554' title='bbox 3485 1787 3734 1842; x_wconf 72' lang='lat' dir='ltr'>quaeque</span> <span class='ocrx_word' id='word_1_555' title='bbox 3769 1771 3874 1824; x_wconf 75' lang='lat' dir='ltr'>tit--</span> 
     </span>
    </p>
   </div>
   <div class='ocr_carea' id='block_1_81' title="bbox 2160 1859 3874 1930">
    <p class='ocr_par' dir='ltr' id='par_1_81' title="bbox 2160 1859 3874 1930">
     <span class='ocr_line' id='line_1_81' title="bbox 2160 1859 3874 1930; baseline -0.002 -17"><span class='ocrx_word' id='word_1_556' title='bbox 2160 1859 2329 1914; x_wconf 90' lang='lat' dir='ltr'>miter</span> <span class='ocrx_word' id='word_1_557' title='bbox 2359 1876 2478 1913; x_wconf 88' lang='lat' dir='ltr'>sese</span> <span class='ocrx_word' id='word_1_558' title='bbox 2511 1865 2840 1930; x_wconf 89' lang='lat' dir='ltr'>recepturos</span> <span class='ocrx_word' id='word_1_559' title='bbox 2874 1861 3196 1914; x_wconf 89' lang='lat' dir='ltr'>ostenditur</span> <span class='ocrx_word' id='word_1_560' title='bbox 3227 1860 3618 1930; x_wconf 82' lang='lat' dir='ltr'>(ostendunt):</span> <span class='ocrx_word' id='word_1_561' title='bbox 3654 1859 3874 1930; x_wconf 88' lang='lat' dir='ltr'>hisque.</span> 
     </span>
    </p>
   </div>
   <div class='ocr_carea' id='block_1_82' title="bbox 2158 1947 3856 2018">
    <p class='ocr_par' dir='ltr' id='par_1_82' title="bbox 2158 1947 3856 2018">
     <span class='ocr_line' id='line_1_82' title="bbox 2158 1947 3856 2018; baseline -0.001 -18"><span class='ocrx_word' id='word_1_562' title='bbox 2158 1947 2403 2013; x_wconf 84' lang='lat' dir='ltr'>releetis,</span> <span class='ocrx_word' id='word_1_563' title='bbox 2458 1947 2760 2001; x_wconf 90' lang='lat' dir='ltr'>Dioscorus</span> <span class='ocrx_word' id='word_1_564' title='bbox 2807 1947 2999 2018; x_wconf 90' lang='lat' dir='ltr'>aliqua</span> <span class='ocrx_word' id='word_1_565' title='bbox 3045 1947 3287 2001; x_wconf 89' lang='lat' dir='ltr'>asseruit</span> <span class='ocrx_word' id='word_1_566' title='bbox 3329 1965 3446 2002; x_wconf 92' lang='lat' dir='ltr'>non</span> <span class='ocrx_word' id='word_1_567' title='bbox 3493 1947 3856 2001; x_wconf 87' lang='lat' dir='ltr'>convenienti</span> 
     </span>
    </p>
   </div>
   <div class='ocr_carea' id='block_1_83' title="bbox 2159 2036 3858 2107">
    <p class='ocr_par' dir='ltr' id='par_1_83' title="bbox 2159 2036 3858 2107">
     <span class='ocr_line' id='line_1_83' title="bbox 2159 2036 3858 2107; baseline 0.001 -19"><span class='ocrx_word' id='word_1_568' title='bbox 2159 2037 2358 2089; x_wconf 80' lang='lat' dir='ltr'>ordine</span> <span class='ocrx_word' id='word_1_569' title='bbox 2416 2037 2627 2089; x_wconf 83' lang='lat' dir='ltr'>inserta</span> <span class='ocrx_word' id='word_1_570' title='bbox 2684 2036 2895 2091; x_wconf 88' lang='lat' dir='ltr'>fuisse:</span> <span class='ocrx_word' id='word_1_571' title='bbox 2961 2037 3163 2090; x_wconf 89' lang='lat' dir='ltr'>merito</span> <span class='ocrx_word' id='word_1_572' title='bbox 3212 2037 3480 2091; x_wconf 77' lang='lat' dir='ltr'>duximus</span> <span class='ocrx_word' id='word_1_573' title='bbox 3539 2037 3858 2107; x_wconf 87' lang='lat' dir='ltr'>aperienda</span> 
     </span>
    </p>
   </div>
   <div class='ocr_carea' id='block_1_84' title="bbox 2157 2125 3856 2196">
    <p class='ocr_par' dir='ltr' id='par_1_84' title="bbox 2157 2125 3856 2196">
     <span class='ocr_line' id='line_1_84' title="bbox 2157 2125 3856 2196; baseline 0.001 -19"><span class='ocrx_word' id='word_1_574' title='bbox 2157 2126 2316 2178; x_wconf 75' lang='lat' dir='ltr'>vobis</span> <span class='ocrx_word' id='word_1_575' title='bbox 2349 2143 2411 2178; x_wconf 89' lang='lat' dir='ltr'>ea</span> <span class='ocrx_word' id='word_1_576' title='bbox 2440 2142 2569 2196; x_wconf 68' lang='lat' dir='ltr'>qua:</span> <span class='ocrx_word' id='word_1_577' title='bbox 2598 2141 2794 2179; x_wconf 90' lang='lat' dir='ltr'>sumus</span> <span class='ocrx_word' id='word_1_578' title='bbox 2831 2125 3034 2180; x_wconf 89' lang='lat' dir='ltr'>edocti.</span> <span class='ocrx_word' id='word_1_579' title='bbox 3067 2127 3190 2179; x_wconf 78' lang='lat' dir='ltr'>Non</span> <span class='ocrx_word' id='word_1_580' title='bbox 3223 2128 3403 2180; x_wconf 92' lang='lat' dir='ltr'>multo</span> <span class='ocrx_word' id='word_1_581' title='bbox 3443 2127 3635 2196; x_wconf 86' lang='lat' dir='ltr'>itaque</span> <span class='ocrx_word' id='word_1_582' title='bbox 3669 2131 3856 2196; x_wconf 87' lang='lat' dir='ltr'>posta</span> 
     </span>
    </p>
   </div>
   <div class='ocr_carea' id='block_1_85' title="bbox 2159 2215 3857 2285">
    <p class='ocr_par' dir='ltr' id='par_1_85' title="bbox 2159 2215 3857 2285">
     <span class='ocr_line' id='line_1_85' title="bbox 2159 2215 3857 2285; baseline 0.001 -18"><span class='ocrx_word' id='word_1_583' title='bbox 2159 2215 2321 2268; x_wconf 90' lang='lat' dir='ltr'>nobis</span> <span class='ocrx_word' id='word_1_584' title='bbox 2364 2215 2598 2285; x_wconf 89' lang='lat' dir='ltr'>quidam</span> <span class='ocrx_word' id='word_1_585' title='bbox 2650 2215 3030 2269; x_wconf 88' lang='lat' dir='ltr'>destinabitur</span> <span class='ocrx_word' id='word_1_586' title='bbox 3073 2216 3140 2268; x_wconf 88' lang='lat' dir='ltr'>ad</span> <span class='ocrx_word' id='word_1_587' title='bbox 3190 2217 3494 2269; x_wconf 83' lang='lat' dir='ltr'>certiorem</span> <span class='ocrx_word' id='word_1_588' title='bbox 3532 2216 3857 2270; x_wconf 82' lang='lat' dir='ltr'>faciendam</span> 
     </span>
    </p>
   </div>
   <div class='ocr_carea' id='block_1_86' title="bbox 2161 2303 3858 2374">
    <p class='ocr_par' dir='ltr' id='par_1_86' title="bbox 2161 2303 3858 2374">
     <span class='ocr_line' id='line_1_86' title="bbox 2161 2303 3858 2374; baseline 0.002 -19"><span class='ocrx_word' id='word_1_589' title='bbox 2161 2303 2576 2357; x_wconf 89' lang='lat' dir='ltr'>beatitudinem</span> <span class='ocrx_word' id='word_1_590' title='bbox 2623 2309 2780 2358; x_wconf 90' lang='lat' dir='ltr'>tuam</span> <span class='ocrx_word' id='word_1_591' title='bbox 2822 2321 2997 2374; x_wconf 88' lang='lat' dir='ltr'>super</span> <span class='ocrx_word' id='word_1_592' title='bbox 3045 2305 3332 2373; x_wconf 90' lang='lat' dir='ltr'>omnibus,</span> <span class='ocrx_word' id='word_1_593' title='bbox 3380 2309 3437 2359; x_wconf 87' lang='lat' dir='ltr'>et</span> <span class='ocrx_word' id='word_1_594' title='bbox 3484 2305 3858 2358; x_wconf 84' lang='lat' dir='ltr'>insinuandas</span> 
     </span>
    </p>
   </div>
   <div class='ocr_carea' id='block_1_87' title="bbox 2158 2392 3854 2463">
    <p class='ocr_par' dir='ltr' id='par_1_87' title="bbox 2158 2392 3854 2463">
     <span class='ocr_line' id='line_1_87' title="bbox 2158 2392 3854 2463; baseline 0.004 -22"><span class='ocrx_word' id='word_1_595' title='bbox 2158 2392 2316 2445; x_wconf 85' lang='lat' dir='ltr'>vobis</span> <span class='ocrx_word' id='word_1_596' title='bbox 2359 2393 2804 2462; x_wconf 82' lang='lat' dir='ltr'>supplicationes</span> <span class='ocrx_word' id='word_1_597' title='bbox 2847 2410 2974 2463; x_wconf 67' lang='lat' dir='ltr'>quae</span> <span class='ocrx_word' id='word_1_598' title='bbox 3008 2393 3173 2446; x_wconf 89' lang='lat' dir='ltr'>nobis</span> <span class='ocrx_word' id='word_1_599' title='bbox 3220 2395 3425 2448; x_wconf 75' lang='lat' dir='ltr'>oblatae</span> <span class='ocrx_word' id='word_1_600' title='bbox 3469 2400 3622 2458; x_wconf 89' lang='lat' dir='ltr'>sunt,</span> <span class='ocrx_word' id='word_1_601' title='bbox 3681 2400 3739 2446; x_wconf 89' lang='lat' dir='ltr'>et</span> <span class='ocrx_word' id='word_1_602' title='bbox 3771 2411 3854 2448; x_wconf 91' lang='lat' dir='ltr'>re-</span> 
     </span>
    </p>
   </div>
   <div class='ocr_carea' id='block_1_88' title="bbox 2156 2482 3857 2556">
    <p class='ocr_par' dir='ltr' id='par_1_88' title="bbox 2156 2482 3857 2556">
     <span class='ocr_line' id='line_1_88' title="bbox 2156 2482 3857 2556; baseline 0.002 -23"><span class='ocrx_word' id='word_1_603' title='bbox 2156 2497 2431 2551; x_wconf 89' lang='lat' dir='ltr'>sponsum</span> <span class='ocrx_word' id='word_1_604' title='bbox 2491 2482 2721 2552; x_wconf 88' lang='lat' dir='ltr'>pietatis</span> <span class='ocrx_word' id='word_1_605' title='bbox 2777 2488 2978 2535; x_wconf 67' lang='lat' dir='ltr'>vestra:</span> <span class='ocrx_word' id='word_1_606' title='bbox 3031 2483 3424 2556; x_wconf 80' lang='lat' dir='ltr'>referendum,</span> <span class='ocrx_word' id='word_1_607' title='bbox 3467 2499 3578 2554; x_wconf 92' lang='lat' dir='ltr'>quo</span> <span class='ocrx_word' id='word_1_608' title='bbox 3628 2485 3857 2552; x_wconf 85' lang='lat' dir='ltr'>possint</span> 
     </span>
    </p>
   </div>
   <div class='ocr_carea' id='block_1_89' title="bbox 2159 2571 3854 2642">
    <p class='ocr_par' dir='ltr' id='par_1_89' title="bbox 2159 2571 3854 2642">
     <span class='ocr_line' id='line_1_89' title="bbox 2159 2571 3854 2642; baseline 0.001 -19"><span class='ocrx_word' id='word_1_609' title='bbox 2159 2571 2396 2624; x_wconf 84' lang='lat' dir='ltr'>resecari</span> <span class='ocrx_word' id='word_1_610' title='bbox 2431 2572 2660 2624; x_wconf 89' lang='lat' dir='ltr'>tandem</span> <span class='ocrx_word' id='word_1_611' title='bbox 2713 2571 3097 2624; x_wconf 88' lang='lat' dir='ltr'>dubitationes</span> <span class='ocrx_word' id='word_1_612' title='bbox 3129 2573 3483 2642; x_wconf 70' lang='lat' dir='ltr'>incongrum.</span> <span class='ocrx_word' id='word_1_613' title='bbox 3516 2573 3712 2626; x_wconf 90' lang='lat' dir='ltr'>Securi</span> <span class='ocrx_word' id='word_1_614' title='bbox 3751 2573 3854 2642; x_wconf 89' lang='lat' dir='ltr'>igi-</span> 
     </span>
    </p>
   </div>
   <div class='ocr_carea' id='block_1_90' title="bbox 2157 2659 3855 2731">
    <p class='ocr_par' dir='ltr' id='par_1_90' title="bbox 2157 2659 3855 2731">
     <span class='ocr_line' id='line_1_90' title="bbox 2157 2659 3855 2731; baseline 0.002 -22"><span class='ocrx_word' id='word_1_615' title='bbox 2157 2663 2250 2710; x_wconf 91' lang='lat' dir='ltr'>tur</span> <span class='ocrx_word' id='word_1_616' title='bbox 2276 2659 2343 2712; x_wconf 89' lang='lat' dir='ltr'>de</span> <span class='ocrx_word' id='word_1_617' title='bbox 2385 2665 2578 2714; x_wconf 90' lang='lat' dir='ltr'>nostro</span> <span class='ocrx_word' id='word_1_618' title='bbox 2626 2659 2888 2726; x_wconf 89' lang='lat' dir='ltr'>concilio,</span> <span class='ocrx_word' id='word_1_619' title='bbox 2933 2660 3191 2714; x_wconf 91' lang='lat' dir='ltr'>sollicitis</span> <span class='ocrx_word' id='word_1_620' title='bbox 3229 2661 3582 2714; x_wconf 88' lang='lat' dir='ltr'>orationibus</span> <span class='ocrx_word' id='word_1_621' title='bbox 3625 2662 3855 2731; x_wconf 85' lang='lat' dir='ltr'>placare</span> 
     </span>
    </p>
   </div>
   <div class='ocr_carea' id='block_1_91' title="bbox 2157 2745 3857 2818">
    <p class='ocr_par' dir='ltr' id='par_1_91' title="bbox 2157 2745 3857 2818">
     <span class='ocr_line' id='line_1_91' title="bbox 2157 2745 3857 2818; baseline 0.002 -21"><span class='ocrx_word' id='word_1_622' title='bbox 2157 2745 2326 2798; x_wconf 88' lang='lat' dir='ltr'>nobis</span> <span class='ocrx_word' id='word_1_623' title='bbox 2371 2745 2734 2800; x_wconf 88' lang='lat' dir='ltr'>Divinitatem</span> <span class='ocrx_word' id='word_1_624' title='bbox 2774 2763 3058 2800; x_wconf 88' lang='lat' dir='ltr'>summam</span> <span class='ocrx_word' id='word_1_625' title='bbox 3101 2748 3444 2818; x_wconf 87' lang='lat' dir='ltr'>dignemini.</span> <span class='ocrx_word' id='word_1_626' title='bbox 3480 2749 3617 2802; x_wconf 85' lang='lat' dir='ltr'>Data</span> <span class='ocrx_word' id='word_1_627' title='bbox 3646 2765 3738 2802; x_wconf 74' lang='lat' dir='ltr'>xxv</span> <span class='ocrx_word' id='word_1_628' title='bbox 3774 2764 3857 2802; x_wconf 82' lang='lat' dir='ltr'>ca-</span> 
     </span>
    </p>
   </div>
   <div class='ocr_carea' id='block_1_92' title="bbox 2159 2834 3854 2908">
    <p class='ocr_par' dir='ltr' id='par_1_92' title="bbox 2159 2834 3854 2908">
     <span class='ocr_line' id='line_1_92' title="bbox 2159 2834 3854 2908; baseline 0.002 -21"><span class='ocrx_word' id='word_1_629' title='bbox 2159 2834 2354 2888; x_wconf 90' lang='lat' dir='ltr'>lendas</span> <span class='ocrx_word' id='word_1_630' title='bbox 2410 2835 2722 2902; x_wconf 82' lang='lat' dir='ltr'>Februarii,</span> <span class='ocrx_word' id='word_1_631' title='bbox 2764 2837 3275 2908; x_wconf 87' lang='lat' dir='ltr'>Constantinopoli,</span> <span class='ocrx_word' id='word_1_632' title='bbox 3320 2838 3598 2891; x_wconf 88' lang='lat' dir='ltr'>Vitaliano</span> <span class='ocrx_word' id='word_1_633' title='bbox 3649 2842 3709 2891; x_wconf 84' lang='lat' dir='ltr'>et.</span> <span class='ocrx_word' id='word_1_634' title='bbox 3740 2839 3854 2892; x_wconf 77' lang='lat' dir='ltr'>Ru-</span> 
     </span>
    </p>
   </div>
   <div class='ocr_carea' id='block_1_93' title="bbox 2160 2923 3294 2997">
    <p class='ocr_par' dir='ltr' id='par_1_93' title="bbox 2160 2923 3294 2997">
     <span class='ocr_line' id='line_1_93' title="bbox 2160 2923 3294 2997; baseline 0.002 -20"><span class='ocrx_word' id='word_1_635' title='bbox 2160 2923 2298 2978; x_wconf 88' lang='lat' dir='ltr'>stico</span> <span class='ocrx_word' id='word_1_636' title='bbox 2331 2924 2660 2978; x_wconf 91' lang='lat' dir='ltr'>consulibus</span> <span class='ocrx_word' id='word_1_637' title='bbox 2693 2926 2865 2996; x_wconf 89' lang='lat' dir='ltr'>(anno</span> <span class='ocrx_word' id='word_1_638' title='bbox 2894 2926 3122 2979; x_wconf 91' lang='lat' dir='ltr'>Domini</span> <span class='ocrx_word' id='word_1_639' title='bbox 3151 2926 3294 2997; x_wconf 74' lang='grc'>520).</span> 
     </span>
    </p>
   </div>
   <div class='ocr_carea' id='block_1_94' title="bbox 2410 3172 3602 3212">
    <p class='ocr_par' dir='ltr' id='par_1_94' title="bbox 2410 3172 3602 3212">
     <span class='ocr_line' id='line_1_94' title="bbox 2410 3172 3602 3212; baseline 0.003 -4"><span class='ocrx_word' id='word_1_640' title='bbox 2410 3172 2632 3211; x_wconf 76' lang='lat' dir='ltr'>JOANNIS</span> <span class='ocrx_word' id='word_1_641' title='bbox 2673 3174 2908 3212; x_wconf 81' lang='lat' dir='ltr'>EPISCOPI</span> <span class='ocrx_word' id='word_1_642' title='bbox 2962 3173 3583 3211; x_wconf 72' lang='lat' dir='ltr'>CONSTANTINOPOLITANI</span> <span class='ocrx_word' id='word_1_643' title='bbox 3593 3201 3602 3211; x_wconf 93' lang='lat'>.</span> 
     </span>
    </p>
   </div>
   <div class='ocr_carea' id='block_1_95' title="bbox 2198 3263 3832 3334">
    <p class='ocr_par' dir='ltr' id='par_1_95' title="bbox 2198 3263 3832 3334">
     <span class='ocr_line' id='line_1_95' title="bbox 2198 3263 3832 3334; baseline 0 -16"><span class='ocrx_word' id='word_1_644' title='bbox 2198 3264 2515 3318; x_wconf 81' lang='lat' dir='ltr'>Instantem</span> <span class='ocrx_word' id='word_1_645' title='bbox 2542 3263 2838 3319; x_wconf 61' lang='lat' dir='ltr'>dominica</span> <span class='ocrx_word' id='word_1_646' title='bbox 2867 3263 3157 3334; x_wconf 81' lang='lat' dir='ltr'>passionis</span> <span class='ocrx_word' id='word_1_647' title='bbox 3181 3264 3333 3319; x_wconf 85' lang='lat' dir='ltr'>diem</span> <span class='ocrx_word' id='word_1_648' title='bbox 3356 3268 3514 3320; x_wconf 81' lang='lat' dir='ltr'>recte</span> <span class='ocrx_word' id='word_1_649' title='bbox 3541 3264 3832 3319; x_wconf 85' lang='lat' dir='ltr'>celebrari</span> 
     </span>
    </p>
   </div>
   <div class='ocr_carea' id='block_1_96' title="bbox 2692 3336 3319 3392">
    <p class='ocr_par' dir='ltr' id='par_1_96' title="bbox 2692 3336 3319 3392">
     <span class='ocr_line' id='line_1_96' title="bbox 2692 3336 3319 3392; baseline 0.006 -4"><span class='ocrx_word' id='word_1_650' title='bbox 2692 3353 2790 3388; x_wconf 81' lang='lat' dir='ltr'>xm</span> <span class='ocrx_word' id='word_1_651' title='bbox 2818 3336 3094 3390; x_wconf 86' lang='lat' dir='ltr'>calendas</span> <span class='ocrx_word' id='word_1_652' title='bbox 3115 3338 3319 3392; x_wconf 80' lang='lat' dir='ltr'>Maias.</span> 
     </span>
    </p>
   </div>
   <div class='ocr_carea' id='block_1_97' title="bbox 2232 3460 3862 3532">
    <p class='ocr_par' dir='ltr' id='par_1_97' title="bbox 2232 3460 3862 3532">
     <span class='ocr_line' id='line_1_97' title="bbox 2232 3460 3862 3532; baseline 0.001 -19"><span class='ocrx_word' id='word_1_653' title='bbox 2232 3460 2459 3514; x_wconf 90' lang='lat' dir='ltr'>Domini</span> <span class='ocrx_word' id='word_1_654' title='bbox 2515 3477 2619 3531; x_wconf 90' lang='lat' dir='ltr'>per</span> <span class='ocrx_word' id='word_1_655' title='bbox 2667 3461 2863 3515; x_wconf 89' lang='lat' dir='ltr'>omnia</span> <span class='ocrx_word' id='word_1_656' title='bbox 2911 3461 3143 3515; x_wconf 89' lang='lat' dir='ltr'>amabili</span> <span class='ocrx_word' id='word_1_657' title='bbox 3208 3463 3341 3527; x_wconf 90' lang='lat' dir='ltr'>Deo,</span> <span class='ocrx_word' id='word_1_658' title='bbox 3389 3460 3862 3532; x_wconf 83' lang='lat' dir='ltr'>sanctissimeque</span> 
     </span>
    </p>
   </div>
   <div class='ocr_carea' id='block_1_98' title="bbox 2159 3549 3862 3617">
    <p class='ocr_par' dir='ltr' id='par_1_98' title="bbox 2159 3549 3862 3617">
     <span class='ocr_line' id='line_1_98' title="bbox 2159 3549 3862 3617; baseline 0.001 -15"><span class='ocrx_word' id='word_1_659' title='bbox 2159 3549 2320 3603; x_wconf 88' lang='lat' dir='ltr'>fratri</span> <span class='ocrx_word' id='word_1_660' title='bbox 2369 3550 2876 3605; x_wconf 85' lang='lat' dir='ltr'>comministratori</span> <span class='ocrx_word' id='word_1_661' title='bbox 2925 3551 3264 3617; x_wconf 74' lang='lat' dir='ltr'>Hormisdae,</span> <span class='ocrx_word' id='word_1_662' title='bbox 3295 3550 3354 3604; x_wconf 91' lang='lat' dir='ltr'>in</span> <span class='ocrx_word' id='word_1_663' title='bbox 3398 3551 3643 3605; x_wconf 88' lang='lat' dir='ltr'>Domino</span> <span class='ocrx_word' id='word_1_664' title='bbox 3700 3553 3862 3605; x_wconf 80' lang='lat' dir='ltr'>salu-</span> 
     </span>
    </p>
   </div>
   <div class='ocr_carea' id='block_1_99' title="bbox 2159 3642 2296 3692">
    <p class='ocr_par' dir='ltr' id='par_1_99' title="bbox 2159 3642 2296 3692">
     <span class='ocr_line' id='line_1_99' title="bbox 2159 3642 2296 3692; baseline 0.015 -2"><span class='ocrx_word' id='word_1_665' title='bbox 2159 3642 2296 3692; x_wconf 90' lang='lat' dir='ltr'>tem.</span> 
     </span>
    </p>
   </div>
   <div class='ocr_carea' id='block_1_100' title="bbox 2229 3728 3863 3799">
    <p class='ocr_par' dir='ltr' id='par_1_100' title="bbox 2229 3728 3863 3799">
     <span class='ocr_line' id='line_1_100' title="bbox 2229 3728 3863 3799; baseline 0.001 -19"><span class='ocrx_word' id='word_1_666' title='bbox 2229 3728 2726 3791; x_wconf 87' lang='lat' dir='ltr'>Quemadmodum</span> <span class='ocrx_word' id='word_1_667' title='bbox 2782 3745 2927 3799; x_wconf 88' lang='lat' dir='ltr'>puro</span> <span class='ocrx_word' id='word_1_668' title='bbox 2966 3728 3133 3782; x_wconf 90' lang='lat' dir='ltr'>corde</span> <span class='ocrx_word' id='word_1_669' title='bbox 3183 3733 3243 3782; x_wconf 90' lang='lat' dir='ltr'>et</span> <span class='ocrx_word' id='word_1_670' title='bbox 3296 3728 3530 3782; x_wconf 88' lang='lat' dir='ltr'>caritate</span> <span class='ocrx_word' id='word_1_671' title='bbox 3567 3728 3863 3799; x_wconf 88' lang='lat' dir='ltr'>spirituali</span> 
     </span>
    </p>
   </div>
   <div class='ocr_carea' id='block_1_101' title="bbox 2159 3817 3866 3888">
    <p class='ocr_par' dir='ltr' id='par_1_101' title="bbox 2159 3817 3866 3888">
     <span class='ocr_line' id='line_1_101' title="bbox 2159 3817 3866 3888; baseline 0 -17"><span class='ocrx_word' id='word_1_672' title='bbox 2159 3817 2310 3888; x_wconf 89' lang='lat' dir='ltr'>apud</span> <span class='ocrx_word' id='word_1_673' title='bbox 2361 3818 2736 3888; x_wconf 88' lang='lat' dir='ltr'>nosmetipsos</span> <span class='ocrx_word' id='word_1_674' title='bbox 2780 3818 3056 3872; x_wconf 90' lang='lat' dir='ltr'>habemus</span> <span class='ocrx_word' id='word_1_675' title='bbox 3091 3823 3167 3887; x_wconf 85' lang='lat' dir='ltr'>te,</span> <span class='ocrx_word' id='word_1_676' title='bbox 3219 3818 3392 3871; x_wconf 81' lang='lat' dir='ltr'>frater</span> <span class='ocrx_word' id='word_1_677' title='bbox 3440 3817 3754 3884; x_wconf 89' lang='lat' dir='ltr'>carissime,</span> <span class='ocrx_word' id='word_1_678' title='bbox 3809 3822 3866 3872; x_wconf 87' lang='lat' dir='ltr'>et</span> 
     </span>
    </p>
   </div>
   <div class='ocr_carea' id='block_1_102' title="bbox 2159 3906 3860 3977">
    <p class='ocr_par' dir='ltr' id='par_1_102' title="bbox 2159 3906 3860 3977">
     <span class='ocr_line' id='line_1_102' title="bbox 2159 3906 3860 3977; baseline 0.001 -17"><span class='ocrx_word' id='word_1_679' title='bbox 2159 3906 2644 3977; x_wconf 89' lang='lat' dir='ltr'>quemadmodum</span> <span class='ocrx_word' id='word_1_680' title='bbox 2677 3912 2729 3960; x_wconf 89' lang='lat' dir='ltr'>te</span> <span class='ocrx_word' id='word_1_681' title='bbox 2761 3924 2864 3977; x_wconf 89' lang='lat' dir='ltr'>per</span> <span class='ocrx_word' id='word_1_682' title='bbox 2915 3907 3109 3960; x_wconf 89' lang='lat' dir='ltr'>omnia</span> <span class='ocrx_word' id='word_1_683' title='bbox 3141 3907 3401 3960; x_wconf 89' lang='lat' dir='ltr'>ducimus</span> <span class='ocrx_word' id='word_1_684' title='bbox 3440 3907 3860 3974; x_wconf 87' lang='lat' dir='ltr'>venerandum,</span> 
     </span>
    </p>
   </div>
   <div class='ocr_carea' id='block_1_103' title="bbox 2159 3995 3860 4065">
    <p class='ocr_par' dir='ltr' id='par_1_103' title="bbox 2159 3995 3860 4065">
     <span class='ocr_line' id='line_1_103' title="bbox 2159 3995 3860 4065; baseline 0.001 -17"><span class='ocrx_word' id='word_1_685' title='bbox 2159 4012 2224 4048; x_wconf 83' lang='lat' dir='ltr'>ex</span> <span class='ocrx_word' id='word_1_686' title='bbox 2282 3996 2550 4065; x_wconf 83' lang='lat' dir='ltr'>operibus</span> <span class='ocrx_word' id='word_1_687' title='bbox 2579 3995 2667 4047; x_wconf 91' lang='lat' dir='ltr'>his</span> <span class='ocrx_word' id='word_1_688' title='bbox 2707 3996 3056 4048; x_wconf 82' lang='lat' dir='ltr'>satisfactum</span> <span class='ocrx_word' id='word_1_689' title='bbox 3087 4011 3206 4048; x_wconf 90' lang='lat' dir='ltr'>esse</span> <span class='ocrx_word' id='word_1_690' title='bbox 3255 3999 3459 4047; x_wconf 63' lang='lat' dir='ltr'>vestra:</span> <span class='ocrx_word' id='word_1_691' title='bbox 3522 3997 3860 4050; x_wconf 68' lang='lat' dir='ltr'>reverentiae</span> 
     </span>
    </p>
   </div>
   <div class='ocr_carea' id='block_1_104' title="bbox 2153 4083 3867 4154">
    <p class='ocr_par' dir='ltr' id='par_1_104' title="bbox 2153 4083 3867 4154">
     <span class='ocr_line' id='line_1_104' title="bbox 2153 4083 3867 4154; baseline 0 -18"><span class='ocrx_word' id='word_1_692' title='bbox 2153 4083 2498 4154; x_wconf 87' lang='lat' dir='ltr'>judicamus,</span> <span class='ocrx_word' id='word_1_693' title='bbox 2531 4083 2834 4138; x_wconf 73' lang='lat' dir='ltr'>dominicze</span> <span class='ocrx_word' id='word_1_694' title='bbox 2863 4083 3242 4154; x_wconf 86' lang='lat' dir='ltr'>obsequentes</span> <span class='ocrx_word' id='word_1_695' title='bbox 3269 4084 3389 4137; x_wconf 85' lang='lat' dir='ltr'>voci</span> <span class='ocrx_word' id='word_1_696' title='bbox 3421 4085 3723 4137; x_wconf 85' lang='lat' dir='ltr'>manifeste</span> <span class='ocrx_word' id='word_1_697' title='bbox 3755 4085 3867 4138; x_wconf 88' lang='lat' dir='ltr'>cla-</span> 
     </span>
    </p>
   </div>
   <div class='ocr_carea' id='block_1_105' title="bbox 2159 4170 3866 4240">
    <p class='ocr_par' dir='ltr' id='par_1_105' title="bbox 2159 4170 3866 4240">
     <span class='ocr_line' id='line_1_105' title="bbox 2159 4170 3866 4240; baseline 0 -14"><span class='ocrx_word' id='word_1_698' title='bbox 2159 4173 2334 4226; x_wconf 77' lang='lat' dir='ltr'>mariti</span> <span class='ocrx_word' id='word_1_699' title='bbox 2365 4190 2376 4226; x_wconf 94' lang='lat'>:</span> <span class='ocrx_word' id='word_1_700' title='bbox 2413 4176 2548 4240; x_wconf 63' lang='lat' dir='ltr'>Quae</span> <span class='ocrx_word' id='word_1_701' title='bbox 2576 4172 2748 4230; x_wconf 80' lang='lat' dir='ltr'>vultis</span> <span class='ocrx_word' id='word_1_702' title='bbox 2766 4176 2826 4226; x_wconf 87' lang='lat' dir='ltr'>ut</span> <span class='ocrx_word' id='word_1_703' title='bbox 2854 4172 3082 4236; x_wconf 78' lang='lat' dir='ltr'>faciant</span> <span class='ocrx_word' id='word_1_704' title='bbox 3100 4171 3253 4226; x_wconf 80' lang='lat' dir='ltr'>vobis</span> <span class='ocrx_word' id='word_1_705' title='bbox 3269 4170 3524 4226; x_wconf 83' lang='lat' dir='ltr'>homines</span> <span class='ocrx_word' id='word_1_706' title='bbox 3549 4189 3560 4226; x_wconf 93' lang='lat'>:</span> <span class='ocrx_word' id='word_1_707' title='bbox 3583 4176 3666 4227; x_wconf 89' lang='lat' dir='ltr'>sic</span> <span class='ocrx_word' id='word_1_708' title='bbox 3685 4178 3745 4226; x_wconf 82' lang='lat' dir='ltr'>et</span> <span class='ocrx_word' id='word_1_709' title='bbox 3766 4190 3866 4228; x_wconf 78' lang='lat' dir='ltr'>vos</span> 
     </span>
    </p>
   </div>
   <div class='ocr_carea' id='block_1_106' title="bbox 2158 4261 3862 4332">
    <p class='ocr_par' dir='ltr' id='par_1_106' title="bbox 2158 4261 3862 4332">
     <span class='ocr_line' id='line_1_106' title="bbox 2158 4261 3862 4332; baseline 0.001 -17"><span class='ocrx_word' id='word_1_710' title='bbox 2158 4261 2336 4322; x_wconf 79' lang='lat' dir='ltr'>facile</span> <span class='ocrx_word' id='word_1_711' title='bbox 2364 4262 2445 4316; x_wconf 89' lang='lat' dir='ltr'>eis</span> <span class='ocrx_word' id='word_1_712' title='bbox 2473 4262 2705 4332; x_wconf 77' lang='lat' dir='ltr'>(Matth.</span> <span class='ocrx_word' id='word_1_713' title='bbox 2739 4262 2861 4330; x_wconf 86' lang='lat' dir='ltr'>vn),</span> <span class='ocrx_word' id='word_1_714' title='bbox 2892 4267 2948 4316; x_wconf 90' lang='lat' dir='ltr'>et</span> <span class='ocrx_word' id='word_1_715' title='bbox 2978 4263 3353 4332; x_wconf 84' lang='lat' dir='ltr'>apostolicam</span> <span class='ocrx_word' id='word_1_716' title='bbox 3384 4262 3704 4316; x_wconf 88' lang='lat' dir='ltr'>doctrinam</span> <span class='ocrx_word' id='word_1_717' title='bbox 3741 4279 3862 4316; x_wconf 89' lang='lat' dir='ltr'>am-</span> 
     </span>
    </p>
   </div>
   <div class='ocr_carea' id='block_1_107' title="bbox 2164 4349 3867 4421">
    <p class='ocr_par' dir='ltr' id='par_1_107' title="bbox 2164 4349 3867 4421">
     <span class='ocr_line' id='line_1_107' title="bbox 2164 4349 3867 4421; baseline 0.002 -18"><span class='ocrx_word' id='word_1_718' title='bbox 2164 4352 2473 4421; x_wconf 88' lang='lat' dir='ltr'>plectentes</span> <span class='ocrx_word' id='word_1_719' title='bbox 2487 4351 2782 4404; x_wconf 86' lang='lat' dir='ltr'>docentem</span> <span class='ocrx_word' id='word_1_720' title='bbox 2803 4367 2814 4404; x_wconf 94' lang='lat'><strong>:</strong></span> <span class='ocrx_word' id='word_1_721' title='bbox 2840 4353 2946 4404; x_wconf 78' lang='lat' dir='ltr'>Vos</span> <span class='ocrx_word' id='word_1_722' title='bbox 2966 4349 3196 4404; x_wconf 84' lang='lat' dir='ltr'>invicem</span> <span class='ocrx_word' id='word_1_723' title='bbox 3213 4351 3422 4404; x_wconf 80' lang='lat' dir='ltr'>honore</span> <span class='ocrx_word' id='word_1_724' title='bbox 3443 4353 3867 4420; x_wconf 59' lang='lat' dir='ltr'>{aravenientes</span> 
     </span>
    </p>
   </div>
   <div class='ocr_carea' id='block_1_108' title="bbox 2188 4438 3863 4508">
    <p class='ocr_par' dir='ltr' id='par_1_108' title="bbox 2188 4438 3863 4508">
     <span class='ocr_line' id='line_1_108' title="bbox 2188 4438 3863 4508; baseline 0 -16"><span class='ocrx_word' id='word_1_725' title='bbox 2188 4441 2350 4493; x_wconf 85' lang='lat' dir='ltr'>Rom.</span> <span class='ocrx_word' id='word_1_726' title='bbox 2411 4440 2532 4508; x_wconf 80' lang='lat' dir='ltr'>xu).</span> <span class='ocrx_word' id='word_1_727' title='bbox 2597 4441 2724 4493; x_wconf 66' lang='lat' dir='ltr'>Haec</span> <span class='ocrx_word' id='word_1_728' title='bbox 2795 4438 3061 4508; x_wconf 87' lang='lat' dir='ltr'>operibus</span> <span class='ocrx_word' id='word_1_729' title='bbox 3123 4440 3422 4493; x_wconf 89' lang='lat' dir='ltr'>ostendere</span> <span class='ocrx_word' id='word_1_730' title='bbox 3494 4439 3863 4506; x_wconf 88' lang='lat' dir='ltr'>festinamus,</span> 
     </span>
    </p>
   </div>
   <div class='ocr_carea' id='block_1_109' title="bbox 2156 4527 3861 4597">
    <p class='ocr_par' dir='ltr' id='par_1_109' title="bbox 2156 4527 3861 4597">
     <span class='ocr_line' id='line_1_109' title="bbox 2156 4527 3861 4597; baseline 0.001 -17"><span class='ocrx_word' id='word_1_731' title='bbox 2156 4528 2450 4582; x_wconf 89' lang='lat' dir='ltr'>vinculum</span> <span class='ocrx_word' id='word_1_732' title='bbox 2482 4528 2784 4581; x_wconf 89' lang='lat' dir='ltr'>insolubile</span> <span class='ocrx_word' id='word_1_733' title='bbox 2834 4527 3118 4597; x_wconf 89' lang='lat' dir='ltr'>spirituali</span> <span class='ocrx_word' id='word_1_734' title='bbox 3161 4528 3392 4582; x_wconf 90' lang='lat' dir='ltr'>caritate</span> <span class='ocrx_word' id='word_1_735' title='bbox 3422 4527 3490 4581; x_wconf 90' lang='lat' dir='ltr'>ad</span> <span class='ocrx_word' id='word_1_736' title='bbox 3528 4529 3861 4582; x_wconf 89' lang='lat' dir='ltr'>unitionem</span> 
     </span>
    </p>
   </div>
   <div class='ocr_carea' id='block_1_110' title="bbox 2159 4617 3862 4688">
    <p class='ocr_par' dir='ltr' id='par_1_110' title="bbox 2159 4617 3862 4688">
     <span class='ocr_line' id='line_1_110' title="bbox 2159 4617 3862 4688; baseline 0 -18"><span class='ocrx_word' id='word_1_737' title='bbox 2159 4617 2605 4688; x_wconf 88' lang='lat' dir='ltr'>(adunationem)</span> <span class='ocrx_word' id='word_1_738' title='bbox 2663 4621 2989 4670; x_wconf 85' lang='lat' dir='ltr'>sanctarum</span> <span class='ocrx_word' id='word_1_739' title='bbox 3051 4617 3422 4670; x_wconf 86' lang='lat' dir='ltr'>Ecclesiarum</span> <span class='ocrx_word' id='word_1_740' title='bbox 3475 4617 3862 4684; x_wconf 87' lang='lat' dir='ltr'>continentes,</span> 
     </span>
    </p>
   </div>
   <div class='ocr_carea' id='block_1_111' title="bbox 2157 4705 3866 4777">
    <p class='ocr_par' dir='ltr' id='par_1_111' title="bbox 2157 4705 3866 4777">
     <span class='ocr_line' id='line_1_111' title="bbox 2157 4705 3866 4777; baseline 0.001 -18"><span class='ocrx_word' id='word_1_741' title='bbox 2157 4723 2271 4777; x_wconf 87' lang='lat' dir='ltr'>quo</span> <span class='ocrx_word' id='word_1_742' title='bbox 2299 4722 2402 4759; x_wconf 90' lang='lat' dir='ltr'>nec</span> <span class='ocrx_word' id='word_1_743' title='bbox 2430 4705 2872 4758; x_wconf 91' lang='lat' dir='ltr'>contratriorum</span> <span class='ocrx_word' id='word_1_744' title='bbox 2897 4705 3203 4777; x_wconf 89' lang='lat' dir='ltr'>spirituum</span> <span class='ocrx_word' id='word_1_745' title='bbox 3236 4705 3462 4772; x_wconf 92' lang='lat' dir='ltr'>ictibus,</span> <span class='ocrx_word' id='word_1_746' title='bbox 3491 4721 3595 4759; x_wconf 90' lang='lat' dir='ltr'>nec</span> <span class='ocrx_word' id='word_1_747' title='bbox 3623 4706 3866 4761; x_wconf 84' lang='lat' dir='ltr'>ﬂuctua-</span> 
     </span>
    </p>
   </div>
   <div class='ocr_carea' id='block_1_112' title="bbox 2156 4794 3865 4864">
    <p class='ocr_par' dir='ltr' id='par_1_112' title="bbox 2156 4794 3865 4864">
     <span class='ocr_line' id='line_1_112' title="bbox 2156 4794 3865 4864; baseline -0.001 -15"><span class='ocrx_word' id='word_1_748' title='bbox 2156 4795 2412 4849; x_wconf 86' lang='lat' dir='ltr'>tiouibus</span> <span class='ocrx_word' id='word_1_749' title='bbox 2442 4795 2726 4847; x_wconf 89' lang='lat' dir='ltr'>malorum</span> <span class='ocrx_word' id='word_1_750' title='bbox 2747 4795 3040 4864; x_wconf 89' lang='lat' dir='ltr'>principis,</span> <span class='ocrx_word' id='word_1_751' title='bbox 3070 4795 3157 4848; x_wconf 89' lang='lat' dir='ltr'>vel</span> <span class='ocrx_word' id='word_1_752' title='bbox 3188 4794 3440 4848; x_wconf 88' lang='lat' dir='ltr'>veritatis</span> <span class='ocrx_word' id='word_1_753' title='bbox 3471 4794 3691 4848; x_wconf 89' lang='lat' dir='ltr'>inimici</span> <span class='ocrx_word' id='word_1_754' title='bbox 3725 4797 3865 4848; x_wconf 83' lang='lat' dir='ltr'>titu-</span> 
     </span>
    </p>
   </div>
   <div class='ocr_carea' id='block_1_113' title="bbox 2157 4883 3868 4956">
    <p class='ocr_par' dir='ltr' id='par_1_113' title="bbox 2157 4883 3868 4956">
     <span class='ocr_line' id='line_1_113' title="bbox 2157 4883 3868 4956; baseline 0 -18"><span class='ocrx_word' id='word_1_755' title='bbox 2157 4885 2291 4938; x_wconf 89' lang='lat' dir='ltr'>bare</span> <span class='ocrx_word' id='word_1_756' title='bbox 2325 4885 2626 4956; x_wconf 88' lang='lat' dir='ltr'>possimus,</span> <span class='ocrx_word' id='word_1_757' title='bbox 2653 4884 2960 4938; x_wconf 86' lang='lat' dir='ltr'>auxiliante</span> <span class='ocrx_word' id='word_1_758' title='bbox 2989 4883 3152 4938; x_wconf 88' lang='lat' dir='ltr'>nobis</span> <span class='ocrx_word' id='word_1_759' title='bbox 3179 4890 3372 4937; x_wconf 85' lang='lat' dir='ltr'>sancta</span> <span class='ocrx_word' id='word_1_760' title='bbox 3401 4889 3457 4938; x_wconf 90' lang='lat' dir='ltr'>et</span> <span class='ocrx_word' id='word_1_761' title='bbox 3485 4884 3868 4938; x_wconf 86' lang='lat' dir='ltr'>consubstan-</span> 
     </span>
    </p>
   </div>
   <div class='ocr_carea' id='block_1_114' title="bbox 2155 4973 3865 5043">
    <p class='ocr_par' dir='ltr' id='par_1_114' title="bbox 2155 4973 3865 5043">
     <span class='ocr_line' id='line_1_114' title="bbox 2155 4973 3865 5043; baseline 0.001 -17"><span class='ocrx_word' id='word_1_762' title='bbox 2155 4973 2276 5027; x_wconf 90' lang='lat' dir='ltr'>tiali</span> <span class='ocrx_word' id='word_1_763' title='bbox 2323 4974 2623 5040; x_wconf 81' lang='lat' dir='ltr'>&#39;l‘rinitate,</span> <span class='ocrx_word' id='word_1_764' title='bbox 2686 4973 3092 5027; x_wconf 86' lang='lat' dir='ltr'>intercessione</span> <span class='ocrx_word' id='word_1_765' title='bbox 3146 4973 3414 5043; x_wconf 68' lang='lat' dir='ltr'>gloriosa:</span> <span class='ocrx_word' id='word_1_766' title='bbox 3467 4978 3523 5026; x_wconf 91' lang='lat' dir='ltr'>et</span> <span class='ocrx_word' id='word_1_767' title='bbox 3562 4989 3709 5027; x_wconf 55' lang='lat' dir='ltr'>veras</span> <span class='ocrx_word' id='word_1_768' title='bbox 3758 4975 3865 5028; x_wconf 90' lang='lat' dir='ltr'>Dei</span> 
     </span>
    </p>
   </div>
   <div class='ocr_carea' id='block_1_115' title="bbox 2157 5062 3862 5132">
    <p class='ocr_par' dir='ltr' id='par_1_115' title="bbox 2157 5062 3862 5132">
     <span class='ocr_line' id='line_1_115' title="bbox 2157 5062 3862 5132; baseline 0.002 -18"><span class='ocrx_word' id='word_1_769' title='bbox 2157 5062 2448 5132; x_wconf 87' lang='lat' dir='ltr'>genitricis</span> <span class='ocrx_word' id='word_1_770' title='bbox 2489 5062 2675 5115; x_wconf 70' lang='lat' dir='ltr'>Maria:</span> <span class='ocrx_word' id='word_1_771' title='bbox 2708 5079 2720 5115; x_wconf 92' lang='lat'><strong>:</strong></span> <span class='ocrx_word' id='word_1_772' title='bbox 2757 5078 2860 5132; x_wconf 91' lang='lat' dir='ltr'>per</span> <span class='ocrx_word' id='word_1_773' title='bbox 2890 5078 3019 5130; x_wconf 75' lang='lat' dir='ltr'>quin</span> <span class='ocrx_word' id='word_1_774' title='bbox 3051 5063 3342 5132; x_wconf 63' lang='lat' dir='ltr'>praecipue</span> <span class='ocrx_word' id='word_1_775' title='bbox 3390 5062 3576 5130; x_wconf 87' lang='lat' dir='ltr'>nobis,</span> <span class='ocrx_word' id='word_1_776' title='bbox 3621 5062 3862 5117; x_wconf 88' lang='lat' dir='ltr'>domine</span> 
     </span>
    </p>
   </div>
   <div class='ocr_carea' id='block_1_116' title="bbox 2157 5151 3864 5222">
    <p class='ocr_par' dir='ltr' id='par_1_116' title="bbox 2157 5151 3864 5222">
     <span class='ocr_line' id='line_1_116' title="bbox 2157 5151 3864 5222; baseline 0.001 -17"><span class='ocrx_word' id='word_1_777' title='bbox 2157 5157 2326 5222; x_wconf 86' lang='lat' dir='ltr'>atque</span> <span class='ocrx_word' id='word_1_778' title='bbox 2375 5151 2751 5218; x_wconf 87' lang='lat' dir='ltr'>sanctissime,</span> <span class='ocrx_word' id='word_1_779' title='bbox 2807 5151 3162 5205; x_wconf 90' lang='lat' dir='ltr'>immobilem</span> <span class='ocrx_word' id='word_1_780' title='bbox 3225 5167 3564 5222; x_wconf 87' lang='lat' dir='ltr'>permanere</span> <span class='ocrx_word' id='word_1_781' title='bbox 3623 5169 3864 5207; x_wconf 90' lang='lat' dir='ltr'>oramus</span> 
     </span>
    </p>
   </div>
   <div class='ocr_carea' id='block_1_117' title="bbox 2158 5241 3862 5312">
    <p class='ocr_par' dir='ltr' id='par_1_117' title="bbox 2158 5241 3862 5312">
     <span class='ocr_line' id='line_1_117' title="bbox 2158 5241 3862 5312; baseline 0.001 -18"><span class='ocrx_word' id='word_1_782' title='bbox 2158 5245 2480 5295; x_wconf 89' lang='lat' dir='ltr'>nostrarum</span> <span class='ocrx_word' id='word_1_783' title='bbox 2507 5246 2939 5312; x_wconf 90' lang='lat' dir='ltr'>vestrarumque</span> <span class='ocrx_word' id='word_1_784' title='bbox 2975 5246 3298 5294; x_wconf 88' lang='lat' dir='ltr'>sanctarum</span> <span class='ocrx_word' id='word_1_785' title='bbox 3331 5241 3706 5295; x_wconf 84' lang='lat' dir='ltr'>Ecclesiarum</span> <span class='ocrx_word' id='word_1_786' title='bbox 3737 5247 3862 5296; x_wconf 87' lang='lat' dir='ltr'>sta-</span> 
     </span>
    </p>
   </div>
   <div class='ocr_carea' id='block_1_118' title="bbox 2160 5331 3862 5402">
    <p class='ocr_par' dir='ltr' id='par_1_118' title="bbox 2160 5331 3862 5402">
     <span class='ocr_line' id='line_1_118' title="bbox 2160 5331 3862 5402; baseline 0.002 -18"><span class='ocrx_word' id='word_1_787' title='bbox 2160 5337 2299 5392; x_wconf 89' lang='lat' dir='ltr'>tum,</span> <span class='ocrx_word' id='word_1_788' title='bbox 2359 5332 2736 5385; x_wconf 87' lang='lat' dir='ltr'>nihilominus</span> <span class='ocrx_word' id='word_1_789' title='bbox 2785 5335 2841 5383; x_wconf 92' lang='lat' dir='ltr'>et</span> <span class='ocrx_word' id='word_1_790' title='bbox 2891 5331 3335 5402; x_wconf 87' lang='lat' dir='ltr'>inseparabilem</span> <span class='ocrx_word' id='word_1_791' title='bbox 3388 5331 3675 5385; x_wconf 90' lang='lat' dir='ltr'>custodire</span> <span class='ocrx_word' id='word_1_792' title='bbox 3717 5332 3862 5387; x_wconf 80' lang='lat' dir='ltr'>ﬁdei</span> 
     </span>
    </p>
   </div>
   <div class='ocr_carea' id='block_1_119' title="bbox 2157 5419 3858 5491">
    <p class='ocr_par' dir='ltr' id='par_1_119' title="bbox 2157 5419 3858 5491">
     <span class='ocr_line' id='line_1_119' title="bbox 2157 5419 3858 5491; baseline 0.001 -17"><span class='ocrx_word' id='word_1_793' title='bbox 2157 5421 2476 5475; x_wconf 90' lang='lat' dir='ltr'>unitionem</span> <span class='ocrx_word' id='word_1_794' title='bbox 2511 5437 2523 5475; x_wconf 87' lang='lat'><strong>:</strong></span> <span class='ocrx_word' id='word_1_795' title='bbox 2559 5425 2758 5491; x_wconf 89' lang='lat' dir='ltr'>potens</span> <span class='ocrx_word' id='word_1_796' title='bbox 2791 5426 2876 5474; x_wconf 89' lang='lat' dir='ltr'>est</span> <span class='ocrx_word' id='word_1_797' title='bbox 2913 5421 3068 5474; x_wconf 72' lang='lat' dir='ltr'>enim</span> <span class='ocrx_word' id='word_1_798' title='bbox 3104 5421 3250 5474; x_wconf 91' lang='lat' dir='ltr'>Deus</span> <span class='ocrx_word' id='word_1_799' title='bbox 3297 5419 3545 5475; x_wconf 58' lang='lat' dir='ltr'>victoriae.</span> <span class='ocrx_word' id='word_1_800' title='bbox 3594 5421 3858 5490; x_wconf 88' lang='lat' dir='ltr'>palmam</span> 
     </span>
    </p>
   </div>
   <div class='ocr_carea' id='block_1_120' title="bbox 2155 5509 3860 5580">
    <p class='ocr_par' dir='ltr' id='par_1_120' title="bbox 2155 5509 3860 5580">
     <span class='ocr_line' id='line_1_120' title="bbox 2155 5509 3860 5580; baseline 0.002 -18"><span class='ocrx_word' id='word_1_801' title='bbox 2155 5511 2516 5580; x_wconf 88' lang='lat' dir='ltr'>sperantibus</span> <span class='ocrx_word' id='word_1_802' title='bbox 2541 5511 2601 5563; x_wconf 88' lang='lat' dir='ltr'>in</span> <span class='ocrx_word' id='word_1_803' title='bbox 2632 5525 2764 5563; x_wconf 90' lang='lat' dir='ltr'>eum</span> <span class='ocrx_word' id='word_1_804' title='bbox 2791 5509 2912 5563; x_wconf 89' lang='lat' dir='ltr'>sine</span> <span class='ocrx_word' id='word_1_805' title='bbox 2937 5511 3246 5564; x_wconf 89' lang='lat' dir='ltr'>certamine</span> <span class='ocrx_word' id='word_1_806' title='bbox 3265 5509 3607 5564; x_wconf 88' lang='lat' dir='ltr'>condonare.</span> <span class='ocrx_word' id='word_1_807' title='bbox 3635 5511 3860 5564; x_wconf 86' lang='lat' dir='ltr'>Instan-</span> 
     </span>
    </p>
   </div>
   <div class='ocr_carea' id='block_1_121' title="bbox 2156 5599 3855 5669">
    <p class='ocr_par' dir='ltr' id='par_1_121' title="bbox 2156 5599 3855 5669">
     <span class='ocr_line' id='line_1_121' title="bbox 2156 5599 3855 5669; baseline -0.001 -16"><span class='ocrx_word' id='word_1_808' title='bbox 2156 5600 2226 5653; x_wconf 84' lang='lat' dir='ltr'>tis</span> <span class='ocrx_word' id='word_1_809' title='bbox 2258 5605 2449 5654; x_wconf 89' lang='lat' dir='ltr'>autem</span> <span class='ocrx_word' id='word_1_810' title='bbox 2479 5599 2782 5653; x_wconf 68' lang='lat' dir='ltr'>dominicae</span> <span class='ocrx_word' id='word_1_811' title='bbox 2830 5599 3109 5669; x_wconf 89' lang='lat' dir='ltr'>passionis</span> <span class='ocrx_word' id='word_1_812' title='bbox 3141 5615 3468 5663; x_wconf 89' lang='lat' dir='ltr'>numerum,</span> <span class='ocrx_word' id='word_1_813' title='bbox 3503 5599 3601 5668; x_wconf 91' lang='lat' dir='ltr'>qui</span> <span class='ocrx_word' id='word_1_814' title='bbox 3644 5600 3855 5653; x_wconf 83' lang='lat' dir='ltr'>vestris</span> 
     </span>
    </p>
   </div>
   <div class='ocr_carea' id='block_1_122' title="bbox 2156 5688 3850 5758">
    <p class='ocr_par' dir='ltr' id='par_1_122' title="bbox 2156 5688 3850 5758">
     <span class='ocr_line' id='line_1_122' title="bbox 2156 5688 3850 5758; baseline 0.001 -18"><span class='ocrx_word' id='word_1_815' title='bbox 2156 5688 2480 5740; x_wconf 79' lang='lat' dir='ltr'>continetur</span> <span class='ocrx_word' id='word_1_816' title='bbox 2512 5688 2738 5752; x_wconf 77' lang='lat' dir='ltr'>litteris,</span> <span class='ocrx_word' id='word_1_817' title='bbox 2765 5705 2829 5740; x_wconf 85' lang='lat' dir='ltr'>ex</span> <span class='ocrx_word' id='word_1_818' title='bbox 2862 5688 3123 5758; x_wconf 77' lang='lat' dir='ltr'>repositis</span> <span class='ocrx_word' id='word_1_819' title='bbox 3148 5690 3295 5758; x_wconf 82' lang='lat' dir='ltr'>apud</span> <span class='ocrx_word' id='word_1_820' title='bbox 3327 5705 3430 5740; x_wconf 79' lang='lat' dir='ltr'>nos</span> <span class='ocrx_word' id='word_1_821' title='bbox 3460 5689 3572 5740; x_wconf 67' lang='lat' dir='ltr'>diei</span> <span class='ocrx_word' id='word_1_822' title='bbox 3604 5689 3850 5756; x_wconf 83' lang='lat' dir='ltr'>pascha-</span> 
     </span>
    </p>
   </div>
  </div>
