3998 6172
169 210 255 260 481
1466 203 1823 259 EPISTOL/E
1864 204 1949 258 ET
1990 204 2337 258 DECRETA.

169 338 226 390 lis
263 333 553 387 annalibus
600 337 753 385 recte
804 332 1012 385 habere
1057 331 1443 401 signiﬁcamus
1491 348 1509 367 ·

168 412 381 496 quidem
414 420 692 489 scientes),
742 426 797 475 et
845 426 979 474 tunc
1027 423 1411 493 scrupulosius
1460 424 1834 493 requirentes,

165 514 273 567 sine
316 509 670 565 dubitatione
724 508 919 562 mundi
959 510 1318 564 festivitatem
1370 512 1686 566 incolumes
1736 529 1837 565 nos

162 602 431 656 celebrare
462 616 556 651 xm
597 599 964 652 Calendarum
989 600 1261 653 Maiarum
1282 601 1373 655 die
1405 606 1667 672 optamus
1700 619 1711 655 :
1740 602 1839 673 qui

163 700 233 747 est
256 688 479 761 proprie
506 705 694 741 nonus
725 688 980 742 decimus
1011 689 1127 742 dies
1158 690 1336 744 futuri
1362 692 1571 744 mensis
1603 691 1833 761 Aprilis.

164 781 308 834 Orate
360 778 552 847 igitur,
616 782 671 831 et
727 778 874 831 circa
928 784 1180 833 nostram
1241 780 1581 834 memoriam
1614 781 1833 835 nullam

163 868 483 923 oblivionem
518 872 704 922 vester
739 869 986 933 animus,
1018 868 1391 937 sanctissime,
1418 871 1626 924 habere
1648 871 1837 941 digne-

164 965 253 1013 tur.
283 958 519 1013 Omnem
556 973 684 1027 quze
712 973 838 1010 cum
870 961 1055 1012 vestra
1086 962 1170 1011 est
1194 959 1491 1013 sanctitate
1524 960 1583 1013 in
1616 961 1837 1014 Christo

163 1047 555 1101 fraternitatem
581 1064 685 1117 ego
708 1064 933 1118 quoque
957 1052 1011 1101 et
1034 1048 1144 1101 mei
1160 1047 1476 1118 plurimum
1499 1050 1833 1104 salutamus.

163 1137 275 1193 Alia
304 1152 523 1191 manu:
576 1138 880 1190 Incolumis
930 1138 985 1190 in
1037 1138 1281 1191 Domino
1342 1156 1440 1193 ora
1501 1156 1604 1209 pro
1651 1140 1837 1209 nobis,

164 1226 397 1280 amabilis
438 1227 539 1279 Dei
564 1227 993 1281 etsanetissime
1023 1228 1219 1281 frater.
1257 1230 1399 1282 Data
1433 1229 1837 1283 Constantino-

162 1317 284 1388 poli,
339 1333 431 1370 xxv
481 1316 749 1370 calendas
804 1317 1113 1385 Februarii,
1167 1318 1444 1373 Vitaliano
1503 1324 1558 1373 et
1610 1320 1836 1374 Rustico

164 1423 233 1458 vv.
264 1421 336 1459 cc.
366 1405 700 1459 consulibus
734 1405 908 1475 (anno
942 1408 1168 1461 Domini
1193 1410 1337 1474 5‘20).

799 1496 1177 1551 SUCGESTIO

164 1602 372 1640 GERIANI
418 1602 671 1651 EPISCOPI,
722 1603 920 1639 FELICIS
959 1604 1020 1640 ET
1068 1602 1311 1641 DIOSCORI
1357 1603 1735 1655 DIACONORUM,
1780 1606 1839 1643 ET

703 1692 899 1728 BLANDI
937 1693 1280 1730 PRESBYTERI.

164 1763 479 1817 Dorolheum
514 1764 1075 1838 Heracleamfuisse
1090 1766 1447 1835 perductum,
1474 1783 1575 1820 nec
1598 1768 1840 1838 impera-

221 1839 385 1888 torem
412 1835 752 1905 permisisse
772 1840 833 1888 ut
863 1839 1107 1891 Romam
1138 1838 1471 1891 duceretur:
1495 1838 1627 1892 inde
1646 1835 1836 1893 autem

217 1924 248 1959 α
274 1906 472 1979 quibus
501 1907 689 1970 fuerit
708 1907 987 1979 dimissus
1015 1908 1295 1978 ignorari.
1332 1914 1408 1963 De
1438 1910 1713 1979 paschali
1744 1911 1837 1964 die

219 1978 558 2032 Orientalem
585 1977 899 2032 Ecclesium
929 1996 1057 2032 cum
1087 1982 1353 2034 Romana
1385 1977 1697 2036 convenire.

217 2067 531 2120 Reverenda
577 2068 750 2120 vestri
804 2070 1156 2136 apostolatus
1219 2070 1474 2139 alloquia
1524 2086 1627 2140 per
1686 2071 1836 2124 filios

166 2162 345 2210 vestros
371 2159 622 2211 Leonem
648 2164 817 2228 atque
840 2159 1137 2228 Eulogium
1168 2158 1835 2215 desiderabililiilaritate

164 2248 517 2317 suscepimus;
570 2264 817 2318 quorum
887 2247 1048 2318 prius
1116 2254 1495 2318 praeceptum,
1547 2266 1646 2303 cur
1705 2268 1834 2321 quas

164 2336 545 2389 Thessalonicae.
595 2338 964 2405 contigerunt
1011 2353 1124 2390 non
1157 2337 1596 2403 insinuavimus,
1630 2356 1834 2410 argue-

162 2421 256 2476 bat.
285 2425 383 2479 Sed
416 2426 613 2501 longe»
638 2431 766 2479 ante
798 2426 917 2495 ejus
950 2426 1282 2491 adventum,
1336 2429 1634 2482 occasione
1678 2446 1833 2483 com-

162 2519 342 2582 parata,
399 2514 735 2567 curavimus
803 2515 1124 2584 significare
1184 2532 1543 2586 quaieunque
1602 2534 1832 2571 rumore

171 2603 512 2665 venientium,
553 2604 641 2656 vel
672 2620 871 2656 eorum
905 2604 1004 2673 qui
1036 2606 1392 2674 pertulerant
1422 2606 1667 2675 scriptis,
1689 2624 1832 2677 quo-

169 2706 271 2743 rum
297 2693 562 2761 exempla
610 2693 804 2746 subter
847 2692 1235 2762 adjunximus,
1284 2695 1367 2746 vel
1393 2694 1636 2762 piissimi
1673 2697 1829 2764 prin-

162 2778 274 2847 cipis
312 2782 644 2835 narratione
699 2783 1106 2851 comperimus.
1166 2782 1369 2836 Secuta
1427 2790 1511 2837 est
1567 2785 1831 2839 vindictae

162 2869 419 2937 promissio
455 2887 467 2924 :
505 2870 655 2923 adeo
686 2875 751 2922 ut
786 2870 1103 2924 Dorotheus
1142 2870 1657 2924 Thessalonicensis
1709 2873 1830 2941 epi-

163 2972 328 3026 scopus
368 2959 435 3011 ad
490 2959 831 3012 Heracleam
876 2960 1258 3013 deduceretur
1287 2960 1594 3027 civitatem,
1651 2961 1832 3015 donec

164 3060 296 3099 causa
314 3048 634 3101 terminum
668 3052 964 3118 reperiret.
1019 3050 1173 3101 [uter
1214 3048 1354 3113 haec,
1410 3049 1725 3102 secundum
1767 3066 1834 3103 ea

166 3150 265 3203 quae
308 3138 686 3207 precepistis,
754 3139 1171 3206 {auctoritatem
1250 3138 1596 3207 apostolatus
1661 3139 1832 3192 vestri

164 3223 371 3294 principi
417 3224 722 3278 insinuare
777 3226 1120 3289 curavimus,
1179 3230 1239 3279 ut
1283 3227 1349 3279 ad
1403 3226 1829 3295 percipiendam

164 3309 435 3367 doctrinam
470 3313 774 3366 catholica:
809 3313 1074 3382 puritatis
1128 3315 1363 3366 Romam
1414 3314 1685 3383 prmfatus
1716 3317 1825 3369 Do-

163 3400 355 3454 rotbeus
402 3419 521 3455 una
564 3418 696 3455 cum
728 3402 971 3456 Aristide
1004 3402 1348 3456 mitteretur.
1387 3403 1490 3467 Qui
1536 3406 1830 3473 respondit

163 3503 348 3543 causam
377 3508 488 3545 non
536 3508 657 3545 esse
690 3508 793 3560 pro
828 3509 942 3561 qua
994 3492 1233 3545 Romam
1293 3493 1694 3562 delegarentur
1725 3511 1823 3548 au-

163 3575 335 3647 diendi,
366 3581 458 3633 ubi
492 3581 626 3634 sine
658 3586 1057 3634 accusatorum
1090 3582 1478 3634 controversia
1508 3599 1564 3635 se
1596 3590 1830 3652 possent

161 3664 351 3721 liberius
380 3686 675 3723 excusare.
712 3669 819 3723 Sed
866 3674 1124 3739 repente,
1171 3672 1307 3723 dum
1355 3672 1473 3723 haec
1520 3678 1825 3741 geruntur,

164 3754 214 3805 ab
239 3756 594 3824 Heracliensi,
630 3763 911 3829 quantum
956 3759 1311 3829 agnovimus,
1352 3761 1411 3813 in
1446 3778 1555 3830 qua
1586 3762 1823 3816 teneba-

163 3845 249 3907 tur,
281 3846 539 3901 dimissus
572 3852 660 3900 est
700 3846 925 3901 civitate
962 3863 973 3900 :
1006 3864 1179 3917 quam
1211 3850 1285 3902 ob
1318 3866 1563 3917 causam,
1599 3852 1685 3903 vel
1713 3868 1825 3921 qua

164 3932 362 4001 ratione,
393 3942 491 3990 aut
523 3937 879 4002 conditione,
922 3937 1008 3989 vel
1058 3936 1266 4007 quibus
1319 3940 1619 4008 agentibus
1660 3940 1820 4009 igno-

163 4034 334 4076 ramus.
369 4026 444 4078 De
485 4024 743 4095 paschali
792 4026 882 4079 die
930 4031 1116 4079 vestra
1178 4028 1468 4080 beatitudo
1517 4035 1823 4099 cognoscat

164 4114 461 4167 concordare
496 4114 879 4169 Orientalium
915 4132 1044 4167 cum
1076 4117 1386 4191 apostolica
1417 4117 1548 4171 sede
1584 4124 1822 4171 senten-

168 4197 293 4266 tiam,
322 4208 378 4255 ut
406 4220 501 4257 xm
538 4203 909 4257 calendarum
942 4204 1215 4257 Maiarum
1252 4205 1341 4259 die
1371 4206 1646 4261 festivitas
1674 4208 1820 4261 cele-

168 4284 347 4343 branda
376 4296 658 4361 speretur,
690 4292 834 4345 sicut
878 4293 1109 4346 Joannis
1147 4310 1376 4364 quoque
1418 4295 1823 4349 Constantino-

167 4376 363 4442 politani
392 4380 668 4435 antistitis
700 4382 972 4435 relatione
995 4384 1245 4436 clarebit.
1284 4384 1554 4453 Superest
1598 4390 1661 4439 ut
1695 4402 1821 4439 ora-

167 4462 302 4519 tionis
321 4469 689 4524 beatitudinis
722 4476 922 4525 vestra:
974 4472 1319 4526 adminiculo
1362 4475 1624 4527 celeriter
1680 4475 1824 4528 sicut

167 4555 404 4627 cupimus,
435 4559 639 4614 vestris
671 4577 995 4614 mereamur
1024 4561 1361 4631 praesentari
1402 4562 1675 4633 vestigiis.

562 4723 569 4729 ,
790 4669 1161 4723 lNDlCULUS

169 4761 235 4802 QUI
266 4767 498 4809 DIREC‘I'US
531 4772 623 4810 EST
650 4773 684 4809 Δ
713 4773 943 4823 JOANNE,
976 4773 1246 4823 EPISCOPO,
1280 4772 1381 4811 VEL
1426 4774 1493 4810 AB
1526 4774 1816 4814 EPIPHANIO

528 4861 859 4899 PRESBYTERO
899 4862 966 4898 DE
1006 4862 1305 4899 THESSALON
1316 4863 1417 4899 ICA.

344 4948 931 5007 Thessalonicensium
970 4952 1219 5007 crimina
1258 4957 1601 5008 narrantur.

219 5050 263 5102 Si
291 5068 383 5122 pro
410 5057 909 5127 peccatistnostris
948 5058 1041 5111 isti
1086 5058 1184 5128 qui
1227 5058 1361 5111 hinc
1400 5058 1628 5113 adducti
1687 5063 1820 5115 sunt

168 5142 375 5215 episcopi
415 5149 971 5221 ConstantinOpolim
1013 5150 1232 5204 fuerint
1282 5150 1544 5220 ingressi,
1576 5166 1694 5203 non
1725 5151 1814 5205 di-

168 5238 481 5306 camusquod
516 5239 919 5310 imperatorem
953 5240 1131 5294 visuri
1161 5245 1295 5294 sunt
1317 5239 1501 5293 modis
1528 5240 1813 5307 omnibus,

168 5320 241 5372 sed
270 5326 408 5391 quod
440 5332 494 5381 et
523 5331 640 5383 suis
675 5330 813 5383 locis
852 5330 1245 5384 restituentur.
1285 5331 1489 5382 Tantas
1529 5330 1680 5381 enim
1712 5346 1814 5399 pe-

168 5408 329 5463 cunias
351 5430 537 5469 secum
580 5418 927 5487 detulerunt,
968 5424 1029 5474 ut
1074 5436 1189 5473 non
1229 5419 1511 5478 homines,
1563 5418 1657 5471 sed
1688 5434 1814 5487 pos-

169 5492 259 5549 sint
292 5504 511 5573 angelos
545 5524 843 5563 excaecare.
880 5508 938 5564 Si
979 5526 1116 5581 ergo
1156 5509 1332 5579 (quod
1374 5507 1541 5578 absit)
1572 5506 1812 5577 ingressi

3543 211 3644 263 482

1576 336 1655 401 (et
1696 341 1825 388 ante
1867 336 1909 386 Α
1945 334 2176 399 fuerint,
2228 338 2385 387 tanta
2421 335 2559 387 falsa
2609 351 2710 403 per
2760 340 3012 388 nostram
3063 337 3378 390 absentiam
3431 340 3639 393 dicturi

1948 428 2097 487 sunt,
2132 428 2344 492 quanta
2374 427 2561 492 potest
2593 423 2851 476 diabolus
2877 425 3151 477 invenire.
3202 427 3341 478 Nam
3376 428 3421 479 si
3454 429 3544 480 hic
3576 430 3634 482 in

1945 516 2247 581 conspectu
2284 515 2478 565 nostro
2523 512 2687 581 plura
2728 516 3113 580 tentaverunt,
3162 518 3218 567 et
3256 514 3493 570 domino
3545 534 3643 572 no-

1947 600 2163 655 hiscum
2189 604 2381 671 istante
2430 602 2649 655 confusi
2700 608 2849 668 sunt,
2900 608 3113 673 quanta
3157 603 3366 658 facient
3413 623 3517 675 per
3547 607 3638 660 ab-

1944 690 2186 745 sentiam
2235 692 2455 745 nostri?
2493 693 2563 745 Ut
2611 708 2746 760 ergo
2791 708 2989 745 eorum
3036 693 3214 762 possit
3257 694 3470 763 dispari
3522 713 3641 750 ma-

1942 780 2192 849 lignitas,
2226 781 2425 851 jubete
2458 781 2622 834 nobis
2654 782 3055 851 praesentibus,
3090 782 3137 834 si
3186 784 3254 836 ad
3288 785 3637 840 audientiam

1944 885 2047 940 pro
2081 871 2323 939 peccatis
2356 876 2588 924 ventum
2622 870 2813 931 fuerit,
2848 875 2910 923 ut
2941 877 3161 924 constet
3190 873 3344 940 apud
3378 874 3643 927 homines

1945 975 2049 1011 nos
2082 960 2371 1013 immerito
2416 966 2667 1013 mortuos
2700 976 2840 1026 esse,
2873 966 2928 1014 et
2961 961 3087 1013 illos
3120 962 3437 1030 patrocinio
3473 980 3641 1032 pecu-

1945 1048 2055 1102 nia:
2092 1049 2366 1102 laborare.
2406 1051 2518 1102 Nos
2549 1049 2703 1103 enim
2739 1066 2836 1102 eos
2866 1049 2924 1103 in
2943 1050 3212 1103 omnibus
3242 1051 3302 1104 in
3334 1057 3643 1121 conspectu

1946 1142 2177 1191 senatus
2208 1137 2540 1191 convincere
2574 1154 2897 1208 possumus,
2934 1139 3088 1208 quod
3122 1139 3375 1193 haeretici
3404 1142 3643 1210 perfecti

1946 1234 2106 1293 sunt;
2132 1233 2266 1280 tunc
2300 1228 2531 1281 demum
2566 1242 2765 1280 eorum
2811 1232 3001 1297 potest
3040 1229 3347 1281 monstrari
3398 1230 3640 1283 fallacia.

1946 1317 2089 1370 ltem
2140 1317 2498 1371 dicendum:
2557 1316 2610 1370 Si
2664 1317 2918 1371 hmretici
2966 1333 3081 1369 non
3144 1323 3297 1386 sunt,
3353 1321 3641 1388 quomodo

1947 1410 2075 1459 ante
2124 1406 2265 1458 duas
2315 1406 2705 1459 hebdomadas
2757 1422 2927 1476 quam
2972 1422 3073 1459 nos
3127 1407 3478 1461 venissemus
3531 1414 3639 1462 sta-

1947 1502 2182 1551 tuerunt
2212 1514 2411 1551 omnes
2458 1498 2515 1550 in
2551 1514 2728 1551 unum
2762 1498 3013 1568 episcopi
3059 1498 3129 1551 nc
3161 1499 3288 1568 quis
3322 1500 3517 1553 missas
3556 1502 3640 1554 fo-

1947 1602 2038 1639 ras
2070 1587 2352 1640 civitatem
2388 1591 2624 1639 teneret.
2662 1587 2767 1640 Sed
2810 1586 2941 1639 hinc
2987 1603 3204 1653 omnes,
3260 1592 3319 1640 ut
3351 1593 3407 1642 et
3442 1589 3640 1642 multi-

1948 1677 2083 1729 tudo
2135 1681 2281 1729 esset
2337 1677 2544 1729 futurm
2596 1676 2864 1730 seditioni
2930 1681 3294 1746 congregata,
3349 1681 3404 1729 et
3451 1677 3641 1731 doceri

1946 1765 2121 1836 possit
2152 1766 2465 1819 secundum
2500 1782 2720 1819 errores
2760 1782 2979 1819 eorum.
3019 1766 3123 1829 Qui
3156 1770 3460 1836 postquam
3502 1783 3639 1819 sen-

1947 1860 2145 1909 serunt
2174 1872 2277 1909 nos
2320 1856 2540 1909 venisse
2592 1856 3049 1925 publicaverunt,
3098 1856 3486 1909 festinandum
3520 1873 3640 1909 esse

1947 1961 2077 1998 cum
2108 1945 2381 2015 parvulis,
2428 1962 2497 1998 ne
2531 1946 2923 2015 persecutione
2968 1945 3231 1998 veniente
3276 1946 3485 2015 pagani
3515 1962 3639 1999 mo-

1946 2040 2211 2088 rerentur
2242 2035 2486 2087 infantes
2522 2050 2535 2087 :
2569 2039 2623 2087 et
2675 2039 2810 2087 tunc
2842 2034 2993 2087 velut
3038 2034 3105 2087 ad
3149 2035 3392 2087 alterum
3429 2036 3639 2088 Pascha

1944 2128 2130 2177 tantos
2162 2123 2612 2194 baptizaverunt,
2658 2127 2720 2176 ut
2762 2128 3093 2176 consuetam
3143 2123 3507 2177 festivitatem
3545 2142 3639 2176 su-

1943 2218 2230 2284 perarent.
2266 2214 2405 2265 Item
2441 2213 2745 2266 dicendum
2781 2228 2794 2266 :
2824 2212 2879 2266 Si
2906 2212 3153 2265 lueretici
3184 2228 3301 2265 non
3331 2216 3481 2279 sunt,
3507 2229 3641 2283 quo-

1945 2302 2115 2355 modo
2172 2307 2332 2355 tanta
2389 2306 2740 2355 sacramenta
2805 2303 3194 2366 confecerunt,
3255 2306 3319 2355 ut
3385 2302 3633 2355 canistra

1941 2392 2114 2461 plena
2140 2392 2405 2444 omnibus
2438 2396 2764 2461 erogarent,
2806 2407 2875 2443 ne
2908 2390 3245 2443 imminente
3279 2390 3446 2459 (sicut
3476 2392 3639 2445 dice-

1942 2481 2102 2549 bant)
2133 2480 2523 2550 persecutione
2561 2480 2985 2534 communicare
3034 2496 3149 2532 non
3188 2481 3463 2549 possent?
3498 2481 3636 2533 Item

1942 2569 1986 2622 si
2019 2569 2267 2622 haeretici
2297 2586 2411 2622 non
2449 2574 2601 2634 sunt,
2634 2574 2828 2638 postea
2861 2584 3037 2638 quare
3071 2567 3316 2621 accusati
3348 2571 3480 2621 sunt
3511 2584 3636 2637 ges-

1942 2666 2013 2720 tis
2040 2684 2071 2719 a
2106 2666 2381 2731 Candide,
2416 2665 2535 2719 viro
2561 2665 2813 2730 sublimi,
2846 2665 3056 2718 vicario
3092 2664 3353 2734 magistri
3385 2665 3633 2718 militum

1942 2756 2418 2825 prartorianorum
2466 2756 2520 2807 in
2559 2754 2773 2824 judicio
2820 2754 3260 2822 praefectorum?
3288 2755 3352 2808 Et
3383 2754 3428 2807 si
3459 2760 3639 2809 matu-

1940 2861 2070 2898 rum
2102 2846 2421 2915 periculum
2449 2848 2792 2913 cognoscent
2824 2844 3178 2911 adfuturum,
3212 2860 3388 2913 quare
3421 2844 3629 2911 denuo,

1872 2941 1912 2995 C
1944 2939 2219 3005 tanquam
2240 2934 2569 2999 damnandi,
2596 2933 2771 2986 velint
2804 2933 3103 2986 subvenire
3136 2932 3341 2985 iterum
3375 2933 3625 3002 parvulis

1943 3024 2272 3093 cupientes;
2325 3028 2484 3076 tanta
2535 3038 2761 3074 rursum
2808 3028 2863 3074 et
2925 3020 3204 3074 confutati
3253 3026 3633 3074 exercuerunt

1940 3112 2304 3181 baptismate,
2357 3115 2418 3164 ut
2464 3126 2591 3163 vere
2638 3110 2854 3163 cunctis
2906 3126 2964 3162 se
3014 3109 3312 3162 hmreticos
3356 3109 3632 3163 ostendis-

1940 3207 2065 3255 sent
2099 3218 2111 3254 :
2143 3202 2211 3254 ad
2244 3216 2418 3271 quam
2460 3216 2578 3253 rem
2613 3199 2746 3252 satis
2787 3202 2841 3251 et
2878 3198 3180 3268 magnifica
3213 3203 3458 3267 potestas
3489 3216 3635 3268 prae-

1938 3290 2214 3344 fectorum
2254 3290 2587 3360 gravissime
2639 3288 2935 3358 indignata
2966 3292 3065 3340 est.
3103 3289 3243 3340 ltem
3279 3287 3326 3339 si
3380 3288 3630 3341 haeretici

1940 3395 2056 3432 non
2088 3385 2240 3448 sunt,
2275 3379 2563 3451 quomodo
2593 3394 2723 3431 cum
2756 3378 2811 3430 in
2852 3376 3187 3451 bap‘tisterio
3207 3376 3527 3430 absconditi
3549 3394 3635 3430 es-

1937 3484 2149 3535 semus,
2182 3469 2487 3521 consilium
2523 3468 2669 3520 inter
2710 3483 2766 3519 se
2814 3465 3075 3519 habitum
3119 3482 3219 3536 per
3248 3472 3492 3533 noctem,
3526 3467 3637 3521 vel-

1935 3558 2017 3611 uti
2050 3560 2117 3612 de
2149 3558 2403 3629 periculo
2436 3558 2677 3611 liberare
2714 3573 2815 3609 nos
2845 3557 3121 3619 volentes,
3155 3556 3214 3608 in
3246 3556 3374 3609 navi
3407 3555 3634 3611 mittere

1934 3649 2258 3715 voluerunt,
2309 3652 2369 3700 ut
2400 3647 2505 3700 hac
2545 3645 2840 3699 occasione
2885 3644 3026 3697 mari
3072 3644 3391 3713 praecipites
3436 3645 3636 3698 daren-

1933 3737 2069 3791 tur?
2102 3738 2355 3807 Cumque
2384 3753 2486 3788 nos
2518 3734 2984 3805 repondissemus
3015 3749 3118 3803 per
3170 3732 3525 3787 Demetrium
3576 3740 3632 3787 et

1933 3827 2216 3879 Andream
2266 3826 2577 3879 diaconos:
2631 3824 2839 3877 Omnes
2887 3839 2991 3875 nos
3038 3824 3187 3892 apud
3221 3839 3317 3875 vos
3370 3839 3489 3876 esse
3531 3839 3627 3877 co-

1933 3920 2246 3983 gnoscunt;
2279 3914 2569 3984 quomodo
2598 3928 2701 3981 per
2731 3918 2957 3964 noctem
2986 3913 3254 3979 navigare
3284 3928 3622 3981 possumus;

1934 4005 2027 4057 sed
2059 4004 2105 4056 si
2151 4020 2245 4056 vos
2284 4019 2415 4055 vere
2467 4018 2571 4071 pro
2614 4005 2805 4055 nostra
2846 4002 3024 4054 salute
3074 4001 3459 4068 consuluistis,
3506 4017 3624 4054 cra-

1932 4093 2079 4146 stina
2111 4093 2200 4145 die
2228 4097 2439 4144 secrete
2482 4090 2737 4161 quinque
2765 4088 2852 4142 vel
2880 4106 2972 4141 sex
3002 4095 3306 4151 senatores,
3336 4090 3435 4159 qui
3464 4090 3622 4158 peri-

1935 4184 2127 4236 culum
2160 4180 2491 4234 substantia:
2523 4180 2609 4232 vel
2642 4178 2841 4231 salutis
2887 4194 3002 4230 suae
3042 4182 3324 4241 metuunt,
3357 4194 3472 4229 una
3495 4194 3626 4231 cum

1866 4282 1908 4334 D
1940 4272 2227 4342 magistris
2270 4270 2515 4323 militum
2557 4274 2611 4321 et
2654 4268 2863 4320 vicario
2908 4267 3159 4321 Candide
3190 4266 3393 4318 comite
3434 4266 3629 4335 jubete

1935 4364 2237 4427 advocare;
2269 4363 2611 4430 cognoscant
2642 4363 2697 4410 et
2729 4357 2839 4426 ipsi
2870 4356 2966 4409 ubi
3012 4355 3429 4420 transferimur,
3464 4360 3518 4408 et
3547 4355 3629 4408 fa-

1933 4452 2113 4505 cimus
2154 4451 2305 4522 quod
2347 4448 2585 4519 jubeut;
2636 4446 2723 4498 sin
2772 4450 2964 4498 autem
3013 4443 3117 4496 soli
3173 4442 3456 4508 secretim,
3520 4443 3627 4496 hoc

1934 4558 2047 4596 non
2080 4541 2348 4607 facimus;
2379 4536 2617 4591 tuncilli
2650 4551 2765 4588 non
2816 4532 3173 4587 invenientes
3218 4532 3505 4597 effectura,
3550 4533 3620 4584 ad

1930 4631 2133 4684 horam
2165 4632 2485 4693 tacuerunt,
2531 4631 2585 4678 et
2618 4624 2729 4677 alia
2760 4623 2851 4676 die
2899 4622 3107 4675 iterum
3158 4620 3496 4674 seditionem
3530 4638 3628 4692 po-

1929 4719 2053 4790 puli
2093 4718 2533 4773 commoverunt
2561 4732 2574 4768 :
2608 4714 2759 4767 unde
2795 4711 2903 4773 vix.
2936 4713 3050 4765 Deo
3074 4712 3298 4765 volente
3320 4712 3621 4766 evasimus.

2600 4800 2980 4856 SUGGESTIO

2212 4910 2453 4949 DIOSCORI
2477 4907 2693 4945 DIACONI
2712 4908 2782 4943 AD
2805 4904 3118 4944 HORMISDAE
3141 4904 3336 4945 PAPAM.

1928 4986 2326 5059 Epiphaniam
2368 4982 2431 5037 in
2472 4982 2651 5035 locum
2703 4983 2942 5059 {earinis
2981 4978 3624 5050 Constantinopol-ilam'

2614 5051 2931 5121 suﬂectum.

1999 5149 2127 5202 Erat
2192 5143 2444 5216 optabile
2494 5146 2546 5197 et
2602 5147 2733 5195 voto
2782 5146 2979 5195 nostro
3028 5139 3373 5193 conveniens
3424 5154 3622 5192 conso-

1925 5238 2120 5293 nantia
2150 5232 2455 5307 praeteritis
2487 5231 2852 5297 anuuntiare,
2886 5229 3100 5283 scilicet
3120 5228 3449 5299 pontificem
3477 5228 3620 5281 Con-

1925 5324 2450 5395 stantinopolitanae
2505 5321 2764 5375 Ecclesia:
2823 5321 3102 5373 Joannem
3132 5333 3295 5395 _esse
3347 5316 3620 5385 supersti-

1924 5423 2059 5483 tem,
2094 5422 2149 5469 et
2197 5410 2616 5467 confessionem
2670 5409 2865 5463 libello
2905 5408 3157 5471 editam;
3210 5404 3372 5472 cujus
3416 5406 3622 5459 merita

1922 5522 2041 5560 non
2071 5509 2156 5558 est
2181 5500 2423 5556 dubium
2458 5501 2571 5554 Deo
2604 5500 2851 5570 placere,
2885 5495 2979 5566 qui
3016 5495 3163 5547 inter
3213 5492 3515 5546 catholicos
3565 5498 3622 5547 et

222 5620 241 5638 '
267 5624 476 5681 Ansulis
505 5629 725 5687 inclusa
745 5632 809 5687 in
840 5632 1065 5689 Labbeo
1088 5632 1297 5689 omissa
1325 5630 1716 5705 supplevimus
1747 5643 1816 5683 ex
1856 5631 1991 5686 edit.
2028 5631 2192 5683 Rom.
