  <div class='ocr_page' id='page_1' title='image "/cluster/home/n/w/nwhite01/storage/ocr_20150623/63/hvd.32044073498800/247.png"; bbox 0 0 4038 6170; ppageno 0'>
   <div class='ocr_carea' id='block_1_1' title="bbox 368 205 469 257">
    <p class='ocr_par' dir='ltr' id='par_1_1' title="bbox 368 205 469 257">
     <span class='ocr_line' id='line_1_1' title="bbox 368 205 469 257; baseline -0.01 -1"><span class='ocrx_word' id='word_1_1' title='bbox 368 205 469 257; x_wconf 62' lang='grc' dir='ltr'>48ἷῖ</span> 
     </span>
    </p>
   </div>
   <div class='ocr_carea' id='block_1_2' title="bbox 1823 199 2433 285">
    <p class='ocr_par' dir='ltr' id='par_1_2' title="bbox 1823 199 2433 285">
     <span class='ocr_line' id='line_1_2' title="bbox 1823 199 2433 285; baseline -0.003 -31"><span class='ocrx_word' id='word_1_2' title='bbox 1823 199 2196 285; x_wconf 53' lang='grc' dir='ltr'>ΗΟΗΜξΞΟΑΞ</span> <span class='ocrx_word' id='word_1_3' title='bbox 2239 200 2433 254; x_wconf 65' lang='grc' dir='ltr'>ΡΛΡδῦ</span> 
     </span>
    </p>
   </div>
   <div class='ocr_carea' id='block_1_3' title="bbox 3747 203 3832 254">
    <p class='ocr_par' dir='ltr' id='par_1_3' title="bbox 3747 203 3832 254">
     <span class='ocr_line' id='line_1_3' title="bbox 3747 203 3832 254; baseline 0.024 -2"><span class='ocrx_word' id='word_1_4' title='bbox 3747 203 3832 254; x_wconf 61' lang='grc'>484</span> 
     </span>
    </p>
   </div>
   <div class='ocr_carea' id='block_1_4' title="bbox 368 333 3833 408">
    <p class='ocr_par' dir='ltr' id='par_1_4' title="bbox 368 333 3833 408">
     <span class='ocr_line' id='line_1_4' title="bbox 368 333 3833 408; baseline -0.001 -16"><span class='ocrx_word' id='word_1_5' title='bbox 368 342 880 394; x_wconf 88' lang='lat' dir='ltr'>commnnieatores</span> <span class='ocrx_word' id='word_1_6' title='bbox 911 339 1058 392; x_wconf 82' lang='lat' dir='ltr'>sedis</span> <span class='ocrx_word' id='word_1_7' title='bbox 1089 337 1416 408; x_wconf 76' lang='lat' dir='ltr'>apostolicae</span> <span class='ocrx_word' id='word_1_8' title='bbox 1447 335 1656 388; x_wconf 87' lang='lat' dir='ltr'>meruit</span> <span class='ocrx_word' id='word_1_9' title='bbox 1685 335 1753 388; x_wconf 90' lang='lat' dir='ltr'>ad</span> <span class='ocrx_word' id='word_1_10' title='bbox 1784 334 1953 388; x_wconf 85' lang='lat' dir='ltr'>aliam</span> <span class='ocrx_word' id='word_1_11' title='bbox 1995 350 2061 387; x_wconf 82' lang='lat' dir='ltr'>ex</span> <span class='ocrx_word' id='word_1_12' title='bbox 2101 340 2146 390; x_wconf 80' lang='grc' dir='ltr'>Α</span> <span class='ocrx_word' id='word_1_13' title='bbox 2174 333 2398 388; x_wconf 86' lang='lat' dir='ltr'>dicam?</span> <span class='ocrx_word' id='word_1_14' title='bbox 2441 348 2670 388; x_wconf 90' lang='lat' dir='ltr'>omnem</span> <span class='ocrx_word' id='word_1_15' title='bbox 2721 333 3145 408; x_wconf 65' lang='lat' dir='ltr'>prieconiorum</span> <span class='ocrx_word' id='word_1_16' title='bbox 3185 333 3401 387; x_wconf 87' lang='lat' dir='ltr'>fontem</span> <span class='ocrx_word' id='word_1_17' title='bbox 3453 336 3833 390; x_wconf 85' lang='lat' dir='ltr'>transcenden-</span> 
     </span>
    </p>
   </div>
   <div class='ocr_carea' id='block_1_5' title="bbox 360 423 2054 494">
    <p class='ocr_par' dir='ltr' id='par_1_5' title="bbox 360 423 2054 494">
     <span class='ocr_line' id='line_1_5' title="bbox 360 423 2054 494; baseline -0.004 -11"><span class='ocrx_word' id='word_1_18' title='bbox 360 429 466 484; x_wconf 86' lang='lat' dir='ltr'>hac</span> <span class='ocrx_word' id='word_1_19' title='bbox 500 431 617 483; x_wconf 87' lang='lat' dir='ltr'>vita</span> <span class='ocrx_word' id='word_1_20' title='bbox 657 429 964 482; x_wconf 75' lang='lat' dir='ltr'>discedere.</span> <span class='ocrx_word' id='word_1_21' title='bbox 1015 429 1077 479; x_wconf 92' lang='lat' dir='ltr'>ln</span> <span class='ocrx_word' id='word_1_22' title='bbox 1111 427 1273 494; x_wconf 89' lang='lat' dir='ltr'>cujus</span> <span class='ocrx_word' id='word_1_23' title='bbox 1307 426 1495 478; x_wconf 89' lang='lat' dir='ltr'>locum</span> <span class='ocrx_word' id='word_1_24' title='bbox 1538 423 1896 493; x_wconf 84' lang='lat' dir='ltr'>Epiphanius</span> <span class='ocrx_word' id='word_1_25' title='bbox 1927 423 2054 493; x_wconf 88' lang='lat' dir='ltr'>qui-</span> 
     </span>
    </p>
   </div>
   <div class='ocr_carea' id='block_1_6' title="bbox 362 512 2053 588">
    <p class='ocr_par' dir='ltr' id='par_1_6' title="bbox 362 512 2053 588">
     <span class='ocr_line' id='line_1_6' title="bbox 362 512 2053 588; baseline -0.005 -17"><span class='ocrx_word' id='word_1_26' title='bbox 362 518 493 571; x_wconf 88' lang='lat' dir='ltr'>dam</span> <span class='ocrx_word' id='word_1_27' title='bbox 544 519 840 588; x_wconf 75' lang='lat' dir='ltr'>presbyter</span> <span class='ocrx_word' id='word_1_28' title='bbox 885 517 1174 586; x_wconf 77' lang='lat' dir='ltr'>quondam</span> <span class='ocrx_word' id='word_1_29' title='bbox 1236 512 1516 583; x_wconf 80' lang='lat' dir='ltr'>syncellus</span> <span class='ocrx_word' id='word_1_30' title='bbox 1586 512 1708 580; x_wconf 82' lang='lat' dir='ltr'>ejus</span> <span class='ocrx_word' id='word_1_31' title='bbox 1767 513 2053 576; x_wconf 79' lang='lat' dir='ltr'>successit,</span> 
     </span>
    </p>
   </div>
   <div class='ocr_carea' id='block_1_7' title="bbox 361 601 2054 676">
    <p class='ocr_par' dir='ltr' id='par_1_7' title="bbox 361 601 2054 676">
     <span class='ocr_line' id='line_1_7' title="bbox 361 601 2054 676; baseline -0.004 -15"><span class='ocrx_word' id='word_1_32' title='bbox 361 610 523 676; x_wconf 84' lang='lat' dir='ltr'>cujus</span> <span class='ocrx_word' id='word_1_33' title='bbox 556 608 719 660; x_wconf 86' lang='lat' dir='ltr'>initia</span> <span class='ocrx_word' id='word_1_34' title='bbox 750 608 897 659; x_wconf 88' lang='lat' dir='ltr'>bona</span> <span class='ocrx_word' id='word_1_35' title='bbox 932 605 1192 657; x_wconf 81' lang='lat' dir='ltr'>videntur</span> <span class='ocrx_word' id='word_1_36' title='bbox 1221 621 1236 655; x_wconf 86' lang='lat'><strong><em>:</em></strong></span> <span class='ocrx_word' id='word_1_37' title='bbox 1289 619 1423 654; x_wconf 89' lang='lat' dir='ltr'>nam</span> <span class='ocrx_word' id='word_1_38' title='bbox 1476 601 1838 654; x_wconf 84' lang='lat' dir='ltr'>rationabilia</span> <span class='ocrx_word' id='word_1_39' title='bbox 1869 601 2054 671; x_wconf 82' lang='lat' dir='ltr'>loqui-</span> 
     </span>
    </p>
   </div>
   <div class='ocr_carea' id='block_1_8' title="bbox 363 692 2056 766">
    <p class='ocr_par' dir='ltr' id='par_1_8' title="bbox 363 692 2056 766">
     <span class='ocr_line' id='line_1_8' title="bbox 363 692 2056 766; baseline -0.004 -16"><span class='ocrx_word' id='word_1_40' title='bbox 363 703 476 763; x_wconf 90' lang='lat' dir='ltr'>tur,</span> <span class='ocrx_word' id='word_1_41' title='bbox 507 703 559 749; x_wconf 86' lang='lat' dir='ltr'>et</span> <span class='ocrx_word' id='word_1_42' title='bbox 592 695 874 766; x_wconf 75' lang='lat' dir='ltr'>promittit</span> <span class='ocrx_word' id='word_1_43' title='bbox 907 696 1136 746; x_wconf 80' lang='lat' dir='ltr'>Patrum</span> <span class='ocrx_word' id='word_1_44' title='bbox 1182 708 1237 744; x_wconf 89' lang='lat' dir='ltr'>se</span> <span class='ocrx_word' id='word_1_45' title='bbox 1271 692 1495 760; x_wconf 83' lang='lat' dir='ltr'>regulas</span> <span class='ocrx_word' id='word_1_46' title='bbox 1538 695 1916 756; x_wconf 76' lang='lat' dir='ltr'>servaturum,</span> <span class='ocrx_word' id='word_1_47' title='bbox 1954 707 2056 760; x_wconf 86' lang='lat' dir='ltr'>pa-</span> 
     </span>
    </p>
   </div>
   <div class='ocr_carea' id='block_1_9' title="bbox 363 774 2058 849">
    <p class='ocr_par' dir='ltr' id='par_1_9' title="bbox 363 774 2058 849">
     <span class='ocr_line' id='line_1_9' title="bbox 363 774 2058 849; baseline -0.005 -14"><span class='ocrx_word' id='word_1_48' title='bbox 363 799 485 836; x_wconf 89' lang='lat' dir='ltr'>cem</span> <span class='ocrx_word' id='word_1_49' title='bbox 511 783 900 849; x_wconf 88' lang='lat' dir='ltr'>unitatemque</span> <span class='ocrx_word' id='word_1_50' title='bbox 933 779 1254 831; x_wconf 75' lang='lat' dir='ltr'>ordinatam</span> <span class='ocrx_word' id='word_1_51' title='bbox 1284 793 1397 829; x_wconf 89' lang='lat' dir='ltr'>non</span> <span class='ocrx_word' id='word_1_52' title='bbox 1421 776 1716 846; x_wconf 85' lang='lat' dir='ltr'>dissipare,</span> <span class='ocrx_word' id='word_1_53' title='bbox 1743 777 1839 830; x_wconf 88' lang='lat' dir='ltr'>sed</span> <span class='ocrx_word' id='word_1_54' title='bbox 1875 774 2058 844; x_wconf 83' lang='lat' dir='ltr'>magis</span> 
     </span>
    </p>
   </div>
   <div class='ocr_carea' id='block_1_10' title="bbox 363 865 2056 941">
    <p class='ocr_par' dir='ltr' id='par_1_10' title="bbox 363 865 2056 941">
     <span class='ocr_line' id='line_1_10' title="bbox 363 865 2056 941; baseline -0.005 -16"><span class='ocrx_word' id='word_1_55' title='bbox 363 887 592 941; x_wconf 87' lang='lat' dir='ltr'>augere.</span> <span class='ocrx_word' id='word_1_56' title='bbox 631 873 738 922; x_wconf 86' lang='lat' dir='ltr'>Ista</span> <span class='ocrx_word' id='word_1_57' title='bbox 766 873 897 920; x_wconf 87' lang='lat' dir='ltr'>sunt</span> <span class='ocrx_word' id='word_1_58' title='bbox 938 884 1061 937; x_wconf 81' lang='lat' dir='ltr'>qu::e</span> <span class='ocrx_word' id='word_1_59' title='bbox 1098 866 1397 935; x_wconf 73' lang='lat' dir='ltr'>promittit.</span> <span class='ocrx_word' id='word_1_60' title='bbox 1450 865 1595 927; x_wconf 88' lang='lat' dir='ltr'>Quid</span> <span class='ocrx_word' id='word_1_61' title='bbox 1646 871 1836 918; x_wconf 87' lang='lat' dir='ltr'>tamen</span> <span class='ocrx_word' id='word_1_62' title='bbox 1885 880 2056 933; x_wconf 91' lang='lat' dir='ltr'>opere</span> 
     </span>
    </p>
   </div>
   <div class='ocr_carea' id='block_1_11' title="bbox 363 953 2059 1030">
    <p class='ocr_par' dir='ltr' id='par_1_11' title="bbox 363 953 2059 1030">
     <span class='ocr_line' id='line_1_11' title="bbox 363 953 2059 1030; baseline -0.005 -18"><span class='ocrx_word' id='word_1_63' title='bbox 363 961 540 1030; x_wconf 77' lang='lat' dir='ltr'>possit</span> <span class='ocrx_word' id='word_1_64' title='bbox 571 960 828 1027; x_wconf 86' lang='lat' dir='ltr'>implere,</span> <span class='ocrx_word' id='word_1_65' title='bbox 864 957 1047 1009; x_wconf 82' lang='lat' dir='ltr'>adhuc.</span> <span class='ocrx_word' id='word_1_66' title='bbox 1081 956 1426 1024; x_wconf 75' lang='lat' dir='ltr'>ignoramus.</span> <span class='ocrx_word' id='word_1_67' title='bbox 1461 956 1566 1007; x_wconf 88' lang='lat' dir='ltr'>Has</span> <span class='ocrx_word' id='word_1_68' title='bbox 1599 954 1882 1023; x_wconf 83' lang='lat' dir='ltr'>siquidem</span> <span class='ocrx_word' id='word_1_69' title='bbox 1913 953 2059 1006; x_wconf 85' lang='lat' dir='ltr'>litte-</span> 
     </span>
    </p>
   </div>
   <div class='ocr_carea' id='block_1_12' title="bbox 361 1043 2058 1118">
    <p class='ocr_par' dir='ltr' id='par_1_12' title="bbox 361 1043 2058 1118">
     <span class='ocr_line' id='line_1_12' title="bbox 361 1043 2058 1118; baseline -0.004 -16"><span class='ocrx_word' id='word_1_70' title='bbox 361 1066 472 1114; x_wconf 85' lang='lat' dir='ltr'>ras,</span> <span class='ocrx_word' id='word_1_71' title='bbox 504 1053 708 1118; x_wconf 80' lang='lat' dir='ltr'>quarta</span> <span class='ocrx_word' id='word_1_72' title='bbox 746 1051 874 1116; x_wconf 86' lang='lat' dir='ltr'>post</span> <span class='ocrx_word' id='word_1_73' title='bbox 920 1046 1345 1098; x_wconf 81' lang='lat' dir='ltr'>ordinationem</span> <span class='ocrx_word' id='word_1_74' title='bbox 1385 1043 1639 1112; x_wconf 89' lang='lat' dir='ltr'>ejusdem</span> <span class='ocrx_word' id='word_1_75' title='bbox 1681 1043 1792 1109; x_wconf 88' lang='lat' dir='ltr'>die,</span> <span class='ocrx_word' id='word_1_76' title='bbox 1832 1047 2058 1112; x_wconf 84' lang='lat' dir='ltr'>reperta</span> 
     </span>
    </p>
   </div>
   <div class='ocr_carea' id='block_1_13' title="bbox 361 1131 2057 1190">
    <p class='ocr_par' dir='ltr' id='par_1_13' title="bbox 361 1131 2057 1190">
     <span class='ocr_line' id='line_1_13' title="bbox 361 1131 2057 1190; baseline -0.004 0"><span class='ocrx_word' id='word_1_77' title='bbox 361 1137 657 1190; x_wconf 82' lang='lat' dir='ltr'>occasione</span> <span class='ocrx_word' id='word_1_78' title='bbox 685 1133 1102 1188; x_wconf 72' lang='lat' dir='ltr'>transmisimus</span> <span class='ocrx_word' id='word_1_79' title='bbox 1131 1147 1141 1184; x_wconf 93' lang='lat'><strong>:</strong></span> <span class='ocrx_word' id='word_1_80' title='bbox 1179 1131 1420 1183; x_wconf 80' lang='lat' dir='ltr'>necdum</span> <span class='ocrx_word' id='word_1_81' title='bbox 1462 1146 1591 1184; x_wconf 91' lang='lat' dir='ltr'>cum</span> <span class='ocrx_word' id='word_1_82' title='bbox 1622 1147 1687 1183; x_wconf 90' lang='lat' dir='ltr'>eo</span> <span class='ocrx_word' id='word_1_83' title='bbox 1730 1131 2057 1184; x_wconf 86' lang='lat' dir='ltr'>communi-</span> 
     </span>
    </p>
   </div>
   <div class='ocr_carea' id='block_1_14' title="bbox 361 1219 2054 1292">
    <p class='ocr_par' dir='ltr' id='par_1_14' title="bbox 361 1219 2054 1292">
     <span class='ocr_line' id='line_1_14' title="bbox 361 1219 2054 1292; baseline -0.005 -13"><span class='ocrx_word' id='word_1_84' title='bbox 361 1226 650 1290; x_wconf 89' lang='lat' dir='ltr'>cavimus;</span> <span class='ocrx_word' id='word_1_85' title='bbox 687 1240 805 1277; x_wconf 91' lang='lat' dir='ltr'>non</span> <span class='ocrx_word' id='word_1_86' title='bbox 827 1220 985 1292; x_wconf 88' lang='lat' dir='ltr'>quasi</span> <span class='ocrx_word' id='word_1_87' title='bbox 1021 1221 1364 1282; x_wconf 85' lang='lat' dir='ltr'>resistentes,</span> <span class='ocrx_word' id='word_1_88' title='bbox 1399 1219 1497 1272; x_wconf 89' lang='lat' dir='ltr'>sed</span> <span class='ocrx_word' id='word_1_89' title='bbox 1520 1219 1854 1288; x_wconf 78' lang='lat' dir='ltr'>quiaadhuc</span> <span class='ocrx_word' id='word_1_90' title='bbox 1887 1219 1956 1272; x_wconf 91' lang='lat' dir='ltr'>ab</span> <span class='ocrx_word' id='word_1_91' title='bbox 1989 1237 2054 1272; x_wconf 89' lang='lat' dir='ltr'>eo</span> 
     </span>
    </p>
   </div>
   <div class='ocr_carea' id='block_1_15' title="bbox 360 1308 2057 1378">
    <p class='ocr_par' dir='ltr' id='par_1_15' title="bbox 360 1308 2057 1378">
     <span class='ocr_line' id='line_1_15' title="bbox 360 1308 2057 1378; baseline -0.004 -10"><span class='ocrx_word' id='word_1_92' title='bbox 360 1332 477 1368; x_wconf 89' lang='lat' dir='ltr'>non</span> <span class='ocrx_word' id='word_1_93' title='bbox 511 1330 706 1367; x_wconf 87' lang='lat' dir='ltr'>sumus</span> <span class='ocrx_word' id='word_1_94' title='bbox 739 1312 980 1365; x_wconf 80' lang='lat' dir='ltr'>invitati.</span> <span class='ocrx_word' id='word_1_95' title='bbox 1029 1310 1294 1378; x_wconf 80' lang='lat' dir='ltr'>Superest</span> <span class='ocrx_word' id='word_1_96' title='bbox 1332 1312 1391 1360; x_wconf 87' lang='lat' dir='ltr'>ut</span> <span class='ocrx_word' id='word_1_97' title='bbox 1440 1308 1811 1362; x_wconf 80' lang='lat' dir='ltr'>beatitudinis</span> <span class='ocrx_word' id='word_1_98' title='bbox 1859 1312 2057 1361; x_wconf 63' lang='lat' dir='ltr'>vestra}</span> 
     </span>
    </p>
   </div>
   <div class='ocr_carea' id='block_1_16' title="bbox 365 1398 2058 1470">
    <p class='ocr_par' dir='ltr' id='par_1_16' title="bbox 365 1398 2058 1470">
     <span class='ocr_line' id='line_1_16' title="bbox 365 1398 2058 1470; baseline -0.004 -13"><span class='ocrx_word' id='word_1_99' title='bbox 365 1404 583 1457; x_wconf 74' lang='lat' dir='ltr'>insistat</span> <span class='ocrx_word' id='word_1_100' title='bbox 612 1402 811 1468; x_wconf 84' lang='lat' dir='ltr'>oratio,</span> <span class='ocrx_word' id='word_1_101' title='bbox 849 1403 1127 1470; x_wconf 83' lang='lat' dir='ltr'>quatenus</span> <span class='ocrx_word' id='word_1_102' title='bbox 1151 1398 1357 1451; x_wconf 71' lang='lat' dir='ltr'>divina:</span> <span class='ocrx_word' id='word_1_103' title='bbox 1385 1399 1585 1466; x_wconf 74' lang='lat' dir='ltr'>gratias</span> <span class='ocrx_word' id='word_1_104' title='bbox 1623 1398 1907 1467; x_wconf 88' lang='lat' dir='ltr'>adjutorio</span> <span class='ocrx_word' id='word_1_105' title='bbox 1930 1398 2058 1451; x_wconf 89' lang='lat' dir='ltr'>talis</span> 
     </span>
    </p>
   </div>
   <div class='ocr_carea' id='block_1_17' title="bbox 360 1486 2057 1562">
    <p class='ocr_par' dir='ltr' id='par_1_17' title="bbox 360 1486 2057 1562">
     <span class='ocr_line' id='line_1_17' title="bbox 360 1486 2057 1562; baseline -0.004 -16"><span class='ocrx_word' id='word_1_106' title='bbox 360 1497 646 1562; x_wconf 87' lang='lat' dir='ltr'>erumpat,</span> <span class='ocrx_word' id='word_1_107' title='bbox 705 1507 807 1560; x_wconf 89' lang='lat' dir='ltr'>per</span> <span class='ocrx_word' id='word_1_108' title='bbox 863 1505 1033 1559; x_wconf 85' lang='lat' dir='ltr'>quem</span> <span class='ocrx_word' id='word_1_109' title='bbox 1075 1488 1141 1541; x_wconf 89' lang='lat' dir='ltr'>de</span> <span class='ocrx_word' id='word_1_110' title='bbox 1196 1487 1446 1556; x_wconf 89' lang='lat' dir='ltr'>perfecta</span> <span class='ocrx_word' id='word_1_111' title='bbox 1495 1486 1780 1556; x_wconf 74' lang='lat' dir='ltr'>possimus</span> <span class='ocrx_word' id='word_1_112' title='bbox 1842 1487 2057 1540; x_wconf 86' lang='lat' dir='ltr'>unitate</span> 
     </span>
    </p>
   </div>
   <div class='ocr_carea' id='block_1_18' title="bbox 361 1575 2059 1651">
    <p class='ocr_par' dir='ltr' id='par_1_18' title="bbox 361 1575 2059 1651">
     <span class='ocr_line' id='line_1_18' title="bbox 361 1575 2059 1651; baseline -0.002 -18"><span class='ocrx_word' id='word_1_113' title='bbox 361 1583 629 1651; x_wconf 84' lang='lat' dir='ltr'>gaudere.</span> <span class='ocrx_word' id='word_1_114' title='bbox 665 1583 908 1648; x_wconf 77' lang='lat' dir='ltr'>Accepta</span> <span class='ocrx_word' id='word_1_115' title='bbox 939 1595 1013 1630; x_wconf 79' lang='lat' dir='ltr'>vir</span> <span class='ocrx_word' id='word_1_116' title='bbox 1073 1577 1197 1630; x_wconf 88' lang='lat' dir='ltr'>idus</span> <span class='ocrx_word' id='word_1_117' title='bbox 1239 1576 1469 1644; x_wconf 84' lang='lat' dir='ltr'>Aprilis,</span> <span class='ocrx_word' id='word_1_118' title='bbox 1518 1575 1746 1629; x_wconf 83' lang='lat' dir='ltr'>Rustico</span> <span class='ocrx_word' id='word_1_119' title='bbox 1789 1575 1906 1630; x_wconf 89' lang='lat' dir='ltr'>viro</span> <span class='ocrx_word' id='word_1_120' title='bbox 1950 1576 2059 1630; x_wconf 88' lang='lat' dir='ltr'>cla-</span> 
     </span>
    </p>
   </div>
   <div class='ocr_carea' id='block_1_19' title="bbox 361 1665 1495 1737">
    <p class='ocr_par' dir='ltr' id='par_1_19' title="bbox 361 1665 1495 1737">
     <span class='ocr_line' id='line_1_19' title="bbox 361 1665 1495 1737; baseline -0.006 -15"><span class='ocrx_word' id='word_1_121' title='bbox 361 1670 585 1722; x_wconf 84' lang='lat' dir='ltr'>rissimo</span> <span class='ocrx_word' id='word_1_122' title='bbox 618 1669 848 1721; x_wconf 83' lang='lat' dir='ltr'>consule</span> <span class='ocrx_word' id='word_1_123' title='bbox 881 1668 1053 1737; x_wconf 88' lang='lat' dir='ltr'>(anno</span> <span class='ocrx_word' id='word_1_124' title='bbox 1088 1665 1314 1718; x_wconf 88' lang='lat' dir='ltr'>Domini</span> <span class='ocrx_word' id='word_1_125' title='bbox 1347 1666 1495 1733; x_wconf 72' lang='lat'>520).</span> 
     </span>
    </p>
   </div>
   <div class='ocr_carea' id='block_1_20' title="bbox 1064 1754 1361 1808">
    <p class='ocr_par' dir='ltr' id='par_1_20' title="bbox 1064 1754 1361 1808">
     <span class='ocr_line' id='line_1_20' title="bbox 1064 1754 1361 1808; baseline 0 0"><span class='ocrx_word' id='word_1_126' title='bbox 1064 1754 1361 1808; x_wconf 72' lang='lat' dir='ltr'>RELATIO</span> 
     </span>
    </p>
   </div>
   <div class='ocr_carea' id='block_1_21' title="bbox 363 1857 2056 1904">
    <p class='ocr_par' dir='ltr' id='par_1_21' title="bbox 363 1857 2056 1904">
     <span class='ocr_line' id='line_1_21' title="bbox 363 1857 2056 1904; baseline -0.004 -2"><span class='ocrx_word' id='word_1_127' title='bbox 363 1863 555 1904; x_wconf 73' lang='lat' dir='ltr'>SYNODI</span> <span class='ocrx_word' id='word_1_128' title='bbox 595 1860 1241 1901; x_wconf 63' lang='lat' dir='ltr'>CONSTANTINOPOLITANJZ</span> <span class='ocrx_word' id='word_1_129' title='bbox 1279 1860 1347 1897; x_wconf 79' lang='lat' dir='ltr'>DE</span> <span class='ocrx_word' id='word_1_130' title='bbox 1381 1857 1740 1898; x_wconf 75' lang='lat' dir='ltr'>ORDINATIONE</span> <span class='ocrx_word' id='word_1_131' title='bbox 1787 1859 2056 1896; x_wconf 74' lang='lat' dir='ltr'>EPIPHANII</span> 
     </span>
    </p>
   </div>
   <div class='ocr_carea' id='block_1_22' title="bbox 1083 1951 1335 1988">
    <p class='ocr_par' dir='ltr' id='par_1_22' title="bbox 1083 1951 1335 1988">
     <span class='ocr_line' id='line_1_22' title="bbox 1083 1951 1335 1988; baseline -0.008 -1"><span class='ocrx_word' id='word_1_132' title='bbox 1083 1951 1259 1988; x_wconf 71' lang='lat' dir='ltr'>EPISCO</span> <span class='ocrx_word' id='word_1_133' title='bbox 1269 1951 1314 1987; x_wconf 77' lang='lat' dir='ltr'>PI</span> <span class='ocrx_word' id='word_1_134' title='bbox 1326 1975 1335 1985; x_wconf 87' lang='lat'>.</span> 
     </span>
    </p>
   </div>
   <div class='ocr_carea' id='block_1_23' title="bbox 527 2021 1882 2097">
    <p class='ocr_par' dir='ltr' id='par_1_23' title="bbox 527 2021 1882 2097">
     <span class='ocr_line' id='line_1_23' title="bbox 527 2021 1882 2097; baseline -0.006 -16"><span class='ocrx_word' id='word_1_135' title='bbox 527 2025 922 2097; x_wconf 81' lang='lat' dir='ltr'>Epiphanium</span> <span class='ocrx_word' id='word_1_136' title='bbox 951 2025 1273 2094; x_wconf 76' lang='lat' dir='ltr'>episcopum</span> <span class='ocrx_word' id='word_1_137' title='bbox 1305 2023 1541 2077; x_wconf 80' lang='lat' dir='ltr'>electum</span> <span class='ocrx_word' id='word_1_138' title='bbox 1573 2021 1882 2093; x_wconf 77' lang='lat' dir='ltr'>significat.</span> 
     </span>
    </p>
   </div>
   <div class='ocr_carea' id='block_1_24' title="bbox 432 2112 2057 2181">
    <p class='ocr_par' dir='ltr' id='par_1_24' title="bbox 432 2112 2057 2181">
     <span class='ocr_line' id='line_1_24' title="bbox 432 2112 2057 2181; baseline -0.005 -11"><span class='ocrx_word' id='word_1_139' title='bbox 432 2118 671 2170; x_wconf 88' lang='lat' dir='ltr'>Domino</span> <span class='ocrx_word' id='word_1_140' title='bbox 709 2120 899 2169; x_wconf 88' lang='lat' dir='ltr'>nostro</span> <span class='ocrx_word' id='word_1_141' title='bbox 939 2118 1132 2167; x_wconf 89' lang='lat' dir='ltr'>sancto</span> <span class='ocrx_word' id='word_1_142' title='bbox 1164 2129 1226 2166; x_wconf 91' lang='lat' dir='ltr'>ac</span> <span class='ocrx_word' id='word_1_143' title='bbox 1259 2113 1586 2166; x_wconf 87' lang='lat' dir='ltr'>beatissimo</span> <span class='ocrx_word' id='word_1_144' title='bbox 1619 2112 1770 2181; x_wconf 86' lang='lat' dir='ltr'>patri</span> <span class='ocrx_word' id='word_1_145' title='bbox 1828 2114 2057 2180; x_wconf 78' lang='lat' dir='ltr'>patrum</span> 
     </span>
    </p>
   </div>
   <div class='ocr_carea' id='block_1_25' title="bbox 359 2199 2054 2276">
    <p class='ocr_par' dir='ltr' id='par_1_25' title="bbox 359 2199 2054 2276">
     <span class='ocr_line' id='line_1_25' title="bbox 359 2199 2054 2276; baseline -0.006 -16"><span class='ocrx_word' id='word_1_146' title='bbox 359 2207 787 2276; x_wconf 82' lang='lat' dir='ltr'>archiepiscopo</span> <span class='ocrx_word' id='word_1_147' title='bbox 839 2209 894 2257; x_wconf 90' lang='lat' dir='ltr'>et</span> <span class='ocrx_word' id='word_1_148' title='bbox 931 2203 1270 2274; x_wconf 64' lang='lat' dir='ltr'>patriarchas</span> <span class='ocrx_word' id='word_1_149' title='bbox 1327 2201 1638 2254; x_wconf 66' lang='lat' dir='ltr'>llormisdaa</span> <span class='ocrx_word' id='word_1_150' title='bbox 1685 2199 2054 2269; x_wconf 81' lang='lat' dir='ltr'>Theophilus,</span> 
     </span>
    </p>
   </div>
   <div class='ocr_carea' id='block_1_26' title="bbox 361 2288 2056 2361">
    <p class='ocr_par' dir='ltr' id='par_1_26' title="bbox 361 2288 2056 2361">
     <span class='ocr_line' id='line_1_26' title="bbox 361 2288 2056 2361; baseline -0.005 -13"><span class='ocrx_word' id='word_1_151' title='bbox 361 2295 676 2361; x_wconf 78' lang='lat' dir='ltr'>Basiliscus,</span> <span class='ocrx_word' id='word_1_152' title='bbox 741 2293 934 2358; x_wconf 82' lang='lat' dir='ltr'>Isaias,</span> <span class='ocrx_word' id='word_1_153' title='bbox 993 2291 1342 2354; x_wconf 79' lang='lat' dir='ltr'>Anastasius,</span> <span class='ocrx_word' id='word_1_154' title='bbox 1400 2292 1693 2355; x_wconf 86' lang='lat' dir='ltr'>Paternus,</span> <span class='ocrx_word' id='word_1_155' title='bbox 1748 2288 2056 2342; x_wconf 84' lang='lat' dir='ltr'>Martianus</span> 
     </span>
    </p>
   </div>
   <div class='ocr_carea' id='block_1_27' title="bbox 360 2376 2058 2451">
    <p class='ocr_par' dir='ltr' id='par_1_27' title="bbox 360 2376 2058 2451">
     <span class='ocr_line' id='line_1_27' title="bbox 360 2376 2058 2451; baseline -0.005 -13"><span class='ocrx_word' id='word_1_156' title='bbox 360 2391 416 2438; x_wconf 87' lang='lat' dir='ltr'>et</span> <span class='ocrx_word' id='word_1_157' title='bbox 448 2391 671 2448; x_wconf 62' lang='lat' dir='ltr'>caetera,</span> <span class='ocrx_word' id='word_1_158' title='bbox 707 2386 900 2435; x_wconf 86' lang='lat' dir='ltr'>sancta</span> <span class='ocrx_word' id='word_1_159' title='bbox 922 2381 1172 2451; x_wconf 82' lang='lat' dir='ltr'>synodus</span> <span class='ocrx_word' id='word_1_160' title='bbox 1193 2396 1321 2450; x_wconf 66' lang='lat' dir='ltr'>quae</span> <span class='ocrx_word' id='word_1_161' title='bbox 1344 2379 1401 2432; x_wconf 89' lang='lat' dir='ltr'>in</span> <span class='ocrx_word' id='word_1_162' title='bbox 1427 2376 2058 2446; x_wconf 86' lang='lat' dir='ltr'>Constantinopolitana</span> 
     </span>
    </p>
   </div>
   <div class='ocr_carea' id='block_1_28' title="bbox 364 2473 1106 2539">
    <p class='ocr_par' dir='ltr' id='par_1_28' title="bbox 364 2473 1106 2539">
     <span class='ocr_line' id='line_1_28' title="bbox 364 2473 1106 2539; baseline -0.007 -12"><span class='ocrx_word' id='word_1_163' title='bbox 364 2479 447 2527; x_wconf 88' lang='lat' dir='ltr'>est</span> <span class='ocrx_word' id='word_1_164' title='bbox 476 2473 701 2525; x_wconf 80' lang='lat' dir='ltr'>civitate</span> <span class='ocrx_word' id='word_1_165' title='bbox 741 2474 1106 2539; x_wconf 85' lang='lat' dir='ltr'>congregata.</span> 
     </span>
    </p>
   </div>
   <div class='ocr_carea' id='block_1_29' title="bbox 434 2554 2058 2627">
    <p class='ocr_par' dir='ltr' id='par_1_29' title="bbox 434 2554 2058 2627">
     <span class='ocr_line' id='line_1_29' title="bbox 434 2554 2058 2627; baseline -0.004 -12"><span class='ocrx_word' id='word_1_166' title='bbox 434 2561 919 2615; x_wconf 85' lang='lat' dir='ltr'>lnnumerabilem</span> <span class='ocrx_word' id='word_1_167' title='bbox 938 2565 993 2612; x_wconf 89' lang='lat' dir='ltr'>ct.</span> <span class='ocrx_word' id='word_1_168' title='bbox 1023 2558 1484 2627; x_wconf 85' lang='lat' dir='ltr'>ininvestigatam</span> <span class='ocrx_word' id='word_1_169' title='bbox 1516 2554 1710 2626; x_wconf 86' lang='lat' dir='ltr'>magni</span> <span class='ocrx_word' id='word_1_170' title='bbox 1732 2554 1830 2608; x_wconf 86' lang='lat' dir='ltr'>Dei</span> <span class='ocrx_word' id='word_1_171' title='bbox 1856 2559 1910 2608; x_wconf 92' lang='lat' dir='ltr'>et</span> <span class='ocrx_word' id='word_1_172' title='bbox 1933 2554 2058 2609; x_wconf 89' lang='lat' dir='ltr'>Sal—</span> 
     </span>
    </p>
   </div>
   <div class='ocr_carea' id='block_1_30' title="bbox 360 2645 2056 2716">
    <p class='ocr_par' dir='ltr' id='par_1_30' title="bbox 360 2645 2056 2716">
     <span class='ocr_line' id='line_1_30' title="bbox 360 2645 2056 2716; baseline -0.004 -13"><span class='ocrx_word' id='word_1_173' title='bbox 360 2651 571 2705; x_wconf 87' lang='lat' dir='ltr'>vatoris</span> <span class='ocrx_word' id='word_1_174' title='bbox 601 2649 780 2701; x_wconf 81' lang='lat' dir='ltr'>nostri</span> <span class='ocrx_word' id='word_1_175' title='bbox 826 2649 957 2702; x_wconf 80' lang='lat' dir='ltr'>Jesu</span> <span class='ocrx_word' id='word_1_176' title='bbox 988 2647 1197 2702; x_wconf 86' lang='lat' dir='ltr'>Christi</span> <span class='ocrx_word' id='word_1_177' title='bbox 1240 2648 1602 2716; x_wconf 89' lang='lat' dir='ltr'>sapientiam,</span> <span class='ocrx_word' id='word_1_178' title='bbox 1638 2649 1919 2715; x_wconf 84' lang='lat' dir='ltr'>quantum</span> <span class='ocrx_word' id='word_1_179' title='bbox 1951 2645 2056 2697; x_wconf 91' lang='lat' dir='ltr'>ho-</span> 
     </span>
    </p>
   </div>
   <div class='ocr_carea' id='block_1_31' title="bbox 362 2733 2053 2806">
    <p class='ocr_par' dir='ltr' id='par_1_31' title="bbox 362 2733 2053 2806">
     <span class='ocr_line' id='line_1_31' title="bbox 362 2733 2053 2806; baseline -0.006 -11"><span class='ocrx_word' id='word_1_180' title='bbox 362 2740 613 2795; x_wconf 85' lang='lat' dir='ltr'>minibus</span> <span class='ocrx_word' id='word_1_181' title='bbox 636 2740 802 2791; x_wconf 81' lang='lat' dir='ltr'>datur</span> <span class='ocrx_word' id='word_1_182' title='bbox 830 2737 1095 2806; x_wconf 81' lang='lat' dir='ltr'>intelligi,</span> <span class='ocrx_word' id='word_1_183' title='bbox 1126 2737 1574 2800; x_wconf 79' lang='lat' dir='ltr'>considerantes,</span> <span class='ocrx_word' id='word_1_184' title='bbox 1608 2734 1904 2787; x_wconf 86' lang='lat' dir='ltr'>caritatem</span> <span class='ocrx_word' id='word_1_185' title='bbox 1932 2733 2053 2802; x_wconf 85' lang='lat' dir='ltr'>ejus</span> 
     </span>
    </p>
   </div>
   <div class='ocr_carea' id='block_1_32' title="bbox 361 2826 2057 2896">
    <p class='ocr_par' dir='ltr' id='par_1_32' title="bbox 361 2826 2057 2896">
     <span class='ocr_line' id='line_1_32' title="bbox 361 2826 2057 2896; baseline -0.005 -12"><span class='ocrx_word' id='word_1_186' title='bbox 361 2830 701 2884; x_wconf 85' lang='lat' dir='ltr'>immensam</span> <span class='ocrx_word' id='word_1_187' title='bbox 729 2827 880 2896; x_wconf 87' lang='lat' dir='ltr'>juste</span> <span class='ocrx_word' id='word_1_188' title='bbox 913 2829 1212 2893; x_wconf 87' lang='lat' dir='ltr'>miramur,</span> <span class='ocrx_word' id='word_1_189' title='bbox 1249 2831 1304 2881; x_wconf 88' lang='lat' dir='ltr'>et</span> <span class='ocrx_word' id='word_1_190' title='bbox 1332 2843 1461 2880; x_wconf 91' lang='lat' dir='ltr'>cum</span> <span class='ocrx_word' id='word_1_191' title='bbox 1495 2842 1702 2894; x_wconf 87' lang='lat' dir='ltr'>magna</span> <span class='ocrx_word' id='word_1_192' title='bbox 1723 2826 2057 2878; x_wconf 62' lang='lat' dir='ltr'>“clamamus</span> 
     </span>
    </p>
   </div>
   <div class='ocr_carea' id='block_1_33' title="bbox 357 2914 2056 2988">
    <p class='ocr_par' dir='ltr' id='par_1_33' title="bbox 357 2914 2056 2988">
     <span class='ocr_line' id='line_1_33' title="bbox 357 2914 2056 2988; baseline -0.004 -16"><span class='ocrx_word' id='word_1_193' title='bbox 357 2936 492 2972; x_wconf 91' lang='lat' dir='ltr'>voce</span> <span class='ocrx_word' id='word_1_194' title='bbox 528 2936 539 2972; x_wconf 87' lang='lat'>:</span> <span class='ocrx_word' id='word_1_195' title='bbox 578 2917 715 2983; x_wconf 84' lang='lat' dir='ltr'>Quis</span> <span class='ocrx_word' id='word_1_196' title='bbox 740 2918 1001 2987; x_wconf 75' lang='lat' dir='ltr'>loquetur</span> <span class='ocrx_word' id='word_1_197' title='bbox 1029 2915 1316 2988; x_wconf 78' lang='lat' dir='ltr'>potentias</span> <span class='ocrx_word' id='word_1_198' title='bbox 1349 2915 1590 2976; x_wconf 79' lang='lat' dir='ltr'>Domini,</span> <span class='ocrx_word' id='word_1_199' title='bbox 1615 2914 1847 2968; x_wconf 77' lang='lat' dir='ltr'>auditas</span> <span class='ocrx_word' id='word_1_200' title='bbox 1869 2915 2056 2979; x_wconf 76' lang='lat' dir='ltr'>faciet</span> 
     </span>
    </p>
   </div>
   <div class='ocr_carea' id='block_1_34' title="bbox 363 3003 2056 3075">
    <p class='ocr_par' dir='ltr' id='par_1_34' title="bbox 363 3003 2056 3075">
     <span class='ocr_line' id='line_1_34' title="bbox 363 3003 2056 3075; baseline -0.004 -15"><span class='ocrx_word' id='word_1_201' title='bbox 363 3023 557 3061; x_wconf 86' lang='lat' dir='ltr'>omnes</span> <span class='ocrx_word' id='word_1_202' title='bbox 587 3007 786 3060; x_wconf 85' lang='lat' dir='ltr'>laudes</span> <span class='ocrx_word' id='word_1_203' title='bbox 813 3006 938 3073; x_wconf 80' lang='lat' dir='ltr'>ejus</span> <span class='ocrx_word' id='word_1_204' title='bbox 967 3005 1152 3075; x_wconf 77' lang='lat' dir='ltr'>(Ps-at.</span> <span class='ocrx_word' id='word_1_205' title='bbox 1190 3005 1318 3074; x_wconf 73' lang='lat' dir='ltr'>ev)?</span> <span class='ocrx_word' id='word_1_206' title='bbox 1368 3007 1501 3059; x_wconf 78' lang='lat' dir='ltr'>Ecce</span> <span class='ocrx_word' id='word_1_207' title='bbox 1533 3004 1684 3057; x_wconf 90' lang='lat' dir='ltr'>enim</span> <span class='ocrx_word' id='word_1_208' title='bbox 1718 3020 1818 3073; x_wconf 85' lang='lat' dir='ltr'>per</span> <span class='ocrx_word' id='word_1_209' title='bbox 1850 3003 2056 3055; x_wconf 85' lang='lat' dir='ltr'>bonam</span> 
     </span>
    </p>
   </div>
   <div class='ocr_carea' id='block_1_35' title="bbox 361 3091 2063 3158">
    <p class='ocr_par' dir='ltr' id='par_1_35' title="bbox 361 3091 2063 3158">
     <span class='ocr_line' id='line_1_35' title="bbox 361 3091 2063 3158; baseline -0.004 -8"><span class='ocrx_word' id='word_1_210' title='bbox 361 3099 719 3150; x_wconf 85' lang='lat' dir='ltr'>voluntatem</span> <span class='ocrx_word' id='word_1_211' title='bbox 771 3101 978 3149; x_wconf 81' lang='lat' dir='ltr'>sanctae</span> <span class='ocrx_word' id='word_1_212' title='bbox 1017 3100 1072 3148; x_wconf 89' lang='lat' dir='ltr'>et</span> <span class='ocrx_word' id='word_1_213' title='bbox 1123 3095 1292 3148; x_wconf 89' lang='lat' dir='ltr'>unius</span> <span class='ocrx_word' id='word_1_214' title='bbox 1341 3094 1601 3147; x_wconf 71' lang='lat' dir='ltr'>essentia:</span> <span class='ocrx_word' id='word_1_215' title='bbox 1661 3091 1972 3158; x_wconf 82' lang='lat' dir='ltr'>Trinitatis,</span> <span class='ocrx_word' id='word_1_216' title='bbox 2008 3095 2063 3144; x_wconf 87' lang='lat' dir='ltr'>et</span> 
     </span>
    </p>
   </div>
   <div class='ocr_carea' id='block_1_36' title="bbox 361 3181 2060 3253">
    <p class='ocr_par' dir='ltr' id='par_1_36' title="bbox 361 3181 2060 3253">
     <span class='ocr_line' id='line_1_36' title="bbox 361 3181 2060 3253; baseline -0.004 -14"><span class='ocrx_word' id='word_1_217' title='bbox 361 3186 766 3239; x_wconf 84' lang='lat' dir='ltr'>intercessione</span> <span class='ocrx_word' id='word_1_218' title='bbox 801 3184 1063 3253; x_wconf 65' lang='lat' dir='ltr'>gloriosae</span> <span class='ocrx_word' id='word_1_219' title='bbox 1098 3184 1285 3237; x_wconf 72' lang='lat' dir='ltr'>Mariae</span> <span class='ocrx_word' id='word_1_220' title='bbox 1316 3182 1576 3252; x_wconf 78' lang='lat' dir='ltr'>virginis,</span> <span class='ocrx_word' id='word_1_221' title='bbox 1612 3181 1797 3234; x_wconf 87' lang='lat' dir='ltr'>studio</span> <span class='ocrx_word' id='word_1_222' title='bbox 1834 3197 2060 3250; x_wconf 81' lang='lat' dir='ltr'>quoque</span> 
     </span>
    </p>
   </div>
   <div class='ocr_carea' id='block_1_37' title="bbox 361 3268 2060 3342">
    <p class='ocr_par' dir='ltr' id='par_1_37' title="bbox 361 3268 2060 3342">
     <span class='ocr_line' id='line_1_37' title="bbox 361 3268 2060 3342; baseline -0.004 -15"><span class='ocrx_word' id='word_1_223' title='bbox 361 3278 416 3326; x_wconf 90' lang='lat' dir='ltr'>et</span> <span class='ocrx_word' id='word_1_224' title='bbox 435 3274 733 3342; x_wconf 76' lang='lat' dir='ltr'>vigilantia</span> <span class='ocrx_word' id='word_1_225' title='bbox 765 3271 1232 3326; x_wconf 84' lang='lat' dir='ltr'>Christianissimi</span> <span class='ocrx_word' id='word_1_226' title='bbox 1265 3275 1319 3323; x_wconf 81' lang='lat' dir='ltr'>et.</span> <span class='ocrx_word' id='word_1_227' title='bbox 1349 3270 1669 3323; x_wconf 89' lang='lat' dir='ltr'>ﬁdelissimi</span> <span class='ocrx_word' id='word_1_228' title='bbox 1700 3268 2060 3337; x_wconf 86' lang='lat' dir='ltr'>imperatoris</span> 
     </span>
    </p>
   </div>
   <div class='ocr_carea' id='block_1_38' title="bbox 363 3357 2057 3431">
    <p class='ocr_par' dir='ltr' id='par_1_38' title="bbox 363 3357 2057 3431">
     <span class='ocr_line' id='line_1_38' title="bbox 363 3357 2057 3431; baseline -0.002 -17"><span class='ocrx_word' id='word_1_229' title='bbox 363 3368 416 3415; x_wconf 88' lang='lat' dir='ltr'>et</span> <span class='ocrx_word' id='word_1_230' title='bbox 445 3362 720 3431; x_wconf 82' lang='lat' dir='ltr'>piissimae</span> <span class='ocrx_word' id='word_1_231' title='bbox 743 3362 976 3430; x_wconf 75' lang='lat' dir='ltr'>reginas,</span> <span class='ocrx_word' id='word_1_232' title='bbox 1001 3361 1138 3413; x_wconf 90' lang='lat' dir='ltr'>olim</span> <span class='ocrx_word' id='word_1_233' title='bbox 1165 3377 1294 3430; x_wconf 66' lang='lat' dir='ltr'>quae</span> <span class='ocrx_word' id='word_1_234' title='bbox 1321 3361 1547 3412; x_wconf 85' lang='lat' dir='ltr'>fuerant</span> <span class='ocrx_word' id='word_1_235' title='bbox 1571 3359 1832 3410; x_wconf 87' lang='lat' dir='ltr'>membra</span> <span class='ocrx_word' id='word_1_236' title='bbox 1856 3357 2057 3422; x_wconf 88' lang='lat' dir='ltr'>divisa,</span> 
     </span>
    </p>
   </div>
   <div class='ocr_carea' id='block_1_39' title="bbox 362 3445 2058 3521">
    <p class='ocr_par' dir='ltr' id='par_1_39' title="bbox 362 3445 2058 3521">
     <span class='ocr_line' id='line_1_39' title="bbox 362 3445 2058 3521; baseline -0.004 -18"><span class='ocrx_word' id='word_1_237' title='bbox 362 3467 464 3521; x_wconf 89' lang='lat' dir='ltr'>per</span> <span class='ocrx_word' id='word_1_238' title='bbox 492 3450 734 3520; x_wconf 87' lang='lat' dir='ltr'>Spiritus</span> <span class='ocrx_word' id='word_1_239' title='bbox 768 3449 944 3502; x_wconf 88' lang='lat' dir='ltr'>sancti</span> <span class='ocrx_word' id='word_1_240' title='bbox 978 3449 1222 3518; x_wconf 83' lang='lat' dir='ltr'>gratiam</span> <span class='ocrx_word' id='word_1_241' title='bbox 1257 3448 1326 3501; x_wconf 88' lang='lat' dir='ltr'>ad</span> <span class='ocrx_word' id='word_1_242' title='bbox 1371 3448 1651 3500; x_wconf 84' lang='lat' dir='ltr'>unitatem</span> <span class='ocrx_word' id='word_1_243' title='bbox 1682 3451 1736 3499; x_wconf 90' lang='lat' dir='ltr'>et</span> <span class='ocrx_word' id='word_1_244' title='bbox 1767 3445 2058 3498; x_wconf 89' lang='lat' dir='ltr'>caritatem</span> 
     </span>
    </p>
   </div>
   <div class='ocr_carea' id='block_1_40' title="bbox 361 3537 2058 3610">
    <p class='ocr_par' dir='ltr' id='par_1_40' title="bbox 361 3537 2058 3610">
     <span class='ocr_line' id='line_1_40' title="bbox 361 3537 2058 3610; baseline -0.003 -18"><span class='ocrx_word' id='word_1_245' title='bbox 361 3540 672 3610; x_wconf 78' lang='lat' dir='ltr'>perfectam</span> <span class='ocrx_word' id='word_1_246' title='bbox 706 3543 839 3592; x_wconf 88' lang='lat' dir='ltr'>sunt</span> <span class='ocrx_word' id='word_1_247' title='bbox 883 3538 1108 3591; x_wconf 87' lang='lat' dir='ltr'>redacta</span> <span class='ocrx_word' id='word_1_248' title='bbox 1144 3555 1155 3590; x_wconf 90' lang='lat'>:</span> <span class='ocrx_word' id='word_1_249' title='bbox 1185 3589 1188 3592; x_wconf 76' lang='grc'><em>,</em></span> <span class='ocrx_word' id='word_1_250' title='bbox 1216 3541 1271 3589; x_wconf 86' lang='lat' dir='ltr'>et</span> <span class='ocrx_word' id='word_1_251' title='bbox 1315 3537 1460 3589; x_wconf 84' lang='lat' dir='ltr'>sicut</span> <span class='ocrx_word' id='word_1_252' title='bbox 1515 3537 1730 3605; x_wconf 81' lang='lat' dir='ltr'>Moyses</span> <span class='ocrx_word' id='word_1_253' title='bbox 1771 3541 1828 3587; x_wconf 90' lang='lat' dir='ltr'>et</span> <span class='ocrx_word' id='word_1_254' title='bbox 1869 3538 2058 3588; x_wconf 78' lang='lat' dir='ltr'>Aaron</span> 
     </span>
    </p>
   </div>
   <div class='ocr_carea' id='block_1_41' title="bbox 361 3622 2060 3688">
    <p class='ocr_par' dir='ltr' id='par_1_41' title="bbox 361 3622 2060 3688">
     <span class='ocr_line' id='line_1_41' title="bbox 361 3622 2060 3688; baseline -0.003 -8"><span class='ocrx_word' id='word_1_255' title='bbox 361 3627 532 3680; x_wconf 89' lang='lat' dir='ltr'>duces</span> <span class='ocrx_word' id='word_1_256' title='bbox 567 3627 664 3680; x_wconf 89' lang='lat' dir='ltr'>Dei</span> <span class='ocrx_word' id='word_1_257' title='bbox 711 3643 838 3679; x_wconf 83' lang='lat' dir='ltr'>vere</span> <span class='ocrx_word' id='word_1_258' title='bbox 890 3627 1128 3679; x_wconf 65' lang='lat' dir='ltr'>culturae</span> <span class='ocrx_word' id='word_1_259' title='bbox 1184 3623 1499 3677; x_wconf 63' lang='lat' dir='ltr'>Israelitica:</span> <span class='ocrx_word' id='word_1_260' title='bbox 1555 3622 1854 3688; x_wconf 87' lang='lat' dir='ltr'>nominati,</span> <span class='ocrx_word' id='word_1_261' title='bbox 1907 3637 2060 3675; x_wconf 90' lang='lat' dir='ltr'>nunc</span> 
     </span>
    </p>
   </div>
   <div class='ocr_carea' id='block_1_42' title="bbox 360 3710 2052 3785">
    <p class='ocr_par' dir='ltr' id='par_1_42' title="bbox 360 3710 2052 3785">
     <span class='ocr_line' id='line_1_42' title="bbox 360 3710 2052 3785; baseline -0.002 -16"><span class='ocrx_word' id='word_1_262' title='bbox 360 3716 443 3770; x_wconf 89' lang='lat' dir='ltr'>ita</span> <span class='ocrx_word' id='word_1_263' title='bbox 484 3721 539 3769; x_wconf 89' lang='lat' dir='ltr'>et</span> <span class='ocrx_word' id='word_1_264' title='bbox 567 3732 670 3769; x_wconf 91' lang='lat' dir='ltr'>nos</span> <span class='ocrx_word' id='word_1_265' title='bbox 703 3715 1016 3785; x_wconf 80' lang='lat' dir='ltr'>gaudentes</span> <span class='ocrx_word' id='word_1_266' title='bbox 1043 3715 1358 3767; x_wconf 88' lang='lat' dir='ltr'>clamamus</span> <span class='ocrx_word' id='word_1_267' title='bbox 1391 3729 1402 3765; x_wconf 94' lang='lat'>:</span> <span class='ocrx_word' id='word_1_268' title='bbox 1432 3715 1747 3765; x_wconf 81' lang='lat' dir='ltr'>Cantemus</span> <span class='ocrx_word' id='word_1_269' title='bbox 1772 3710 2016 3765; x_wconf 83' lang='lat' dir='ltr'>Domino</span> <span class='ocrx_word' id='word_1_270' title='bbox 2041 3728 2052 3764; x_wconf 91' lang='lat'>:</span> 
     </span>
    </p>
   </div>
   <div class='ocr_carea' id='block_1_43' title="bbox 357 3801 2060 3876">
    <p class='ocr_par' dir='ltr' id='par_1_43' title="bbox 357 3801 2060 3876">
     <span class='ocr_line' id='line_1_43' title="bbox 357 3801 2060 3876; baseline -0.003 -18"><span class='ocrx_word' id='word_1_271' title='bbox 357 3803 605 3876; x_wconf 82' lang='lat' dir='ltr'>gloriose</span> <span class='ocrx_word' id='word_1_272' title='bbox 633 3804 785 3857; x_wconf 83' lang='lat' dir='ltr'>enim</span> <span class='ocrx_word' id='word_1_273' title='bbox 815 3802 1216 3872; x_wconf 80' lang='lat' dir='ltr'>honoriﬁcatus</span> <span class='ocrx_word' id='word_1_274' title='bbox 1254 3805 1358 3855; x_wconf 87' lang='lat' dir='ltr'>est.</span> <span class='ocrx_word' id='word_1_275' title='bbox 1391 3801 1638 3870; x_wconf 73' lang='lat' dir='ltr'>Adjutor</span> <span class='ocrx_word' id='word_1_276' title='bbox 1683 3803 1738 3854; x_wconf 84' lang='lat' dir='ltr'>et</span> <span class='ocrx_word' id='word_1_277' title='bbox 1775 3803 2060 3870; x_wconf 82' lang='lat' dir='ltr'>protector</span> 
     </span>
    </p>
   </div>
   <div class='ocr_carea' id='block_1_44' title="bbox 360 3889 2056 3962">
    <p class='ocr_par' dir='ltr' id='par_1_44' title="bbox 360 3889 2056 3962">
     <span class='ocr_line' id='line_1_44' title="bbox 360 3889 2056 3962; baseline -0.002 -15"><span class='ocrx_word' id='word_1_278' title='bbox 360 3895 554 3956; x_wconf 86' lang='lat' dir='ltr'>factus</span> <span class='ocrx_word' id='word_1_279' title='bbox 577 3896 662 3946; x_wconf 87' lang='lat' dir='ltr'>est</span> <span class='ocrx_word' id='word_1_280' title='bbox 691 3891 840 3946; x_wconf 84' lang='lat' dir='ltr'>mihi</span> <span class='ocrx_word' id='word_1_281' title='bbox 860 3892 919 3946; x_wconf 86' lang='lat' dir='ltr'>in</span> <span class='ocrx_word' id='word_1_282' title='bbox 949 3892 1196 3946; x_wconf 79' lang='lat' dir='ltr'>salutem</span> <span class='ocrx_word' id='word_1_283' title='bbox 1230 3890 1434 3962; x_wconf 70' lang='lat' dir='ltr'>(Exod.</span> <span class='ocrx_word' id='word_1_284' title='bbox 1467 3893 1576 3960; x_wconf 79' lang='lat' dir='ltr'>xv).</span> <span class='ocrx_word' id='word_1_285' title='bbox 1607 3891 1670 3943; x_wconf 83' lang='lat' dir='ltr'>Et</span> <span class='ocrx_word' id='word_1_286' title='bbox 1699 3890 1818 3942; x_wconf 67' lang='lat' dir='ltr'>hazc</span> <span class='ocrx_word' id='word_1_287' title='bbox 1846 3889 2056 3944; x_wconf 89' lang='lat' dir='ltr'>sentire</span> 
     </span>
    </p>
   </div>
   <div class='ocr_carea' id='block_1_45' title="bbox 282 3979 2055 4053">
    <p class='ocr_par' dir='ltr' id='par_1_45' title="bbox 282 3979 2055 4053">
     <span class='ocr_line' id='line_1_45' title="bbox 282 3979 2055 4053; baseline -0.003 -17"><span class='ocrx_word' id='word_1_288' title='bbox 282 4007 290 4016; x_wconf 91' lang='lat'><strong><em>-</em></strong></span> <span class='ocrx_word' id='word_1_289' title='bbox 366 3987 422 4036; x_wconf 87' lang='lat' dir='ltr'>et</span> <span class='ocrx_word' id='word_1_290' title='bbox 451 3982 762 4053; x_wconf 63' lang='lat' dir='ltr'>praedicare</span> <span class='ocrx_word' id='word_1_291' title='bbox 797 3998 925 4034; x_wconf 91' lang='lat' dir='ltr'>cum</span> <span class='ocrx_word' id='word_1_292' title='bbox 965 3979 1175 4034; x_wconf 83' lang='lat' dir='ltr'>fiducia</span> <span class='ocrx_word' id='word_1_293' title='bbox 1206 3996 1403 4033; x_wconf 89' lang='lat' dir='ltr'>sumus</span> <span class='ocrx_word' id='word_1_294' title='bbox 1434 3979 1636 4032; x_wconf 88' lang='lat' dir='ltr'>edocti.</span> <span class='ocrx_word' id='word_1_295' title='bbox 1680 3979 2055 4032; x_wconf 83' lang='lat' dir='ltr'>Consideran-</span> 
     </span>
    </p>
   </div>
   <div class='ocr_carea' id='block_1_46' title="bbox 361 4069 2057 4126">
    <p class='ocr_par' dir='ltr' id='par_1_46' title="bbox 361 4069 2057 4126">
     <span class='ocr_line' id='line_1_46' title="bbox 361 4069 2057 4126; baseline -0.002 -1"><span class='ocrx_word' id='word_1_296' title='bbox 361 4077 444 4126; x_wconf 88' lang='lat' dir='ltr'>tes</span> <span class='ocrx_word' id='word_1_297' title='bbox 477 4078 669 4125; x_wconf 90' lang='lat' dir='ltr'>autem</span> <span class='ocrx_word' id='word_1_298' title='bbox 707 4072 1002 4125; x_wconf 84' lang='lat' dir='ltr'>caritatem</span> <span class='ocrx_word' id='word_1_299' title='bbox 1052 4075 1108 4122; x_wconf 88' lang='lat' dir='ltr'>et</span> <span class='ocrx_word' id='word_1_300' title='bbox 1159 4071 1270 4123; x_wconf 88' lang='lat' dir='ltr'>Deo</span> <span class='ocrx_word' id='word_1_301' title='bbox 1303 4069 1610 4122; x_wconf 83' lang='lat' dir='ltr'>amabilem</span> <span class='ocrx_word' id='word_1_302' title='bbox 1643 4073 1838 4121; x_wconf 67' lang='lat' dir='ltr'>vestra:</span> <span class='ocrx_word' id='word_1_303' title='bbox 1879 4069 2057 4122; x_wconf 88' lang='lat' dir='ltr'>beati-</span> 
     </span>
    </p>
   </div>
   <div class='ocr_carea' id='block_1_47' title="bbox 363 4157 2055 4228">
    <p class='ocr_par' dir='ltr' id='par_1_47' title="bbox 363 4157 2055 4228">
     <span class='ocr_line' id='line_1_47' title="bbox 363 4157 2055 4228; baseline -0.003 -13"><span class='ocrx_word' id='word_1_304' title='bbox 363 4162 579 4216; x_wconf 87' lang='lat' dir='ltr'>tudinis</span> <span class='ocrx_word' id='word_1_305' title='bbox 611 4162 781 4214; x_wconf 89' lang='lat' dir='ltr'>vitam</span> <span class='ocrx_word' id='word_1_306' title='bbox 815 4161 987 4213; x_wconf 90' lang='lat' dir='ltr'>etiam</span> <span class='ocrx_word' id='word_1_307' title='bbox 1021 4175 1087 4213; x_wconf 85' lang='lat' dir='ltr'>ex</span> <span class='ocrx_word' id='word_1_308' title='bbox 1125 4159 1212 4212; x_wconf 89' lang='lat' dir='ltr'>his</span> <span class='ocrx_word' id='word_1_309' title='bbox 1241 4159 1340 4228; x_wconf 87' lang='lat' dir='ltr'>qui</span> <span class='ocrx_word' id='word_1_310' title='bbox 1373 4176 1406 4211; x_wconf 86' lang='lat' dir='ltr'>a</span> <span class='ocrx_word' id='word_1_311' title='bbox 1447 4158 1604 4211; x_wconf 91' lang='lat' dir='ltr'>vobis</span> <span class='ocrx_word' id='word_1_312' title='bbox 1631 4163 1764 4210; x_wconf 90' lang='lat' dir='ltr'>sunt</span> <span class='ocrx_word' id='word_1_313' title='bbox 1793 4157 2055 4210; x_wconf 78' lang='lat' dir='ltr'>destinati</span> 
     </span>
    </p>
   </div>
   <div class='ocr_carea' id='block_1_48' title="bbox 2167 422 3838 496">
    <p class='ocr_par' dir='ltr' id='par_1_48' title="bbox 2167 422 3838 496">
     <span class='ocr_line' id='line_1_48' title="bbox 2167 422 3838 496; baseline 0.001 -19"><span class='ocrx_word' id='word_1_314' title='bbox 2167 427 2301 477; x_wconf 87' lang='lat' dir='ltr'>tem.</span> <span class='ocrx_word' id='word_1_315' title='bbox 2336 422 2428 477; x_wconf 90' lang='lat' dir='ltr'>llis</span> <span class='ocrx_word' id='word_1_316' title='bbox 2461 440 2598 492; x_wconf 87' lang='lat' dir='ltr'>ergo</span> <span class='ocrx_word' id='word_1_317' title='bbox 2629 422 2934 476; x_wconf 86' lang='lat' dir='ltr'>virtutibus</span> <span class='ocrx_word' id='word_1_318' title='bbox 2968 424 3214 492; x_wconf 89' lang='lat' dir='ltr'>pollens,</span> <span class='ocrx_word' id='word_1_319' title='bbox 3257 440 3370 476; x_wconf 91' lang='lat' dir='ltr'>non</span> <span class='ocrx_word' id='word_1_320' title='bbox 3417 423 3702 477; x_wconf 89' lang='lat' dir='ltr'>immerito</span> <span class='ocrx_word' id='word_1_321' title='bbox 3733 442 3838 496; x_wconf 88' lang='lat' dir='ltr'>pro-</span> 
     </span>
    </p>
   </div>
   <div class='ocr_carea' id='block_1_49' title="bbox 2166 512 3838 582">
    <p class='ocr_par' dir='ltr' id='par_1_49' title="bbox 2166 512 3838 582">
     <span class='ocr_line' id='line_1_49' title="bbox 2166 512 3838 582; baseline 0.002 -18"><span class='ocrx_word' id='word_1_322' title='bbox 2166 514 2318 582; x_wconf 89' lang='lat' dir='ltr'>prias</span> <span class='ocrx_word' id='word_1_323' title='bbox 2367 517 2423 566; x_wconf 88' lang='lat' dir='ltr'>et</span> <span class='ocrx_word' id='word_1_324' title='bbox 2478 513 2720 566; x_wconf 86' lang='lat' dir='ltr'>creditas</span> <span class='ocrx_word' id='word_1_325' title='bbox 2775 513 3003 566; x_wconf 81' lang='lat' dir='ltr'>sibimet</span> <span class='ocrx_word' id='word_1_326' title='bbox 3062 512 3338 566; x_wconf 80' lang='lat' dir='ltr'>maximas</span> <span class='ocrx_word' id='word_1_327' title='bbox 3387 514 3652 567; x_wconf 65' lang='lat' dir='ltr'>Ecclesiae</span> <span class='ocrx_word' id='word_1_328' title='bbox 3696 531 3838 568; x_wconf 87' lang='lat' dir='ltr'>curas</span> 
     </span>
    </p>
   </div>
   <div class='ocr_carea' id='block_1_50' title="bbox 2167 602 3839 672">
    <p class='ocr_par' dir='ltr' id='par_1_50' title="bbox 2167 602 3839 672">
     <span class='ocr_line' id='line_1_50' title="bbox 2167 602 3839 672; baseline 0.002 -18"><span class='ocrx_word' id='word_1_329' title='bbox 2167 602 2457 672; x_wconf 88' lang='lat' dir='ltr'>sapienter</span> <span class='ocrx_word' id='word_1_330' title='bbox 2506 609 2563 655; x_wconf 91' lang='lat' dir='ltr'>et</span> <span class='ocrx_word' id='word_1_331' title='bbox 2595 603 2908 656; x_wconf 90' lang='lat' dir='ltr'>honoriﬁce</span> <span class='ocrx_word' id='word_1_332' title='bbox 2957 603 3194 672; x_wconf 82' lang='lat' dir='ltr'>gessisse</span> <span class='ocrx_word' id='word_1_333' title='bbox 3237 602 3608 672; x_wconf 81' lang='lat' dir='ltr'>dignoscitur,</span> <span class='ocrx_word' id='word_1_334' title='bbox 3650 603 3839 657; x_wconf 83' lang='lat' dir='ltr'>habens</span> 
     </span>
    </p>
   </div>
   <div class='ocr_carea' id='block_1_51' title="bbox 2167 691 3837 762">
    <p class='ocr_par' dir='ltr' id='par_1_51' title="bbox 2167 691 3837 762">
     <span class='ocr_line' id='line_1_51' title="bbox 2167 691 3837 762; baseline 0.001 -17"><span class='ocrx_word' id='word_1_335' title='bbox 2167 692 2226 745; x_wconf 91' lang='lat' dir='ltr'>in</span> <span class='ocrx_word' id='word_1_336' title='bbox 2255 697 2445 746; x_wconf 87' lang='lat' dir='ltr'>mente</span> <span class='ocrx_word' id='word_1_337' title='bbox 2475 692 2618 746; x_wconf 90' lang='lat' dir='ltr'>illud</span> <span class='ocrx_word' id='word_1_338' title='bbox 2653 693 2806 762; x_wconf 91' lang='lat' dir='ltr'>quod</span> <span class='ocrx_word' id='word_1_339' title='bbox 2841 710 2872 744; x_wconf 88' lang='lat' dir='ltr'>a</span> <span class='ocrx_word' id='word_1_340' title='bbox 2924 693 3069 745; x_wconf 89' lang='lat' dir='ltr'>sacri</span> <span class='ocrx_word' id='word_1_341' title='bbox 3108 691 3312 744; x_wconf 87' lang='lat' dir='ltr'>cantici</span> <span class='ocrx_word' id='word_1_342' title='bbox 3345 697 3576 745; x_wconf 86' lang='lat' dir='ltr'>auclore</span> <span class='ocrx_word' id='word_1_343' title='bbox 3620 695 3837 746; x_wconf 86' lang='lat' dir='ltr'>relatum</span> 
     </span>
    </p>
   </div>
   <div class='ocr_carea' id='block_1_52' title="bbox 2167 779 3840 850">
    <p class='ocr_par' dir='ltr' id='par_1_52' title="bbox 2167 779 3840 850">
     <span class='ocr_line' id='line_1_52' title="bbox 2167 779 3840 850; baseline 0 -16"><span class='ocrx_word' id='word_1_344' title='bbox 2167 786 2282 834; x_wconf 84' lang='lat' dir='ltr'>est:</span> <span class='ocrx_word' id='word_1_345' title='bbox 2311 783 2384 833; x_wconf 86' lang='lat' dir='ltr'>0s</span> <span class='ocrx_word' id='word_1_346' title='bbox 2403 796 2592 833; x_wconf 82' lang='lat' dir='ltr'>meum</span> <span class='ocrx_word' id='word_1_347' title='bbox 2613 779 2879 849; x_wconf 81' lang='lat' dir='ltr'>loquetur</span> <span class='ocrx_word' id='word_1_348' title='bbox 2893 779 3266 850; x_wconf 75' lang='lat' dir='ltr'>sapientiam,</span> <span class='ocrx_word' id='word_1_349' title='bbox 3291 782 3345 832; x_wconf 82' lang='lat' dir='ltr'>et</span> <span class='ocrx_word' id='word_1_350' title='bbox 3366 779 3662 833; x_wconf 83' lang='lat' dir='ltr'>meditatio</span> <span class='ocrx_word' id='word_1_351' title='bbox 3677 781 3840 834; x_wconf 81' lang='lat' dir='ltr'>cordis</span> 
     </span>
    </p>
   </div>
   <div class='ocr_carea' id='block_1_53' title="bbox 2166 867 3837 939">
    <p class='ocr_par' dir='ltr' id='par_1_53' title="bbox 2166 867 3837 939">
     <span class='ocr_line' id='line_1_53' title="bbox 2166 867 3837 939; baseline 0.001 -16"><span class='ocrx_word' id='word_1_352' title='bbox 2166 869 2275 923; x_wconf 72' lang='lat' dir='ltr'>mri</span> <span class='ocrx_word' id='word_1_353' title='bbox 2323 867 2696 938; x_wconf 82' lang='lat' dir='ltr'>prudentiam</span> <span class='ocrx_word' id='word_1_354' title='bbox 2757 870 2940 938; x_wconf 84' lang='lat' dir='ltr'>(Psal.</span> <span class='ocrx_word' id='word_1_355' title='bbox 3001 869 3276 939; x_wconf 77' lang='lat' dir='ltr'>Lxxxvui).</span> <span class='ocrx_word' id='word_1_356' title='bbox 3333 869 3493 922; x_wconf 86' lang='lat' dir='ltr'>Unde</span> <span class='ocrx_word' id='word_1_357' title='bbox 3553 871 3837 925; x_wconf 86' lang='lat' dir='ltr'>secundum</span> 
     </span>
    </p>
   </div>
   <div class='ocr_carea' id='block_1_54' title="bbox 2166 953 3840 1026">
    <p class='ocr_par' dir='ltr' id='par_1_54' title="bbox 2166 953 3840 1026">
     <span class='ocr_line' id='line_1_54' title="bbox 2166 953 3840 1026; baseline 0.001 -18"><span class='ocrx_word' id='word_1_358' title='bbox 2166 963 2376 1010; x_wconf 87' lang='lat' dir='ltr'>rectam</span> <span class='ocrx_word' id='word_1_359' title='bbox 2407 959 2475 1010; x_wconf 88' lang='lat' dir='ltr'>‘et</span> <span class='ocrx_word' id='word_1_360' title='bbox 2523 955 2881 1026; x_wconf 86' lang='lat' dir='ltr'>probabilem</span> <span class='ocrx_word' id='word_1_361' title='bbox 2937 953 3257 1008; x_wconf 86' lang='lat' dir='ltr'>ﬁdelissimi</span> <span class='ocrx_word' id='word_1_362' title='bbox 3309 959 3364 1007; x_wconf 91' lang='lat' dir='ltr'>et</span> <span class='ocrx_word' id='word_1_363' title='bbox 3395 956 3840 1009; x_wconf 82' lang='lat' dir='ltr'>Christianissimi</span> 
     </span>
    </p>
   </div>
   <div class='ocr_carea' id='block_1_55' title="bbox 2167 1043 3841 1115">
    <p class='ocr_par' dir='ltr' id='par_1_55' title="bbox 2167 1043 3841 1115">
     <span class='ocr_line' id='line_1_55' title="bbox 2167 1043 3841 1115; baseline 0.001 -17"><span class='ocrx_word' id='word_1_364' title='bbox 2167 1045 2347 1099; x_wconf 86' lang='lat' dir='ltr'>nostri</span> <span class='ocrx_word' id='word_1_365' title='bbox 2381 1045 2673 1115; x_wconf 87' lang='lat' dir='ltr'>principis,</span> <span class='ocrx_word' id='word_1_366' title='bbox 2709 1050 2765 1098; x_wconf 92' lang='lat' dir='ltr'>et</span> <span class='ocrx_word' id='word_1_367' title='bbox 2795 1045 3068 1114; x_wconf 69' lang='lat' dir='ltr'>piissimaa</span> <span class='ocrx_word' id='word_1_368' title='bbox 3099 1043 3334 1114; x_wconf 65' lang='lat' dir='ltr'>regimur,</span> <span class='ocrx_word' id='word_1_369' title='bbox 3360 1049 3415 1097; x_wconf 85' lang='lat' dir='ltr'>et</span> <span class='ocrx_word' id='word_1_370' title='bbox 3432 1044 3841 1114; x_wconf 87' lang='lat' dir='ltr'>gloriosissimo-</span> 
     </span>
    </p>
   </div>
   <div class='ocr_carea' id='block_1_56' title="bbox 2167 1133 3838 1204">
    <p class='ocr_par' dir='ltr' id='par_1_56' title="bbox 2167 1133 3838 1204">
     <span class='ocr_line' id='line_1_56' title="bbox 2167 1133 3838 1204; baseline -0.001 -15"><span class='ocrx_word' id='word_1_371' title='bbox 2167 1151 2297 1190; x_wconf 88' lang='lat' dir='ltr'>rum</span> <span class='ocrx_word' id='word_1_372' title='bbox 2349 1134 2668 1188; x_wconf 87' lang='lat' dir='ltr'>communis</span> <span class='ocrx_word' id='word_1_373' title='bbox 2739 1133 3070 1204; x_wconf 68' lang='lat' dir='ltr'>reipublicae</span> <span class='ocrx_word' id='word_1_374' title='bbox 3137 1150 3445 1204; x_wconf 86' lang='lat' dir='ltr'>procerum</span> <span class='ocrx_word' id='word_1_375' title='bbox 3501 1135 3838 1201; x_wconf 87' lang='lat' dir='ltr'>sententiam,</span> 
     </span>
    </p>
   </div>
   <div class='ocr_carea' id='block_1_57' title="bbox 2170 1223 3842 1295">
    <p class='ocr_par' dir='ltr' id='par_1_57' title="bbox 2170 1223 3842 1295">
     <span class='ocr_line' id='line_1_57' title="bbox 2170 1223 3842 1295; baseline -0.001 -17"><span class='ocrx_word' id='word_1_376' title='bbox 2170 1231 2362 1278; x_wconf 89' lang='lat' dir='ltr'>nostra</span> <span class='ocrx_word' id='word_1_377' title='bbox 2397 1241 2625 1295; x_wconf 80' lang='lat' dir='ltr'>quoque</span> <span class='ocrx_word' id='word_1_378' title='bbox 2659 1223 2831 1277; x_wconf 89' lang='lat' dir='ltr'>etiam</span> <span class='ocrx_word' id='word_1_379' title='bbox 2883 1224 3140 1276; x_wconf 89' lang='lat' dir='ltr'>omnium</span> <span class='ocrx_word' id='word_1_380' title='bbox 3175 1223 3231 1276; x_wconf 90' lang='lat' dir='ltr'>in</span> <span class='ocrx_word' id='word_1_381' title='bbox 3276 1224 3382 1276; x_wconf 89' lang='lat' dir='ltr'>hac</span> <span class='ocrx_word' id='word_1_382' title='bbox 3437 1223 3577 1275; x_wconf 83' lang='lat' dir='ltr'>urbe</span> <span class='ocrx_word' id='word_1_383' title='bbox 3607 1224 3842 1277; x_wconf 86' lang='lat' dir='ltr'>habitan-</span> 
     </span>
    </p>
   </div>
   <div class='ocr_carea' id='block_1_58' title="bbox 2169 1312 3838 1382">
    <p class='ocr_par' dir='ltr' id='par_1_58' title="bbox 2169 1312 3838 1382">
     <span class='ocr_line' id='line_1_58' title="bbox 2169 1312 3838 1382; baseline -0.001 -15"><span class='ocrx_word' id='word_1_384' title='bbox 2169 1316 2309 1367; x_wconf 89' lang='lat' dir='ltr'>tium</span> <span class='ocrx_word' id='word_1_385' title='bbox 2339 1314 2756 1379; x_wconf 83' lang='lat' dir='ltr'>testiﬁcatione,</span> <span class='ocrx_word' id='word_1_386' title='bbox 2787 1313 3072 1382; x_wconf 85' lang='lat' dir='ltr'>judicium</span> <span class='ocrx_word' id='word_1_387' title='bbox 3109 1312 3266 1366; x_wconf 83' lang='lat' dir='ltr'>Pauli</span> <span class='ocrx_word' id='word_1_388' title='bbox 3296 1312 3578 1364; x_wconf 82' lang='lat' dir='ltr'>mirabilis</span> <span class='ocrx_word' id='word_1_389' title='bbox 3609 1328 3838 1366; x_wconf 82' lang='lat' dir='ltr'>comnm-</span> 
     </span>
    </p>
   </div>
   <div class='ocr_carea' id='block_1_59' title="bbox 2168 1401 3838 1470">
    <p class='ocr_par' dir='ltr' id='par_1_59' title="bbox 2168 1401 3838 1470">
     <span class='ocr_line' id='line_1_59' title="bbox 2168 1401 3838 1470; baseline -0.002 -12"><span class='ocrx_word' id='word_1_390' title='bbox 2168 1405 2254 1458; x_wconf 78' lang='lat' dir='ltr'>nis</span> <span class='ocrx_word' id='word_1_391' title='bbox 2291 1404 2547 1457; x_wconf 65' lang='lat' dir='ltr'>Ecclesia}</span> <span class='ocrx_word' id='word_1_392' title='bbox 2583 1403 2829 1456; x_wconf 83' lang='lat' dir='ltr'>doctoris</span> <span class='ocrx_word' id='word_1_393' title='bbox 2870 1419 2986 1456; x_wconf 91' lang='lat' dir='ltr'>non</span> <span class='ocrx_word' id='word_1_394' title='bbox 3035 1407 3118 1454; x_wconf 88' lang='lat' dir='ltr'>est</span> <span class='ocrx_word' id='word_1_395' title='bbox 3167 1401 3226 1454; x_wconf 88' lang='lat' dir='ltr'>in</span> <span class='ocrx_word' id='word_1_396' title='bbox 3268 1419 3331 1454; x_wconf 89' lang='lat' dir='ltr'>eo</span> <span class='ocrx_word' id='word_1_397' title='bbox 3382 1401 3725 1468; x_wconf 86' lang='lat' dir='ltr'>fraudatum,</span> <span class='ocrx_word' id='word_1_398' title='bbox 3757 1403 3838 1470; x_wconf 72' lang='lat' dir='ltr'>qui</span> 
     </span>
    </p>
   </div>
   <div class='ocr_carea' id='block_1_60' title="bbox 2169 1491 3842 1562">
    <p class='ocr_par' dir='ltr' id='par_1_60' title="bbox 2169 1491 3842 1562">
     <span class='ocr_line' id='line_1_60' title="bbox 2169 1491 3842 1562; baseline -0.001 -18"><span class='ocrx_word' id='word_1_399' title='bbox 2169 1493 2730 1562; x_wconf 80' lang='lat' dir='ltr'>irrepreliensibilem</span> <span class='ocrx_word' id='word_1_400' title='bbox 2761 1493 2968 1546; x_wconf 83' lang='lat' dir='ltr'>debere</span> <span class='ocrx_word' id='word_1_401' title='bbox 3003 1507 3123 1545; x_wconf 89' lang='lat' dir='ltr'>esse</span> <span class='ocrx_word' id='word_1_402' title='bbox 3180 1491 3514 1559; x_wconf 84' lang='lat' dir='ltr'>episcopum</span> <span class='ocrx_word' id='word_1_403' title='bbox 3571 1491 3842 1543; x_wconf 87' lang='lat' dir='ltr'>denuntiat</span> 
     </span>
    </p>
   </div>
   <div class='ocr_carea' id='block_1_61' title="bbox 2170 1578 3842 1651">
    <p class='ocr_par' dir='ltr' id='par_1_61' title="bbox 2170 1578 3842 1651">
     <span class='ocr_line' id='line_1_61' title="bbox 2170 1578 3842 1651; baseline 0 -19"><span class='ocrx_word' id='word_1_404' title='bbox 2170 1580 2221 1650; x_wconf 90' lang='grc' dir='ltr'>(Ι</span> <span class='ocrx_word' id='word_1_405' title='bbox 2262 1581 2407 1635; x_wconf 81' lang='lat' dir='ltr'>Tim.</span> <span class='ocrx_word' id='word_1_406' title='bbox 2456 1582 2581 1651; x_wconf 82' lang='lat' dir='ltr'>in):</span> <span class='ocrx_word' id='word_1_407' title='bbox 2636 1581 2717 1634; x_wconf 88' lang='lat' dir='ltr'>ita</span> <span class='ocrx_word' id='word_1_408' title='bbox 2763 1587 2819 1633; x_wconf 85' lang='lat' dir='ltr'>et</span> <span class='ocrx_word' id='word_1_409' title='bbox 2868 1585 3126 1632; x_wconf 90' lang='lat' dir='ltr'>nostrum</span> <span class='ocrx_word' id='word_1_410' title='bbox 3176 1579 3510 1648; x_wconf 87' lang='lat' dir='ltr'>pontilicem</span> <span class='ocrx_word' id='word_1_411' title='bbox 3567 1578 3842 1632; x_wconf 80' lang='lat' dir='ltr'>virtutibus</span> 
     </span>
    </p>
   </div>
   <div class='ocr_carea' id='block_1_62' title="bbox 2096 1657 3841 1740">
    <p class='ocr_par' dir='ltr' id='par_1_62' title="bbox 2096 1657 3841 1740">
     <span class='ocr_line' id='line_1_62' title="bbox 2096 1657 3841 1740; baseline -0.002 -16"><span class='ocrx_word' id='word_1_412' title='bbox 2096 1657 2139 1709; x_wconf 75' lang='grc' dir='ltr'><strong>Β</strong></span> <span class='ocrx_word' id='word_1_413' title='bbox 2170 1670 2425 1740; x_wconf 82' lang='lat' dir='ltr'>undique</span> <span class='ocrx_word' id='word_1_414' title='bbox 2457 1676 2791 1723; x_wconf 85' lang='lat' dir='ltr'>coronatum</span> <span class='ocrx_word' id='word_1_415' title='bbox 2814 1686 2959 1728; x_wconf 76' lang='lat' dir='ltr'>,esse</span> <span class='ocrx_word' id='word_1_416' title='bbox 2991 1669 3265 1721; x_wconf 81' lang='lat' dir='ltr'>videmus.</span> <span class='ocrx_word' id='word_1_417' title='bbox 3326 1667 3511 1736; x_wconf 83' lang='lat' dir='ltr'>Igitur</span> <span class='ocrx_word' id='word_1_418' title='bbox 3541 1668 3841 1721; x_wconf 83' lang='lat' dir='ltr'>ecclesiasti-</span> 
     </span>
    </p>
   </div>
   <div class='ocr_carea' id='block_1_63' title="bbox 2170 1755 3840 1828">
    <p class='ocr_par' dir='ltr' id='par_1_63' title="bbox 2170 1755 3840 1828">
     <span class='ocr_line' id='line_1_63' title="bbox 2170 1755 3840 1828; baseline -0.002 -16"><span class='ocrx_word' id='word_1_419' title='bbox 2170 1776 2293 1812; x_wconf 89' lang='lat' dir='ltr'>cam</span> <span class='ocrx_word' id='word_1_420' title='bbox 2325 1760 2508 1828; x_wconf 87' lang='lat' dir='ltr'>legem</span> <span class='ocrx_word' id='word_1_421' title='bbox 2552 1759 2876 1828; x_wconf 83' lang='lat' dir='ltr'>impleutes,</span> <span class='ocrx_word' id='word_1_422' title='bbox 2913 1757 3261 1827; x_wconf 87' lang='lat' dir='ltr'>apostolatui</span> <span class='ocrx_word' id='word_1_423' title='bbox 3291 1761 3482 1808; x_wconf 89' lang='lat' dir='ltr'>vestro</span> <span class='ocrx_word' id='word_1_424' title='bbox 3515 1755 3840 1809; x_wconf 88' lang='lat' dir='ltr'>salutationis</span> 
     </span>
    </p>
   </div>
   <div class='ocr_carea' id='block_1_64' title="bbox 2171 1847 3838 1918">
    <p class='ocr_par' dir='ltr' id='par_1_64' title="bbox 2171 1847 3838 1918">
     <span class='ocr_line' id='line_1_64' title="bbox 2171 1847 3838 1918; baseline -0.004 -16"><span class='ocrx_word' id='word_1_425' title='bbox 2171 1849 2425 1903; x_wconf 82' lang='lat' dir='ltr'>debitum</span> <span class='ocrx_word' id='word_1_426' title='bbox 2458 1850 2849 1918; x_wconf 86' lang='lat' dir='ltr'>persolventes</span> <span class='ocrx_word' id='word_1_427' title='bbox 2881 1847 3153 1909; x_wconf 84' lang='lat' dir='ltr'>ofﬁcium,</span> <span class='ocrx_word' id='word_1_428' title='bbox 3198 1862 3500 1916; x_wconf 87' lang='lat' dir='ltr'>speramus</span> <span class='ocrx_word' id='word_1_429' title='bbox 3533 1849 3592 1898; x_wconf 87' lang='lat' dir='ltr'>ut</span> <span class='ocrx_word' id='word_1_430' title='bbox 3622 1847 3838 1915; x_wconf 85' lang='lat' dir='ltr'>amplius</span> 
     </span>
    </p>
   </div>
   <div class='ocr_carea' id='block_1_65' title="bbox 2172 1934 3840 2005">
    <p class='ocr_par' dir='ltr' id='par_1_65' title="bbox 2172 1934 3840 2005">
     <span class='ocr_line' id='line_1_65' title="bbox 2172 1934 3840 2005; baseline -0.002 -15"><span class='ocrx_word' id='word_1_431' title='bbox 2172 1937 2421 1990; x_wconf 86' lang='lat' dir='ltr'>caritatis</span> <span class='ocrx_word' id='word_1_432' title='bbox 2468 1937 2762 1990; x_wconf 86' lang='lat' dir='ltr'>vinculum</span> <span class='ocrx_word' id='word_1_433' title='bbox 2817 1941 2871 1989; x_wconf 91' lang='lat' dir='ltr'>ct</span> <span class='ocrx_word' id='word_1_434' title='bbox 2899 1939 3222 2005; x_wconf 82' lang='lat' dir='ltr'>&#39;patcrnum</span> <span class='ocrx_word' id='word_1_435' title='bbox 3265 1935 3533 1988; x_wconf 79' lang='lat' dir='ltr'>affectum</span> <span class='ocrx_word' id='word_1_436' title='bbox 3578 1934 3715 1987; x_wconf 84' lang='lat' dir='ltr'>circa</span> <span class='ocrx_word' id='word_1_437' title='bbox 3754 1951 3840 1987; x_wconf 82' lang='lat' dir='ltr'>nos</span> 
     </span>
    </p>
   </div>
   <div class='ocr_carea' id='block_1_66' title="bbox 2171 2023 3836 2094">
    <p class='ocr_par' dir='ltr' id='par_1_66' title="bbox 2171 2023 3836 2094">
     <span class='ocr_line' id='line_1_66' title="bbox 2171 2023 3836 2094; baseline -0.002 -15"><span class='ocrx_word' id='word_1_438' title='bbox 2171 2027 2372 2079; x_wconf 83' lang='lat' dir='ltr'>caritas</span> <span class='ocrx_word' id='word_1_439' title='bbox 2415 2031 2595 2080; x_wconf 83' lang='lat' dir='ltr'>vestra</span> <span class='ocrx_word' id='word_1_440' title='bbox 2636 2026 2916 2079; x_wconf 87' lang='lat' dir='ltr'>custodire</span> <span class='ocrx_word' id='word_1_441' title='bbox 2961 2025 3247 2094; x_wconf 83' lang='lat' dir='ltr'>dignetur,</span> <span class='ocrx_word' id='word_1_442' title='bbox 3286 2028 3340 2078; x_wconf 85' lang='lat' dir='ltr'>et</span> <span class='ocrx_word' id='word_1_443' title='bbox 3380 2023 3626 2093; x_wconf 88' lang='lat' dir='ltr'>sapienti</span> <span class='ocrx_word' id='word_1_444' title='bbox 3657 2023 3836 2092; x_wconf 82' lang='lat' dir='ltr'>guber-</span> 
     </span>
    </p>
   </div>
   <div class='ocr_carea' id='block_1_67' title="bbox 2169 2113 3837 2184">
    <p class='ocr_par' dir='ltr' id='par_1_67' title="bbox 2169 2113 3837 2184">
     <span class='ocr_line' id='line_1_67' title="bbox 2169 2113 3837 2184; baseline -0.004 -14"><span class='ocrx_word' id='word_1_445' title='bbox 2169 2116 2404 2170; x_wconf 84' lang='lat' dir='ltr'>natione</span> <span class='ocrx_word' id='word_1_446' title='bbox 2463 2121 2520 2169; x_wconf 85' lang='lat' dir='ltr'>et</span> <span class='ocrx_word' id='word_1_447' title='bbox 2579 2115 2921 2181; x_wconf 85' lang='lat' dir='ltr'>humilitate,</span> <span class='ocrx_word' id='word_1_448' title='bbox 2977 2131 3103 2184; x_wconf 64' lang='lat' dir='ltr'>quae</span> <span class='ocrx_word' id='word_1_449' title='bbox 3149 2113 3541 2167; x_wconf 86' lang='lat' dir='ltr'>Christianum</span> <span class='ocrx_word' id='word_1_450' title='bbox 3593 2113 3759 2180; x_wconf 85' lang='lat' dir='ltr'>decet,</span> <span class='ocrx_word' id='word_1_451' title='bbox 3795 2119 3837 2165; x_wconf 89' lang='lat' dir='ltr'>et</span> 
     </span>
    </p>
   </div>
   <div class='ocr_carea' id='block_1_68' title="bbox 2168 2201 3836 2274">
    <p class='ocr_par' dir='ltr' id='par_1_68' title="bbox 2168 2201 3836 2274">
     <span class='ocr_line' id='line_1_68' title="bbox 2168 2201 3836 2274; baseline -0.002 -17"><span class='ocrx_word' id='word_1_452' title='bbox 2168 2204 2632 2272; x_wconf 84' lang='lat' dir='ltr'>mansuetudine,</span> <span class='ocrx_word' id='word_1_453' title='bbox 2668 2221 2794 2274; x_wconf 64' lang='lat' dir='ltr'>quin</span> <span class='ocrx_word' id='word_1_454' title='bbox 2827 2205 2897 2257; x_wconf 92' lang='lat' dir='ltr'>ad</span> <span class='ocrx_word' id='word_1_455' title='bbox 2941 2203 3295 2256; x_wconf 87' lang='lat' dir='ltr'>rationabilis</span> <span class='ocrx_word' id='word_1_456' title='bbox 3335 2201 3533 2255; x_wconf 68' lang='lat' dir='ltr'>traditi</span> <span class='ocrx_word' id='word_1_457' title='bbox 3567 2202 3712 2255; x_wconf 84' lang='lat' dir='ltr'>vobis</span> <span class='ocrx_word' id='word_1_458' title='bbox 3743 2201 3836 2254; x_wconf 87' lang='lat' dir='ltr'>ovi-</span> 
     </span>
    </p>
   </div>
   <div class='ocr_carea' id='block_1_69' title="bbox 2166 2292 3836 2364">
    <p class='ocr_par' dir='ltr' id='par_1_69' title="bbox 2166 2292 3836 2364">
     <span class='ocr_line' id='line_1_69' title="bbox 2166 2292 3836 2364; baseline -0.002 -19"><span class='ocrx_word' id='word_1_459' title='bbox 2166 2293 2237 2346; x_wconf 87' lang='lat' dir='ltr'>lis</span> <span class='ocrx_word' id='word_1_460' title='bbox 2282 2294 2522 2347; x_wconf 87' lang='lat' dir='ltr'>salutem</span> <span class='ocrx_word' id='word_1_461' title='bbox 2579 2293 2846 2364; x_wconf 91' lang='lat' dir='ltr'>pertinet,</span> <span class='ocrx_word' id='word_1_462' title='bbox 2929 2294 3232 2362; x_wconf 83' lang='lat' dir='ltr'>peragatis,</span> <span class='ocrx_word' id='word_1_463' title='bbox 3287 2308 3594 2346; x_wconf 87' lang='lat' dir='ltr'>commune</span> <span class='ocrx_word' id='word_1_464' title='bbox 3645 2292 3836 2344; x_wconf 89' lang='lat' dir='ltr'>lucrum</span> 
     </span>
    </p>
   </div>
   <div class='ocr_carea' id='block_1_70' title="bbox 2170 2382 3837 2453">
    <p class='ocr_par' dir='ltr' id='par_1_70' title="bbox 2170 2382 3837 2453">
     <span class='ocr_line' id='line_1_70' title="bbox 2170 2382 3837 2453; baseline -0.002 -17"><span class='ocrx_word' id='word_1_465' title='bbox 2170 2382 2584 2448; x_wconf 79' lang='lat' dir='ltr'>existimantes,</span> <span class='ocrx_word' id='word_1_466' title='bbox 2620 2399 2732 2453; x_wconf 84' lang='lat' dir='ltr'>quo</span> <span class='ocrx_word' id='word_1_467' title='bbox 2764 2399 2864 2453; x_wconf 87' lang='lat' dir='ltr'>per</span> <span class='ocrx_word' id='word_1_468' title='bbox 2912 2399 3006 2435; x_wconf 89' lang='lat' dir='ltr'>vos</span> <span class='ocrx_word' id='word_1_469' title='bbox 3056 2387 3111 2436; x_wconf 88' lang='lat' dir='ltr'>et</span> <span class='ocrx_word' id='word_1_470' title='bbox 3145 2387 3395 2435; x_wconf 87' lang='lat' dir='ltr'>vestrum</span> <span class='ocrx_word' id='word_1_471' title='bbox 3439 2397 3762 2451; x_wconf 84' lang='lat' dir='ltr'>germanum</span> <span class='ocrx_word' id='word_1_472' title='bbox 3792 2383 3837 2431; x_wconf 88' lang='lat' dir='ltr'>et</span> 
     </span>
    </p>
   </div>
   <div class='ocr_carea' id='block_1_71' title="bbox 2172 2471 3833 2539">
    <p class='ocr_par' dir='ltr' id='par_1_71' title="bbox 2172 2471 3833 2539">
     <span class='ocr_line' id='line_1_71' title="bbox 2172 2471 3833 2539; baseline -0.004 -13"><span class='ocrx_word' id='word_1_473' title='bbox 2172 2472 2773 2536; x_wconf 85' lang='lat' dir='ltr'>comministratorcm,</span> <span class='ocrx_word' id='word_1_474' title='bbox 2806 2477 3066 2524; x_wconf 87' lang='lat' dir='ltr'>nostrum</span> <span class='ocrx_word' id='word_1_475' title='bbox 3121 2478 3314 2524; x_wconf 86' lang='lat' dir='ltr'>autem</span> <span class='ocrx_word' id='word_1_476' title='bbox 3347 2471 3644 2524; x_wconf 89' lang='lat' dir='ltr'>dominum</span> <span class='ocrx_word' id='word_1_477' title='bbox 3679 2475 3726 2522; x_wconf 85' lang='lat' dir='ltr'>et</span> <span class='ocrx_word' id='word_1_478' title='bbox 3755 2487 3833 2539; x_wconf 83' lang='lat' dir='ltr'>pa-</span> 
     </span>
    </p>
   </div>
   <div class='ocr_carea' id='block_1_72' title="bbox 2172 2560 3834 2630">
    <p class='ocr_par' dir='ltr' id='par_1_72' title="bbox 2172 2560 3834 2630">
     <span class='ocr_line' id='line_1_72' title="bbox 2172 2560 3834 2630; baseline -0.003 -16"><span class='ocrx_word' id='word_1_479' title='bbox 2172 2561 2471 2620; x_wconf 82' lang='lat' dir='ltr'>tiarcham.</span> <span class='ocrx_word' id='word_1_480' title='bbox 2507 2577 2705 2630; x_wconf 89' lang='lat' dir='ltr'>pacem</span> <span class='ocrx_word' id='word_1_481' title='bbox 2735 2561 2903 2613; x_wconf 90' lang='lat' dir='ltr'>totius</span> <span class='ocrx_word' id='word_1_482' title='bbox 2953 2560 3105 2613; x_wconf 84' lang='lat' dir='ltr'>orbis</span> <span class='ocrx_word' id='word_1_483' title='bbox 3148 2560 3530 2613; x_wconf 84' lang='lat' dir='ltr'>Eeclesiarum</span> <span class='ocrx_word' id='word_1_484' title='bbox 3575 2575 3687 2610; x_wconf 86' lang='lat' dir='ltr'>esse</span> <span class='ocrx_word' id='word_1_485' title='bbox 3716 2573 3834 2628; x_wconf 81' lang='lat' dir='ltr'>pro-</span> 
     </span>
    </p>
   </div>
   <div class='ocr_carea' id='block_1_73' title="bbox 2173 2647 3830 2718">
    <p class='ocr_par' dir='ltr' id='par_1_73' title="bbox 2173 2647 3830 2718">
     <span class='ocr_line' id='line_1_73' title="bbox 2173 2647 3830 2718; baseline -0.004 -16"><span class='ocrx_word' id='word_1_486' title='bbox 2173 2651 2372 2702; x_wconf 80' lang='lat' dir='ltr'>visam.</span> <span class='ocrx_word' id='word_1_487' title='bbox 2395 2652 2593 2702; x_wconf 80' lang='lat' dir='ltr'>Frater</span> <span class='ocrx_word' id='word_1_488' title='bbox 2610 2648 2761 2702; x_wconf 83' lang='lat' dir='ltr'>enim</span> <span class='ocrx_word' id='word_1_489' title='bbox 2782 2665 2819 2702; x_wconf 90' lang='lat' dir='ltr'>a</span> <span class='ocrx_word' id='word_1_490' title='bbox 2835 2649 3028 2714; x_wconf 82' lang='lat' dir='ltr'>fratre</span> <span class='ocrx_word' id='word_1_491' title='bbox 3040 2647 3310 2717; x_wconf 63' lang='lat' dir='ltr'>adjuvari</span> <span class='ocrx_word' id='word_1_492' title='bbox 3329 2647 3723 2718; x_wconf 82' lang='lat' dir='ltr'>spiritualitcr,</span> <span class='ocrx_word' id='word_1_493' title='bbox 3736 2661 3830 2698; x_wconf 89' lang='lat' dir='ltr'>mu-</span> 
     </span>
    </p>
   </div>
   <div class='ocr_carea' id='block_1_74' title="bbox 2167 2736 3834 2810">
    <p class='ocr_par' dir='ltr' id='par_1_74' title="bbox 2167 2736 3834 2810">
     <span class='ocr_line' id='line_1_74' title="bbox 2167 2736 3834 2810; baseline -0.004 -18"><span class='ocrx_word' id='word_1_494' title='bbox 2167 2755 2262 2793; x_wconf 82' lang='lat' dir='ltr'>rus</span> <span class='ocrx_word' id='word_1_495' title='bbox 2286 2743 2368 2792; x_wconf 84' lang='lat' dir='ltr'>est</span> <span class='ocrx_word' id='word_1_496' title='bbox 2391 2738 2940 2810; x_wconf 68' lang='lat' dir='ltr'>inexpugnabilis,et</span> <span class='ocrx_word' id='word_1_497' title='bbox 2970 2737 3172 2792; x_wconf 75' lang='lat' dir='ltr'>civitas</span> <span class='ocrx_word' id='word_1_498' title='bbox 3200 2737 3444 2805; x_wconf 82' lang='lat' dir='ltr'>munita,</span> <span class='ocrx_word' id='word_1_499' title='bbox 3466 2755 3534 2791; x_wconf 77' lang='lat' dir='ltr'>ex</span> <span class='ocrx_word' id='word_1_500' title='bbox 3552 2736 3743 2790; x_wconf 86' lang='lat' dir='ltr'>divinis</span> <span class='ocrx_word' id='word_1_501' title='bbox 3767 2739 3834 2786; x_wconf 83' lang='lat' dir='ltr'>est</span> 
     </span>
    </p>
   </div>
   <div class='ocr_carea' id='block_1_75' title="bbox 2169 2825 3833 2899">
    <p class='ocr_par' dir='ltr' id='par_1_75' title="bbox 2169 2825 3833 2899">
     <span class='ocr_line' id='line_1_75' title="bbox 2169 2825 3833 2899; baseline -0.004 -17"><span class='ocrx_word' id='word_1_502' title='bbox 2169 2830 2422 2899; x_wconf 87' lang='lat' dir='ltr'>accipere</span> <span class='ocrx_word' id='word_1_503' title='bbox 2457 2829 2781 2898; x_wconf 88' lang='lat' dir='ltr'>Scripturis.</span> <span class='ocrx_word' id='word_1_504' title='bbox 2817 2829 2957 2881; x_wconf 82' lang='lat' dir='ltr'>Nam</span> <span class='ocrx_word' id='word_1_505' title='bbox 2993 2828 3065 2897; x_wconf 85' lang='lat' dir='ltr'>(a)</span> <span class='ocrx_word' id='word_1_506' title='bbox 3122 2827 3179 2880; x_wconf 92' lang='lat' dir='ltr'>iu</span> <span class='ocrx_word' id='word_1_507' title='bbox 3230 2825 3728 2880; x_wconf 83' lang='lat' dir='ltr'>intercessionibus</span> <span class='ocrx_word' id='word_1_508' title='bbox 3763 2840 3833 2876; x_wconf 84' lang='lat' dir='ltr'>ve-</span> 
     </span>
    </p>
   </div>
   <div class='ocr_carea' id='block_1_76' title="bbox 2133 2912 3833 2986">
    <p class='ocr_par' dir='ltr' id='par_1_76' title="bbox 2133 2912 3833 2986">
     <span class='ocr_line' id='line_1_76' title="bbox 2133 2912 3833 2986; baseline -0.005 -16"><span class='ocrx_word' id='word_1_509' title='bbox 2133 2925 2302 2981; x_wconf 52' lang='lat' dir='ltr'>,strae</span> <span class='ocrx_word' id='word_1_510' title='bbox 2361 2917 2731 2970; x_wconf 88' lang='lat' dir='ltr'>beatitudinis</span> <span class='ocrx_word' id='word_1_511' title='bbox 2807 2917 3092 2986; x_wconf 86' lang='lat' dir='ltr'>generalis</span> <span class='ocrx_word' id='word_1_512' title='bbox 3148 2917 3538 2986; x_wconf 83' lang='lat' dir='ltr'>tranquillitas</span> <span class='ocrx_word' id='word_1_513' title='bbox 3603 2912 3833 2966; x_wconf 74' lang='lat' dir='ltr'>Ecclesiis</span> 
     </span>
    </p>
   </div>
   <div class='ocr_carea' id='block_1_77' title="bbox 2173 3003 3834 3075">
    <p class='ocr_par' dir='ltr' id='par_1_77' title="bbox 2173 3003 3834 3075">
     <span class='ocr_line' id='line_1_77' title="bbox 2173 3003 3834 3075; baseline -0.004 -17"><span class='ocrx_word' id='word_1_514' title='bbox 2173 3007 2622 3059; x_wconf 79' lang='lat' dir='ltr'>orthodoxorum</span> <span class='ocrx_word' id='word_1_515' title='bbox 2670 3005 2842 3059; x_wconf 85' lang='lat' dir='ltr'>fuerit</span> <span class='ocrx_word' id='word_1_516' title='bbox 2882 3007 3174 3072; x_wconf 79' lang='lat' dir='ltr'>redonata,</span> <span class='ocrx_word' id='word_1_517' title='bbox 3209 3005 3388 3075; x_wconf 69' lang='lat' dir='ltr'>gloria</span> <span class='ocrx_word' id='word_1_518' title='bbox 3421 3005 3654 3075; x_wconf 75' lang='lat' dir='ltr'>quidem</span> <span class='ocrx_word' id='word_1_519' title='bbox 3678 3003 3731 3054; x_wconf 90' lang='lat' dir='ltr'>in</span> <span class='ocrx_word' id='word_1_520' title='bbox 3758 3017 3834 3052; x_wconf 78' lang='lat' dir='ltr'>ex-</span> 
     </span>
    </p>
   </div>
   <div class='ocr_carea' id='block_1_78' title="bbox 2171 3087 3833 3164">
    <p class='ocr_par' dir='ltr' id='par_1_78' title="bbox 2171 3087 3833 3164">
     <span class='ocr_line' id='line_1_78' title="bbox 2171 3087 3833 3164; baseline -0.004 -19"><span class='ocrx_word' id='word_1_521' title='bbox 2171 3095 2330 3146; x_wconf 84' lang='lat' dir='ltr'>celsis</span> <span class='ocrx_word' id='word_1_522' title='bbox 2363 3095 2473 3147; x_wconf 83' lang='lat' dir='ltr'>Deo</span> <span class='ocrx_word' id='word_1_523' title='bbox 2501 3093 2760 3147; x_wconf 90' lang='lat' dir='ltr'>omnium</span> <span class='ocrx_word' id='word_1_524' title='bbox 2794 3093 3071 3147; x_wconf 82' lang='lat' dir='ltr'>Salvatori</span> <span class='ocrx_word' id='word_1_525' title='bbox 3105 3110 3204 3164; x_wconf 87' lang='lat' dir='ltr'>per</span> <span class='ocrx_word' id='word_1_526' title='bbox 3243 3093 3479 3161; x_wconf 86' lang='lat' dir='ltr'>angelos</span> <span class='ocrx_word' id='word_1_527' title='bbox 3508 3108 3632 3143; x_wconf 89' lang='lat' dir='ltr'>cum</span> <span class='ocrx_word' id='word_1_528' title='bbox 3666 3087 3833 3143; x_wconf 64' lang='lat' dir='ltr'>laetitia</span> 
     </span>
    </p>
   </div>
   <div class='ocr_carea' id='block_1_79' title="bbox 2171 3179 3832 3253">
    <p class='ocr_par' dir='ltr' id='par_1_79' title="bbox 2171 3179 3832 3253">
     <span class='ocr_line' id='line_1_79' title="bbox 2171 3179 3832 3253; baseline -0.005 -17"><span class='ocrx_word' id='word_1_529' title='bbox 2171 3184 2468 3249; x_wconf 79' lang='lat' dir='ltr'>referetur,</span> <span class='ocrx_word' id='word_1_530' title='bbox 2522 3199 2631 3253; x_wconf 82' lang='lat' dir='ltr'>pax</span> <span class='ocrx_word' id='word_1_531' title='bbox 2681 3199 2810 3236; x_wconf 87' lang='lat' dir='ltr'>vero</span> <span class='ocrx_word' id='word_1_532' title='bbox 2859 3182 2918 3235; x_wconf 90' lang='lat' dir='ltr'>in</span> <span class='ocrx_word' id='word_1_533' title='bbox 2975 3187 3125 3235; x_wconf 87' lang='lat' dir='ltr'>terra</span> <span class='ocrx_word' id='word_1_534' title='bbox 3172 3181 3657 3234; x_wconf 88' lang='lat' dir='ltr'>conﬁrmabitur:</span> <span class='ocrx_word' id='word_1_535' title='bbox 3708 3179 3832 3231; x_wconf 83' lang='lat' dir='ltr'>bona</span> 
     </span>
    </p>
   </div>
   <div class='ocr_carea' id='block_1_80' title="bbox 2169 3266 3832 3340">
    <p class='ocr_par' dir='ltr' id='par_1_80' title="bbox 2169 3266 3832 3340">
     <span class='ocr_line' id='line_1_80' title="bbox 2169 3266 3832 3340; baseline -0.005 -14"><span class='ocrx_word' id='word_1_536' title='bbox 2169 3279 2361 3326; x_wconf 88' lang='lat' dir='ltr'>autem</span> <span class='ocrx_word' id='word_1_537' title='bbox 2421 3273 2685 3325; x_wconf 75' lang='lat' dir='ltr'>voluntas</span> <span class='ocrx_word' id='word_1_538' title='bbox 2739 3272 3002 3325; x_wconf 83' lang='lat' dir='ltr'>ﬁdelibus</span> <span class='ocrx_word' id='word_1_539' title='bbox 3060 3272 3140 3340; x_wconf 77' lang='lat' dir='ltr'>(in</span> <span class='ocrx_word' id='word_1_540' title='bbox 3195 3270 3484 3339; x_wconf 83' lang='lat' dir='ltr'>ﬁdelibus)</span> <span class='ocrx_word' id='word_1_541' title='bbox 3545 3266 3832 3322; x_wconf 85' lang='lat' dir='ltr'>communis</span> 
     </span>
    </p>
   </div>
   <div class='ocr_carea' id='block_1_81' title="bbox 2169 3356 3834 3416">
    <p class='ocr_par' dir='ltr' id='par_1_81' title="bbox 2169 3356 3834 3416">
     <span class='ocr_line' id='line_1_81' title="bbox 2169 3356 3834 3416; baseline -0.007 0"><span class='ocrx_word' id='word_1_542' title='bbox 2169 3363 2392 3416; x_wconf 89' lang='lat' dir='ltr'>Domini</span> <span class='ocrx_word' id='word_1_543' title='bbox 2441 3367 2496 3415; x_wconf 91' lang='lat' dir='ltr'>et</span> <span class='ocrx_word' id='word_1_544' title='bbox 2541 3362 2846 3416; x_wconf 86' lang='lat' dir='ltr'>Salvatoris</span> <span class='ocrx_word' id='word_1_545' title='bbox 2891 3360 3074 3415; x_wconf 88' lang='lat' dir='ltr'>nostri</span> <span class='ocrx_word' id='word_1_546' title='bbox 3116 3363 3246 3415; x_wconf 81' lang='lat' dir='ltr'>.lesu</span> <span class='ocrx_word' id='word_1_547' title='bbox 3277 3359 3482 3414; x_wconf 85' lang='lat' dir='ltr'>Christi</span> <span class='ocrx_word' id='word_1_548' title='bbox 3519 3359 3688 3412; x_wconf 79' lang='lat' dir='ltr'>servis</span> <span class='ocrx_word' id='word_1_549' title='bbox 3729 3356 3834 3408; x_wconf 86' lang='lat' dir='ltr'>fun-</span> 
     </span>
    </p>
   </div>
   <div class='ocr_carea' id='block_1_82' title="bbox 2166 3443 3827 3522">
    <p class='ocr_par' dir='ltr' id='par_1_82' title="bbox 2166 3443 3827 3522">
     <span class='ocr_line' id='line_1_82' title="bbox 2166 3443 3827 3522; baseline 0 -18"><span class='ocrx_word' id='word_1_550' title='bbox 2166 3453 2352 3505; x_wconf 89' lang='lat' dir='ltr'>dctur.</span> <span class='ocrx_word' id='word_1_551' title='bbox 2384 3451 2664 3520; x_wconf 75' lang='lat' dir='ltr'>Adjicient</span> <span class='ocrx_word' id='word_1_552' title='bbox 2694 3451 2872 3522; x_wconf 88' lang='lat' dir='ltr'>igitur</span> <span class='ocrx_word' id='word_1_553' title='bbox 2896 3450 3105 3504; x_wconf 86' lang='lat' dir='ltr'>nostris</span> <span class='ocrx_word' id='word_1_554' title='bbox 3134 3448 3664 3520; x_wconf 83' lang='lat' dir='ltr'>supplicationibus.</span> <span class='ocrx_word' id='word_1_555' title='bbox 3701 3443 3827 3514; x_wconf 75' lang='lat' dir='ltr'>qthd</span> 
     </span>
    </p>
   </div>
   <div class='ocr_carea' id='block_1_83' title="bbox 2168 3536 3829 3606">
    <p class='ocr_par' dir='ltr' id='par_1_83' title="bbox 2168 3536 3829 3606">
     <span class='ocr_line' id='line_1_83' title="bbox 2168 3536 3829 3606; baseline -0.006 -13"><span class='ocrx_word' id='word_1_556' title='bbox 2168 3541 2356 3593; x_wconf 80' lang='lat' dir='ltr'>minus</span> <span class='ocrx_word' id='word_1_557' title='bbox 2410 3541 2623 3594; x_wconf 90' lang='lat' dir='ltr'>dictum</span> <span class='ocrx_word' id='word_1_558' title='bbox 2679 3546 2762 3594; x_wconf 87' lang='lat' dir='ltr'>est</span> <span class='ocrx_word' id='word_1_559' title='bbox 2817 3541 3083 3605; x_wconf 84' lang='lat' dir='ltr'>Joannes,</span> <span class='ocrx_word' id='word_1_560' title='bbox 3136 3536 3829 3606; x_wconf 83' lang='lat' dir='ltr'>sanctissimus‘episcopus</span> 
     </span>
    </p>
   </div>
   <div class='ocr_carea' id='block_1_84' title="bbox 2165 3627 3827 3699">
    <p class='ocr_par' dir='ltr' id='par_1_84' title="bbox 2165 3627 3827 3699">
     <span class='ocr_line' id='line_1_84' title="bbox 2165 3627 3827 3699; baseline -0.006 -15"><span class='ocrx_word' id='word_1_561' title='bbox 2165 3630 2676 3699; x_wconf 67' lang='lat' dir='ltr'>Claudiopolitana:</span> <span class='ocrx_word' id='word_1_562' title='bbox 2714 3629 2965 3698; x_wconf 27' lang='lat' dir='ltr'>tcivltatis</span> <span class='ocrx_word' id='word_1_563' title='bbox 3012 3633 3209 3683; x_wconf 82' lang='lat' dir='ltr'>noster</span> <span class='ocrx_word' id='word_1_564' title='bbox 3257 3627 3753 3688; x_wconf 88' lang='lat' dir='ltr'>comministrator;</span> <span class='ocrx_word' id='word_1_565' title='bbox 3783 3627 3827 3674; x_wconf 84' lang='lat' dir='ltr'>et</span> 
     </span>
    </p>
   </div>
   <div class='ocr_carea' id='block_1_85' title="bbox 2167 3711 3830 3788">
    <p class='ocr_par' dir='ltr' id='par_1_85' title="bbox 2167 3711 3830 3788">
     <span class='ocr_line' id='line_1_85' title="bbox 2167 3711 3830 3788; baseline -0.005 -16"><span class='ocrx_word' id='word_1_566' title='bbox 2167 3719 2532 3772; x_wconf 81' lang='lat' dir='ltr'>lleraclianus</span> <span class='ocrx_word' id='word_1_567' title='bbox 2572 3718 3087 3772; x_wconf 87' lang='lat' dir='ltr'>reverendissimus</span> <span class='ocrx_word' id='word_1_568' title='bbox 3137 3718 3436 3788; x_wconf 65' lang='lat' dir='ltr'>presbyter</span> <span class='ocrx_word' id='word_1_569' title='bbox 3473 3717 3684 3769; x_wconf 67' lang='lat' dir='ltr'>Sancta:</span> <span class='ocrx_word' id='word_1_570' title='bbox 3729 3711 3830 3766; x_wconf 77' lang='lat' dir='ltr'>Ma-</span> 
     </span>
    </p>
   </div>
   <div class='ocr_carea' id='block_1_86' title="bbox 2158 3803 3830 3879">
    <p class='ocr_par' dir='ltr' id='par_1_86' title="bbox 2158 3803 3830 3879">
     <span class='ocr_line' id='line_1_86' title="bbox 2158 3803 3830 3879; baseline -0.005 -18"><span class='ocrx_word' id='word_1_571' title='bbox 2158 3809 2305 3879; x_wconf 88' lang='lat' dir='ltr'>joris</span> <span class='ocrx_word' id='word_1_572' title='bbox 2328 3808 2578 3861; x_wconf 80' lang='lat' dir='ltr'>ecclesiae</span> <span class='ocrx_word' id='word_1_573' title='bbox 2608 3812 2663 3860; x_wconf 88' lang='lat' dir='ltr'>et</span> <span class='ocrx_word' id='word_1_574' title='bbox 2709 3808 3063 3861; x_wconf 81' lang='lat' dir='ltr'>coliabitator</span> <span class='ocrx_word' id='word_1_575' title='bbox 3092 3807 3351 3877; x_wconf 81' lang='lat' dir='ltr'>praedicti</span> <span class='ocrx_word' id='word_1_576' title='bbox 3397 3803 3726 3859; x_wconf 86' lang='lat' dir='ltr'>sanctissimi</span> <span class='ocrx_word' id='word_1_577' title='bbox 3760 3815 3830 3852; x_wconf 89' lang='lat' dir='ltr'>ar-</span> 
     </span>
    </p>
   </div>
   <div class='ocr_carea' id='block_1_87' title="bbox 2164 3891 3828 3967">
    <p class='ocr_par' dir='ltr' id='par_1_87' title="bbox 2164 3891 3828 3967">
     <span class='ocr_line' id='line_1_87' title="bbox 2164 3891 3828 3967; baseline -0.007 -16"><span class='ocrx_word' id='word_1_578' title='bbox 2164 3897 2508 3967; x_wconf 86' lang='lat' dir='ltr'>chiepiscopi</span> <span class='ocrx_word' id='word_1_579' title='bbox 2541 3901 2594 3949; x_wconf 90' lang='lat' dir='ltr'>et</span> <span class='ocrx_word' id='word_1_580' title='bbox 2621 3895 2960 3966; x_wconf 71' lang='lat' dir='ltr'>patriarcha:</span> <span class='ocrx_word' id='word_1_581' title='bbox 3005 3896 3332 3966; x_wconf 83' lang='lat' dir='ltr'>Epiphanii,</span> <span class='ocrx_word' id='word_1_582' title='bbox 3367 3900 3421 3947; x_wconf 92' lang='lat' dir='ltr'>et</span> <span class='ocrx_word' id='word_1_583' title='bbox 3459 3891 3828 3949; x_wconf 79' lang='lat' dir='ltr'>Constantinus</span> 
     </span>
    </p>
   </div>
   <div class='ocr_carea' id='block_1_88' title="bbox 2162 3979 3829 4054">
    <p class='ocr_par' dir='ltr' id='par_1_88' title="bbox 2162 3979 3829 4054">
     <span class='ocr_line' id='line_1_88' title="bbox 2162 3979 3829 4054; baseline -0.005 -15"><span class='ocrx_word' id='word_1_584' title='bbox 2162 3987 2248 4039; x_wconf 88' lang='lat' dir='ltr'>vir</span> <span class='ocrx_word' id='word_1_585' title='bbox 2274 3986 2779 4040; x_wconf 89' lang='lat' dir='ltr'>revereudissimus</span> <span class='ocrx_word' id='word_1_586' title='bbox 2827 3986 3099 4040; x_wconf 90' lang='lat' dir='ltr'>diaconus</span> <span class='ocrx_word' id='word_1_587' title='bbox 3152 3985 3408 4054; x_wconf 86' lang='lat' dir='ltr'>ejusdem</span> <span class='ocrx_word' id='word_1_588' title='bbox 3438 3989 3642 4037; x_wconf 66' lang='lat' dir='ltr'>sanctae</span> <span class='ocrx_word' id='word_1_589' title='bbox 3684 3979 3829 4034; x_wconf 83' lang='lat' dir='ltr'>cccle-</span> 
     </span>
    </p>
   </div>
   <div class='ocr_carea' id='block_1_89' title="bbox 2164 4071 3828 4144">
    <p class='ocr_par' dir='ltr' id='par_1_89' title="bbox 2164 4071 3828 4144">
     <span class='ocr_line' id='line_1_89' title="bbox 2164 4071 3828 4144; baseline -0.005 -16"><span class='ocrx_word' id='word_1_590' title='bbox 2164 4075 2283 4143; x_wconf 82' lang='lat' dir='ltr'>siae,</span> <span class='ocrx_word' id='word_1_591' title='bbox 2311 4075 2410 4144; x_wconf 84' lang='lat' dir='ltr'>qui</span> <span class='ocrx_word' id='word_1_592' title='bbox 2435 4074 2833 4143; x_wconf 86' lang='lat' dir='ltr'>probationem</span> <span class='ocrx_word' id='word_1_593' title='bbox 2865 4092 2981 4128; x_wconf 66' lang='lat' dir='ltr'>suae</span> <span class='ocrx_word' id='word_1_594' title='bbox 3012 4079 3175 4128; x_wconf 69' lang='lat' dir='ltr'>rectae</span> <span class='ocrx_word' id='word_1_595' title='bbox 3199 4075 3353 4139; x_wconf 89' lang='lat' dir='ltr'>ﬁdei,</span> <span class='ocrx_word' id='word_1_596' title='bbox 3386 4079 3442 4127; x_wconf 88' lang='lat' dir='ltr'>et</span> <span class='ocrx_word' id='word_1_597' title='bbox 3469 4073 3632 4127; x_wconf 62' lang='lat' dir='ltr'>bonae</span> <span class='ocrx_word' id='word_1_598' title='bbox 3661 4071 3828 4122; x_wconf 86' lang='lat' dir='ltr'>volun-</span> 
     </span>
    </p>
   </div>
   <div class='ocr_carea' id='block_1_90' title="bbox 2163 4160 3828 4234">
    <p class='ocr_par' dir='ltr' id='par_1_90' title="bbox 2163 4160 3828 4234">
     <span class='ocr_line' id='line_1_90' title="bbox 2163 4160 3828 4234; baseline -0.005 -17"><span class='ocrx_word' id='word_1_599' title='bbox 2163 4165 2295 4218; x_wconf 89' lang='lat' dir='ltr'>tatis</span> <span class='ocrx_word' id='word_1_600' title='bbox 2327 4165 2462 4216; x_wconf 89' lang='lat' dir='ltr'>olim</span> <span class='ocrx_word' id='word_1_601' title='bbox 2508 4163 2612 4228; x_wconf 74' lang='lat' dir='ltr'>ltlS,</span> <span class='ocrx_word' id='word_1_602' title='bbox 2649 4164 2747 4233; x_wconf 83' lang='lat' dir='ltr'>qui</span> <span class='ocrx_word' id='word_1_603' title='bbox 2797 4183 2827 4217; x_wconf 88' lang='lat' dir='ltr'>a</span> <span class='ocrx_word' id='word_1_604' title='bbox 2857 4170 3041 4218; x_wconf 87' lang='lat' dir='ltr'>vestra</span> <span class='ocrx_word' id='word_1_605' title='bbox 3085 4164 3396 4234; x_wconf 88' lang='lat' dir='ltr'>apostolica</span> <span class='ocrx_word' id='word_1_606' title='bbox 3445 4165 3577 4217; x_wconf 88' lang='lat' dir='ltr'>sede</span> <span class='ocrx_word' id='word_1_607' title='bbox 3631 4160 3828 4215; x_wconf 86' lang='lat' dir='ltr'>fuerant</span> 
     </span>
    </p>
   </div>
   <div class='ocr_carea' id='block_1_91' title="bbox 363 4247 3821 4323">
    <p class='ocr_par' dir='ltr' id='par_1_91' title="bbox 363 4247 3821 4323">
     <span class='ocr_line' id='line_1_91' title="bbox 363 4247 3821 4323; baseline -0.003 -17"><span class='ocrx_word' id='word_1_608' title='bbox 363 4249 824 4306; x_wconf 86' lang='lat' dir='ltr'>reverendissimi</span> <span class='ocrx_word' id='word_1_609' title='bbox 862 4249 1055 4320; x_wconf 86' lang='lat' dir='ltr'>legati,</span> <span class='ocrx_word' id='word_1_610' title='bbox 1101 4247 1364 4302; x_wconf 88' lang='lat' dir='ltr'>similiter</span> <span class='ocrx_word' id='word_1_611' title='bbox 1397 4252 1453 4301; x_wconf 89' lang='lat' dir='ltr'>et</span> <span class='ocrx_word' id='word_1_612' title='bbox 1499 4264 1696 4317; x_wconf 85' lang='lat' dir='ltr'>pacem</span> <span class='ocrx_word' id='word_1_613' title='bbox 1730 4253 2053 4300; x_wconf 81' lang='lat' dir='ltr'>sanctarum</span> <span class='ocrx_word' id='word_1_614' title='bbox 2094 4272 2136 4323; x_wconf 67' lang='grc' dir='ltr'>Ι)</span> <span class='ocrx_word' id='word_1_615' title='bbox 2165 4252 2382 4320; x_wconf 89' lang='lat' dir='ltr'>directi,</span> <span class='ocrx_word' id='word_1_616' title='bbox 2417 4253 2636 4306; x_wconf 87' lang='lat' dir='ltr'>dedisse</span> <span class='ocrx_word' id='word_1_617' title='bbox 2664 4258 3086 4323; x_wconf 89' lang='lat' dir='ltr'>cognoscuntur</span> <span class='ocrx_word' id='word_1_618' title='bbox 3117 4271 3128 4306; x_wconf 86' lang='lat'><strong>:</strong></span> <span class='ocrx_word' id='word_1_619' title='bbox 3156 4253 3316 4321; x_wconf 89' lang='lat' dir='ltr'>digni</span> <span class='ocrx_word' id='word_1_620' title='bbox 3347 4257 3540 4305; x_wconf 87' lang='lat' dir='ltr'>autem</span> <span class='ocrx_word' id='word_1_621' title='bbox 3568 4256 3619 4304; x_wconf 89' lang='lat' dir='ltr'>et</span> <span class='ocrx_word' id='word_1_622' title='bbox 3648 4252 3821 4300; x_wconf 80' lang='lat' dir='ltr'>vestrae</span> 
     </span>
    </p>
   </div>
   <div class='ocr_carea' id='block_1_92' title="bbox 361 4337 2052 4407">
    <p class='ocr_par' dir='ltr' id='par_1_92' title="bbox 361 4337 2052 4407">
     <span class='ocr_line' id='line_1_92' title="bbox 361 4337 2052 4407; baseline -0.004 -12"><span class='ocrx_word' id='word_1_623' title='bbox 361 4340 460 4396; x_wconf 89' lang='lat' dir='ltr'>Dei</span> <span class='ocrx_word' id='word_1_624' title='bbox 503 4341 878 4395; x_wconf 86' lang='lat' dir='ltr'>Ecclesiarum</span> <span class='ocrx_word' id='word_1_625' title='bbox 918 4345 1034 4392; x_wconf 84' lang='lat' dir='ltr'>tam</span> <span class='ocrx_word' id='word_1_626' title='bbox 1075 4337 1316 4391; x_wconf 87' lang='lat' dir='ltr'>senioris</span> <span class='ocrx_word' id='word_1_627' title='bbox 1352 4353 1524 4407; x_wconf 86' lang='lat' dir='ltr'>quam</span> <span class='ocrx_word' id='word_1_628' title='bbox 1558 4337 1794 4389; x_wconf 67' lang='lat' dir='ltr'>novella:</span> <span class='ocrx_word' id='word_1_629' title='bbox 1837 4337 2052 4401; x_wconf 71' lang='lat' dir='ltr'>llouue,</span> 
     </span>
    </p>
   </div>
   <div class='ocr_carea' id='block_1_93' title="bbox 362 4427 2058 4499">
    <p class='ocr_par' dir='ltr' id='par_1_93' title="bbox 362 4427 2058 4499">
     <span class='ocr_line' id='line_1_93' title="bbox 362 4427 2058 4499; baseline -0.003 -16"><span class='ocrx_word' id='word_1_630' title='bbox 362 4430 454 4484; x_wconf 91' lang='lat' dir='ltr'>cui</span> <span class='ocrx_word' id='word_1_631' title='bbox 485 4447 585 4484; x_wconf 88' lang='lat' dir='ltr'>nos</span> <span class='ocrx_word' id='word_1_632' title='bbox 617 4430 726 4499; x_wconf 86' lang='lat' dir='ltr'>ipsi</span> <span class='ocrx_word' id='word_1_633' title='bbox 766 4427 1072 4499; x_wconf 86' lang='lat' dir='ltr'>participes</span> <span class='ocrx_word' id='word_1_634' title='bbox 1116 4428 1286 4480; x_wconf 86' lang='lat' dir='ltr'>fuisse</span> <span class='ocrx_word' id='word_1_635' title='bbox 1319 4431 1728 4490; x_wconf 88' lang='lat' dir='ltr'>monstramur,</span> <span class='ocrx_word' id='word_1_636' title='bbox 1775 4427 1926 4478; x_wconf 89' lang='lat' dir='ltr'>bono</span> <span class='ocrx_word' id='word_1_637' title='bbox 1964 4443 2058 4494; x_wconf 88' lang='lat' dir='ltr'>pa-</span> 
     </span>
    </p>
   </div>
   <div class='ocr_carea' id='block_1_94' title="bbox 363 4515 2054 4588">
    <p class='ocr_par' dir='ltr' id='par_1_94' title="bbox 363 4515 2054 4588">
     <span class='ocr_line' id='line_1_94' title="bbox 363 4515 2054 4588; baseline -0.004 -16"><span class='ocrx_word' id='word_1_638' title='bbox 363 4519 500 4572; x_wconf 88' lang='lat' dir='ltr'>stori</span> <span class='ocrx_word' id='word_1_639' title='bbox 554 4523 608 4572; x_wconf 91' lang='lat' dir='ltr'>et</span> <span class='ocrx_word' id='word_1_640' title='bbox 661 4517 911 4588; x_wconf 87' lang='lat' dir='ltr'>principi</span> <span class='ocrx_word' id='word_1_641' title='bbox 960 4516 1218 4570; x_wconf 89' lang='lat' dir='ltr'>omnium</span> <span class='ocrx_word' id='word_1_642' title='bbox 1263 4515 1486 4569; x_wconf 86' lang='lat' dir='ltr'>Christo</span> <span class='ocrx_word' id='word_1_643' title='bbox 1520 4517 1635 4569; x_wconf 88' lang='lat' dir='ltr'>Deo</span> <span class='ocrx_word' id='word_1_644' title='bbox 1678 4520 1873 4567; x_wconf 89' lang='lat' dir='ltr'>nostro</span> <span class='ocrx_word' id='word_1_645' title='bbox 1921 4530 2054 4566; x_wconf 88' lang='lat' dir='ltr'>con-</span> 
     </span>
    </p>
   </div>
   <div class='ocr_carea' id='block_1_95' title="bbox 362 4603 2055 4677">
    <p class='ocr_par' dir='ltr' id='par_1_95' title="bbox 362 4603 2055 4677">
     <span class='ocr_line' id='line_1_95' title="bbox 362 4603 2055 4677; baseline -0.004 -16"><span class='ocrx_word' id='word_1_646' title='bbox 362 4614 520 4661; x_wconf 88' lang='lat' dir='ltr'>suete</span> <span class='ocrx_word' id='word_1_647' title='bbox 551 4608 761 4677; x_wconf 87' lang='lat' dir='ltr'>gratias</span> <span class='ocrx_word' id='word_1_648' title='bbox 793 4605 1112 4660; x_wconf 77' lang='lat' dir='ltr'>referimus.</span> <span class='ocrx_word' id='word_1_649' title='bbox 1149 4607 1288 4659; x_wconf 87' lang='lat' dir='ltr'>Nam</span> <span class='ocrx_word' id='word_1_650' title='bbox 1320 4610 1447 4675; x_wconf 89' lang='lat' dir='ltr'>post</span> <span class='ocrx_word' id='word_1_651' title='bbox 1479 4603 1694 4657; x_wconf 89' lang='lat' dir='ltr'>obitum</span> <span class='ocrx_word' id='word_1_652' title='bbox 1729 4609 1936 4657; x_wconf 74' lang='lat' dir='ltr'>sancta:</span> <span class='ocrx_word' id='word_1_653' title='bbox 1967 4621 2055 4655; x_wconf 89' lang='lat' dir='ltr'>re-</span> 
     </span>
    </p>
   </div>
   <div class='ocr_carea' id='block_1_96' title="bbox 363 4692 2055 4765">
    <p class='ocr_par' dir='ltr' id='par_1_96' title="bbox 363 4692 2055 4765">
     <span class='ocr_line' id='line_1_96' title="bbox 363 4692 2055 4765; baseline -0.003 -16"><span class='ocrx_word' id='word_1_654' title='bbox 363 4695 712 4749; x_wconf 89' lang='lat' dir='ltr'>cordationis</span> <span class='ocrx_word' id='word_1_655' title='bbox 763 4697 1053 4765; x_wconf 87' lang='lat' dir='ltr'>quondam</span> <span class='ocrx_word' id='word_1_656' title='bbox 1119 4692 1534 4763; x_wconf 88' lang='lat' dir='ltr'>archiepiscopi</span> <span class='ocrx_word' id='word_1_657' title='bbox 1601 4699 1656 4746; x_wconf 85' lang='lat' dir='ltr'>et</span> <span class='ocrx_word' id='word_1_658' title='bbox 1718 4693 2055 4762; x_wconf 69' lang='lat' dir='ltr'>patriarchae</span> 
     </span>
    </p>
   </div>
   <div class='ocr_carea' id='block_1_97' title="bbox 359 4781 2056 4853">
    <p class='ocr_par' dir='ltr' id='par_1_97' title="bbox 359 4781 2056 4853">
     <span class='ocr_line' id='line_1_97' title="bbox 359 4781 2056 4853; baseline -0.004 -12"><span class='ocrx_word' id='word_1_659' title='bbox 359 4785 596 4841; x_wconf 82' lang='lat' dir='ltr'>Joannis</span> <span class='ocrx_word' id='word_1_660' title='bbox 619 4784 1271 4853; x_wconf 68' lang='lat' dir='ltr'>Constantinopolitanae</span> <span class='ocrx_word' id='word_1_661' title='bbox 1304 4781 1568 4846; x_wconf 87' lang='lat' dir='ltr'>civitatis,</span> <span class='ocrx_word' id='word_1_662' title='bbox 1606 4783 1772 4846; x_wconf 88' lang='lat' dir='ltr'>Dens,</span> <span class='ocrx_word' id='word_1_663' title='bbox 1794 4783 1890 4853; x_wconf 83' lang='lat' dir='ltr'>qui</span> <span class='ocrx_word' id='word_1_664' title='bbox 1924 4799 2056 4852; x_wconf 83' lang='lat' dir='ltr'>pro—</span> 
     </span>
    </p>
   </div>
   <div class='ocr_carea' id='block_1_98' title="bbox 363 4871 2057 4945">
    <p class='ocr_par' dir='ltr' id='par_1_98' title="bbox 363 4871 2057 4945">
     <span class='ocr_line' id='line_1_98' title="bbox 363 4871 2057 4945; baseline -0.002 -18"><span class='ocrx_word' id='word_1_665' title='bbox 363 4874 548 4945; x_wconf 85' lang='lat' dir='ltr'>priam</span> <span class='ocrx_word' id='word_1_666' title='bbox 580 4877 830 4925; x_wconf 84' lang='lat' dir='ltr'>sanctam</span> <span class='ocrx_word' id='word_1_667' title='bbox 859 4873 1161 4926; x_wconf 87' lang='lat' dir='ltr'>Ecclesiam</span> <span class='ocrx_word' id='word_1_668' title='bbox 1194 4873 1253 4926; x_wconf 90' lang='lat' dir='ltr'>in</span> <span class='ocrx_word' id='word_1_669' title='bbox 1284 4877 1445 4942; x_wconf 88' lang='lat' dir='ltr'>petra</span> <span class='ocrx_word' id='word_1_670' title='bbox 1484 4877 1654 4925; x_wconf 85' lang='lat' dir='ltr'>rectae</span> <span class='ocrx_word' id='word_1_671' title='bbox 1705 4871 1839 4924; x_wconf 88' lang='lat' dir='ltr'>ﬁdei</span> <span class='ocrx_word' id='word_1_672' title='bbox 1875 4873 2057 4925; x_wconf 89' lang='lat' dir='ltr'>incor-</span> 
     </span>
    </p>
   </div>
   <div class='ocr_carea' id='block_1_99' title="bbox 363 4961 2056 5032">
    <p class='ocr_par' dir='ltr' id='par_1_99' title="bbox 363 4961 2056 5032">
     <span class='ocr_line' id='line_1_99' title="bbox 363 4961 2056 5032; baseline -0.002 -16"><span class='ocrx_word' id='word_1_673' title='bbox 363 4967 530 5032; x_wconf 87' lang='lat' dir='ltr'>rupta</span> <span class='ocrx_word' id='word_1_674' title='bbox 562 4961 837 5023; x_wconf 85' lang='lat' dir='ltr'>fundavit,</span> <span class='ocrx_word' id='word_1_675' title='bbox 891 4968 947 5015; x_wconf 90' lang='lat' dir='ltr'>et</span> <span class='ocrx_word' id='word_1_676' title='bbox 989 4967 1180 5031; x_wconf 87' lang='lat' dir='ltr'>portas</span> <span class='ocrx_word' id='word_1_677' title='bbox 1233 4962 1442 5015; x_wconf 86' lang='lat' dir='ltr'>inferni</span> <span class='ocrx_word' id='word_1_678' title='bbox 1486 4979 1599 5015; x_wconf 89' lang='lat' dir='ltr'>non</span> <span class='ocrx_word' id='word_1_679' title='bbox 1644 4962 1951 5032; x_wconf 61' lang='lat' dir='ltr'>pragvalere</span> <span class='ocrx_word' id='word_1_680' title='bbox 2004 4961 2056 5014; x_wconf 92' lang='lat' dir='ltr'>ci</span> 
     </span>
    </p>
   </div>
   <div class='ocr_carea' id='block_1_100' title="bbox 364 5050 2055 5121">
    <p class='ocr_par' dir='ltr' id='par_1_100' title="bbox 364 5050 2055 5121">
     <span class='ocr_line' id='line_1_100' title="bbox 364 5050 2055 5121; baseline -0.002 -15"><span class='ocrx_word' id='word_1_681' title='bbox 364 5051 614 5107; x_wconf 88' lang='lat' dir='ltr'>decrevit</span> <span class='ocrx_word' id='word_1_682' title='bbox 646 5050 868 5121; x_wconf 82' lang='lat' dir='ltr'>(Matth.</span> <span class='ocrx_word' id='word_1_683' title='bbox 908 5053 1044 5121; x_wconf 78' lang='lat' dir='ltr'>xvi),</span> <span class='ocrx_word' id='word_1_684' title='bbox 1090 5051 1247 5104; x_wconf 89' lang='lat' dir='ltr'>dedit</span> <span class='ocrx_word' id='word_1_685' title='bbox 1279 5051 1442 5104; x_wconf 88' lang='lat' dir='ltr'>nobis</span> <span class='ocrx_word' id='word_1_686' title='bbox 1479 5057 1737 5104; x_wconf 87' lang='lat' dir='ltr'>sanctum</span> <span class='ocrx_word' id='word_1_687' title='bbox 1769 5055 2055 5120; x_wconf 87' lang='lat' dir='ltr'>pastorem</span> 
     </span>
    </p>
   </div>
   <div class='ocr_carea' id='block_1_101' title="bbox 362 5140 2052 5210">
    <p class='ocr_par' dir='ltr' id='par_1_101' title="bbox 362 5140 2052 5210">
     <span class='ocr_line' id='line_1_101' title="bbox 362 5140 2052 5210; baseline -0.002 -15"><span class='ocrx_word' id='word_1_688' title='bbox 362 5146 417 5195; x_wconf 88' lang='lat' dir='ltr'>et</span> <span class='ocrx_word' id='word_1_689' title='bbox 453 5140 836 5210; x_wconf 88' lang='lat' dir='ltr'>patriarcham</span> <span class='ocrx_word' id='word_1_690' title='bbox 859 5141 1262 5210; x_wconf 79' lang='lat' dir='ltr'>Epiphanium,</span> <span class='ocrx_word' id='word_1_691' title='bbox 1288 5141 1613 5206; x_wconf 88' lang='lat' dir='ltr'>virtutibus,</span> <span class='ocrx_word' id='word_1_692' title='bbox 1647 5146 1704 5192; x_wconf 86' lang='lat' dir='ltr'>et</span> <span class='ocrx_word' id='word_1_693' title='bbox 1751 5140 2052 5192; x_wconf 85' lang='lat' dir='ltr'>correctio-</span> 
     </span>
    </p>
   </div>
   <div class='ocr_carea' id='block_1_102' title="bbox 362 5230 2058 5299">
    <p class='ocr_par' dir='ltr' id='par_1_102' title="bbox 362 5230 2058 5299">
     <span class='ocr_line' id='line_1_102' title="bbox 362 5230 2058 5299; baseline -0.002 -14"><span class='ocrx_word' id='word_1_694' title='bbox 362 5233 550 5299; x_wconf 89' lang='lat' dir='ltr'>nibus,</span> <span class='ocrx_word' id='word_1_695' title='bbox 595 5237 654 5286; x_wconf 86' lang='lat' dir='ltr'>et</span> <span class='ocrx_word' id='word_1_696' title='bbox 702 5233 1068 5286; x_wconf 88' lang='lat' dir='ltr'>meditatione</span> <span class='ocrx_word' id='word_1_697' title='bbox 1105 5232 1428 5284; x_wconf 88' lang='lat' dir='ltr'>divinarum</span> <span class='ocrx_word' id='word_1_698' title='bbox 1471 5232 1766 5283; x_wconf 86' lang='lat' dir='ltr'>florentem</span> <span class='ocrx_word' id='word_1_699' title='bbox 1808 5230 2058 5299; x_wconf 78' lang='lat' dir='ltr'>Scriptu-</span> 
     </span>
    </p>
   </div>
   <div class='ocr_carea' id='block_1_103' title="bbox 359 5318 2054 5392">
    <p class='ocr_par' dir='ltr' id='par_1_103' title="bbox 359 5318 2054 5392">
     <span class='ocr_line' id='line_1_103' title="bbox 359 5318 2054 5392; baseline -0.001 -18"><span class='ocrx_word' id='word_1_700' title='bbox 359 5338 574 5388; x_wconf 87' lang='lat' dir='ltr'>rarum,</span> <span class='ocrx_word' id='word_1_701' title='bbox 609 5329 818 5375; x_wconf 86' lang='lat' dir='ltr'>rectam</span> <span class='ocrx_word' id='word_1_702' title='bbox 852 5337 1079 5392; x_wconf 85' lang='lat' dir='ltr'>quoque</span> <span class='ocrx_word' id='word_1_703' title='bbox 1107 5324 1393 5372; x_wconf 89' lang='lat' dir='ltr'>tenentem</span> <span class='ocrx_word' id='word_1_704' title='bbox 1416 5318 1610 5386; x_wconf 89' lang='lat' dir='ltr'>ﬁdem,</span> <span class='ocrx_word' id='word_1_705' title='bbox 1646 5326 1702 5372; x_wconf 89' lang='lat' dir='ltr'>et</span> <span class='ocrx_word' id='word_1_706' title='bbox 1722 5319 2054 5373; x_wconf 89' lang='lat' dir='ltr'>orbatorum</span> 
     </span>
    </p>
   </div>
   <div class='ocr_carea' id='block_1_104' title="bbox 361 5407 2056 5481">
    <p class='ocr_par' dir='ltr' id='par_1_104' title="bbox 361 5407 2056 5481">
     <span class='ocr_line' id='line_1_104' title="bbox 361 5407 2056 5481; baseline -0.002 -17"><span class='ocrx_word' id='word_1_707' title='bbox 361 5415 656 5481; x_wconf 87' lang='lat' dir='ltr'>paternam</span> <span class='ocrx_word' id='word_1_708' title='bbox 687 5415 981 5481; x_wconf 87' lang='lat' dir='ltr'>regentem</span> <span class='ocrx_word' id='word_1_709' title='bbox 1013 5407 1461 5462; x_wconf 89' lang='lat' dir='ltr'>sollicitudinem</span> <span class='ocrx_word' id='word_1_710' title='bbox 1493 5424 1505 5461; x_wconf 89' lang='lat'><strong>:</strong></span> <span class='ocrx_word' id='word_1_711' title='bbox 1536 5412 1611 5475; x_wconf 89' lang='lat' dir='ltr'>et,</span> <span class='ocrx_word' id='word_1_712' title='bbox 1638 5409 1777 5479; x_wconf 81' lang='lat' dir='ltr'>quid</span> <span class='ocrx_word' id='word_1_713' title='bbox 1808 5408 2056 5479; x_wconf 86' lang='lat' dir='ltr'>amplius</span> 
     </span>
    </p>
   </div>
   <div class='ocr_carea' id='block_1_105' title="bbox 433 5549 1452 5623">
    <p class='ocr_par' dir='ltr' id='par_1_105' title="bbox 433 5549 1452 5623">
     <span class='ocr_line' id='line_1_105' title="bbox 433 5549 1452 5623; baseline 0.001 -18"><span class='ocrx_word' id='word_1_714' title='bbox 433 5551 506 5621; x_wconf 89' lang='lat' dir='ltr'>(a)</span> <span class='ocrx_word' id='word_1_715' title='bbox 538 5552 682 5608; x_wconf 87' lang='lat' dir='ltr'>Edit.</span> <span class='ocrx_word' id='word_1_716' title='bbox 720 5553 909 5619; x_wconf 83' lang='lat' dir='ltr'>Rom.,</span> <span class='ocrx_word' id='word_1_717' title='bbox 940 5550 993 5606; x_wconf 77' lang='lat' dir='ltr'>si</span> <span class='ocrx_word' id='word_1_718' title='bbox 1021 5567 1143 5623; x_wconf 71' lang='lat' dir='ltr'>quae</span> <span class='ocrx_word' id='word_1_719' title='bbox 1164 5549 1452 5608; x_wconf 81' lang='lat' dir='ltr'>intercess.</span> 
     </span>
    </p>
   </div>
   <div class='ocr_carea' id='block_1_106' title="bbox 2167 4332 3827 4411">
    <p class='ocr_par' dir='ltr' id='par_1_106' title="bbox 2167 4332 3827 4411">
     <span class='ocr_line' id='line_1_106' title="bbox 2167 4332 3827 4411; baseline -0.004 -16"><span class='ocrx_word' id='word_1_720' title='bbox 2167 4343 2498 4409; x_wconf 86' lang='lat' dir='ltr'>sanctitatis,</span> <span class='ocrx_word' id='word_1_721' title='bbox 2567 4347 2621 4394; x_wconf 91' lang='lat' dir='ltr'>et</span> <span class='ocrx_word' id='word_1_722' title='bbox 2664 4342 3158 4396; x_wconf 87' lang='lat' dir='ltr'>administratione</span> <span class='ocrx_word' id='word_1_723' title='bbox 3213 4342 3301 4411; x_wconf 83' lang='lat' dir='ltr'>[F.</span> <span class='ocrx_word' id='word_1_724' title='bbox 3345 4332 3827 4394; x_wconf 85' lang='lat' dir='ltr'>administrationis</span> 
     </span>
    </p>
   </div>
   <div class='ocr_carea' id='block_1_107' title="bbox 2166 4421 3825 4501">
    <p class='ocr_par' dir='ltr' id='par_1_107' title="bbox 2166 4421 3825 4501">
     <span class='ocr_line' id='line_1_107' title="bbox 2166 4421 3825 4501; baseline -0.004 -21"><span class='ocrx_word' id='word_1_725' title='bbox 2166 4432 2339 4501; x_wconf 80' lang='lat' dir='ltr'>pacis,</span> <span class='ocrx_word' id='word_1_726' title='bbox 2375 4437 2427 4483; x_wconf 84' lang='lat' dir='ltr'>et.</span> <span class='ocrx_word' id='word_1_727' title='bbox 2458 4432 2656 4499; x_wconf 71' lang='lat' dir='ltr'>gratiae</span> <span class='ocrx_word' id='word_1_728' title='bbox 2681 4431 2907 4486; x_wconf 89' lang='lat' dir='ltr'>Domini</span> <span class='ocrx_word' id='word_1_729' title='bbox 2929 4432 3108 4484; x_wconf 84' lang='lat' dir='ltr'>nostri</span> <span class='ocrx_word' id='word_1_730' title='bbox 3131 4431 3264 4484; x_wconf 86' lang='lat' dir='ltr'>Jesu</span> <span class='ocrx_word' id='word_1_731' title='bbox 3285 4431 3491 4485; x_wconf 87' lang='lat' dir='ltr'>Christi</span> <span class='ocrx_word' id='word_1_732' title='bbox 3539 4421 3825 4485; x_wconf 82' lang='lat' dir='ltr'>Dcinostri,</span> 
     </span>
    </p>
   </div>
   <div class='ocr_carea' id='block_1_108' title="bbox 2166 4518 3826 4574">
    <p class='ocr_par' dir='ltr' id='par_1_108' title="bbox 2166 4518 3826 4574">
     <span class='ocr_line' id='line_1_108' title="bbox 2166 4518 3826 4574; baseline -0.006 0"><span class='ocrx_word' id='word_1_733' title='bbox 2166 4525 2221 4574; x_wconf 89' lang='lat' dir='ltr'>et</span> <span class='ocrx_word' id='word_1_734' title='bbox 2253 4520 2526 4574; x_wconf 88' lang='lat' dir='ltr'>unitionis</span> <span class='ocrx_word' id='word_1_735' title='bbox 2567 4525 2892 4574; x_wconf 79' lang='lat' dir='ltr'>sanctarum</span> <span class='ocrx_word' id='word_1_736' title='bbox 2948 4522 3326 4574; x_wconf 82' lang='lat' dir='ltr'>Ecclesiarum</span> <span class='ocrx_word' id='word_1_737' title='bbox 3366 4518 3826 4574; x_wconf 84' lang='lat' dir='ltr'>monstrabantur.</span> 
     </span>
    </p>
   </div>
   <div class='ocr_carea' id='block_1_109' title="bbox 2169 4603 3828 4679">
    <p class='ocr_par' dir='ltr' id='par_1_109' title="bbox 2169 4603 3828 4679">
     <span class='ocr_line' id='line_1_109' title="bbox 2169 4603 3828 4679; baseline -0.005 -17"><span class='ocrx_word' id='word_1_738' title='bbox 2169 4613 2314 4674; x_wconf 88' lang='lat' dir='ltr'>Quos</span> <span class='ocrx_word' id='word_1_739' title='bbox 2346 4626 2641 4679; x_wconf 83' lang='lat' dir='ltr'>speramus</span> <span class='ocrx_word' id='word_1_740' title='bbox 2666 4611 2922 4664; x_wconf 64' lang='lat' dir='ltr'>laetantes</span> <span class='ocrx_word' id='word_1_741' title='bbox 2948 4609 3006 4662; x_wconf 90' lang='lat' dir='ltr'>in</span> <span class='ocrx_word' id='word_1_742' title='bbox 3040 4611 3303 4676; x_wconf 90' lang='lat' dir='ltr'>Domino,</span> <span class='ocrx_word' id='word_1_743' title='bbox 3341 4616 3396 4662; x_wconf 86' lang='lat' dir='ltr'>et</span> <span class='ocrx_word' id='word_1_744' title='bbox 3423 4624 3619 4678; x_wconf 87' lang='lat' dir='ltr'>pacem</span> <span class='ocrx_word' id='word_1_745' title='bbox 3641 4603 3828 4659; x_wconf 80' lang='lat' dir='ltr'>deside-</span> 
     </span>
    </p>
   </div>
   <div class='ocr_carea' id='block_1_110' title="bbox 2167 4692 3828 4764">
    <p class='ocr_par' dir='ltr' id='par_1_110' title="bbox 2167 4692 3828 4764">
     <span class='ocr_line' id='line_1_110' title="bbox 2167 4692 3828 4764; baseline -0.006 -14"><span class='ocrx_word' id='word_1_746' title='bbox 2167 4705 2348 4751; x_wconf 88' lang='lat' dir='ltr'>ratam</span> <span class='ocrx_word' id='word_1_747' title='bbox 2369 4699 2723 4764; x_wconf 88' lang='lat' dir='ltr'>nuntiantes,</span> <span class='ocrx_word' id='word_1_748' title='bbox 2755 4699 2824 4752; x_wconf 89' lang='lat' dir='ltr'>ad</span> <span class='ocrx_word' id='word_1_749' title='bbox 2850 4715 2954 4753; x_wconf 89' lang='lat' dir='ltr'>nos</span> <span class='ocrx_word' id='word_1_750' title='bbox 2978 4698 3358 4752; x_wconf 83' lang='lat' dir='ltr'>citiusvestris</span> <span class='ocrx_word' id='word_1_751' title='bbox 3381 4698 3491 4751; x_wconf 88' lang='lat' dir='ltr'>Deo</span> <span class='ocrx_word' id='word_1_752' title='bbox 3517 4692 3828 4750; x_wconf 86' lang='lat' dir='ltr'>amabilibus</span> 
     </span>
    </p>
   </div>
   <div class='ocr_carea' id='block_1_111' title="bbox 2167 4786 3825 4857">
    <p class='ocr_par' dir='ltr' id='par_1_111' title="bbox 2167 4786 3825 4857">
     <span class='ocr_line' id='line_1_111' title="bbox 2167 4786 3825 4857; baseline -0.001 -19"><span class='ocrx_word' id='word_1_753' title='bbox 2167 4787 2612 4840; x_wconf 84' lang='lat' dir='ltr'>corrcctionibus</span> <span class='ocrx_word' id='word_1_754' title='bbox 2651 4788 2878 4840; x_wconf 90' lang='lat' dir='ltr'>edoctos</span> <span class='ocrx_word' id='word_1_755' title='bbox 2908 4804 3166 4842; x_wconf 88' lang='lat' dir='ltr'>remeare</span> <span class='ocrx_word' id='word_1_756' title='bbox 3221 4786 3562 4857; x_wconf 87' lang='lat' dir='ltr'>dignemini.</span> <span class='ocrx_word' id='word_1_757' title='bbox 3615 4787 3825 4839; x_wconf 70' lang='lat' dir='ltr'>Omnem</span> 
     </span>
    </p>
   </div>
   <div class='ocr_carea' id='block_1_112' title="bbox 2168 4873 3827 4948">
    <p class='ocr_par' dir='ltr' id='par_1_112' title="bbox 2168 4873 3827 4948">
     <span class='ocr_line' id='line_1_112' title="bbox 2168 4873 3827 4948; baseline -0.004 -20"><span class='ocrx_word' id='word_1_758' title='bbox 2168 4875 2226 4929; x_wconf 90' lang='lat' dir='ltr'>in</span> <span class='ocrx_word' id='word_1_759' title='bbox 2258 4875 2480 4929; x_wconf 81' lang='lat' dir='ltr'>Christo</span> <span class='ocrx_word' id='word_1_760' title='bbox 2504 4876 2920 4930; x_wconf 85' lang='lat' dir='ltr'>fraternitatem</span> <span class='ocrx_word' id='word_1_761' title='bbox 2949 4894 3052 4930; x_wconf 90' lang='lat' dir='ltr'>nos</span> <span class='ocrx_word' id='word_1_762' title='bbox 3083 4893 3313 4948; x_wconf 83' lang='lat' dir='ltr'>quoque</span> <span class='ocrx_word' id='word_1_763' title='bbox 3345 4882 3401 4930; x_wconf 88' lang='lat' dir='ltr'>et</span> <span class='ocrx_word' id='word_1_764' title='bbox 3431 4875 3530 4947; x_wconf 90' lang='lat' dir='ltr'>qui</span> <span class='ocrx_word' id='word_1_765' title='bbox 3563 4873 3827 4930; x_wconf 84' lang='lat' dir='ltr'>nobiscum</span> 
     </span>
    </p>
   </div>
   <div class='ocr_carea' id='block_1_113' title="bbox 2167 4965 3615 5038">
    <p class='ocr_par' dir='ltr' id='par_1_113' title="bbox 2167 4965 3615 5038">
     <span class='ocr_line' id='line_1_113' title="bbox 2167 4965 3615 5038; baseline 0.001 -20"><span class='ocrx_word' id='word_1_766' title='bbox 2167 4970 2300 5019; x_wconf 89' lang='lat' dir='ltr'>sunt</span> <span class='ocrx_word' id='word_1_767' title='bbox 2329 4965 2643 5035; x_wconf 88' lang='lat' dir='ltr'>plurimum</span> <span class='ocrx_word' id='word_1_768' title='bbox 2676 4967 2986 5020; x_wconf 86' lang='lat' dir='ltr'>salutamus</span> <span class='ocrx_word' id='word_1_769' title='bbox 3021 4967 3193 5036; x_wconf 88' lang='lat' dir='ltr'>(anno</span> <span class='ocrx_word' id='word_1_770' title='bbox 3213 4966 3444 5021; x_wconf 89' lang='lat' dir='ltr'>Domini</span> <span class='ocrx_word' id='word_1_771' title='bbox 3475 4967 3615 5038; x_wconf 80' lang='grc'>519).</span> 
     </span>
    </p>
   </div>
   <div class='ocr_carea' id='block_1_114' title="bbox 2797 5126 3244 5166">
    <p class='ocr_par' dir='ltr' id='par_1_114' title="bbox 2797 5126 3244 5166">
     <span class='ocr_line' id='line_1_114' title="bbox 2797 5126 3244 5166; baseline -0.002 -2"><span class='ocrx_word' id='word_1_772' title='bbox 2797 5126 3244 5166; x_wconf 71' lang='lat' dir='ltr'>SUBSCRIPTIONIS.</span> 
     </span>
    </p>
   </div>
   <div class='ocr_carea' id='block_1_115' title="bbox 2235 5227 3830 5306">
    <p class='ocr_par' dir='ltr' id='par_1_115' title="bbox 2235 5227 3830 5306">
     <span class='ocr_line' id='line_1_115' title="bbox 2235 5227 3830 5306; baseline -0.008 -16"><span class='ocrx_word' id='word_1_773' title='bbox 2235 5235 2582 5306; x_wconf 87' lang='lat' dir='ltr'>Theophilus</span> <span class='ocrx_word' id='word_1_774' title='bbox 2622 5235 3010 5290; x_wconf 85' lang='lat' dir='ltr'>misericardia</span> <span class='ocrx_word' id='word_1_775' title='bbox 3058 5236 3159 5290; x_wconf 88' lang='lat' dir='ltr'>Dei</span> <span class='ocrx_word' id='word_1_776' title='bbox 3199 5236 3507 5306; x_wconf 88' lang='lat' dir='ltr'>episcopus</span> <span class='ocrx_word' id='word_1_777' title='bbox 3541 5227 3830 5288; x_wconf 86' lang='lat' dir='ltr'>Hcraclien-</span> 
     </span>
    </p>
   </div>
   <div class='ocr_carea' id='block_1_116' title="bbox 2166 5315 3827 5395">
    <p class='ocr_par' dir='ltr' id='par_1_116' title="bbox 2166 5315 3827 5395">
     <span class='ocr_line' id='line_1_116' title="bbox 2166 5315 3827 5395; baseline -0.004 -17"><span class='ocrx_word' id='word_1_778' title='bbox 2166 5325 2242 5378; x_wconf 87' lang='lat' dir='ltr'>sis</span> <span class='ocrx_word' id='word_1_779' title='bbox 2271 5325 2536 5395; x_wconf 88' lang='lat' dir='ltr'>civitatis,</span> <span class='ocrx_word' id='word_1_780' title='bbox 2565 5325 3038 5395; x_wconf 90' lang='lat' dir='ltr'>metropolitanus</span> <span class='ocrx_word' id='word_1_781' title='bbox 3074 5325 3438 5379; x_wconf 87' lang='lat' dir='ltr'>subscribens</span> <span class='ocrx_word' id='word_1_782' title='bbox 3471 5324 3530 5378; x_wconf 86' lang='lat' dir='ltr'>in</span> <span class='ocrx_word' id='word_1_783' title='bbox 3563 5315 3827 5392; x_wconf 81' lang='lat' dir='ltr'>synodali-</span> 
     </span>
    </p>
   </div>
   <div class='ocr_carea' id='block_1_117' title="bbox 2165 5414 3299 5483">
    <p class='ocr_par' dir='ltr' id='par_1_117' title="bbox 2165 5414 3299 5483">
     <span class='ocr_line' id='line_1_117' title="bbox 2165 5414 3299 5483; baseline -0.001 -15"><span class='ocrx_word' id='word_1_784' title='bbox 2165 5415 2289 5481; x_wconf 88' lang='lat' dir='ltr'>bus,</span> <span class='ocrx_word' id='word_1_785' title='bbox 2323 5416 2505 5469; x_wconf 88' lang='lat' dir='ltr'>saluto</span> <span class='ocrx_word' id='word_1_786' title='bbox 2539 5430 2634 5469; x_wconf 89' lang='lat' dir='ltr'>vos</span> <span class='ocrx_word' id='word_1_787' title='bbox 2664 5414 2723 5468; x_wconf 89' lang='lat' dir='ltr'>in</span> <span class='ocrx_word' id='word_1_788' title='bbox 2755 5415 3020 5483; x_wconf 89' lang='lat' dir='ltr'>Domino,</span> <span class='ocrx_word' id='word_1_789' title='bbox 3050 5415 3299 5470; x_wconf 85' lang='lat' dir='ltr'>domine.</span> 
     </span>
    </p>
   </div>
  </div>
