4038 6170
168 204 248 254 ἱὸἰὶ
1448 199 1797 252 EPISTULA".
1836 199 1920 252 ET
1961 197 2280 251 DECltlrLTA
2303 237 2312 249 .
3533 202 3635 252 48ιὶ

221 328 498 383 Basiliscus
539 326 930 382 misericordia
970 328 1069 381 Dei
1115 328 1435 399 episcopus,
1500 331 1599 400 qui
1635 331 1648 363 ¹
1682 329 1827 382 Zici-
1867 331 1916 384 A
1942 327 2074 380 sede
2106 327 2423 396 dejiciatur,
2449 341 2562 396 qua
2592 341 2650 378 se
2680 326 2920 395 dignum
2953 325 3200 391 exhibet,
3237 343 3339 380 nec
3360 328 3634 382 anteriori

159 420 396 474 nentium
430 417 905 488 metropolitanns
940 421 998 470 ut
1029 434 1222 487 supra.

218 507 520 578 Stephanus
555 507 944 560 misericordia
973 507 1068 560 Dei
1099 507 1398 578 episc0pus
1429 507 1822 562 Nicomedien-

159 600 286 651 siurn
312 596 783 666 metropolitauus
812 605 872 650 ut
901 612 1092 666 supra.

218 688 375 740 lsaias
403 686 790 740 misericordia
825 686 923 739 Dei
955 687 1255 757 episcopus
1311 687 1546 741 lthodize’
1587 685 1827 740 civitatis

160 776 608 844 metrepolitanus
624 780 684 828 ut
716 791 909 845 supra.

218 863 534 918 Anastasius
565 864 958 918 misericordia
989 863 1089 918 Dei
1120 864 1419 935 episcopus
1479 863 1827 919 Nicmensius

164 954 614 1023 uietropolitanus
643 958 706 1008 ut
728 970 918 1024 supra.

219 1043 447 1096 Joannes
491 1043 885 1096 misericordia
949 1041 1045 1095 Dei
1088 1042 1386 1112 episcopus
1443 1041 1825 1112 Claudiopoli-

163 1138 286 1184 tanze
312 1131 550 1184 civitatis
580 1131 888 1201 provinciae
923 1131 1154 1184 lsanrire
1194 1137 1252 1184 ut
1277 1149 1466 1202 supra.

219 1222 478 1274 Paternus
521 1221 912 1275 misericordia
990 1220 1091 1274 Dei
1172 1223 1469 1292 episcepus
1516 1220 1826 1292 provinciae

159 1310 371 1378 Scythiae
407 1311 892 1380 inetropolitanus
920 1314 982 1364 ut
1013 1327 1204 1381 supra.

213 1397 504 1452 Martianus
558 1400 952 1454 misericordia
1010 1401 1109 1455 Dei
1159 1400 1458 1470 episcopus
1517 1382 1827 1456 Chalcedo-

157 1489 323 1542 nensis
361 1489 606 1542 civitatis
639 1489 1116 1560 metropolitanus
1149 1494 1212 1544 ut
1243 1506 1433 1559 supra.

217 1577 480 1632 Patricius
520 1577 913 1633 misericordia
983 1579 1082 1633 Dei
1127 1579 1425 1649 episc0pus
1475 1578 1828 1650 Eudoxiopo—

158 1671 323 1722 titanas
353 1669 604 1722 civitatis
633 1669 1117 1740 metrOpolitanus
1139 1674 1202 1722 ut
1234 1685 1424 1739 supra.

212 1757 574 1828 Polydeucius
591 1758 985 1813 misericordia
1018 1759 1117 1812 Dei
1137 1759 1436 1830 episcopus
1461 1757 1826 1812 Antiochenae

161 1848 373 1902 civitatis
403 1849 889 1918 metropolitanus
919 1851 981 1901 ut
1004 1864 1195 1918 supra.

217 1937 474 2006 Eulogius
507 1937 902 1992 misericordia
934 1938 1030 1991 Dei
1068 1937 1372 2008 episcopus
1395 1936 1671 1991 Melitenen
1702 1936 1830 1990 civi-

162 2027 267 2080 tatis
288 2027 774 2096 metrepolitanus
807 2033 1072 2097 utsupra.

217 2117 532 2187 Stephanus
581 2117 975 2171 misericordia
1030 2116 1130 2170 Dei
1187 2115 1487 2186 episcopus
1527 2115 1596 2185 (α)
1641 2115 1826 2169 Philo-

162 2208 431 2261 mediensis
462 2208 709 2261 civitatis
740 2206 1050 2277 provinciae
1084 2206 1306 2260 Pisidiae
1340 2210 1400 2260 ut
1422 2221 1610 2276 supra.

214 2298 604 2350 Cbristodorus
633 2296 1026 2350 misericordia
1057 2297 1157 2350 Dei
1197 2295 1494 2367 episcopus
1546 2294 1824 2365 Methym-

159 2387 316 2438 ncnsis
346 2386 595 2439 civitatis
630 2392 692 2440 ut
723 2403 915 2456 supra.

214 2476 552 2530 Palmantius
583 2476 858 2530 minimus
889 2475 1188 2546 episcopus
1229 2467 1540 2529 Oenandac'
1585 2472 1829 2528 civitatis

157 2565 427 2632 provinciae
459 2565 648 2634 Lycizn
687 2569 747 2618 ut
780 2581 970 2634 supra.
1799 2627 1814 2638 ﬁ

213 2655 464 2717 Joannes
503 2653 903 2708 misericordia
962 2652 1060 2708 Dei
1146 2651 1444 2723 episcopus
1502 2651 1829 2706 Attaliensis

159 2743 366 2796 civitatis
393 2749 458 2797 ut
492 2760 695 2814 supra.

212 2834 436 2886 Joannes
468 2831 868 2886 misericordia
901 2831 998 2885 Dei
1031 2831 1330 2902 episcopus
1375 2829 1691 2902 Olympium
1743 2829 1826 2882 ci-

163 2922 318 2975 vitatis
343 2922 660 2992 provincia:
689 2921 868 2992 Lyciae
901 2925 962 2975 ut
992 2936 1184 2990 supra.

217 3012 508 3066 Slartianns
576 3011 851 3064 minimus
899 3010 1199 3080 episcopus
1228 3008 1519 3064 Martianee
1585 3008 1827 3062 civitatis

161 3101 428 3169 provincia:
465 3101 652 3171 Lycia:
677 3105 741 3154 nt
771 3116 962 3169 supra.

214 3191 402 3244 Pliocas
426 3191 712 3244 minimus
743 3189 1047 3260 episcopus
1083 3189 1356 3244 Dardanae
1404 3187 1646 3243 civitatis
1692 3203 1824 3258 pro-

163 3278 322 3332 vincim
356 3280 718 3349 Hellesponti
752 3283 812 3332 ut
837 3295 1028 3348 supra.

214 3371 412 3424 Zoticus
460 3369 868 3423 misericordia
938 3370 1039 3421 Dei
1105 3368 1406 3438 episcopus
1447 3366 1826 3437 Carpatiensis

162 3456 361 3512 civitatis
381 3459 698 3528 provinciae
725 3457 1048 3511 Insularum
1083 3463 1146 3510 ut
1167 3473 1359 3528 supra.
1577 3462 1588 3474 '

212 3546 489 3602 Sabbatius
547 3547 943 3601 misericordia
984 3547 1085 3600 Dei
1116 3547 1414 3618 episcopus
1475 3544 1827 3601 Stratonicite

160 3635 363 3691 civitatis
401 3637 722 3708 provinciae
759 3636 938 3707 Lyciae
969 3641 1034 3690 ut
1063 3651 1253 3706 supra.

821 3769 1152 3824 EPISTOLA

557 3893 819 3933 JUSTINI
869 3893 943 3931 AD
991 3890 1401 3931 HORMISDAM.

159 3984 319 4040 Etiam
357 3983 631 4040 Ecclesiae
659 4000 779 4039 sum
808 4000 922 4037 non
953 3999 1119 4054 posse
1150 3981 1378 4037 restilui
1398 3981 1615 4035 vivente
1643 3997 1705 4033 eo
1722 3979 1830 4054 qui

210 4056 259 4108 in
278 4057 430 4111 illius
458 4058 653 4112 locum
674 4053 1188 4125 suffectus/“uerat.
1221 4054 1506 4107 Thomam"
1540 4056 1603 4125 et
1658 4053 1829 4107 Nico-

213 4131 438 4183 stratum
467 4145 619 4201 pace
643 4124 877 4197 ﬁrmata
906 4126 1026 4182 suis
1047 4125 1280 4182 sedibus
1310 4142 1368 4178 se
1406 4124 1825 4179 restituturum.

216 4263 554 4318 Justinianus
579 4264 866 4331 Augustus
899 4259 1215 4314 Ilormisdze
1237 4275 1418 4330 papa).

217 4351 340 4406 Cum
365 4354 421 4406 in
451 4352 656 4406 animo
691 4351 856 4405 nobis
888 4350 982 4417 sit,
1004 4354 1169 4419 pater
1200 4347 1648 4418 religiosissime,
1680 4350 1745 4400 ut
1767 4345 1825 4400 in

166 4442 293 4493 omni
314 4459 367 4495 re
398 4448 602 4496 nostra
629 4441 783 4494 inter
815 4456 873 4494 se
918 4443 1262 4493 concurrant
1291 4436 1549 4504 consilia,
1601 4439 1725 4489 tum
1771 4441 1828 4490 et

163 4526 207 4580 in
239 4529 341 4583 Elia
371 4532 489 4585 viro
514 4530 991 4585 revereudissimo
1033 4528 1298 4599 episcopo
1369 4526 1424 4581 id
1469 4525 1825 4580 constituen-

167 4616 273 4672 dum
300 4622 604 4686 credimus,
648 4620 853 4689 legatis
906 4618 1350 4673 admonentibus
1399 4615 1620 4683 vestris,
1674 4615 1827 4686 quod

166 4704 284 4762 inter
304 4711 483 4765 varias
518 4714 792 4781 utrasque
828 4709 1079 4763 rationes
1132 4705 1449 4777 expeditius
1507 4722 1627 4759 esse
1693 4720 1829 4775 per-

166 4804 384 4864 spectum
415 4805 519 4854 est.
570 4802 710 4855 Nam
745 4804 800 4854 et
836 4798 898 4852 in
945 4797 1216 4868 praesenti
1260 4795 1591 4865 pontiﬁcem
1650 4795 1829 4848 Cresa-

168 4885 407 4944 ricusium
441 4889 603 4943 urbis
637 4889 797 4943 favor
827 4892 1046 4942 tutatur
1079 4885 1549 4954 omnium,quem
1569 4882 1638 4936 ob
1671 4881 1829 4935 insti-

167 4978 264 5030 tuta
297 4979 685 5048 pulcherrima
713 4995 827 5033 non
862 4977 1046 5032 solum
1071 4975 1274 5029 incola)
1315 4971 1664 5026 validissime
1692 4971 1824 5024 reti-

168 5067 386 5121 nendum
427 5069 804 5137 arbitrantur,
837 5068 936 5121 sed
974 5082 1152 5136 prope
1185 5070 1419 5117 cunctus
1467 5061 1667 5114 Oriens
1707 5060 1828 5114 sine

171 5153 313 5210 dubio
337 5162 700 5224 venerantur,
735 5161 790 5211 et
819 5156 919 5228 qui
950 5155 1107 5225 prior
1138 5154 1196 5207 in
1225 5153 1426 5206 eodem
1447 5150 1563 5222 fuit
1585 5151 1831 5204 sacerdo-

169 5241 250 5309 tio,
277 5247 480 5317 injuria
510 5265 631 5301 esse
657 5251 943 5301 remotum
977 5243 1253 5315 queritur.
1287 5243 1477 5295 Visum
1496 5243 1606 5296 est?
1638 5240 1828 5310 itaque

170 5338 435 5391 convenire
468 5342 531 5390 ut
563 5353 664 5391 nec
695 5336 970 5390 faciamus
992 5333 1275 5403 impetum
1328 5335 1524 5384 contra
1579 5328 1830 5382 inﬁnita-

173 5435 275 5474 rum
291 5431 412 5479 voto
438 5426 897 5490 multitudinum,
931 5428 1028 5479 aut
1049 5424 1222 5478 homo
1251 5421 1585 5491 integritate
1616 5417 1827 5472 nobilis

232 5562 243 5596 ¹
273 5562 407 5636 Lege
441 5564 837 5622 Cizicensium.
871 5565 961 5624 Sic
987 5565 1048 5621 in
1062 5581 1194 5621 mss.
1216 5580 1368 5636 saepe
1392 5559 1694 5630 Quiriacus
1720 5574 1825 5632 pro

174 5630 443 5702 CyriaEus.
480 5639 650 5695 Hann.

1939 433 2099 487 spem
2129 432 2360 487 prorsus
2393 414 2569 468 adimi
2595 414 2900 485 patiamur,
2948 414 3246 485 rupetendi
3293 415 3481 470 locum
3545 418 3634 471 de-

1937 523 2074 573 nuo,
2110 524 2222 578 quo
2250 523 2308 560 se
2331 505 2637 576 spoliatum
2668 504 2788 558 sine
2823 521 2990 558 causa
3049 505 3390 574 conﬁrmat;
3446 508 3542 560 sed
3574 508 3630 560 in

1936 613 1995 650 re
2015 596 2192 651 dubia
2224 595 2638 665 temperantius
2672 610 2981 662 versemur,
3015 594 3092 647 ita
3127 599 3185 648 ut
3229 595 3460 648 interim
3509 600 3634 667 qui-

1937 687 2067 740 dem
2125 685 2216 739 hic
2263 685 2415 738 idem
2464 685 2614 737 Etias
2662 683 2746 736 vir
2770 684 3282 737 reverendissimus
3330 685 3632 754 episcopus

1936 775 2200 846 iuquiete
2220 780 2556 844 permaneat
2581 791 2593 839 ;
2619 790 2815 826 verum
2839 778 3140 843 postquam
3181 790 3468 826 successor
3511 776 3631 843 ejus

1935 864 2112 918 vitam
2142 864 2492 934 deposuerit,
2531 868 2653 916 tum
2685 864 2918 916 demum
2957 863 3028 915 ad
3058 863 3260 931 isedem
3291 869 3628 930 revertatur,

1935 953 2071 1023 quia
2098 953 2312 1006 destitit
2370 951 2708 1005 adhibendis
2758 950 2915 1020 prius
2963 951 3228 1004 omnibus
3269 969 3392 1021 qua:
3427 953 3496 1005 ad
3525 953 3630 1004 im-

1937 1041 2271 1112 petrandam
2301 1039 2598 1093 reditionis
2637 1038 2925 1091 licentiam
2979 1038 3486 1092 sacratissimarum
3543 1057 3630 1092 re-

1938 1132 2203 1200 gularum
2228 1129 2528 1200 postulant
2551 1128 2804 1193 deﬁnita,
2843 1127 3258 1197 interponendo
3277 1129 3447 1182 etiam
3493 1145 3632 1182 cen—

1937 1235 2108 1272 sensu
2127 1225 2240 1272 tam
2275 1226 2387 1271 tuae
2421 1219 2570 1271 sedis
2603 1217 2949 1286 apostolicae,
2995 1234 3166 1285 quam
3214 1219 3628 1272 florentissima}

1937 1308 2108 1378 hujus
2147 1309 2322 1374 urbis,
2348 1323 2588 1360 necnon
2624 1305 2865 1359 aliarum
2913 1321 3156 1375 quarum
3212 1307 3319 1360 hoc
3376 1307 3629 1363 interest.

1939 1400 2016 1453 De
2055 1399 2273 1452 Thema
2322 1397 2497 1450 etiam
2544 1401 2599 1449 et
2647 1395 2962 1449 Nicostrate
3008 1395 3143 1449 viris
3187 1397 3635 1466 religiosissimis

1938 1488 2219 1558 episcopis
2279 1485 2473 1540 omnia
2520 1484 3002 1555 mancipabuntur
3045 1485 3286 1540 etl‘ectni.
3328 1489 3630 1558 Postquam

1939 1581 2155 1631 caetera)
2188 1577 2358 1631 etiam
2384 1575 2541 1628 vobis
2571 1575 2851 1644 copulatae
2885 1574 3099 1626 fuerint
3141 1591 3152 1639 ;
3187 1575 3281 1627 sed
3309 1580 3361 1628 et
3397 1576 3465 1629 ad
3513 1576 3634 1630 unis

1941 1670 2116 1721 tatem
2139 1665 2493 1720 venerabiles
2526 1663 2958 1733 Ecclesia>,fquze
2988 1664 3348 1733 praccedente
3385 1681 3632 1734 superno

1939 1756 2206 1827 praesidio
2246 1755 2548 1809 statuenda
2578 1753 2908 1808 duxerimus
2954 1770 3054 1821 pro
3115 1753 3631 1808 sacratissimarnm

1939 1846 2271 1916 regularum
2315 1845 2512 1898 itidem
2563 1843 2784 1897 ordine.
2852 1843 3132 1905 Quoniam
3186 1843 3380 1915 itaque
3432 1849 3632 1899 vestrm

1940 1953 2168 2006 quoque
2209 1933 2580 1988 sanctitudini
2602 1932 3073 1987 deliberationem
3091 1938 3340 1986 nostram
3362 1941 3633 2004 oportue-

1938 2030 2024 2079 rat
2057 2026 2364 2091 declarare,
2414 2029 2475 2077 ut
2508 2039 2571 2076 ex
2625 2023 2729 2076 hac
2765 2022 2934 2075 etiam
2984 2024 3217 2092 pateﬁat
3283 2024 3631 2079 desiderium

1938 2115 1996 2168 in
2030 2132 2142 2185 quo
2180 2131 2408 2167 omnem
2444 2129 2678 2184 cperam
2704 2112 3052 2165 intendimus
3086 2113 3157 2166 ad
3189 2116 3631 2184 compescendas

1939 2209 2109 2274 atque
2142 2203 2541 2274 temperandas
2584 2201 3015 2268 controversias,
3053 2207 3108 2255 et
3175 2208 3427 2272 optatam
3481 2205 3633 2259 inter

1940 2309 2140 2348 omnes
2170 2293 2528 2347 concordiam
2563 2292 3010 2362 prorogandam,
3045 2297 3351 2362 praesentes
3400 2309 3630 2364 quoque

1938 2383 2155 2437 litteras
2183 2382 2448 2435 duximus
2481 2381 2867 2448 destinandas,
2903 2385 3193 2434 moventes
3233 2381 3521 2452 praecipue
3569 2388 3632 2437 ut

1938 2488 2042 2542 pro
2079 2469 2351 2524 incolumi
2381 2473 2531 2523 statu
2557 2469 2886 2539 reipublicae
2921 2486 3134 2523 numen
3183 2486 3496 2539 supernum
3529 2488 3630 2526 ve—

1940 2561 2071 2613 stris
2097 2564 2363 2613 exoretur
2402 2559 2682 2628 precibus.
2744 2560 2882 2612 Data
2927 2575 2998 2612 vn
3042 2559 3168 2612 idus
3211 2559 3427 2626 Junius,
3483 2562 3630 2615 Cou-

1944 2648 2338 2718 stantinopoli,
2375 2648 2653 2702 Vitaliauo
2684 2651 2738 2701 et
2785 2647 3011 2702 ltustico
3072 2648 3404 2703 consulibus
3453 2647 3629 2720 (anno

1940 2736 2165 2791 Domini
2184 2737 2327 2806 519).

2628 2823 2958 2878 EPISTOLA

2354 2927 2611 2968 JUSTINI
2675 2927 2752 2966 AD
2798 2927 3210 2967 HORMISDAM.

1941 3019 2260 3091 Diligentia
2283 3019 2599 3091 legatorum
2622 3018 3114 3091 Constantinopoli
3124 3022 3199 3091 εἰ
3214 3017 3352 3091 aliis
3380 3019 3629 3077 civitati-

2009 3089 2110 3146 bus
2128 3089 2690 3162 pacem'reslilulam.
2740 3091 2812 3162 In
2843 3089 3193 3144 damnandis
3243 3090 3626 3162 episcoporum

2006 3161 2332 3218 nominibus
2352 3163 2550 3216 mitius
2579 3161 2881 3228 agendum.

2008 3269 2262 3325 Justinus
2333 3271 2620 3339 Augustus
2682 3267 2999 3322 I-Iormisdze
3054 3283 3216 3338 papae
3265 3284 3368 3339 per
3409 3270 3628 3340 legatos

1938 3361 2286 3416 Germanum
2341 3365 2396 3413 et
2439 3360 2712 3413 Joannem
2766 3358 3082 3428 episcopos,
3139 3359 3380 3413 Felicem
3419 3365 3472 3414 et
3503 3362 3627 3414 Dio-

1936 3466 2161 3504 scorum
2194 3450 2482 3513 diaconos,
2527 3454 2581 3501 et
2614 3448 2891 3502 Blandum
2922 3447 3340 3517 presbyterum.

2008 3540 2243 3594 Summa
2267 3539 2500 3610 quidem
2548 3538 2809 3592 habenda
2863 3537 3020 3590 vobis
3082 3541 3168 3590 est
3223 3538 3428 3607 gratia,
3477 3541 3627 3610 quod

1938 3631 2181 3684 alacrem
2214 3644 2448 3698 operam
2487 3643 2606 3681 non
2654 3625 2922 3680 dubitatis
2972 3625 3305 3695 impendere
3356 3628 3426 3683 ad
3469 3631 3629 3683 colli-

1939 3717 2154 3786 gendas
2196 3717 2644 3786 adunandasque
2704 3714 3058 3769 venerabiles
3106 3717 3386 3784 ecclesias,
3431 3735 3627 3772 verum

1938 3802 1996 3857 in
2020 3822 2083 3858 ea
2115 3808 2387 3876 praelucet
2421 3806 2664 3859 maxime
2689 3805 2939 3875 perfecta
2972 3805 3224 3872 solertia,
3249 3807 3403 3876 quod
3445 3806 3628 3861 homi-

1939 3909 2037 3945 nes
2085 3894 2368 3964 adaptatis
2422 3895 2522 3964 qui
2575 3897 2704 3948 voto
2763 3894 3040 3947 benevolo
3075 3897 3185 3947 tuae
3232 3896 3628 3951 sanctitudinis

1939 3982 2158 4036 sincero
2183 3987 2236 4036 et
2265 3983 2488 4052 integro
2519 3983 2737 4054 possint
2758 3983 2951 4036 animo
2977 3983 3278 4038 deservire.
3314 3987 3628 4041 Germanus

1941 4072 2226 4142 siquidem
2258 4072 2769 4125 reverendissimus
2802 4071 3121 4141 episcopus,
3159 4088 3261 4124 nec
3287 4089 3403 4126 non
3455 4076 3624 4143 Felix,

1942 4165 1996 4215 et
2018 4161 2332 4227 Dioscorus,
2356 4166 2408 4215 et
2429 4161 2674 4215 Blandus
2688 4160 2792 4213 viri
2817 4159 3233 4229 religiosissimi
3259 4165 3415 4215 tanta
3448 4169 3630 4218 semet

1941 4251 2314 4321 praebuerunt
2343 4255 2591 4304 attentos
2623 4249 2925 4316 industria,
2959 4266 3023 4303 ac
3050 4248 3108 4302 in
3150 4253 3308 4303 tanta
3348 4252 3630 4322 sapientia

1941 4341 2148 4394 versati
2181 4344 2329 4408 sunt,
2369 4344 2428 4393 ut
2453 4343 2734 4410 quantum
2763 4341 2833 4393 ad
2855 4339 3105 4393 ofﬁcium
3138 4355 3336 4394 eorum
3358 4343 3623 4411 pertinet,

1939 4430 2238 4484 transactis
2291 4431 2349 4484 in
2395 4430 2635 4500 plenum
2685 4434 2739 4482 et
2799 4429 3101 4482 elaboratis
3163 4430 3451 4497 omnibus,
3488 4434 3626 4488 nihil

1938 4519 2319 4575 altercationis
2350 4523 2668 4590 superesset
2689 4519 3252 4584 ulterius;sed,cum
3316 4536 3381 4574 ea
3425 4523 3627 4577 condi-

1937 4609 2089 4663 tione
2123 4610 2193 4663 sit
2216 4609 2472 4663 mortalis
2500 4608 2798 4677 fragilitas,
2835 4611 2897 4660 ut
2932 4606 3222 4660 remissius
3244 4609 3391 4664 circa
3431 4628 3490 4666 se
3538 4615 3630 4685 agi

1939 4699 2243 4765 desideret,
2271 4703 2326 4752 et
2355 4697 2900 4767 interrogationibus
2931 4696 3048 4752 suis
3091 4697 3328 4766 planum
3382 4703 3628 4770 prmberi

1939 4804 2297 4858 responsum,
2331 4787 2577 4840 maxime
2601 4803 2730 4840 cum
2774 4786 2965 4856 aliqua
3030 4802 3198 4839 causa
3228 4787 3288 4842 in
3346 4789 3629 4848 immensa

1939 4878 2240 4932 hominum
2272 4877 2446 4930 fuerit
2476 4875 2842 4929 multitudine
2873 4876 3160 4943 devoluta,
3201 4877 3414 4933 factum
3454 4887 3536 4936 est
3569 4890 3630 4938 ut

1937 4968 1998 5022 in
2029 4967 2132 5021 hac
2157 4967 2391 5036 quidem
2415 4965 2975 5018 urbetlorentissima
2993 4964 3274 5036 quidquid
3297 4970 3627 5027 ordinatum

1939 5057 2130 5111 estde
2177 5072 2345 5108 causa
2401 5054 2715 5123 religionis,
2779 5055 2961 5125 deque
3013 5056 3232 5110 unitate
3289 5060 3629 5116 celebranda

1938 5163 2065 5200 cum
2101 5144 2408 5216 apostolica
2440 5145 2568 5198 sede
2594 5143 2698 5196 sub
2733 5143 3087 5214 temporibus
3118 5145 3354 5198 Joannis
3399 5145 3628 5213 religio-

1940 5235 2176 5288 sissima:
2224 5233 2538 5299 memoriae,
2601 5248 2732 5286 cum
2788 5232 2847 5286 in
2887 5234 3201 5288 sacerdotio
3260 5234 3435 5303 regize
3479 5239 3627 5288 esset

1937 5325 2107 5394 hujus
2133 5324 2305 5390 urbis,
2348 5323 2404 5377 id
2432 5323 2651 5377 favente
2686 5325 2795 5377 Deo
2825 5328 3080 5378 servetur
3116 5323 3450 5391 immobile;
3487 5325 3629 5394 quin

1936 5419 1992 5470 et
2032 5414 2089 5467 in
2121 5414 2243 5467 aliis
2283 5413 2673 5484 compluribus
2701 5412 3023 5468 civitatibus
3052 5412 3294 5484 probata
3325 5412 3398 5467 sit
3435 5419 3625 5469 vestra

2008 5558 2079 5628 (α)
2113 5558 2206 5622 Al,
2235 5557 2671 5614 Philomelensis
