4038 6170
367 213 470 265 487
1818 209 2082 264 HOItMISi

2230 210 2427 262 ΡΑΡΑΞ
3752 210 3842 264 488

373 347 654 402 ordinatio
679 351 846 417 atque
905 352 1182 414 suscepta.
1240 347 1456 399 Caertera
1501 360 1632 396 vero
1685 345 2055 398 clementiore
2095 348 2139 397 A
2173 345 2390 398 unitate
2422 348 2649 413 recepta
2675 342 2971 412 jungatur.
3002 343 3335 410 Specialiter
3365 348 3558 399 autem
3599 347 3845 417 depreca-

369 436 620 507 quodam
651 436 949 506 indigeant
982 434 1371 488 moderamine
1405 433 1465 486 in
1497 432 1828 486 nominibus
1851 434 2066 488 antisti-
2177 451 2306 488 mur
2342 433 2700 504 pontiﬁcium
2727 437 2976 487 vestrum
3011 438 3189 503 utpro
3222 434 3382 488 nobis
3412 435 3662 506 benigno
3690 439 3846 509 patris

369 530 509 592 tum,
555 542 668 579 non
711 541 911 578 eorum
960 524 1059 593 qui
1113 523 1438 592 specialiter
1506 523 1790 576 numerati
1847 527 1978 575 sunt
2006 521 2066 575 in
2177 524 2370 578 animo
2403 523 2857 594 orarejubeatis.

366 616 608 686 epistola
639 630 811 684 quam
845 612 1162 666 sanctitudo
1179 616 1277 664 tua
1311 610 1478 664 nobis
1510 611 1823 664 destinasse
1879 611 2065 664 nosci-
2863 611 3194 667 EPISTULA

366 710 478 769 tur,
511 704 609 757 sed
641 704 883 756 aliorum
906 717 1152 772 quorum
1195 701 1534 753 memoriam
1563 701 1828 754 maximae
1862 700 2064 754 civita-
2585 716 2878 756 JULIANB
2930 717 3004 755 AD
3052 715 3454 756 IIORMISDAM.

364 799 450 847 tes
477 792 742 862 diligunt,
761 793 819 844 in
847 792 1054 861 quibus
1085 790 1345 843 ﬂoruisse
1369 795 1680 843 noscuntur
1707 790 2062 858 superstites.
2734 789 3063 859 Ponti/tecm
3087 790 3328 845 salutat.

368 882 728 950 Quapropter
761 880 961 949 legatis
1016 879 1248 949 quidem
1278 883 1392 932 tuas
1450 879 1850 932 sanctitudinis
1907 879 2067 932 nulla

2252 897 2496 952 Domino
2517 897 2843 951 beatissimo
2898 902 3067 968 atque
3099 896 3421 967 apostolica:
3475 896 3621 949 sedis
3675 898 3851 967 proba-

366 971 475 1025 Ϊυίί
515 969 741 1023 licentia
774 968 1023 1022 "laudati
1069 974 1330 1022 tenorem
1363 967 1728 1037 ’θετεεάίρηάί,
1774 984 1904 1021 cum
1949 984 2063 1038 (ἶΠο
2177 987 2398 1040 tissimo
2429 986 2686 1057 pontiﬁci
2730 967 3043 1040 Ilormisdee
3070 1002 3235 1056 papae
3267 984 3414 1055 patri
3465 983 3687 1038 Iuliana
3741 988 3853 1040 Ani-

368 1059 562 1114 directi
603 1063 750 1112 sunt.
786 1058 982 1113 Omnis
1005 1063 1196 1111 autem
1237 1057 1366 1110 ﬁnis
1442 1058 1658 1127 negotii
1706 1062 1895 1111 vestro
1945 1057 2066 1126 jam
2181 1075 2282 1129 cia.

367 1153 594 1202 tantum
629 1149 837 1217 pendet
862 1148 1119 1213 arbitrio,
1153 1151 1216 1199 ut
1255 1148 1408 1200 solus
1466 1163 1667 1217 pacem
1724 1147 2066 1200 concludere
2251 1165 2386 1228 Quae
2409 1163 2593 1234 prima
2623 1168 2756 1217 sunt
2791 1169 2903 1216 tuae
2948 1161 3320 1216 beatitudinis
3377 1163 3715 1215 salutatione
3768 1164 3852 1217 οδ,

370 1238 575 1292 debeat
601 1235 694 1308 qui
731 1236 915 1307 prima
947 1237 1026 1288 rei
1046 1235 1360 1289 commovit
1390 1235 1623 1288 exordia
1652 1251 1664 1288 :
1700 1235 1794 1288 sed
1824 1251 1890 1287 ea
1939 1235 2066 1304 qui-

2209 1254 2378 1324 equia
2401 1253 2796 1322 persolvimus,
2831 1256 3096 1322 optantes
3146 1253 3212 1304 ut
3268 1251 3415 1304 hanc
3466 1252 3727 1321 paginam
3759 1253 3852 1305 tuis

371 1327 522 1392 dem,
556 1343 660 1380 nec
688 1343 803 1379 "011
827 1325 1113 1396 quamam:
1150 1325 1763 1378 commemorabuntur
1803 1324 2060 1393 apertius
2180 1342 2519 1396 venerandis
2569 1342 2868 1394 obtutibus
2929 1341 3199 1394 Divinitas
3250 1341 3417 1394 faciat
3467 1342 3759 1403 recenseri,
3808 1350 3853 1395 et

372 1432 475 1486 Per
507 1417 761 1485 legatum
785 1421 1064 1479 Ποδῖτοῐην
1100 1414 1196 1484 (ιυὶ
1230 1414 1401 1502 Ρθνυίο
1434 1417 1559 1502 Post
1579 1413 1976 1466 desunabimr-
2004 1413 2068 1465 1n
2177 1449 2280 1502 pro
2297 1449 2408 1485 suae
2445 1431 2698 1484 Ecclesia:
2732 1431 2926 1500 vigore
2975 1435 3284 1500 augmenta
3337 1430 3612 1484 salutaria
3672 1437 3851 1485 vestrae

370 1505 640 1576 praesenti
667 1521 795 1557 vero
844 1503 1216 1557 redeuntibus
1262 1501 1398 1555 viris
1433 1501 1898 1572 religiosissimis,
1950 1506 2066 1554 tam
2177 1520 2310 1573 vim
2341 1519 2646 1590 suffragari
2677 1520 2964 1589 dignetur,
2990 1523 3271 1589 quatenus
3293 1522 3346 1571 te
3380 1518 3643 1589 pervigili
3698 1520 3854 1588 possit

373 1595 778 1665 appellandam
809 1598 1052 1646 Vestram
1082 1591 1458 1700 reverentialm
1490 1591 1856 1654 Credidimus,
1893 1604 2067 1659 quam
2119 1647 2156 1700 Β
2185 1615 2383 1662 contra
2414 1609 2680 1662 adversos
2714 1613 2768 1662 et
2809 1607 3035 1662 rabidos
3063 1624 3230 1660 canes
3256 1612 3433 1661 status
3465 1607 3721 1660 Ecclesia:
3749 1607 3851 1660 vin-

741 1684 754 1700 ι
916 1688 969 1700 ,.
1153 1681 1616 1700 Αμιςᾼ-ςηηη-νμ
1655 1684 1842 1700 -,,ι,η
1878 1681 2073 1700 ηιμ---
2203 1699 2214 1700 ,
2350 1699 2356 1700 ,
2416 1699 2445 1700 ρ
2565 1699 2568 1700 ,
2933 1697 2946 1700 Α
3483 1697 3496 1700 _
3577 1697 3591 1700 _

375 1684 878 1748 commonendam,
913 1688 975 1734 ut
1005 1681 1122 1734 suis
1144 1681 1500 1734 orationibus
1522 1696 1624 1750 pro
1655 1684 1847 1732 nostro
1878 1681 2073 1730 utatur

2206 1699 2380 1752 licari.
2414 1699 2658 1763 Etenim,
2720 1697 3062 1751 venerabilis
3102 1701 3282 1767 pater,
3345 1697 3500 1768 quod
3561 1697 3629 1750 de
3674 1701 3852 1750 nostra:

374 1773 642 1842 imperio,
679 1788 896 1842 proque
929 1770 1370 1824 incolumistatu
1406 1769 1756 1839 reipublicm.
1811 1768 1951 1820 Data
1999 1783 2074 1819 vn

2206 1788 2316 1841 idei
2347 1787 2673 1856 integritate
2705 1803 2900 1840 curam
2939 1787 3109 1857 geris,
3164 1786 3387 1839 vicariis
3447 1784 3678 1856 gloriosi
3725 1786 3849 1839 Petri

375 1863 502 1916 idus
531 1862 690 1929 Julii,
725 1860 1244 1930 Constantinopoli,
1268 1859 1549 1912 Vitaliano
1581 1864 1637 1911 ct
1669 1858 1894 1912 Rustico
1937 1855 2072 1909 viris
2181 1876 2423 1948 apostoli
2456 1877 2562 1930 ista
2584 1855 2962 1942 conveniunt;
3000 1875 3088 1929 cui
3143 1875 3421 1930 Dominus
3460 1855 3853 1945 ’pasﬁendamm

374 1951 702 2005 clarissimis
731 1950 1058 2004 consulibus
1091 1950 1259 2018 (anno
1297 1948 1684 2014 Domini5l9).

2206 1965 2644 2034 iviuminjunxit
2679 1963 2954 2018 ofﬁcium.
2990 1966 3309 2034 Cognoscat
3333 1979 3472 2032 ergo
3513 1968 3604 2016 tua
3624 1977 3720 2032 pro
3766 1975 3855 2012 no—

1072 2057 1398 2111 EPISTOLA
2184 2054 2268 2108 bis
2301 2059 2494 2107 sancta
2527 2054 2868 2120 sollicitudo,
2890 2070 2995 2107 nos
3024 2053 3248 2106 ﬁrmius
3281 2057 3479 2106 tenere
3545 2056 3703 2105 recta:
3744 2047 3855 2102 ﬁdei

593 2160 942 2201 EUPHEMIE
984 2160 1288 2200 accusra
1333 2161 1408 2198 AD
1449 2158 1858 2199 nonnusosu.
2184 2143 2518 2197 ﬁrmitatem
2548 2143 2940 2196 immobilem:
2989 2159 3093 2212 pro
3145 2158 3259 2212 qua
3290 2158 3358 2195 ne
3400 2142 3525 2211 ejus
3574 2140 3851 2193 violaretur

384 2234 747 2292 Sanctissimi
777 2233 1072 2306 pontiﬁcis
1125 2233 1473 2306 orationibus
1521 2250 1584 2286 se
1621 2235 1676 2286 et
1696 2231 1884 2286 virum
1912 2246 2077 2285 suum
2187 2233 2568 2286 sanctimonia
2589 2233 2866 2286 hactenus
2901 2222 3366 2302 repugnavimus.
3393 2231 3559 2296 Quod
3581 2246 3705 2283 vero
3746 2234 3854 2281 tuus

1041 2305 1422 2358 commendat.

2206 2322 2544 2392 ipostolatus
2601 2338 2706 2392 pro
2766 2327 2939 2375 tanta:
3003 2321 3230 2392 pietatis
3275 2338 3446 2374 causa
3485 2335 3675 2373 curam
3728 2317 3850 2370 ferre

454 2395 770 2466 Euphemia
791 2397 1048 2463 Augusta
1078 2395 1391 2447 Hormisdae
1427 2409 1610 2462 papae.

2206 2412 2481 2480 ircecepit,
2515 2412 2570 2464 in
2604 2417 2884 2482 quantum
2936 2413 3230 2480 potuimus
3287 2427 3389 2481 pro
3441 2409 3646 2463 nostris
3669 2405 3851 2460 viribus

457 2483 832 2538 Βθδίίίυάίηίδ
853 2488 1054 2536 “sum
1092 2481 1311 2536 litteras
1337 2487 1500 2551 grato
1525 2481 1899 2571 “mundoque
1950 2496 2078 2571 Ψε-
2188 2516 2306 2554 non
2333 2481 2640 2555 desivimus
2687 2501 2885 2571 spiritu
2939 2501 3184 2554 lenitatis
3230 2501 3499 2553 adversos
3552 2499 3848 2557 admonere,

386 2574 644 2642 cepimus
677 2571 874 2626 animo
901 2588 914 2624 :
950 2587 1122 2640 quem
1146 2572 1356 2624 etenim
1391 2587 1506 2623 non
1537 2569 1722 2622 solum
1753 2569 2079 2638 apostolicae
2188 2595 2243 2643 et
2274 2589 2373 2644 Dei
2406 2589 2572 2644 nobis
2603 2569 2787 2660 Βηλίίᾶ
2817 2593 3270 2658 cooperante...”
3308 2589 3468 2644 de“!
3499 2586 3778 2656 rell-quum.

381 2658 526 2715 sedis
556 2661 861 2715 auctoritas
883 2661 1151 2722 celebrat,
1201 2660 1297 2712 sed
1352 2659 1480 2711 vitae
1526 2675 1756 2729 quoque
1791 2673 2080 2710 commen-

381 2752 477 2806 dat
507 2751 828 2820 integritas,
858 2755 912 2803 et
938 2749 1189 2803 studiosa
1225 2754 1389 2802 rectae
1422 2748 1556 2802 ﬁdei
1588 2748 1836 2813 solertia,
1908 2748 2081 2816 hujus

380 2841 549 2894 verba
571 2840 696 2910 quis
717 2855 835 2892 non
866 2837 1260 2892 libentissimis
1282 2837 1553 2906 suscipiet
1583 2836 1866 2890 auribus?
1897 2837 2080 2904 Igitur

381 2929 670 3000 poscimus
703 2945 765 2981 ac
786 2943 1010 2980 monem
1022 2944 1083 2978 us
1103 2932 1165 2979 ut
1187 2926 1542 2979 orationibus
1554 2925 1755 2978 vestris
1779 2941 2076 2994 nunquam
2120 2949 2159 3004 ρ

382 3019 614 3072 excedat
646 3033 856 3070 nomen
888 3033 1101 3080 meum,
1130 3032 1193 3068 ac
1224 3015 1510 3085 praecipue
1544 3012 1896 3068 serenissimi
1942 3030 2074 3066 con-

375 3107 533 3177 jugis
566 3106 762 3172 nostri,
797 3106 895 3159 sed
921 3111 1036 3159 tam
1078 3105 1306 3174 utrique
1341 3111 1690 3170 nostrorum,
1753 3119 1926 3173 quam
1965 3102 2078 3155 rei-

382 3196 627 3266 publicae
649 3211 961 3265 supernum
1008 3193 1273 3263 precibus
1331 3193 1528 3246 vestris
1577 3194 1834 3262 placetur
1886 3192 2079 3260 praesi-

389 3286 568 3340 dium.

2741 2695 3070 2749 EPISTOLA
3113 2695 3339 2748 LXVIII.

2722 2801 2801 2838 AD
2848 2799 3124 2839 LEGATOS
3169 2798 3345 2838 SUOS.

2262 2875 2341 2928 De
2379 2887 2576 2928 eorum
2595 2871 2786 2927 salute
2814 2877 2866 2926 et
2906 2871 3074 2927 rebus
3100 2871 3277 2944 gestis
3308 2870 3521 2925 certior
3543 2866 3670 2940 ﬁeri
3695 2864 3845 2936 cupit.

2261 2980 2561 3035 Hormisda
2592 2979 2793 3050 legatis
2816 2980 2951 3032 suis.

2261 3071 2461 3123 ltanos
2512 3069 2920 3122 incolumitatis
2973 3074 3030 3122 et
3088 3072 3319 3122 actuum
3369 3072 3682 3120 vestrorum
3736 3075 3845 3113 cura

2190 3159 2480 3226 sollicitat,
2514 3163 2576 3212 ut
2607 3158 2864 3229 quamvis
2901 3157 3295 3228 frequentibus
3337 3154 3719 3210 occasionibus
3755 3165 3844 3203 non

2187 3249 2697 3320 praetermittamus
2727 3247 2969 3312 hortari,
3009 3247 3278 3300 certiores
3334 3263 3440 3298 nos
3493 3246 3561 3299 de
3618 3244 3699 3296 liis
3741 3254 3842 3308 qua:

1071 3370 1407 3424 EPISTULA
1853 3404 1869 3418 .
2189 3338 2338 3390 circa
2369 3353 2467 3389 vos
2506 3341 2756 3406 aguntur
2786 3336 2912 3389 ﬁeri
2939 3336 3139 3389 litteris
3168 3335 3484 3388 destinatis.
3514 3335 3651 3388 Nam
3669 3335 3718 3384 et
3739 3341 3844 3422 cuin

806 3421 1210 3512 cunmsﬁknv
1237 3421 1654 3511 *ΑΟῙᾹΠΘΒΑΜ-
2189 3442 2292 3496 per
2318 3424 2610 3478 hominem
2643 3423 2881 3477 illustris
2930 3424 3037 3476 viri
3078 3428 3250 3493 atque
3302 3421 3596 3491 magniﬁci
3649 3421 3842 3510 patricii

384 3543 2078 3621 Ιλεθαίοηιγηρρεφξᾳϐοῃςςζαηίξηορριίοτηῖιρεραοκβεευίυργθ,
2191 3515 2295 3568 ﬁlii
2328 3514 2507 3621 monstri
2534 3513 2762 3621 Agapiti
2795 3513 3098 3568 desideriis
3121 3513 3318 3621 vestris
3340 3527 3621 3621 cLongru‘os
3655 3518 3844 3621 mntis:-

455 3590 605 3690 δηθά
634 3622 688 3672 et
720 3590 800 3672 iri,
809 3617 950 3672 aliis
978 3590 1310 3672 civitatitmsf
1327 3616 1474 3670 brevi
1502 3590 1772 3677 futu‘rum/
1789 3622 2006 3688 sperat.
2067 3590 2078 3611 ’

2206 3620 2318 3658 nus
2350 3604 2569 3669 allatus,
2600 3607 2655 3656 et
2684 3619 2834 3656 nunc
2869 3619 3097 3673 quoque
3125 3602 3428 3656 anxietatis
3451 3606 3646 3654 vestrae
3699 3590 3845 3647 credi-

2190 3692 2378 3746 dimus
2407 3692 2694 3757 solatium,
2732 3691 2778 3744 si
2808 3692 2876 3745 ad
2911 3707 3006 3745 vos
3037 3691 3343 3760 praesentia
3389 3690 3597 3760 scripta
3625 3685 3844 3738 mittere-

2193 3797 2320 3834 mus
2356 3797 2368 3833 :
2401 3785 2625 3833 tantum
2649 3785 2730 3833 est
2755 3785 2814 3834 ut
2845 3780 2913 3833 de
2937 3780 3156 3833 actibus
3180 3785 3350 3850 atque
3384 3778 3648 3848 sospitate
3671 3774 3843 3829 vestra,

2191 3885 2295 3924 nec
2311 3885 2426 3922 non
2452 3874 2508 3923 et
2539 3869 2606 3922 de
2631 3884 2789 3922 mora
2820 3885 2921 3938 per
2951 3885 3122 3940 quam
3161 3885 3259 3922 vos
3290 3868 3536 3922 detineri
3570 3860 3844 3935 plurimum

2193 3958 2476 4022 dolemus,
2510 3957 2772 4011 relevetis
2795 3974 2897 4010 nos
2929 3957 3314 4027 alloquiissub
3347 3956 3639 4010 occasione
3668 3949 3842 4003 idonea

2192 4045 2503 4117 portitoris.
2531 4047 2671 4099 Data
2712 4061 2762 4099 IV
2815 4045 2945 4099 idus
2987 4046 3182 4112 Julias,
3245 4043 3471 4098 Rustico
3519 4042 3636 4097 viro
3681 4031 3842 4089 claris-

2194 4136 2338 4190 simo
2368 4135 2596 4189 consule
2620 4133 2792 4205 (anno
2826 4133 3053 4188 Domini
3086 4133 3226 4203 520).

462 3727 704 3780 Domino
733 3724 1064 3778 beatissimo
1097 3728 1154 3776 et
1197 3723 1504 3794 apostolico
1559 3723 1708 3793 patri
1760 3723 2080 3778 Hormisdie

389 3815 552 3870 Celer
591 3815 676 3867 vir
706 3813 959 3867 illustris.

459 3903 702 3957 Maxima
732 3902 898 3955 nobis
932 3901 1327 3971 gratulationis
1357 3917 1525 3954 causa
1575 3905 1901 3971 praestatur,
1949 3917 2085 3971 quo-

390 3993 538 4047 tiens
569 3993 638 4046 ad
665 3991 1047 4061 apostolatum
1072 3996 1320 4045 vestrum
1343 3991 1626 4044 scribendi
1643 3997 1867 4060 tempus
1898 4006 2080 4044 emer-

389 4084 543 4137 serit.
580 4083 738 4136 Nunc
777 4081 954 4152 igitur
983 4085 1274 4134 remeante
1299 4081 1625 4135 beatissimo
1653 4081 1934 4134 Germano
1971 4080 2086 4150 epi-

390 4189 586 4242 scopo,
617 4171 704 4224 vel
728 4171 1216 4224 reverendissimis
1249 4170 1400 4236 viris,
1438 4170 1536 4240 qui
1585 4186 1617 4222 a
1647 4169 1802 4223 vobis
1827 4186 1933 4238 pro
1948 4185 2079 4222 con-

383 4240 697 4331 jungendis
729 4262 936 4314 sanctis
968 4259 1226 4313 Ecclesiis
1258 4259 1490 4313 fuerunt
1549 4258 1840 4324 destinati,
1895 4274 2083 4311 neces-
2121 4253 2163 4306 D
2776 4241 3108 4297 EPISTOLA
3147 4240 3317 4294 LXIX.

385 4351 604 4404 sarium
636 4349 905 4404 duximus
921 4347 1281 4401 sanctitatem
1313 4353 1557 4400 vestram
1579 4346 1782 4400 debere
1797 4347 2077 4411 venerari,
2847 4349 2877 4384 Α
2893 4346 2924 4384 D
2970 4344 3078 4384 EOS
3094 4345 3241 4384 DEM-

389 4439 707 4492 indicantes
768 4437 1086 4490 antedictos
1140 4435 1403 4489 habuisse
1436 4435 1669 4505 quidem
1710 4435 1961 4489 studium
2021 4404 2082 4489 ut

2262 4421 2410 4474 Cum
2430 4435 2622 4474 eorum
2645 4419 2874 4474 litteras
2884 4435 2995 4474 non
3008 4417 3310 4489 acceperit,
3329 4419 3517 4472 monet
3533 4418 3591 4470 ut
3600 4404 3842 4468 scribant-

388 4529 743 4582 voluntatem
773 4532 1016 4579 vestram
1045 4525 1248 4594 plenus
1275 4528 1614 4593 sequeretur
1647 4523 1878 4576 eﬁ‘ectus
1907 4541 1918 4590 ;
1983 4525 2078 4578 sed
2266 4527 2568 4582 Hormisda
2599 4527 2880 4580 Germano
2929 4525 3213 4596 episcopo,
3287 4523 3457 4578 Felici
3514 4528 3567 4576 et
3620 4517 3846 4574 Dioscoro

390 4617 525 4686 quia
549 4622 736 4669 totum
750 4631 954 4684 corpus
978 4620 1098 4668 erat
1117 4615 1436 4683 inﬁrmum,
1457 4612 1693 4666 interim
1714 4619 1907 4682 caput,
1927 4613 2084 4683 quod
2189 4616 2464 4682 diaconis,
2497 4619 2554 4669 et
2581 4616 2790 4669 Blando
2816 4615 3168 4686 presbytero.

389 4705 550 4776 prius
586 4705 968 4758 necessarium
1022 4703 1326 4774 judicatur,
1391 4702 1648 4757 adhibito
1705 4702 2083 4756 medicamine
2261 4706 2498 4760 Animos
2529 4710 2750 4758 nostros
2783 4709 2898 4758 tam
2926 4704 3268 4759 diuturnum
3301 4700 3622 4756 dilectionis
3676 4692 3846 4745 vestrae

389 4799 577 4846 vestro
607 4796 870 4845 sanatum
903 4797 1004 4859 est,
1038 4797 1094 4845 et
1140 4792 1418 4846 dissensio
1460 4808 1586 4862 quae
1619 4797 1740 4845 erat
1793 4791 1947 4844 inter
1989 4807 2084 4844 ve-
2194 4795 2510 4860 silentium,
2553 4798 2617 4847 ut
2645 4798 3277 4864 tantorumtemporum
3295 4775 3844 4845 contristatabsentia,

391 4881 678 4935 nerabiles
714 4880 983 4933 Ecclesias
1049 4881 1367 4935 Romanam
1399 4886 1454 4934 et
1504 4879 2083 4950 Constantinopolita—
2192 4883 2486 4954 praecipue
2517 4899 2647 4936 cum
2676 4883 2763 4936 vir
2784 4883 3148 4954 j_magniﬁcus
3192 4881 3466 4952 patricius
3496 4868 3845 4956 Symmachus?

394 4986 527 5023 nam
582 4970 798 5022 unitate
858 4969 1275 5024 interveniente
1320 4971 1543 5040 sepulta
1589 4975 1692 5036 est,
1740 4974 1795 5022 et
1835 4969 1947 5022 alia
1968 4984 2084 5022 non
2193 4979 2252 5028 et
2281 4972 2366 5025 vir
2394 4973 2630 5026 illustris
2663 4973 2951 5026 Romanus
2982 4971 3254 5041 magister
3273 4969 3522 5023 militum
3580 4962 3676 5021 ﬁlii
3695 4959 3846 5013 nostri

391 5074 563 5129 parva
593 5057 851 5112 membra
880 5058 1083 5111 similis
1116 5058 1439 5112 Divinitatis
1485 5059 1668 5128 gratia
1730 5062 1974 5128 purgata
2007 5063 2087 5110 at-
2198 5062 2448 5116 reditum
2511 5062 2662 5132 apud
2722 5078 2826 5116 nos
2871 5061 3123 5114 caritatis
3179 5063 3381 5114 vestrm
3441 5057 3560 5111 sine
3615 5045 3848 5108 dilatione

392 5164 504 5220 que
544 5147 870 5218 conjuncta.
916 5148 1067 5200 Hanc
1108 5147 1281 5200 etiam
1323 5163 1480 5216 spem
1513 5148 1767 5216 gerimus
1807 5146 2082 5211 universi,
2197 5150 2590 5221 promiserint,
2626 5154 2681 5204 et
2704 5150 3034 5220 ignoramus
3063 5154 3252 5203 utrum
3278 5148 3395 5201 illic
3425 5153 3709 5200 causarum
3738 5144 3847 5202 qua‘

392 5237 545 5308 quod
573 5235 756 5306 gratia
789 5235 909 5302 Dei,
945 5251 1074 5306 qua:
1103 5249 1329 5303 semper
1351 5235 1472 5287 sedi
1520 5239 1723 5289 vestrae
1772 5235 2087 5305 permansit
2197 5239 2347 5303 litas,
2390 5255 2462 5293 an
2489 5244 2637 5293 certe
2670 5239 2824 5293 fraus
2855 5240 3047 5310 aliqua
3075 5238 3340 5292 simulata
3392 5237 3498 5290 sub
3552 5223 3846 5288 necessitate

391 5331 449 5379 et
471 5329 789 5395 permanet,
821 5323 1153 5393 hujusmodi
1198 5322 1356 5376 vobis
1386 5321 1822 5392 inspirationem
1870 5323 2088 5377 bonita-
2198 5327 2634 5399 detineat;quia
2686 5328 2848 5382 nobis
2893 5327 3336 5382 sollicitudinem
3399 5325 3520 5378 sine
3576 5310 3845 5376 cessatione

392 5414 464 5467 tis
493 5414 766 5483 praebeat,
791 5418 847 5467 et
875 5410 1315 5465 mansuetudine
1347 5415 1401 5464 et
1431 5411 1854 5481 dispensatione
1901 5419 2088 5466 vestra
2197 5417 2547 5488 gerentibus,
2577 5422 2812 5488 et'pene
2843 5417 3139 5471 universos
3188 5413 3454 5468 homines
3485 5412 3699 5466 illarum
3746 5405 3847 5468 ΡΠ·

391 5503 679 5573 reliquum
707 5502 893 5555 adhuc
923 5517 1149 5571 corpus,
1183 5500 1338 5570 quod
1370 5499 1614 5554 habetur
1646 5502 1940 5557 inﬁrmum
1963 5503 2088 5572 (sic-
2195 5487 2342 5560 tium
2368 5487 2889 5576 percunctantibus,
2927 5505 3150 5561 diversa
3179 5509 3237 5558 et
3266 5501 3566 5558 dissimilia
3614 5487 3843 5576 nuntiau-

394 5595 458 5645 ut
514 5590 853 5662 superius_,a
903 5590 1067 5643 nobis
1121 5589 1382 5658 dictum),
1459 5594 1643 5644 vestro
1710 5593 2087 5648 medicamine
2198 5575 2412 5649 turzet
2452 5595 2601 5661 ideo,
2663 5595 2937 5664 quoniam
2984 5611 3083 5649 vos
3138 5609 3336 5648 causas
3385 5595 3557 5646 tanta:
3604 5575 3844 5641 ωτᾱίιεω
