4038 6170
170 228 261 282 iss
1454 221 1803 278 EPISTOL/E
1841 222 1932 279 ET
1971 182 2311 277 DECRETA.

3538 226 3643 278 490

165 358 352 415 melius
380 353 803 427 deprehendere
850 356 905 407 et
925 353 1246 424 intelligere
1278 355 1513 426 potestis
1555 360 1725 427 atque
1739 372 1830 411 co-
1866 356 1913 410 Α
1946 355 2073 410 aliis
2096 356 2177 427 (ut
2208 373 2266 410 se
2296 354 2514 410 habent
2543 356 2798 410 humana
2842 355 3048 425 studia)
3083 354 3143 409 in
3176 354 3530 409 contrarium
3556 370 3643 410 re-

163 463 430 520 gnoscere,
487 444 809 514 signiﬁcare
861 443 1023 497 nobis
1081 444 1209 510 ista,
1269 445 1336 499 de
1386 446 1592 516 quibus
1641 451 1835 500 noster

164 538 421 591 cruciatur
451 535 692 601 animus,
735 533 1049 599 debuistis;
1095 534 1181 587 vel
1210 533 1251 586 si
1286 538 1369 587 est
1407 551 1578 589 causa
1608 536 1831 589 dilatio-

166 626 235 679 nis
264 624 480 689 idonea,
522 622 668 676 sicut
698 620 1073 675 constitutum
1108 626 1208 689 est,
1243 622 1493 693 aliquem
1525 624 1593 677 de
1624 623 1832 678 vestris

165 713 220 765 ad
259 706 352 765 nos
409 714 741 781 Oportuerat
786 710 1083 777 destinari,
1141 711 1289 765 unde
1323 728 1390 765 ne
1445 712 1681 765 forsitan
1726 727 1830 782 per

164 800 429 863 versutias,
462 804 556 852 aut
583 800 837 869 aliquam
895 800 1394 854 concinnationem
1424 802 1583 855 vobis
1629 801 1828 855 dilatio

164 895 209 943 et
231 889 626 958 impedimenta
656 894 1026 957 generentur,
1061 889 1168 942 sub
1188 890 1478 943 celeritate
1506 890 1672 943 nobis
1695 889 1833 943 scri-

164 978 281 1039 bite,
320 982 378 1029 ut
410 976 516 1030 sub
548 976 876 1029 rationabili
909 978 1279 1031 ordinatione
1321 994 1423 1048 pro
1450 983 1635 1033 vestra
1664 994 1827 1048 repe-

166 1066 335 1120 titione
363 1066 432 1119 ad
460 1065 646 1119 lilium
676 1071 940 1119 nostrum
978 1067 1495 1121 clementissimum
1518 1068 1828 1138 imperato-

167 1172 264 1209 rem
293 1154 621 1223 dirigamus.
676 1155 821 1224 Ergo
867 1159 983 1207 tam
1028 1155 1176 1208 circa
1214 1172 1489 1225 personas
1543 1172 1715 1226 quam
1760 1156 1829 1211 de

164 1260 305 1297 causa
340 1243 495 1308 tidei,
532 1260 634 1313 pro
654 1259 769 1313 qua
809 1243 906 1297 diu
944 1245 1273 1312 moramini,
1310 1245 1444 1316 quid
1479 1249 1710 1316 geratur
1739 1246 1827 1299 in-

166 1334 359 1397 struite,
403 1339 577 1403 atque
626 1333 957 1403 plenissime
1003 1334 1169 1388 nobis
1209 1335 1474 1388 universa
1515 1335 1832 1403 rescribite,

167 1427 214 1475 ut
245 1422 505 1475 omnibus
546 1422 810 1492 cognitis,
844 1424 959 1476 Deo
1000 1428 1193 1476 nostro
1229 1424 1480 1490 favente,
1524 1428 1833 1479 tractemus

162 1510 624 1581 quemadmodum
671 1512 929 1581 personis
963 1512 1160 1565 vestris
1194 1520 1248 1567 et
1283 1529 1465 1566 causae
1507 1512 1685 1584 ipsius
1727 1530 1832 1567 cu-

159 1600 234 1668 jus
278 1616 359 1652 res
405 1598 601 1669 agitur
639 1600 819 1669 possit
865 1600 1260 1654 misericordia
1310 1602 1633 1656 subvenire.
1694 1604 1831 1655 Data

162 1688 319 1741 idibus
356 1688 515 1753 Julii,
561 1689 792 1742 Rustico
848 1690 969 1743 viro
1010 1689 1327 1744 clarissimo
1383 1692 1614 1745 consule
1657 1692 1829 1759 (anno

162 1778 357 1830 Domini
401 1777 549 1846 520).

832 1867 1129 1922 RELATIO

162 1970 466 2008 l’OSSESSOBlS
488 1968 738 2009 EPISCOPI
770 1970 892 2009 AFRI
916 1971 1015 2010 PER
1054 1972 1317 2011 JUSTINUM
1356 1973 1649 2012 DIACNOUM
1684 1974 1824 2012 EJUS.

245 2042 484 2098 Consulit
513 2044 851 2114 pontiﬁcem
888 2045 958 2099 de
1007 2046 1211 2099 Fausti
1241 2049 1493 2118 episcOpi'
1540 2046 1704 2102 libro.

214 2131 437 2184 Domino
484 2131 824 2185 beatissimo
865 2138 922 2185 et
967 2133 1336 2187 ineffabiliter
1372 2135 1643 2201 mirabili,
1686 2140 1742 2189 et
1770 2134 1829 2189 in

164 2219 336 2273 Christi
363 2220 553 2289 gratia
592 2220 949 2290 praeferendo
980 2238 1141 2293 papa:
1187 2224 1505 2278 llormisdai
1540 2227 1831 2279 Possessor

161 2308 424 2377 episcopus
456 2307 518 2361 in
544 2308 785 2361 Domino
816 2313 1093 2362 aeternam
1125 2311 1393 2363 salutem.

216 2397 363 2450 Decet
404 2402 459 2450 et
486 2398 733 2467 1expedit
759 2398 828 2451 ad
855 2398 1057 2468 capitis
1105 2416 1399 2453 recurrere
1428 2400 1815 2454 medicamen-

163 2488 275 2550 tum,
323 2486 546 2555 quoties
609 2485 798 2554 agitur
842 2486 909 2539 de
954 2486 1195 2540 sanitate
1245 2488 1657 2542 membrorum.
1722 2489 1829 2552 Qui

161 2575 287 2628 enim
324 2576 605 2644 majorem
651 2575 801 2628 circa
848 2575 1130 2645 subjectos
1164 2576 1611 2631 sollicitudinem
1658 2578 1823 2647 gerit,

161 2672 237 2716 aut
264 2682 292 2716 a
333 2680 441 2734 quo
471 2664 666 2734 magis
710 2669 795 2717 est
825 2650 1077 2717 nutanti.c
1124 2664 1260 2717 fidei
1306 2666 1580 2719 stabilitas
1626 2683 1828 2736 exspe-

161 2754 345 2819 ctanda,
375 2769 557 2823 quam
590 2754 660 2806 ab
692 2753 815 2821 ejus
854 2753 1003 2806 sedis
1037 2754 1300 2823 praiside,
1344 2756 1505 2825 cujus
1546 2758 1767 2825 primus
1797 2771 1828 2809 a

161 2842 343 2895 Christo
380 2847 578 2895 rector
628 2841 843 2893 audivit
877 2857 889 2893 ε
926 2841 1008 2894 Tu
1040 2858 1101 2894 es
1138 2845 1358 2909 Petrus,
1390 2847 1444 2897 et
1476 2860 1649 2914 super
1682 2846 1828 2900 hanc

162 2933 347 2999 petram
363 2929 660 3000 cediﬁcabo
677 2929 1007 2984 Ecclesium
1027 2947 1215 2985 meam
1238 2932 1471 2999 (Matth.
1492 2933 1599 3001 xvi)
1618 2932 1644 2984 ?
1667 2932 1827 2985 Arbi-

164 3025 254 3072 tror
276 3024 512 3073 vestram
554 3018 973 3073 beatitudinem
1004 3036 1121 3073 non
1145 3022 1319 3074 latere
1351 3020 1583 3091 quantis
1608 3021 1665 3073 in
1689 3022 1830 3075 Con-
1868 3019 1908 3072 (Ἰ

165 3108 638 3178 stantinopolitana
673 3109 814 3163 urbe
849 3108 1095 3162 Ecclesia
1122 3110 1347 3163 laboret
1385 3110 1635 3179 insidiis,
1670 3115 1726 3163 et
1758 3111 1827 3163 ad

166 3211 346 3250 morem
370 3198 590 3252 veteris
608 3198 795 3251 morbi
826 3198 887 3251 in
909 3198 1125 3252 saniem
1158 3199 1585 3252 vulnusiterum
1611 3204 1831 3270 quierat

165 3300 447 3355 erumpere,
490 3287 652 3357 quod
692 3287 1006 3341 obductum
1058 3288 1311 3341 creditur
1349 3288 1631 3342 cicatrice.
1672 3289 1830 3343 Unde

164 3388 265 3427 cum
294 3376 684 3446 quorumdam
736 3376 979 3430 fratrum
1027 3378 1254 3430 animus
1286 3378 1353 3431 de
1400 3378 1592 3431 codice
1641 3377 1832 3431 Fausti

164 3463 413 3530 cujusdam
455 3465 719 3519 natione'
754 3465 946 3519 Galli”
988 3466 1225 3535 Reginae
1274 3466 1517 3520 civitatis
1548 3465 1828 3535 episcopi,

164 3555 239 3622 qui
264 3555 325 3608 de
353 3555 601 3610 diversis
632 3556 802 3609 rebus
833 3561 890 3609 et
918 3556 1282 3626 frequentius
1316 3556 1383 3609 de
1405 3556 1589 3626 gratia
1621 3556 1719 3609 Dei
1753 3556 1834 3611 di-

164 3648 278 3696 serte
305 3646 451 3699 visus
481 3648 576 3698 est
626 3645 940 3716 disputare,
988 3645 1048 3698 in
1095 3646 1429 3699 scandalum
1478 3650 1826 3709 moveretur,

214 3800 233 3826 ι
255 3787 487 3841 Joannes
523 3786 845 3840 Maxentius
874 3786 1179 3839 hiereticus
1220 3792 1276 3839 et
1309 3786 1559 3839 mendax
1587 3786 1832 3856 scriptor

162 3859 341 3921 primus
379 3866 463 3911 est
496 3859 607 3928 qui
644 3860 791 3910 hanc
821 3858 1120 3927 epistolam
1156 3858 1471 3910 Hormisdae
1505 3874 1625 3911 esse
1658 3874 1831 3927 nega-

163 3928 252 3992 vit;
294 3945 457 3998 quam
504 3945 638 3998 ipsa
680 3935 872 3981 tamen
938 3930 1213 3981 connexio
1268 3944 1463 3981 rerum
1513 3933 1827 3997 gestarum,

164 4002 536 4053 sententiarum
572 4004 741 4068 atque
782 4000 1085 4052 verborum
1135 3999 1478 4069 proprietas,
1514 4000 1633 4068 ipse
1667 4000 1829 4052 deni-

166 4082 250 4135 que
277 4072 442 4139 stylus
469 4071 794 4124 Hormisdae
827 4071 1127 4123 manifeste
1152 4072 1241 4139 adj
1254 4071 1500 4123 udicant.
1548 4072 1829 4123 Joannem

164 4140 465 4204 Cochlaeum,
510 4144 708 4194 virum
759 4142 913 4193 fama
956 4141 1262 4206 celebrem,
1314 4150 1371 4194 et
1425 4142 1827 4194 hmreticorum

164 4214 309 4282 nostri
337 4214 616 4282 temporis
637 4216 979 4265 acerrimum
1008 4212 1493 4282 impugnatorem,
1520 4214 1672 4265 idem
1698 4228 1829 4265 cum

165 4278 404 4336 Maxentio
450 4278 706 4337 sensisse
756 4285 1025 4351 fatemur,
1059 4278 1154 4336 sed
1180 4278 1392 4336 verrere
1439 4290 1495 4336 et
1529 4283 1667 4336 boni
1702 4284 1829 4352 opi-

1944 444 2324 510 mittentibus,
2363 460 2452 498 me
2497 444 2860 500 crediderunt
2912 446 2981 500 de
3016 446 3121 499 hoc
3150 444 3421 515 ambiguo
3448 460 3647 500 consu-

1942 534 2200 589 lendum.
2253 534 2381 588 Dixi
2451 534 2685 605 quidem
2737 550 2803 587 ea
2854 550 2983 604 qua:
3030 550 3063 587 a
3098 533 3500 587 tractatoribus
3543 549 3648 604 pro

1942 627 2110 694 captu
2158 621 2378 693 proprii
2422 622 2641 692 ingenii
2687 623 3072 693 disputantur,
3111 637 3227 675 non
3272 625 3337 675 ut
3377 622 3649 677 canonica

1940 711 2140 781 recipi,
2179 716 2276 764 aut
2327 711 2396 765 ad
2434 710 2795 781 synodalium
2846 711 3031 764 vicem
3080 725 3185 779 pro
3236 710 3363 779 lege
3394 711 3645 777 servari;

1943 801 2044 854 sed
2089 800 2299 854 habere
2349 816 2454 852 nos
2499 804 2652 853 certa
2690 798 2924 865 scilicet,
2995 814 3122 868 qua!
3169 798 3347 852 veteri
3390 798 3515 868 lege
3558 799 3648 854 vel

1942 906 2090 944 nova
2120 887 2457 958 conscripta,
2489 894 2545 941 et
2583 888 2952 958 generalibus
2984 889 3218 941 Patrum
3249 892 3382 941 sunt
3420 888 3649 942 decreta

1936 977 2169 1048 judiciis
2193 977 2260 1031 ad
2290 977 2731 1030 fundamentum
2752 976 2910 1043 fidei,
2932 992 2995 1030 ac
3026 976 3325 1047 religionis
3354 976 3642 1047 integram

1941 1067 2308 1131 ﬁrmitatem;
2360 1066 2479 1119 huic
2513 1073 2730 1133 autem,
2762 1082 2891 1137 quas
2938 1066 3223 1120 antistites
3264 1066 3474 1119 diversi
3513 1082 3645 1121 con-

1941 1157 2311 1225 scripserunt,
2347 1170 2451 1225 pro
2500 1156 2775 1226 qualitate
2826 1156 2915 1209 sui
2957 1156 3080 1209 sine
3133 1154 3473 1225 prazjudicio
3511 1154 3650 1211 ﬁdei

1940 1246 2121 1299 solere
2153 1244 2391 1298 censeri.
2417 1244 2525 1298 Sed
2559 1260 2689 1298 cum
2721 1244 2844 1298 haec
2880 1244 3187 1314 (quantum
3220 1244 3281 1298 in
3313 1260 3512 1298 eorum
3535 1244 3650 1301 fre-

1941 1332 2141 1404 quenti
2174 1332 2560 1403 postulatione
2590 1332 3007 1402 persensimus)
3038 1331 3219 1401 magis
3244 1332 3327 1385 eis
3357 1334 3647 1387 excusatio

1940 1422 2233 1475 videretur
2265 1438 2278 1473 :
2313 1421 2401 1473 vel
2440 1436 2543 1490 pro
2566 1436 2765 1474 eorum
2793 1436 2984 1490 prece,
3026 1421 3113 1474 vel
3146 1436 3249 1490 pro
3265 1420 3525 1490 obsequii
3552 1438 3647 1475 oc-

1941 1510 2167 1563 casione
2222 1509 2496 1563 reddendi
2538 1510 2884 1579 apostolatui
2928 1513 3135 1571 vestro,
3200 1524 3305 1579 per
3360 1510 3650 1564 Justinum

1946 1598 2253 1653 diaconum
2294 1614 2488 1652 meum
2530 1599 2874 1669 prmsumpsi
2923 1598 3111 1668 apices
3153 1598 3451 1668 parvitatis
3503 1614 3647 1653 meai

1942 1690 2240 1761 ingerere;
2292 1689 2500 1760 quibus
2533 1689 2933 1759 principaliter
2953 1688 3283 1742 orationum
3329 1693 3648 1743 vestrarum

1940 1780 2239 1832 munimen
2272 1792 2603 1847 exposcens,
2651 1793 2842 1846 quaeso
2881 1781 2945 1830 ut
2990 1777 3354 1829 consulentes
3403 1776 3543 1846 quid
3577 1776 3648 1831 de

1939 1868 2162 1938 praefati
2194 1866 2442 1920 auctoris
2489 1866 2653 1919 dictis
2692 1866 2977 1933 videatur,
3032 1864 3366 1919 auctoritate
3412 1870 3648 1935 aposto-

1938 1957 2063 2011 licae
2095 1956 2489 2027 responsionis
2522 1962 2842 2024 agnoscant
2875 1972 2887 2007 ί
2914 1954 3162 2007 maxime
3194 1954 3347 2024 quod
3381 1954 3483 2007 ﬁlii
3506 1970 3646 2025 quo-

1939 2063 2051 2116 que
2080 2046 2248 2099 vestri
2276 2044 2536 2113 magistri
2564 2045 2811 2097 militum
2856 2044 3169 2098 Vitalianus
3201 2048 3257 2097 et
3288 2044 3645 2098 Justinianus

1940 2133 2226 2204 praecipue
2262 2148 2433 2201 super
2463 2131 2567 2184 hac
2602 2147 2659 2185 re
2708 2131 2984 2201 rescripto
3030 2130 3401 2185 beatitudinis
3441 2136 3645 2185 vestrm

1941 2221 2205 2275 similiter
2243 2220 2544 2273 informari
2568 2219 2915 2273 desiderant.
2953 2219 3222 2274 Codicem
3242 2235 3472 2290 quoque
3517 2225 3637 2274 tra-

1938 2311 2207 2365 ctandum
2272 2310 2667 2379 (tractatuum)
2725 2309 2966 2363 antehac
3027 2310 3299 2364 direxisse
3373 2309 3637 2377 memini,

1938 2400 2329 2454 continentem
2358 2398 2508 2452 beati
2543 2399 2704 2452 Pauli
2749 2398 2989 2469 apostoli
3021 2399 3397 2468 epistolarum
3441 2400 3636 2468 expla-

1940 2490 2219 2553 nationes;
2253 2504 2355 2557 pro
2386 2503 2499 2557 quo
2532 2487 2805 2557 rescripto
2827 2488 3103 2557 gratulari
3140 2503 3252 2541 non
3288 2488 3493 2541 merui.
3534 2489 3640 2541 Un-

1940 2578 2008 2632 de
2060 2578 2233 2631 simili
2282 2592 2449 2648 prece
2492 2577 2737 2647 deposco
2789 2583 2854 2630 ut
2910 2577 3347 2647 praerogativam
3406 2577 3679 2631 benedi--

1938 2667 2143 2721 ctionis
2192 2673 2393 2719 vestrae
2445 2668 2793 2737 competenti
2843 2668 3212 2736 responsione
3262 2681 3486 2719 merear
3516 2666 3637 2720 adi-

1937 2756 2097 2825 pisci.
2167 2759 2411 2824 Accepta
2460 2770 2534 2807 xv
2578 2756 2854 2825 calendas
2900 2756 3164 2825 Augusti,
3238 2757 3470 2811 Rustico
3516 2756 3635 2810 viro

1937 2844 2251 2898 clarissimo
2269 2843 2525 2897 consule.

2502 2946 2525 2974 ε
2562 2931 2898 2987 EPlSTOLA
2929 2932 3070 2986 LXX.

2283 3056 2359 3094 AD
2405 3053 2852 3094 POSSESSOREM
2901 3053 3281 3093 EPISCOPUM.

1940 3147 2189 3218 Scythas
2221 3146 2552 3212 monachos,
2571 3160 2700 3198 suos
2720 3160 2941 3198 errores
2969 3144 3251 3199 damnare
3275 3144 3556 3214 nolentes,
3577 3148 3639 3199 ut

2010 3234 2302 3290 haereticos
2320 3235 2391 3288 ab
2413 3234 2547 3289 urbe
2564 3233 2849 3305 expulsos.
2878 3233 3082 3288 Fausti
3097 3233 3307 3289 librum
3323 3236 3639 3289 aRomana

2010 3324 2279 3380 Ecclesia
2308 3339 2421 3377 non
2455 3323 2660 3394 recipi.

2012 3413 2311 3469 Hormisda
2340 3412 2656 3466 Possessori
2682 3412 2971 3481 episcopo.

2010 3504 2164 3557 Sicut
2196 3502 2403 3555 rationi
2433 3501 2700 3571 congruit
2732 3504 2797 3553 ut.
2826 3502 3125 3554 consulant
3149 3500 3529 3571 ambigentes,
3556 3500 3637 3554 ita

1940 3610 2043 3664 par
2081 3598 2165 3645 est
2206 3590 2550 3660 respondere
2599 3591 2910 3657 consultos,
2944 3592 3080 3660 quia
3126 3590 3247 3660 ipse
3288 3591 3535 3661 impellit
3577 3592 3638 3645 in

1941 3697 2193 3737 errorem
2233 3682 2331 3749 qui
2360 3696 2476 3733 non
2509 3680 3162 3748 instruitignorantem;
3197 3696 3300 3733 nec
3320 3681 3636 3751 quidquam

1940 3788 2069 3825 rum
2120 3770 2225 3822 rite
2283 3767 2654 3837 promeritus,
2704 3768 2875 3837 quod,
2917 3768 2978 3820 in
3026 3769 3397 3839 apostolicam
3442 3771 3635 3825 sedem

1941 3841 2210 3912 injurius,
2242 3849 2298 3912 et
2329 3840 2389 3891 in
2416 3839 2777 3891 Hormisdam
2806 3840 3133 3912 Romanum
3165 3843 3499 3909 pontificem
3533 3844 3637 3896 im-

1940 3910 2393 3984 pudentissimus
2410 3912 2809 3975 calumniator,
2828 3911 3059 3984 illorum
3078 3913 3137 3964 in
3156 3914 3416 3968 eamdem
3440 3915 3635 3967 sedem

1941 3982 2212 4038 conviciis
2246 3987 2302 4035 et
2330 3982 2389 4032 in
2422 3997 2676 4034 summos
2718 3983 2980 4035 Ecclesiae.
3009 3984 3290 4036 antistites
3330 3986 3635 4038 calumniis

1941 4053 2283 4126 praeluserit.
2339 4054 2631 4126 Haeremus
2662 4068 2734 4105 en
2759 4054 3061 4105 calumniis
3098 4055 3335 4126 Joannis
3372 4056 3637 4108 Maxentii

1942 4124 2005 4179 ac
2026 4142 2097 4179 ne
2119 4138 2427 4193 evagemur
2462 4124 2653 4187 latius,
2685 4138 2858 4193 unam
2889 4139 2955 4175 ex
2990 4125 3257 4177 omnibus
3288 4126 3634 4193 seligamus:

1942 4199 2171 4251 Dixerat
2198 4192 2544 4266 Hormisdas:
2572 4192 2937 4266 Broﬁciemus
2951 4193 3104 4266 inter
3130 4192 3638 4266 adversantespro-

1937 4268 2087 4341 Prii?
2115 4266 2274 4341 ὸοηίβ
2284 4306 2296 4329 ν
2317 4264 2370 4318 εἰ
2405 4265 2706 4341 ενῖφῄνίδαε-
2731 4280 2845 4341 "0".
2860 4265 3469 4341 ,ίηυοίυαῖηαῖαζίβηίδ-
3482 4283 3494 4320 ³
3508 4264 3635 4341 quo

166 4354 301 4423 nione
329 4355 515 4423 lapsus
544 4354 679 4408 fuit.
717 4337 1051 4423 Apologiam
1076 4354 1232 4407 enim
1266 4354 1531 4408 Maxentii
1557 4354 1615 4407 in
1645 4337 1819 4423 quam
1867 4354 1911 4407 D
1937 4337 2349 4423 ἷΠῘΠξὲίίῐὲίυδ,
2401 4337 2781 4423 Πίὴίι,νθιῖίυξ
2807 4337 3171 4423 έία,ί,,ροιμίι-
3216 4337 3361 4423 ΩυῘξῘ
3404 4339 3477 4391 δά
3519 4340 3638 4423 hinc

166 4422 420 4495 inciderat,
474 4443 507 4478 a
556 4422 831 4478 catholico
900 4422 1169 4495 scriptam
1195 4442 1316 4478 esse
1364 4426 1601 4495 putavit,
1644 4422 1817 4494 quam

168 4490 427 4566 hereticus
460 4497 967 4566 pestilentissimus
987 4490 1258 4549 ediderat.
1292 4490 1487 4551 (la-ruit
1516 4496 1604 4547 vir
1632 4490 1829 4549 d—octus

170 4562 335 4619 harum
367 4562 745 4636 epistolarum
776 4568 1086 4620 Hormisdae
1120 4583 1271 4620 nunc
1318 4583 1512 4620 recens
1546 4567 1829 4621 editarum

170 4638 396 4689 subsidio.
430 4642 556 4701 Quo
587 4643 633 4690 si
675 4641 980 4692 instructus
1008 4640 1225 4699 fuisset,
1260 4639 1522 4691 fraudem
1549 4644 1605 4691 et
1633 4639 1830 4691 dolum

172 4704 383 4762 haeretici
452 4711 912 4762 animadvertere
971 4711 1284 4778 potuisset.
1336 4710 1472 4761 Vide
1522 4711 1828 4763 Baronium

171 4791 289 4850 anno
315 4782 432 4845 520,
469 4797 713 4833 numero
744 4780 1020 4850 vigesimo
1061 4781 1312 4833 secundo
1345 4788 1401 4832 et
1426 4783 1827 4849 sequentibus;

171 4846 497 4921 Possevinum
519 4854 580 4904 in
598 4846 893 4921 Apparatu
911 4867 1090 4917 sacro,
1126 4852 1296 4904 verbo
1311 4846 1573 4904 Joannes
1594 4846 1832 4905 Maxen-

169 4918 273 4971 tius.
289 4922 410 4974 Ser.
430 4924 496 4975 Bi
512 4938 541 4975 Ν
562 4938 620 4977 IU
636 4918 771 4975 sf—
788 4922 1194 4991 Vaferrimihuj
1206 4938 1333 4975 usce
1356 4924 1632 4988 haeretici,
1661 4929 1831 4993 atque

171 4994 517 5065 utminimum
546 4994 770 5063 loquar,
806 4994 1157 5063 Eutychiana
1172 4994 1413 5062 fuligine
1436 4994 1617 5059 tincti,
1637 5001 1831 5063 patro-

172 5073 353 5135 cinium
401 5080 590 5134 nuper
632 5071 1007 5134 susceperunt
1055 5080 1319 5134 procaces
1374 5066 1606 5134 quidam
1660 5070 1832 5135 atque

170 5134 398 5187 infruniti
428 5142 733 5189 novatores
764 5135 1015 5189 Jansenii
1038 5138 1284 5201 asseclae,
1312 5136 1637 5189 sedinfelici
1661 5134 1831 5205 plane

170 5208 313 5276 atque
356 5207 516 5259 irrito
568 5223 847 5272 successu,
893 5214 955 5259 ut
999 5206 1258 5275 pluribus
1295 5208 1432 5259 alias
1479 5210 1830 5261 docebimus.

174 5271 338 5343 Neque
365 5280 522 5331 enim
543 5278 603 5330 in
639 5271 1018 5348 quaestionem
1064 5284 1317 5348 vocatur,
1356 5284 1552 5330 utrum
1597 5279 1833 5331 tolerari

172 5347 319 5409 possit
348 5349 463 5401 haec
502 5347 761 5414 assertio,
798 5348 957 5401 Unus
976 5348 1045 5400 de
1066 5347 1348 5401 Trinitate
1378 5365 1588 5419 passus
1607 5350 1712 5415 est,
1734 5350 1833 5403 sed

172 5428 265 5480 quo
299 5434 484 5487 sensu,
521 5425 797 5489 qnibusve
825 5420 1250 5474 adblandientis
1274 5422 1593 5489 vulpecula:
1624 5421 1832 5474 subdo-

172 5490 227 5563 lis
243 5489 452 5563 artibus
469 5492 835 5545 subtiliorum
853 5492 1257 5545 haereticorum
1287 5507 1447 5545 more
1482 5507 1611 5545 eam
1631 5497 1830 5563 protu-

171 5554 279 5610 lerit
301 5559 727 5633 defenderitque
758 5578 889 5616 cum
918 5563 1035 5617 suis
1067 5562 1290 5633 Scythis
1326 5554 1830 5617 monachis-Joan-

172 5640 252 5680 nes
297 5630 782 5701 laxentiusfhoc
830 5649 948 5690 uno
1012 5630 1403 5706 patrocinium
1463 5634 1835 5691 Janseniano-

494 5734 772 5803 PATBOL.
820 5734 1047 5804 LXIII.

1943 4410 2362 4482 perditissimus
2383 4408 2733 4482 sycophanta
2753 4408 2779 4461 'I
2801 4408 3049 4482 Callide,
3069 4409 3277 4482 inquit,
3312 4412 3471 4482 tuam
3486 4409 3633 4482 nite-

1943 4478 2031 4538 i'is
2068 4481 2357 4535 occultare
2371 4480 2699 4550 perﬁdiam,
2735 4486 2839 4533 etc.
2872 4478 3206 4550 Pelagianae
3220 4480 3474 4550 perﬁdia:
3492 4479 3639 4535 invo-

1944 4555 2127 4609 lutum
2146 4551 2447 4606 erroribus
2462 4556 2796 4604 cunctorum
2816 4551 3001 4605 oculis
3017 4552 3334 4622 anteponit,
3358 4553 3456 4622 qui
3487 4552 3639 4606 inter

1941 4626 2307 4679 adversantes
2325 4638 2438 4695 non
2471 4621 2573 4695 Dei
2588 4637 2841 4695 munere,
2868 4622 2969 4675 sed
2998 4621 3253 4693 prapriis
3278 4621 3438 4676 bonis
3462 4626 3637 4695 pro/i-

1939 4713 2065 4752 cere
2084 4698 2136 4749 te
2150 4711 2315 4765 posse
2335 4689 2555 4747 turbida
2574 4693 2821 4747 elatione
2835 4689 3091 4761 conﬁdis,
3106 4689 3212 4747 etc.
3235 4689 3635 4763 Calumriiaris,

1941 4770 2246 4838 impudens
2284 4766 2515 4830 nebulo,
2561 4767 2705 4838 dum
2736 4767 2943 4818 Christi
2987 4766 3262 4819 vicarium
3297 4768 3637 4820 haereticum

1942 4848 1997 4894 et
2028 4836 2349 4891 inimicum
2392 4840 2646 4890 veritatis
2693 4836 3027 4906 blasphemo
3070 4854 3166 4891 ore
3210 4837 3549 4906 deblateras,
3583 4846 3639 4891 et

1942 4912 2188 4981 egregiis
2235 4908 2627 4981 defensoribus
2657 4908 2768 4981 tuis
2816 4909 3118 4978 magniﬁce
3171 4912 3468 4979 prailuces.
3506 4912 3638 4964 Pro-

1940 4980 2067 5053 pria
2096 4984 2265 5045 bona,
2286 4996 2417 5053 non
2443 4981 2553 5053 Dei
2581 4980 2764 5053 donis,
2800 4982 3192 5053 sanctissimus
3222 4983 3477 5051 pontifex
3500 4984 3636 5036 Hor-

1942 5052 2174 5120 misdas,
2197 5052 2296 5104 sed
2319 5052 2485 5103 bonis
2503 5052 2747 5119 opponit
2775 5052 2995 5106 alienis.
3024 5054 3242 5105 Caitera
3270 5069 3389 5107 non
3409 5055 3636 5123 patiun-

1940 5130 2037 5179 tur
2080 5125 2250 5192 hujus
2280 5124 2693 5175 observationis
2723 5126 3019 5191 angustim:
3054 5132 3203 5176 recte
3240 5125 3394 5177 enim
3414 5126 3637 5177 monuit

1942 5197 2026 5249 vir
2069 5196 2347 5258 eruditus,
2393 5210 2669 5262 suspenso
2716 5200 2857 5263 pede
2899 5201 2953 5247 et
2996 5194 3351 5263 acrijudicio
3383 5196 3636 5248 haeretici

1944 5266 2136 5335 hujus,
2171 5282 2237 5319 eo
2284 5264 2712 5333 perniCiosioris
2757 5281 2870 5333 quo
2919 5266 3194 5330 cultioris,
3229 5266 3473 5335 legenda
3512 5281 3635 5319 esse

1944 5340 2230 5391 tironibus
2261 5336 2488 5405 scripta,
2518 5337 2951 5406 neimpingant.
2990 5338 3217 5391 PniLiP.
3252 5338 3479 5404 LABBE,
3506 5337 3559 5390 S.
3584 5338 3633 5391 J.

2016 5413 2036 5431 '
2074 5410 2271 5462 Errat:
2300 5408 2763 5477 commoratione
2801 5408 3037 5477 quidem
3059 5410 3270 5473 Gallus,
3303 5415 3361 5461 at
3404 5409 3639 5462 natione

1946 5480 2252 5536 Britannus
2284 5476 2415 5545 fuit,
2450 5483 2512 5532 ut
2537 5480 2625 5533 vel
2646 5476 2893 5549 ipsemet
2920 5484 3159 5533 testatur
3188 5478 3450 5548 pluribus
3476 5479 3635 5536 locis.

2014 5551 2063 5575 "
2102 5550 2331 5607 Reiensi
2359 5550 2422 5604 in
2441 5551 2798 5607 Narbonensi
2830 5564 2902 5604 ii.

3208 5737 3293 5797 16
