4038 6170
454 171 553 222 491

1896 166 2273 224 HORMISD/E
2309 167 2510 221 PAPZE
3798 177 3881 229 492

455 309 644 380 aptius
667 314 754 363 est
778 309 1032 364 studioso
1065 308 1378 378 religionis,
1425 324 1594 378 quam
1643 307 1912 378 imposito
1945 306 2132 375 (Edit.
2174 317 2220 368 Α
2253 305 2590 376 disciplinae,
2616 305 3058 360 obstinationem
3090 306 3396 376 pertinacis
3423 324 3604 362 amare
3629 313 3879 380 superbia.

442 401 630 465 Rom.,
681 397 1007 469 inquisitio)
1058 397 1348 463 veritatis;
1383 397 1634 467 {quando
1671 396 1894 450 facilius
1920 396 2149 450 devium

437 488 596 553 vitat,
617 486 715 558 qui
735 487 844 540 iter
873 487 1140 557 perquod
1164 487 1429 557 graditur
1463 491 1644 555 rogat.
1679 486 1787 540 Sed
1808 486 2148 556 priusquam

433 576 815 647 respondendi
847 592 1044 629 curam
1090 576 1159 629 de
1194 576 1283 629 his
1330 592 1459 645 quae
1506 575 1735 629 dilectio
1768 581 1865 628 tua
1895 591 2148 644 percun-

438 670 622 720 ctatur
641 665 964 735 aggrediar,
1003 664 1260 718 libenter
1299 665 1359 718 in
1382 665 1585 718 litteris
1615 664 1726 717 tuis
1749 665 1883 718 ﬁdei
1910 668 2025 718 tuae
2056 680 2148 717 me

435 755 622 808 fateor
659 754 942 808 invenisse
997 754 1300 818 fervorem,
1351 755 1514 822 cujus
1559 753 1752 807 calore
1816 769 2143 820 succensus,

438 843 748 897 redivivam
800 842 859 896 in
885 842 997 896 illis
1037 843 1301 912 partibus
1354 843 1680 896 inﬁdelium
1713 843 2148 913 perversitatem

435 933 628 1003 vigere
669 932 939 1001 suspiras.
989 932 1367 1001 Dignissimus
1407 933 1590 997 dolor,
1645 933 1738 1002 qui
1807 930 1999 985 dedita
2029 933 2145 984 Deo

439 1021 612 1076 corda
631 1021 931 1075 contristet
964 1035 976 1076 :
1009 1037 1112 1075 nec
1139 1021 1294 1074 enim
1318 1026 1401 1075 est
1439 1022 1592 1091 apud
1629 1038 1724 1074 eos
1770 1023 1964 1091 lapsus
1998 1022 2143 1074 inla-

440 1109 787 1175 mentabilis,
820 1110 1038 1180 quibus
1066 1113 1150 1164 est
1179 1110 1466 1181 igniculus
1490 1110 1775 1175 caritatis;
1798 1109 1932 1180 quia
1961 1125 2146 1163 unum

437 1200 829 1271 spiritualium
860 1205 1058 1254 votum
1097 1204 1180 1253 est
1227 1199 1378 1255 salus
1411 1200 1746 1254 inconcussa
1786 1205 2140 1254 cunctorum.

437 1291 545 1345 Sed
576 1306 689 1344 non
723 1295 810 1343 est
852 1290 1049 1359 ignota
1095 1289 1358 1343 Ecclesiae
1408 1289 1507 1343 Dei
1537 1290 1605 1342 de
1655 1289 1984 1359 hujusmodi
2019 1305 2146 1359 pro-

435 1378 591 1434 cellis
621 1385 721 1432 aut
750 1378 973 1432 insueta
1008 1384 1354 1449 tempestas:
1383 1383 1440 1432 et
1481 1379 1743 1448 quamvis
1792 1379 2024 1432 rectoris
2057 1378 2144 1432 sui

436 1469 824 1540 gubernaculo
857 1467 1197 1522 inconcussa
1223 1468 1510 1537 persistat,
1540 1468 1709 1521 variis
1739 1472 1931 1522 tamen
1964 1468 2146 1521 insur-

436 1557 696 1627 gentium
757 1557 1037 1612 fluctuum
1081 1558 1306 1611 laborat
1354 1563 1550 1610 vexata
1591 1557 1934 1610 turbinibus.
1995 1558 2138 1611 Nam

2332 398 2457 450 Non
2505 397 2634 449 illos
2685 397 2980 465 potuimus
3031 398 3282 462 monitis,
3331 415 3444 452 non
3483 404 3878 468 mansuetudine.

2259 502 2375 540 non
2397 485 2732 539 auctoritate
2754 486 3154 553 comprimere.
3191 487 3249 540 In
3281 488 3567 556 publicum
3607 506 3763 560 usque
3788 509 3882 562 pro-

2258 574 2412 628 diere
2456 580 2820 637 conventum,
2867 574 2936 627 ad
2967 575 3399 629 concursionem
3434 577 3636 647 quietis
3665 580 3790 632 circa
3813 598 3879 635 re-

2257 679 2394 733 gum
2427 662 2601 716 etiam
2635 667 2848 716 statuas
2869 663 3245 717 inclamantes
3274 681 3286 718 :
3321 669 3376 717 et
3404 664 3512 718 nisi
3537 666 3703 720 ﬁdelis
3725 671 3879 738 populi

2260 752 2578 806 constantia
2615 751 2931 817 restitisset,
2984 768 3085 823 per
3113 753 3404 807 diabolicae
3453 755 3662 808 semina
3685 757 3882 812 nefanda

2257 841 2486 895 zizaniaa
2518 841 2672 910 apud
2712 841 2840 895 illos
2872 841 3284 896 dissensionem
3331 848 3387 896 et
3417 843 3735 898 discordiam
3761 862 3881 900 com-

2255 930 2566 984 movissent
2611 930 2666 999 (Ι
2715 929 2860 984 Tim.
2913 933 3018 1000 In),
3070 947 3173 1000 per
3221 948 3362 1001 quos
3406 932 3675 998 adjutorio
3720 935 3802 988 Dei
3833 937 3883 988 de

2254 1019 2535 1088 religione
2568 1034 2769 1072 eorum
2800 1024 2882 1072 est
2913 1020 3080 1088 pulsa
3110 1019 3404 1073 dissensio.
3438 1021 3514 1075 De
3544 1020 3619 1075 eis
3647 1038 3755 1075 sero
3781 1040 3882 1093 pro-

2255 1107 2512 1162 bavimus
2544 1109 2878 1179 prophetica
2911 1109 3231 1179 apostolum
3255 1125 3389 1163 voce
3416 1109 3635 1176 dixisse,
3655 1113 3705 1164 in
3729 1114 3880 1165 novis-

2254 1196 2411 1250 simis
2445 1197 2644 1251 diebus
2686 1199 2900 1251 instare
2930 1203 3194 1266 tempora
3219 1198 3554 1267 periculosa,
3588 1208 3640 1253 et
3683 1200 3785 1254 fore
3803 1202 3883 1255 bo-

2256 1286 2440 1340 mines
2470 1287 2557 1339 sui
2585 1292 2802 1340 tantum
2833 1291 3133 1354 amatores,
3166 1287 3441 1341 habentes
3470 1289 3697 1342 formam
3729 1290 3880 1358 picta-

2255 1376 2347 1442 tis,
2393 1377 2669 1430 virtutem
2718 1381 2910 1429 autem
2966 1377 3088 1445 ejus
3133 1376 3511 1446 abnegantes;
3572 1378 3745 1448 itaque
3787 1395 3879 1432 esse

2253 1465 2533 1518 vitandos.
2567 1466 2695 1518 Haec
2733 1465 2859 1518 ideo
2890 1464 3212 1518 dilectionis
3245 1471 3442 1519 vestrae
3481 1466 3761 1520 indicanda
3798 1469 3876 1520 sub

2259 1555 2551 1608 occasione
2574 1555 2942 1619 credidimus,
2977 1571 3068 1618 ne,
3095 1554 3141 1607 si
3165 1556 3302 1608 illuc
3330 1555 3542 1609 fuerint
3568 1556 3700 1610 forte
3727 1557 3879 1617 delati,

437 1624 592 1700 unde
626 1651 712 1700 est
769 1645 1086 1714 psalmidici
1118 1662 1222 1699 vox
1260 1647 1577 1716 prophetia,
1626 1647 1726 1716 qui
1758 1646 1936 1716 ipsius
1966 1647 2150 1700 Eccle—
2191 1624 2231 1676 Β
2259 1643 2589 1714 ignorantes
2638 1644 3128 1714 quemadmodum
3170 1661 3227 1698 se
3267 1645 3327 1697 in
3361 1646 3499 1698 urbe
3537 1647 3766 1699 Romana
3791 1649 3882 1700 tra-

437 1735 532 1790 siaz
587 1751 895 1806 personam
939 1735 1146 1804 spiritu
1205 1752 1320 1806 quo
1364 1735 1770 1805 impellebatur
1811 1752 2142 1790 assumens:

436 1827 616 1895 Sape,
663 1825 872 1894 inquit,
931 1827 1410 1894 expugnaverunt
1451 1841 1542 1878 me
1589 1841 1626 1878 a
1647 1827 1944 1893 juventute
1971 1841 2140 1878 mea:

436 1914 647 1968 etenim
662 1930 777 1967 non
805 1917 1120 1984 potuerunt
1139 1913 1282 1967 mihi
1306 1918 1332 1968 ἱ)
1354 1914 1718 1979 Concutiunt,
1753 1915 1850 1968 sed
1875 1915 1934 1967 in
1963 1914 2145 1967 nihilo

435 2002 869 2075 praevalebunt:
906 2002 1090 2057 adhuc
1120 2004 1181 2056 in
1215 2020 1345 2057 area
1386 2020 1604 2070 sumus,
1655 2003 1835 2056 mixta
1867 2008 1999 2056 sunt
2020 2005 2146 2056 fru-

439 2098 634 2147 menta
666 2109 798 2147 cum
832 2093 1031 2162 paleis,
1068 2098 1307 2163 gemunt
1331 2094 1468 2147 boni
1515 2094 1802 2146 consortia
1834 2094 2137 2160 malorum,

440 2183 537 2237 sed
569 2187 830 2252 superest
866 2183 1102 2236 ﬂamma
1131 2197 1251 2236 non
1301 2183 1654 2246 necessariis,
1691 2187 1747 2235 et
1773 2187 1972 2252 parata
2007 2186 2143 2235 sunt

440 2272 648 2326 horrea
671 2271 792 2340 jam
824 2271 1098 2340 probatis.
1138 2271 1240 2324 Ubi
1284 2277 1569 2324 terrarum
1601 2287 1716 2324 non
1759 2277 1843 2323 est
1877 2272 1981 2323 ista
2010 2286 2140 2339 per-

437 2360 688 2415 mixtio?
719 2361 832 2413 Nos
871 2359 995 2412 ﬁxis
1038 2359 1198 2412 decet
1243 2361 1457 2412 instare
1487 2360 1795 2429 (insistere)
1839 2359 2138 2427 vestigiis:

439 2449 809 2520 proﬁciemus
842 2448 993 2501 inter
1023 2447 1415 2500 adversantes"
1452 2448 1701 2516 propriis
1742 2448 1924 2512 bonis,
1973 2448 2019 2499 si
2047 2463 2137 2499 er-

435 2538 668 2593 roribus
701 2553 818 2590 non
849 2536 1208 2588 involvamur
1243 2535 1466 2588 alienis.
1494 2536 1702 2588 Probat
1730 2536 1884 2589 enim
1912 2535 2140 2588 virtutis

435 2641 553 2678 suae
586 2625 840 2680 validum
863 2625 1056 2690 rebus,
1083 2623 1182 2694 qui
1204 2640 1334 2676 cum
1368 2624 1684 2693 impellitur
1705 2640 1817 2676 non
1852 2630 2132 2676 movetur.

511 2716 617 2770 Ubi
658 2731 777 2769 non
803 2715 974 2768 variae
1002 2712 1335 2766 tentationis
1366 2713 1548 2765 aculei
1572 2712 1599 2766 ?
1621 2713 1826 2776 Quales
1851 2729 1954 2781 per
1984 2713 2138 2766 hunc

436 2804 554 2859 fere
587 2805 784 2874 jugem
823 2819 1038 2856 annum
1065 2803 1446 2872 quorumdam
1483 2803 1841 2872 Scytharum,
1883 2801 1982 2871 qui
2013 2817 2134 2854 mo-

439 2894 648 2947 nachos
686 2908 804 2963 pra:
834 2909 891 2945 se
929 2891 1187 2945 ferebant
1220 2891 1425 2960 specie,
1460 2906 1578 2943 non
1608 2891 1879 2957 veritate;
1915 2891 2130 2960 profes-
2177 2922 2216 2976 Ο

437 2982 618 3049 sione,
670 2998 786 3034 non
832 2996 1023 3050 opere,
1071 2980 1265 3033 subtili
1296 2985 1472 3032 tectas
1504 2979 1810 3032 calliditate
1834 2981 2133 3043 versutias,

439 3077 494 3124 et
515 3071 618 3124 sub
641 3069 936 3140 religionis
959 3069 1195 3122 obtentu
1219 3068 1558 3121 famulantia
1591 3068 1732 3120 odiis
1773 3068 1889 3120 suis
1920 3083 2138 3120 venena

433 3158 796 3228 pertulimus,
845 3159 1139 3211 studentes
1174 3173 1268 3209 eos
1299 3157 1368 3210 ab
1407 3157 1633 3209 interno
1679 3157 1915 3209 vulnere
1952 3156 2135 3209 medi-

435 3245 631 3298 cabilis
661 3245 955 3314 patientiae
979 3245 1615 3310 moderaminesanare,
1649 3244 1798 3296 beati
1825 3244 1986 3296 Pauli
2019 3259 2136 3295 mo-

435 3336 555 3388 nita
599 3350 712 3387 non
740 3326 991 3387 tacentes
1018 3350 1030 3387 :
1081 3331 1225 3386 Noli
1251 3331 1437 3386 verbis
1467 3332 1831 3398 contendere;
1869 3332 1945 3384 ad
1991 3331 2135 3385 nihil

433 3422 588 3478 enim
618 3421 757 3476 utile
783 3425 889 3490 est,
913 3421 1032 3477 nisi
1070 3422 1145 3476 ad
1172 3421 1599 3476 subversionem
1627 3419 1985 3475 audientium
2017 3422 2072 3489 (Ι
2077 3422 2136 3490 1)

439 3511 586 3568 Tim.
631 3517 711 3582 ιι).
762 3511 870 3565 Sed
904 3512 1132 3581 quando
1176 3510 1327 3563 virus
1376 3510 1529 3580 quod
1571 3510 1784 3562 viscera
1815 3510 2136 3579 penetravit

434 3601 745 3655 evellitur?
795 3600 1034 3664 Quando
1069 3599 1240 3652 corda
1279 3600 1428 3650 male
1472 3598 1580 3651 sibi
1613 3598 1844 3651 credula
1877 3598 2132 3652 veritatis

436 3689 840 3758 obtemperant
888 3685 1208 3739 institutis?
1259 3686 1498 3748 Quando
1551 3685 1744 3738 induit
1789 3686 2134 3739 obedientize

432 3778 818 3831 humilitatem
847 3775 1218 3845 opinionibus
1235 3775 1353 3827 suis
1380 3776 1583 3826 vallata
1611 3775 1918 3844 superbia?
1949 3775 2134 3838 Quan-

432 3867 503 3920 do
558 3867 932 3936 acquiescunt
970 3865 1096 3934 paci
1154 3864 1592 3917 contentionum
1637 3865 1842 3917 studiis
1899 3864 2129 3930 assueti,

436 3957 555 4009 sola
587 3955 895 4007 certamina
920 3959 1176 4006 amantes
1199 3952 1268 4005 de
1301 3952 1576 4021 religione
1605 3964 1853 4022 captare,
1885 3960 1939 4005 et
1971 3969 2130 4005 man-

432 4045 561 4098 data
589 4043 877 4114 negligere
899 4041 925 4094 ⁵2
950 4043 1253 4112 Nunquam
1277 4043 1436 4111 apud
1470 4059 1566 4094 eos
1585 4044 1791 4094 caritas
1817 4059 1957 4095 novo
1975 4059 2131 4095 com-

438 4134 707 4188 mendata
755 4139 1064 4202 praecepto,
1114 4147 1409 4201 nunquam
1463 4148 1571 4201 pax
1618 4131 1903 4184 dominico
1937 4132 2133 4185 relicta

2255 1733 2550 1799 ctaverint,
2584 1734 2687 1787 sub
2723 1734 2914 1804 aliqua
2976 1733 3280 1787 verborum
3313 1734 3663 1788 simulatione
3702 1736 3881 1806 decipe-

2255 1827 2401 1875 rent.

2325 1913 2392 1964 Hi
2420 1927 2572 1978 vero,
2609 1927 2753 1981 quos
2783 1928 2883 1965 vos
2923 1912 2992 1966 de
3029 1913 3217 1965 Fausti
3249 1912 3592 1981 cujusdam"
3619 1914 3747 1967 Galli
3771 1915 3881 1967 anti-

2253 2002 2416 2068 stitis,
2474 2001 2638 2055 dictis
2699 2001 3070 2064 consuluisse,
3130 2002 3333 2054 litteris
3383 2001 3683 2068 indicastis,
3719 2003 3767 2056 id
3804 2004 3884 2056 sibi

2253 2105 2590 2159 responsum
2639 2090 2906 2144 habeant.
2955 2092 3150 2161 Neque
3192 2092 3356 2144 illum
3402 2093 3482 2161 (a)
3521 2093 3703 2161 recipi,
3736 2108 3884 2162 neque

2251 2194 2622 2249 quemquam,
2655 2195 2797 2249 quos
2847 2179 2904 2232 in
2947 2180 3281 2232 auctoritate
3313 2181 3544 2233 Patrum
3593 2197 3697 2234 non
3726 2182 3887 2251 recipit

2251 2283 2485 2322 examen
2527 2267 2816 2321 catholica:
2863 2268 3017 2330 ﬁdei,
3063 2274 3162 2321 aut
3200 2268 3589 2322 ecclesiasticae
3625 2270 3884 2338 disciplinae

2251 2357 2686 2425 ambiguitatem
2718 2374 2881 2426 posse
2922 2357 3176 2427 gignere,
3203 2364 3302 2411 aut
3349 2359 3630 2428 religiosis
3665 2359 3886 2430 prejudi-

2249 2446 2401 2499 cium
2443 2462 2793 2516 comparare.
2847 2448 2978 2500 Fixa
3025 2451 3158 2500 sunt
3198 2462 3232 2501 a
3267 2449 3528 2501 Patribus
3575 2465 3691 2518 quae
3726 2449 3884 2502 ﬁdeles

2248 2533 2448 2586 sectari
2508 2535 2754 2587 debeant
2811 2534 3115 2588 instituta:
3171 2535 3286 2588 sive
3332 2537 3737 2607 interpretatio,
3793 2538 3882 2590 sive

2247 2623 2596 2692 praedicatio,
2631 2640 2732 2676 seu
2771 2624 3006 2676 verbum
3048 2626 3247 2694 pepuli
3297 2625 3664 2682 aediﬁcatione
3695 2643 3885 2696 compo-

2247 2711 2444 2774 situm,
2478 2711 2526 2763 si
2555 2727 2683 2764 cum
2723 2710 2834 2764 ﬁde
2868 2718 3020 2764 recta
3054 2717 3109 2764 et
3157 2713 3418 2767 doctrina
3450 2732 3583 2769 sana
3609 2715 3882 2774 concordat.

2245 2799 2589 2865 admittitur,
2625 2801 2671 2852 si
2710 2800 3016 2866 discordat,
3047 2801 3325 2854 aboletur.

2326 2889 2510 2940 Unum
2566 2895 2652 2942 est
2687 2890 3122 2943 fundamentum
3165 2895 3320 2944 extra
3356 2894 3512 2962 quod
3559 2892 3884 2964 quaelibetfa-

2249 2975 2408 3028 brica
2438 2976 2483 3028 si
2516 2979 2827 3048 consurgit,
2869 2979 3100 3032 inﬁrma
3140 2987 3248 3044 est,
3299 2998 3476 3051 super
3503 2982 3638 3036 illud
3668 2981 3881 3053 quisquis

2247 3065 2506 3131 aediﬁcat,
2564 3067 2681 3119 sive
2731 3068 2880 3133 vilia,
2933 3068 3047 3121 sive
3088 3070 3356 3138 pretiosa,
3391 3073 3719 3126 consideret.
3760 3072 3886 3124 Errat

2246 3160 2440 3208 autem
2480 3171 2512 3207 a
2557 3155 2667 3222 via,
2699 3157 2796 3226 qui
2845 3158 2914 3209 ab
2960 3173 3027 3212 eo
3061 3159 3218 3228 quod
3263 3161 3497 3214 Patrum
3539 3162 3727 3214 electio
3757 3177 3885 3213 mon—

2247 3244 2442 3296 stravit
2489 3245 2789 3312 exorbitat,
2835 3262 2938 3299 nec
2991 3252 3185 3300 tamen
3231 3249 3594 3318 improbatur
3637 3249 3883 3318 diligentia

2248 3347 2350 3400 per
2402 3333 2582 3385 multa
2624 3334 2969 3402 discurrens,
3007 3337 3102 3389 sed
3149 3337 3374 3390 animus
3418 3356 3452 3391 a
3488 3339 3713 3392 veritate
3748 3333 3882 3390 decli-

2246 3435 2410 3473 nans.
2457 3421 2617 3491 Stepe
2652 3422 2719 3475 de
2750 3423 2836 3476 bis
2868 3425 3184 3478 necessaria
3233 3427 3588 3495 providetur,
3629 3429 3691 3481 de
3718 3426 3885 3496 quibus

2245 3508 2354 3577 ipsi
2393 3511 2589 3563 aemuli
2631 3513 3059 3578 convincantur,
3104 3513 3423 3569 instructio.
3481 3519 3588 3571 Nec
3633 3517 3756 3570 vitio
3793 3513 3884 3568 dari

2245 3603 2430 3666 potest
2469 3615 2634 3652 nosse
2677 3602 2828 3670 quod
2872 3601 3079 3671 fugias,
3130 3609 3302 3673 atque
3345 3605 3480 3658 ideo
3531 3622 3644 3659 non
3680 3607 3884 3673 legentes

2245 3686 2562 3755 incongrua
2595 3687 2655 3740 in
2685 3691 2907 3759 culpam
2929 3690 3186 3757 veniunt,
3223 3692 3317 3745 sed
3351 3698 3670 3763 sequentes.
3695 3691 3833 3758 Quod
3853 3689 3888 3742 si

2243 3774 2320 3827 ita
2343 3791 2456 3828 non
2487 3781 2652 3841 esset,
2679 3793 2975 3848 nunquam
2999 3779 3193 3833 doctor
3225 3781 3318 3833 ille
3338 3783 3600 3851 gentium
3629 3781 3890 3853 acquievis-

2244 3870 2327 3917 set
2356 3866 2624 3918 nuntiare
2671 3866 2937 3920 ﬁdelibus
2963 3884 2974 3920 :
3014 3867 3221 3925 Omnia
3240 3871 3516 3940 probate;
3547 3873 3688 3943 quod
3723 3872 3889 3924 bonum

2241 3955 2326 4005 est
2350 3956 2528 4008 tenete
2564 3956 2617 4018 (ι
2659 3955 2852 4008 Thess.
2892 3958 2967 4025 v).
3006 3958 3130 4010 Non
3154 3959 3253 4011 abs
3283 3975 3344 4012 re
3375 3966 3479 4026 est,
3527 3969 3582 4015 et
3609 3963 3652 4013 si
3691 3959 3891 4013 munda-

2243 4056 2404 4108 num,
2436 4058 2549 4094 non
2580 4048 2773 4096 tamen
2800 4060 2831 4096 a
2861 4045 3083 4098 ratione
3115 4045 3423 4101 discretum
3461 4051 3690 4103 miscere
3710 4063 3888 4102 sermo-

2244 4146 2393 4184 nem.
2451 4131 2648 4184 Fertur
2707 4133 2941 4202 quidam
3007 4135 3216 4188 nobilis
3264 4142 3384 4190 arte
3456 4139 3742 4210 pingendi,
3787 4151 3891 4190 cum

441 4223 730 4288 discessu;
764 4238 878 4274 una
907 4219 1211 4290 pertinacis
1245 4235 1382 4272 cura
1413 4219 1714 4288 propositi,
1749 4220 1951 4271 rationi
1994 4219 2136 4274 velle
2179 4220 2220 4273 D
2253 4235 2464 4288 equum
2498 4221 2765 4290 penicillo
2806 4223 2976 4276 vellet
3006 4224 3287 4294 explicare
3326 4229 3660 4297 perfectum,
3693 4228 3890 4282 asellum

430 4314 735 4381 imperare,
789 4327 905 4363 non
938 4309 1197 4373 credere;
1249 4313 1676 4376 contemptores
1729 4309 2140 4362 auctoritatnm

425 4413 706 4465 veterum,
739 4415 1018 4452 novarum
1038 4397 1232 4467 cupidi
1263 4397 1650 4466 quaestionum
1678 4413 1690 4461 ;
1727 4398 1908 4450 solam
1953 4404 2139 4467 putan

428 4497 514 4544 tes
553 4490 805 4542 scientiae
852 4494 1061 4540 rectam
1131 4486 1298 4551 viam,
1351 4485 1610 4556 qualibet
1657 4492 1930 4556 concepta
1962 4488 2141 4541 facili-

428 4585 542 4632 tate
567 4578 905 4630 sententiain
941 4591 953 4629 :
987 4591 1237 4645 eousque
1272 4575 1516 4628 tumoris
1545 4575 1705 4642 elati,
1749 4582 1814 4628 ut
1843 4577 2145 4631 arbitrium

430 4683 599 4720 suum
644 4665 941 4735 utriusque
975 4666 1125 4718 orbis
1148 4669 1355 4734 putent
1396 4663 1799 4716 inclinandum
1839 4679 1961 4716 esse
1989 4663 2146 4733 judi-

427 4757 577 4810 cium
614 4771 625 4808 :
662 4771 765 4808 nec
811 4755 867 4806 in
903 4771 1138 4808 numero
1182 4753 1439 4807 ﬁdelium
1470 4752 1816 4822 deputantes
1851 4768 2128 4824 sequaces

435 4843 757 4899 traditionis
779 4834 1057 4913 paternas,
1093 4844 1139 4896 si
1171 4859 1284 4896 sure
1319 4842 1565 4897 viderint
1591 4842 1789 4895 cedere
1821 4842 1972 4894 nolle
2012 4858 2141 4895 sen-

433 4935 628 4988 tentiae
655 4950 666 4987 :
703 4933 853 4987 docti
885 4933 1130 4987 crimina
1152 4949 1360 4999 serere,
1404 4932 1887 4985 obtrectationum
1921 4947 2139 4985 venena

424 5039 794 5094 componere,
834 5021 1125 5092 integrum
1175 5021 1433 5074 Ecclesiae
1477 5036 1684 5089 corpus
1729 5020 1934 5088 odisse,
1980 5020 2129 5074 sedi-

426 5114 615 5167 tiones
639 5111 943 5177 instruere,
980 5111 1253 5165 invidiam
1286 5109 1592 5176 concitare,
1633 5114 1689 5161 et
1718 5125 1823 5179 pro
1852 5108 2126 5162 obedien—

434 5204 534 5272 tia,
569 5218 698 5274 quae
724 5202 787 5256 in
837 5201 1111 5255 coenobiis
1143 5198 1532 5270 principatum
1575 5197 1856 5268 regularis
1905 5196 2129 5252 obtinet

494 5383 571 5452 (a)
604 5383 769 5435 Deest
787 5375 973 5452 recipi
996 5377 1057 5431 in
1097 5377 1234 5432 edit.
1263 5378 1430 5432 Rom.

490 5449 563 5522 (ὁ)
590 5453 676 5507 ΑΙ.
703 5449 1019 5523 profuisse.

488 5519 511 5550 ⁴¹
546 5519 730 5594 Super
768 5523 894 5577 haec
937 5520 1110 5576 verba
1141 5519 1492 5575 calumniam
1537 5520 1742 5576 struxit
1784 5520 2100 5578 Hormisdae

2249 4308 2358 4360 sibi
2410 4309 2478 4378 (ὁ)
2534 4311 2896 4380 proposuisse
2950 4313 3233 4382 pingenti,
3271 4331 3531 4370 asserens
3566 4335 3678 4371 non
3724 4324 3778 4369 ut
3815 4317 3894 4384 ju-

2251 4402 2506 4451 mentum
2531 4398 2861 4452 imitaretur
2884 4400 3149 4471 informe,
3178 4405 3272 4457 sed
3308 4405 3459 4458 nein
3491 4406 3722 4476 alicujus
3750 4406 3892 4458 infor-

2249 4484 2357 4538 mis
2389 4486 2724 4541 lineamenti
2758 4489 3193 4544 similitudinem
3240 4493 3431 4564 lapsus
3461 4496 3748 4550 incideret.

2325 4575 2446 4628 Non
2477 4576 2793 4645 improvide
2828 4581 3151 4635 veneranda
3196 4584 3428 4638 Patrum
3461 4587 3733 4656 sapientia
3767 4582 3895 4638 ﬁdeli

2247 4665 2517 4733 potestati
2550 4682 2674 4735 qum
2708 4674 2897 4722 essent
2923 4671 3201 4725 catholica
3224 4673 3492 4744 dogmata
3524 4676 3898 4740 deﬁniit;certa

2249 4752 2525 4807 librorum
2562 4757 2733 4810 etiam
2766 4763 3026 4814 veterum
3054 4760 3114 4814 in
3157 4764 3555 4820 auctoritatem
3584 4763 3894 4836 recipienda.

2246 4846 2440 4895 sancto
2459 4843 2666 4911 Spiritu
2694 4845 3359 4922 instruente,praeﬁgens
3385 4869 3397 4908 :
3433 4871 3504 4909 ne
3538 4854 3782 4927 opinioni
3802 4867 3896 4906 sua:

2242 4931 2418 4985 lector
2457 4932 2782 5004 indulgens,
2816 4953 2934 4991 non
2956 4940 3107 5008 quod
3135 4941 3500 4998 azdiﬁcationi
3543 4943 3897 5000 ecclesiasticae

2240 5021 2588 5086 conveniret,
2634 5024 2729 5076 sed
2765 5026 2917 5094 quod
2949 5029 3211 5098 voluptas
3241 5047 3342 5084 sua
3370 5034 3737 5104 concepisset,
3769 5045 3893 5085 asse-

2239 5113 2406 5164 reret.
2442 5111 2587 5174 Quid
2610 5128 2746 5183 crgo
2773 5116 3258 5173 calumniantibus
3289 5137 3432 5190 opus
3461 5127 3581 5176 erat
3609 5127 3762 5176 extra
3788 5133 3897 5174 con-

2238 5199 2464 5254 stitutos
2498 5202 2754 5257 Ecclesiae
2788 5206 3064 5262 terminos
3103 5209 3400 5280 porrigere
3447 5212 3804 5281 quaestiones,
3854 5212 3898 5259 et

2231 5379 2388 5435 Joan.
2423 5382 2759 5439 Maxentius.

2299 5453 2347 5475 "’
2374 5453 2438 5508 ln
2471 5453 2652 5509 Gallia
2673 5456 2930 5513 Reiensis
2960 5460 3138 5530 episc.
