  <div class='ocr_page' id='page_1' title='image "/cluster/home/n/w/nwhite01/storage/ocr_20150623/63/hvd.32044073498800/252.png"; bbox 0 0 4038 6170; ppageno 0'>
   <div class='ocr_carea' id='block_1_1' title="bbox 185 206 1780 266">
    <p class='ocr_par' dir='ltr' id='par_1_1' title="bbox 185 206 1780 264">
     <span class='ocr_line' id='line_1_1' title="bbox 185 206 1780 264; baseline -0.001 -1"><span class='ocrx_word' id='word_1_1' title='bbox 185 210 279 264; x_wconf 77' lang='grc'>493</span> <span class='ocrx_word' id='word_1_2' title='bbox 1473 206 1780 262; x_wconf 62' lang='grc' dir='ltr'>ΕΡΙΞΤΟΙΑ</span> 
     </span>
    </p>
   </div>
   <div class='ocr_carea' id='block_1_2' title="bbox 2070 206 3665 266">
    <p class='ocr_par' dir='ltr' id='par_1_2' title="bbox 2070 207 3665 266">
     <span class='ocr_line' id='line_1_2' title="bbox 2070 207 3665 266; baseline 0.004 -6"><span class='ocrx_word' id='word_1_3' title='bbox 2070 207 2341 264; x_wconf 75' lang='lat' dir='ltr'>lCRETA.</span> <span class='ocrx_word' id='word_1_4' title='bbox 3559 211 3665 266; x_wconf 80' lang='grc'>494</span> 
     </span>
    </p>
   </div>
   <div class='ocr_carea' id='block_1_3' title="bbox 184 341 3672 416">
    <p class='ocr_par' dir='ltr' id='par_1_3' title="bbox 184 341 3672 416">
     <span class='ocr_line' id='line_1_3' title="bbox 184 341 3672 416; baseline 0 -15"><span class='ocrx_word' id='word_1_5' title='bbox 184 348 246 402; x_wconf 88' lang='lat' dir='ltr'>de</span> <span class='ocrx_word' id='word_1_6' title='bbox 272 344 357 400; x_wconf 86' lang='lat' dir='ltr'>his</span> <span class='ocrx_word' id='word_1_7' title='bbox 387 360 509 415; x_wconf 69' lang='lat' dir='ltr'>qua:</span> <span class='ocrx_word' id='word_1_8' title='bbox 538 343 822 397; x_wconf 80' lang='lat' dir='ltr'>habentur</span> <span class='ocrx_word' id='word_1_9' title='bbox 848 342 1021 408; x_wconf 88' lang='lat' dir='ltr'>dicta,</span> <span class='ocrx_word' id='word_1_10' title='bbox 1054 342 1217 412; x_wconf 88' lang='lat' dir='ltr'>quasi</span> <span class='ocrx_word' id='word_1_11' title='bbox 1244 341 1396 397; x_wconf 88' lang='lat' dir='ltr'>dicta</span> <span class='ocrx_word' id='word_1_12' title='bbox 1431 359 1546 397; x_wconf 94' lang='lat' dir='ltr'>non</span> <span class='ocrx_word' id='word_1_13' title='bbox 1573 342 1706 408; x_wconf 89' lang='lat' dir='ltr'>sint,</span> <span class='ocrx_word' id='word_1_14' title='bbox 1739 359 1857 397; x_wconf 91' lang='lat' dir='ltr'>mo-</span> <span class='ocrx_word' id='word_1_15' title='bbox 1894 346 1940 399; x_wconf 82' lang='grc' dir='ltr'><strong>Α</strong></span> <span class='ocrx_word' id='word_1_16' title='bbox 1965 348 2177 398; x_wconf 74' lang='lat' dir='ltr'>nostrae</span> <span class='ocrx_word' id='word_1_17' title='bbox 2209 342 2552 414; x_wconf 87' lang='lat' dir='ltr'>recepimus,</span> <span class='ocrx_word' id='word_1_18' title='bbox 2586 344 2657 398; x_wconf 91' lang='lat' dir='ltr'>ad</span> <span class='ocrx_word' id='word_1_19' title='bbox 2688 342 2883 398; x_wconf 92' lang='lat' dir='ltr'>divina</span> <span class='ocrx_word' id='word_1_20' title='bbox 2917 344 2998 415; x_wconf 84' lang='grc' dir='ltr'>(α)</span> <span class='ocrx_word' id='word_1_21' title='bbox 3027 345 3301 416; x_wconf 88' lang='lat' dir='ltr'>mysteria</span> <span class='ocrx_word' id='word_1_22' title='bbox 3336 345 3672 402; x_wconf 87' lang='lat' dir='ltr'>incunctan-</span> 
     </span>
    </p>
   </div>
   <div class='ocr_carea' id='block_1_4' title="bbox 189 430 3667 507">
    <p class='ocr_par' dir='ltr' id='par_1_4' title="bbox 189 430 3667 507">
     <span class='ocr_line' id='line_1_4' title="bbox 189 430 3667 507; baseline 0.001 -20"><span class='ocrx_word' id='word_1_23' title='bbox 189 452 305 490; x_wconf 82' lang='lat' dir='ltr'>vere</span> <span class='ocrx_word' id='word_1_24' title='bbox 333 433 660 498; x_wconf 75' lang='lat' dir='ltr'>certamina,</span> <span class='ocrx_word' id='word_1_25' title='bbox 691 448 817 485; x_wconf 91' lang='lat' dir='ltr'>cum</span> <span class='ocrx_word' id='word_1_26' title='bbox 853 431 1171 487; x_wconf 88' lang='lat' dir='ltr'>Christiana</span> <span class='ocrx_word' id='word_1_27' title='bbox 1195 430 1337 487; x_wconf 86' lang='lat' dir='ltr'>ﬁdes</span> <span class='ocrx_word' id='word_1_28' title='bbox 1366 431 1650 486; x_wconf 84' lang='lat' dir='ltr'>canonicis</span> <span class='ocrx_word' id='word_1_29' title='bbox 1677 432 1859 499; x_wconf 85' lang='lat' dir='ltr'>libris,</span> <span class='ocrx_word' id='word_1_30' title='bbox 1971 437 2057 487; x_wconf 91' lang='lat' dir='ltr'>ter</span> <span class='ocrx_word' id='word_1_31' title='bbox 2086 433 2408 498; x_wconf 81' lang='lat' dir='ltr'>admittere,</span> <span class='ocrx_word' id='word_1_32' title='bbox 2444 436 2614 504; x_wconf 88' lang='lat' dir='ltr'>atque</span> <span class='ocrx_word' id='word_1_33' title='bbox 2646 433 2715 487; x_wconf 89' lang='lat' dir='ltr'>ad</span> <span class='ocrx_word' id='word_1_34' title='bbox 2758 434 3033 488; x_wconf 88' lang='lat' dir='ltr'>Ecclesias</span> <span class='ocrx_word' id='word_1_35' title='bbox 3073 450 3222 503; x_wconf 89' lang='lat' dir='ltr'>suas,</span> <span class='ocrx_word' id='word_1_36' title='bbox 3266 452 3298 488; x_wconf 89' lang='lat' dir='ltr'>a</span> <span class='ocrx_word' id='word_1_37' title='bbox 3328 436 3538 507; x_wconf 87' lang='lat' dir='ltr'>quibus</span> <span class='ocrx_word' id='word_1_38' title='bbox 3569 453 3667 492; x_wconf 88' lang='lat' dir='ltr'>eos</span> 
     </span>
    </p>
   </div>
   <div class='ocr_carea' id='block_1_5' title="bbox 187 520 3667 596">
    <p class='ocr_par' dir='ltr' id='par_1_5' title="bbox 187 520 3667 596">
     <span class='ocr_line' id='line_1_5' title="bbox 187 520 3667 596; baseline 0.001 -19"><span class='ocrx_word' id='word_1_39' title='bbox 187 531 237 577; x_wconf 90' lang='lat' dir='ltr'>et</span> <span class='ocrx_word' id='word_1_40' title='bbox 266 521 624 593; x_wconf 73' lang='lat' dir='ltr'>synodalibus</span> <span class='ocrx_word' id='word_1_41' title='bbox 648 521 968 591; x_wconf 66' lang='lat' dir='ltr'>praeceptis,</span> <span class='ocrx_word' id='word_1_42' title='bbox 1003 524 1059 573; x_wconf 90' lang='lat' dir='ltr'>et</span> <span class='ocrx_word' id='word_1_43' title='bbox 1091 521 1322 574; x_wconf 78' lang='lat' dir='ltr'>Patrum</span> <span class='ocrx_word' id='word_1_44' title='bbox 1353 520 1708 590; x_wconf 82' lang='lat' dir='ltr'>regularibus</span> <span class='ocrx_word' id='word_1_45' title='bbox 1734 536 1864 574; x_wconf 84' lang='lat' dir='ltr'>con-</span> <span class='ocrx_word' id='word_1_46' title='bbox 1973 522 2269 575; x_wconf 69' lang='lat' dir='ltr'>discordim</span> <span class='ocrx_word' id='word_1_47' title='bbox 2300 537 2458 575; x_wconf 90' lang='lat' dir='ltr'>error</span> <span class='ocrx_word' id='word_1_48' title='bbox 2488 522 2820 589; x_wconf 87' lang='lat' dir='ltr'>excluserat,</span> <span class='ocrx_word' id='word_1_49' title='bbox 2850 538 2954 591; x_wconf 89' lang='lat' dir='ltr'>pro</span> <span class='ocrx_word' id='word_1_50' title='bbox 2983 523 3139 593; x_wconf 87' lang='lat' dir='ltr'>pacis</span> <span class='ocrx_word' id='word_1_51' title='bbox 3172 528 3382 578; x_wconf 53' lang='lat' dir='ltr'>nostra».</span> <span class='ocrx_word' id='word_1_52' title='bbox 3416 526 3667 596; x_wconf 90' lang='lat' dir='ltr'>plenitu-</span> 
     </span>
    </p>
   </div>
   <div class='ocr_carea' id='block_1_6' title="bbox 188 608 3669 683">
    <p class='ocr_par' dir='ltr' id='par_1_6' title="bbox 188 608 3669 683">
     <span class='ocr_line' id='line_1_6' title="bbox 188 608 3669 683; baseline 0.002 -18"><span class='ocrx_word' id='word_1_53' title='bbox 188 612 382 665; x_wconf 82' lang='lat' dir='ltr'>stitutis</span> <span class='ocrx_word' id='word_1_54' title='bbox 416 610 606 675; x_wconf 79' lang='lat' dir='ltr'>stabili</span> <span class='ocrx_word' id='word_1_55' title='bbox 649 616 704 664; x_wconf 91' lang='lat' dir='ltr'>et</span> <span class='ocrx_word' id='word_1_56' title='bbox 734 610 1068 664; x_wconf 90' lang='lat' dir='ltr'>inconcusso</span> <span class='ocrx_word' id='word_1_57' title='bbox 1122 609 1367 663; x_wconf 81' lang='lat' dir='ltr'>termino</span> <span class='ocrx_word' id='word_1_58' title='bbox 1410 609 1685 680; x_wconf 87' lang='lat' dir='ltr'>(tramite)</span> <span class='ocrx_word' id='word_1_59' title='bbox 1720 608 1866 663; x_wconf 91' lang='lat' dir='ltr'>limi—</span> <span class='ocrx_word' id='word_1_60' title='bbox 1974 611 2106 665; x_wconf 91' lang='lat' dir='ltr'>dine</span> <span class='ocrx_word' id='word_1_61' title='bbox 2134 626 2424 678; x_wconf 89' lang='lat' dir='ltr'>revocare;</span> <span class='ocrx_word' id='word_1_62' title='bbox 2459 616 2521 665; x_wconf 91' lang='lat' dir='ltr'>ut</span> <span class='ocrx_word' id='word_1_63' title='bbox 2560 611 2769 678; x_wconf 90' lang='lat' dir='ltr'>unitas,</span> <span class='ocrx_word' id='word_1_64' title='bbox 2803 628 2977 682; x_wconf 89' lang='lat' dir='ltr'>quam</span> <span class='ocrx_word' id='word_1_65' title='bbox 3015 617 3146 683; x_wconf 92' lang='lat' dir='ltr'>post</span> <span class='ocrx_word' id='word_1_66' title='bbox 3172 630 3457 669; x_wconf 90' lang='lat' dir='ltr'>annorum</span> <span class='ocrx_word' id='word_1_67' title='bbox 3487 617 3669 671; x_wconf 88' lang='lat' dir='ltr'>multa</span> 
     </span>
    </p>
   </div>
   <div class='ocr_carea' id='block_1_7' title="bbox 188 699 3670 770">
    <p class='ocr_par' dir='ltr' id='par_1_7' title="bbox 188 699 3670 770">
     <span class='ocr_line' id='line_1_7' title="bbox 188 699 3670 770; baseline 0.001 -15"><span class='ocrx_word' id='word_1_68' title='bbox 188 700 363 756; x_wconf 84' lang='lat' dir='ltr'>tetur‘?</span> <span class='ocrx_word' id='word_1_69' title='bbox 1975 699 2257 754; x_wconf 91' lang='lat' dir='ltr'>curricula</span> <span class='ocrx_word' id='word_1_70' title='bbox 2285 716 2388 770; x_wconf 90' lang='lat' dir='ltr'>per</span> <span class='ocrx_word' id='word_1_71' title='bbox 2420 704 2605 753; x_wconf 91' lang='lat' dir='ltr'>totum</span> <span class='ocrx_word' id='word_1_72' title='bbox 2646 700 2842 754; x_wconf 91' lang='lat' dir='ltr'>orbem</span> <span class='ocrx_word' id='word_1_73' title='bbox 2874 700 2989 754; x_wconf 91' lang='lat' dir='ltr'>suis</span> <span class='ocrx_word' id='word_1_74' title='bbox 3021 703 3168 755; x_wconf 90' lang='lat' dir='ltr'>Deus</span> <span class='ocrx_word' id='word_1_75' title='bbox 3196 705 3537 759; x_wconf 84' lang='lat' dir='ltr'>restauravit</span> <span class='ocrx_word' id='word_1_76' title='bbox 3571 705 3670 759; x_wconf 93' lang='lat' dir='ltr'>Ec-</span> 
     </span>
    </p>
   </div>
   <div class='ocr_carea' id='block_1_8' title="bbox 250 786 3669 857">
    <p class='ocr_par' dir='ltr' id='par_1_8' title="bbox 250 786 3669 857">
     <span class='ocr_line' id='line_1_8' title="bbox 250 786 3669 857; baseline 0.002 -14"><span class='ocrx_word' id='word_1_77' title='bbox 250 792 322 844; x_wconf 90' lang='lat' dir='ltr'>De</span> <span class='ocrx_word' id='word_1_78' title='bbox 351 788 584 843; x_wconf 87' lang='lat' dir='ltr'>arbitrio</span> <span class='ocrx_word' id='word_1_79' title='bbox 636 793 826 843; x_wconf 87' lang='lat' dir='ltr'>tamen</span> <span class='ocrx_word' id='word_1_80' title='bbox 868 787 1069 852; x_wconf 88' lang='lat' dir='ltr'>libero,</span> <span class='ocrx_word' id='word_1_81' title='bbox 1103 790 1159 841; x_wconf 91' lang='lat' dir='ltr'>et</span> <span class='ocrx_word' id='word_1_82' title='bbox 1199 786 1381 857; x_wconf 89' lang='lat' dir='ltr'>gratia</span> <span class='ocrx_word' id='word_1_83' title='bbox 1413 786 1530 854; x_wconf 90' lang='lat' dir='ltr'>Dei,</span> <span class='ocrx_word' id='word_1_84' title='bbox 1566 787 1720 857; x_wconf 87' lang='lat' dir='ltr'>quod</span> <span class='ocrx_word' id='word_1_85' title='bbox 1757 788 1866 842; x_wconf 79' lang='lat' dir='ltr'>Ro-</span> <span class='ocrx_word' id='word_1_86' title='bbox 1976 788 2182 857; x_wconf 90' lang='lat' dir='ltr'>clesiis,</span> <span class='ocrx_word' id='word_1_87' title='bbox 2214 790 2371 843; x_wconf 90' lang='lat' dir='ltr'>nulla</span> <span class='ocrx_word' id='word_1_88' title='bbox 2396 789 2755 844; x_wconf 85' lang='lat' dir='ltr'>voluntatum</span> <span class='ocrx_word' id='word_1_89' title='bbox 2785 796 3113 845; x_wconf 88' lang='lat' dir='ltr'>nostrarum</span> <span class='ocrx_word' id='word_1_90' title='bbox 3144 791 3669 849; x_wconf 70' lang='lat' dir='ltr'>distantialmdere-</span> 
     </span>
    </p>
   </div>
   <div class='ocr_carea' id='block_1_9' title="bbox 191 876 3671 949">
    <p class='ocr_par' dir='ltr' id='par_1_9' title="bbox 191 876 3671 949">
     <span class='ocr_line' id='line_1_9' title="bbox 191 876 3671 949; baseline 0.001 -15"><span class='ocrx_word' id='word_1_91' title='bbox 191 897 344 935; x_wconf 88' lang='lat' dir='ltr'>mana</span> <span class='ocrx_word' id='word_1_92' title='bbox 387 878 518 949; x_wconf 86' lang='lat' dir='ltr'>(hoc</span> <span class='ocrx_word' id='word_1_93' title='bbox 559 884 643 931; x_wconf 91' lang='lat' dir='ltr'>est</span> <span class='ocrx_word' id='word_1_94' title='bbox 685 876 983 948; x_wconf 86' lang='lat' dir='ltr'>catholica)</span> <span class='ocrx_word' id='word_1_95' title='bbox 1032 880 1305 949; x_wconf 87' lang='lat' dir='ltr'>sequatur</span> <span class='ocrx_word' id='word_1_96' title='bbox 1354 881 1409 930; x_wconf 92' lang='lat' dir='ltr'>et</span> <span class='ocrx_word' id='word_1_97' title='bbox 1452 882 1733 931; x_wconf 90' lang='lat' dir='ltr'>asseveret</span> <span class='ocrx_word' id='word_1_98' title='bbox 1772 878 1870 930; x_wconf 91' lang='lat' dir='ltr'>Ec-</span> <span class='ocrx_word' id='word_1_99' title='bbox 1978 883 2088 933; x_wconf 89' lang='lat' dir='ltr'>tur.</span> <span class='ocrx_word' id='word_1_100' title='bbox 2131 878 2238 933; x_wconf 86' lang='lat' dir='ltr'>Sed</span> <span class='ocrx_word' id='word_1_101' title='bbox 2278 878 2414 949; x_wconf 88' lang='lat' dir='ltr'>quia</span> <span class='ocrx_word' id='word_1_102' title='bbox 2452 894 2574 932; x_wconf 91' lang='lat' dir='ltr'>rem</span> <span class='ocrx_word' id='word_1_103' title='bbox 2623 881 2736 932; x_wconf 87' lang='lat' dir='ltr'>tam</span> <span class='ocrx_word' id='word_1_104' title='bbox 2788 883 3030 949; x_wconf 82' lang='lat' dir='ltr'>gratam,</span> <span class='ocrx_word' id='word_1_105' title='bbox 3066 885 3123 934; x_wconf 92' lang='lat' dir='ltr'>et</span> <span class='ocrx_word' id='word_1_106' title='bbox 3161 882 3394 936; x_wconf 88' lang='lat' dir='ltr'>Patrum</span> <span class='ocrx_word' id='word_1_107' title='bbox 3441 884 3671 938; x_wconf 88' lang='lat' dir='ltr'>statutis</span> 
     </span>
    </p>
   </div>
   <div class='ocr_carea' id='block_1_10' title="bbox 192 965 3670 1040">
    <p class='ocr_par' dir='ltr' id='par_1_10' title="bbox 192 965 3670 1040">
     <span class='ocr_line' id='line_1_10' title="bbox 192 965 3670 1040; baseline 0.001 -18"><span class='ocrx_word' id='word_1_108' title='bbox 192 968 359 1034; x_wconf 87' lang='lat' dir='ltr'>clesia,</span> <span class='ocrx_word' id='word_1_109' title='bbox 388 968 519 1021; x_wconf 89' lang='lat' dir='ltr'>licet</span> <span class='ocrx_word' id='word_1_110' title='bbox 546 968 606 1020; x_wconf 91' lang='lat' dir='ltr'>in</span> <span class='ocrx_word' id='word_1_111' title='bbox 642 966 813 1020; x_wconf 89' lang='lat' dir='ltr'>variis</span> <span class='ocrx_word' id='word_1_112' title='bbox 844 965 1005 1019; x_wconf 87' lang='lat' dir='ltr'>libris</span> <span class='ocrx_word' id='word_1_113' title='bbox 1046 965 1199 1018; x_wconf 85' lang='lat' dir='ltr'>beati</span> <span class='ocrx_word' id='word_1_114' title='bbox 1232 965 1559 1036; x_wconf 83' lang='lat' dir='ltr'>Augustini,</span> <span class='ocrx_word' id='word_1_115' title='bbox 1596 970 1650 1020; x_wconf 91' lang='lat' dir='ltr'>et</span> <span class='ocrx_word' id='word_1_116' title='bbox 1694 966 1868 1019; x_wconf 87' lang='lat' dir='ltr'>maxi-</span> <span class='ocrx_word' id='word_1_117' title='bbox 1976 968 2399 1021; x_wconf 91' lang='lat' dir='ltr'>venerabilibus</span> <span class='ocrx_word' id='word_1_118' title='bbox 2445 974 2860 1039; x_wconf 81' lang='lat' dir='ltr'>congruentem</span> <span class='ocrx_word' id='word_1_119' title='bbox 2907 968 3251 1040; x_wconf 88' lang='lat' dir='ltr'>quibusdam</span> <span class='ocrx_word' id='word_1_120' title='bbox 3304 971 3670 1027; x_wconf 85' lang='lat' dir='ltr'>tarditatibus</span> 
     </span>
    </p>
   </div>
   <div class='ocr_carea' id='block_1_11' title="bbox 191 1054 3671 1127">
    <p class='ocr_par' dir='ltr' id='par_1_11' title="bbox 191 1054 3671 1127">
     <span class='ocr_line' id='line_1_11' title="bbox 191 1054 3671 1127; baseline 0.001 -16"><span class='ocrx_word' id='word_1_121' title='bbox 191 1073 269 1111; x_wconf 89' lang='lat' dir='ltr'>me</span> <span class='ocrx_word' id='word_1_122' title='bbox 298 1057 363 1110; x_wconf 88' lang='lat' dir='ltr'>ad</span> <span class='ocrx_word' id='word_1_123' title='bbox 395 1056 674 1110; x_wconf 82' lang='lat' dir='ltr'>Hilarium</span> <span class='ocrx_word' id='word_1_124' title='bbox 702 1060 755 1109; x_wconf 92' lang='lat' dir='ltr'>et</span> <span class='ocrx_word' id='word_1_125' title='bbox 779 1056 1140 1124; x_wconf 88' lang='lat' dir='ltr'>Prosperum,</span> <span class='ocrx_word' id='word_1_126' title='bbox 1166 1054 1346 1125; x_wconf 89' lang='lat' dir='ltr'>possit</span> <span class='ocrx_word' id='word_1_127' title='bbox 1377 1054 1657 1126; x_wconf 90' lang='lat' dir='ltr'>cognosci,</span> <span class='ocrx_word' id='word_1_128' title='bbox 1676 1059 1869 1109; x_wconf 89' lang='lat' dir='ltr'>tamen</span> <span class='ocrx_word' id='word_1_129' title='bbox 1979 1055 2221 1125; x_wconf 87' lang='lat' dir='ltr'>contigit</span> <span class='ocrx_word' id='word_1_130' title='bbox 2254 1072 2404 1110; x_wconf 91' lang='lat' dir='ltr'>nunc</span> <span class='ocrx_word' id='word_1_131' title='bbox 2435 1072 2616 1127; x_wconf 88' lang='lat' dir='ltr'>usque</span> <span class='ocrx_word' id='word_1_132' title='bbox 2650 1057 2885 1123; x_wconf 74' lang='lat' dir='ltr'>differri,</span> <span class='ocrx_word' id='word_1_133' title='bbox 2916 1058 3073 1112; x_wconf 92' lang='lat' dir='ltr'>unde</span> <span class='ocrx_word' id='word_1_134' title='bbox 3106 1058 3279 1113; x_wconf 89' lang='lat' dir='ltr'>etiam</span> <span class='ocrx_word' id='word_1_135' title='bbox 3311 1060 3382 1113; x_wconf 90' lang='lat' dir='ltr'>ad</span> <span class='ocrx_word' id='word_1_136' title='bbox 3414 1061 3671 1116; x_wconf 89' lang='lat' dir='ltr'>decesso-</span> 
     </span>
    </p>
   </div>
   <div class='ocr_carea' id='block_1_12' title="bbox 192 1143 3675 1218">
    <p class='ocr_par' dir='ltr' id='par_1_12' title="bbox 192 1143 3675 1218">
     <span class='ocr_line' id='line_1_12' title="bbox 192 1143 3675 1218; baseline 0.002 -20"><span class='ocrx_word' id='word_1_137' title='bbox 192 1148 241 1199; x_wconf 89' lang='lat' dir='ltr'>in</span> <span class='ocrx_word' id='word_1_138' title='bbox 279 1145 499 1198; x_wconf 87' lang='lat' dir='ltr'>scriniis</span> <span class='ocrx_word' id='word_1_139' title='bbox 548 1143 941 1198; x_wconf 87' lang='lat' dir='ltr'>ecclesiasticis</span> <span class='ocrx_word' id='word_1_140' title='bbox 992 1160 1257 1214; x_wconf 86' lang='lat' dir='ltr'>expressa</span> <span class='ocrx_word' id='word_1_141' title='bbox 1291 1144 1537 1214; x_wconf 89' lang='lat' dir='ltr'>capitula</span> <span class='ocrx_word' id='word_1_142' title='bbox 1568 1144 1869 1198; x_wconf 91' lang='lat' dir='ltr'>continen-</span> <span class='ocrx_word' id='word_1_143' title='bbox 1979 1160 2100 1198; x_wconf 91' lang='lat' dir='ltr'>rem</span> <span class='ocrx_word' id='word_1_144' title='bbox 2134 1144 2503 1199; x_wconf 88' lang='lat' dir='ltr'>fraternitatis</span> <span class='ocrx_word' id='word_1_145' title='bbox 2529 1151 2644 1200; x_wconf 58' lang='lat' dir='ltr'>tua;</span> <span class='ocrx_word' id='word_1_146' title='bbox 2671 1162 2774 1200; x_wconf 92' lang='lat' dir='ltr'>nos</span> <span class='ocrx_word' id='word_1_147' title='bbox 2801 1146 3088 1218; x_wconf 88' lang='lat' dir='ltr'>scripsisse</span> <span class='ocrx_word' id='word_1_148' title='bbox 3115 1148 3515 1218; x_wconf 89' lang='lat' dir='ltr'>meminimus;</span> <span class='ocrx_word' id='word_1_149' title='bbox 3543 1151 3675 1205; x_wconf 92' lang='lat' dir='ltr'>hor-</span> 
     </span>
    </p>
   </div>
   <div class='ocr_carea' id='block_1_13' title="bbox 192 1232 3675 1308">
    <p class='ocr_par' dir='ltr' id='par_1_13' title="bbox 192 1232 3675 1308">
     <span class='ocr_line' id='line_1_13' title="bbox 192 1232 3675 1308; baseline 0.001 -18"><span class='ocrx_word' id='word_1_150' title='bbox 192 1243 288 1301; x_wconf 89' lang='lat' dir='ltr'>tur,</span> <span class='ocrx_word' id='word_1_151' title='bbox 320 1251 447 1305; x_wconf 77' lang='lat' dir='ltr'>quae</span> <span class='ocrx_word' id='word_1_152' title='bbox 480 1234 529 1287; x_wconf 91' lang='lat' dir='ltr'>si</span> <span class='ocrx_word' id='word_1_153' title='bbox 568 1234 673 1288; x_wconf 90' lang='lat' dir='ltr'>tibi</span> <span class='ocrx_word' id='word_1_154' title='bbox 705 1234 932 1299; x_wconf 88' lang='lat' dir='ltr'>desunt,</span> <span class='ocrx_word' id='word_1_155' title='bbox 965 1238 1022 1286; x_wconf 93' lang='lat' dir='ltr'>et</span> <span class='ocrx_word' id='word_1_156' title='bbox 1063 1233 1383 1288; x_wconf 88' lang='lat' dir='ltr'>necessaria</span> <span class='ocrx_word' id='word_1_157' title='bbox 1419 1233 1667 1300; x_wconf 90' lang='lat' dir='ltr'>creditis,</span> <span class='ocrx_word' id='word_1_158' title='bbox 1702 1232 1873 1287; x_wconf 90' lang='lat' dir='ltr'>desti—</span> <span class='ocrx_word' id='word_1_159' title='bbox 1980 1237 2171 1288; x_wconf 88' lang='lat' dir='ltr'>tamur</span> <span class='ocrx_word' id='word_1_160' title='bbox 2202 1240 2264 1287; x_wconf 88' lang='lat' dir='ltr'>ut</span> <span class='ocrx_word' id='word_1_161' title='bbox 2290 1234 2572 1304; x_wconf 58' lang='lat' dir='ltr'>laetitiam,</span> <span class='ocrx_word' id='word_1_162' title='bbox 2608 1250 2780 1306; x_wconf 89' lang='lat' dir='ltr'>quam</span> <span class='ocrx_word' id='word_1_163' title='bbox 2815 1236 2884 1289; x_wconf 92' lang='lat' dir='ltr'>de</span> <span class='ocrx_word' id='word_1_164' title='bbox 2916 1237 3185 1291; x_wconf 90' lang='lat' dir='ltr'>damnato</span> <span class='ocrx_word' id='word_1_165' title='bbox 3218 1239 3526 1308; x_wconf 60' lang='lat' dir='ltr'>praeteritas</span> <span class='ocrx_word' id='word_1_166' title='bbox 3559 1240 3675 1295; x_wconf 91' lang='lat' dir='ltr'>dis-</span> 
     </span>
    </p>
   </div>
   <div class='ocr_carea' id='block_1_14' title="bbox 190 1321 3671 1394">
    <p class='ocr_par' dir='ltr' id='par_1_14' title="bbox 190 1321 3671 1394">
     <span class='ocr_line' id='line_1_14' title="bbox 190 1321 3671 1394; baseline 0.001 -16"><span class='ocrx_word' id='word_1_167' title='bbox 190 1325 457 1389; x_wconf 87' lang='lat' dir='ltr'>nabimus,</span> <span class='ocrx_word' id='word_1_168' title='bbox 480 1340 815 1394; x_wconf 83' lang='lat' dir='ltr'>quanquam</span> <span class='ocrx_word' id='word_1_169' title='bbox 840 1322 938 1393; x_wconf 90' lang='lat' dir='ltr'>qui</span> <span class='ocrx_word' id='word_1_170' title='bbox 962 1321 1269 1391; x_wconf 88' lang='lat' dir='ltr'>diligenter</span> <span class='ocrx_word' id='word_1_171' title='bbox 1290 1322 1533 1392; x_wconf 89' lang='lat' dir='ltr'>apostoli</span> <span class='ocrx_word' id='word_1_172' title='bbox 1558 1324 1703 1377; x_wconf 90' lang='lat' dir='ltr'>dicta</span> <span class='ocrx_word' id='word_1_173' title='bbox 1737 1339 1869 1376; x_wconf 90' lang='lat' dir='ltr'>con-</span> <span class='ocrx_word' id='word_1_174' title='bbox 1982 1321 2263 1375; x_wconf 88' lang='lat' dir='ltr'>sensionis</span> <span class='ocrx_word' id='word_1_175' title='bbox 2294 1338 2487 1377; x_wconf 89' lang='lat' dir='ltr'>errore</span> <span class='ocrx_word' id='word_1_176' title='bbox 2511 1323 2857 1393; x_wconf 90' lang='lat' dir='ltr'>percipimus</span> <span class='ocrx_word' id='word_1_177' title='bbox 2889 1340 2901 1377; x_wconf 91' lang='lat'><strong>:</strong></span> <span class='ocrx_word' id='word_1_178' title='bbox 2936 1323 2997 1377; x_wconf 92' lang='lat' dir='ltr'>in</span> <span class='ocrx_word' id='word_1_179' title='bbox 3036 1325 3194 1378; x_wconf 90' lang='lat' dir='ltr'>nullo</span> <span class='ocrx_word' id='word_1_180' title='bbox 3226 1325 3434 1380; x_wconf 89' lang='lat' dir='ltr'>iterum</span> <span class='ocrx_word' id='word_1_181' title='bbox 3465 1327 3671 1382; x_wconf 90' lang='lat' dir='ltr'>discre-</span> 
     </span>
    </p>
   </div>
   <div class='ocr_carea' id='block_1_15' title="bbox 190 1410 3677 1484">
    <p class='ocr_par' dir='ltr' id='par_1_15' title="bbox 190 1410 3677 1484">
     <span class='ocr_line' id='line_1_15' title="bbox 190 1410 3677 1484; baseline 0.001 -17"><span class='ocrx_word' id='word_1_182' title='bbox 190 1414 398 1479; x_wconf 86' lang='lat' dir='ltr'>siderat,</span> <span class='ocrx_word' id='word_1_183' title='bbox 434 1412 576 1484; x_wconf 90' lang='lat' dir='ltr'>quid</span> <span class='ocrx_word' id='word_1_184' title='bbox 618 1412 781 1483; x_wconf 87' lang='lat' dir='ltr'>sequi</span> <span class='ocrx_word' id='word_1_185' title='bbox 811 1412 1016 1465; x_wconf 89' lang='lat' dir='ltr'>debeat</span> <span class='ocrx_word' id='word_1_186' title='bbox 1047 1410 1340 1465; x_wconf 86' lang='lat' dir='ltr'>evidenter</span> <span class='ocrx_word' id='word_1_187' title='bbox 1380 1416 1698 1481; x_wconf 85' lang='lat' dir='ltr'>cognoscat.</span> <span class='ocrx_word' id='word_1_188' title='bbox 1732 1414 1876 1465; x_wconf 88' lang='lat' dir='ltr'>Data</span> <span class='ocrx_word' id='word_1_189' title='bbox 1984 1411 2244 1480; x_wconf 88' lang='lat' dir='ltr'>pantium</span> <span class='ocrx_word' id='word_1_190' title='bbox 2304 1411 2625 1465; x_wconf 86' lang='lat' dir='ltr'>animorum</span> <span class='ocrx_word' id='word_1_191' title='bbox 2678 1428 2847 1466; x_wconf 87' lang='lat' dir='ltr'>causa</span> <span class='ocrx_word' id='word_1_192' title='bbox 2905 1414 3218 1467; x_wconf 89' lang='lat' dir='ltr'>contristet.</span> <span class='ocrx_word' id='word_1_193' title='bbox 3267 1415 3486 1469; x_wconf 90' lang='lat' dir='ltr'>Etenim</span> <span class='ocrx_word' id='word_1_194' title='bbox 3529 1417 3677 1471; x_wconf 90' lang='lat' dir='ltr'>nulli</span> 
     </span>
    </p>
   </div>
   <div class='ocr_carea' id='block_1_16' title="bbox 192 1500 3677 1572">
    <p class='ocr_par' dir='ltr' id='par_1_16' title="bbox 192 1500 3677 1572">
     <span class='ocr_line' id='line_1_16' title="bbox 192 1500 3677 1572; baseline 0.003 -22"><span class='ocrx_word' id='word_1_195' title='bbox 192 1502 358 1557; x_wconf 80' lang='lat' dir='ltr'>idibus</span> <span class='ocrx_word' id='word_1_196' title='bbox 384 1501 659 1572; x_wconf 77' lang='lat' dir='ltr'>Augusti.</span> <span class='ocrx_word' id='word_1_197' title='bbox 1982 1500 2207 1554; x_wconf 90' lang='lat' dir='ltr'>videtur</span> <span class='ocrx_word' id='word_1_198' title='bbox 2262 1516 2359 1553; x_wconf 92' lang='lat' dir='ltr'>vos</span> <span class='ocrx_word' id='word_1_199' title='bbox 2418 1500 2715 1555; x_wconf 89' lang='lat' dir='ltr'>nobiscum</span> <span class='ocrx_word' id='word_1_200' title='bbox 2764 1503 2935 1572; x_wconf 92' lang='lat' dir='ltr'>pleno</span> <span class='ocrx_word' id='word_1_201' title='bbox 2997 1503 3418 1557; x_wconf 88' lang='lat' dir='ltr'>communicare</span> <span class='ocrx_word' id='word_1_202' title='bbox 3467 1505 3677 1561; x_wconf 89' lang='lat' dir='ltr'>mentis</span> 
     </span>
    </p>
   </div>
   <div class='ocr_carea' id='block_1_17' title="bbox 749 1588 3677 1660">
    <p class='ocr_par' dir='ltr' id='par_1_17' title="bbox 749 1588 3677 1660">
     <span class='ocr_line' id='line_1_17' title="bbox 749 1588 3677 1660; baseline 0.002 -17"><span class='ocrx_word' id='word_1_203' title='bbox 749 1588 1086 1643; x_wconf 79' lang='lat' dir='ltr'>EPISTOLA</span> <span class='ocrx_word' id='word_1_204' title='bbox 1135 1590 1304 1643; x_wconf 78' lang='lat' dir='ltr'><strong>LXXI.</strong></span> <span class='ocrx_word' id='word_1_205' title='bbox 1916 1648 1951 1660; x_wconf 47' lang='lat' dir='ltr'><strong>h</strong></span> <span class='ocrx_word' id='word_1_206' title='bbox 1986 1588 2213 1656; x_wconf 82' lang='lat' dir='ltr'>aﬂ‘ectu,</span> <span class='ocrx_word' id='word_1_207' title='bbox 2263 1588 2307 1641; x_wconf 89' lang='lat' dir='ltr'>si</span> <span class='ocrx_word' id='word_1_208' title='bbox 2351 1604 2445 1643; x_wconf 87' lang='lat' dir='ltr'>eos</span> <span class='ocrx_word' id='word_1_209' title='bbox 2478 1588 2573 1660; x_wconf 91' lang='lat' dir='ltr'>qui</span> <span class='ocrx_word' id='word_1_210' title='bbox 2625 1589 2923 1643; x_wconf 89' lang='lat' dir='ltr'>nobiscum</span> <span class='ocrx_word' id='word_1_211' title='bbox 2971 1590 3401 1647; x_wconf 88' lang='lat' dir='ltr'>communicant</span> <span class='ocrx_word' id='word_1_212' title='bbox 3428 1610 3460 1647; x_wconf 89' lang='lat' dir='ltr'>a</span> <span class='ocrx_word' id='word_1_213' title='bbox 3487 1600 3677 1650; x_wconf 90' lang='lat' dir='ltr'>vestro</span> 
     </span>
    </p>
   </div>
   <div class='ocr_carea' id='block_1_18' title="bbox 262 1648 3678 1753">
    <p class='ocr_par' dir='ltr' id='par_1_18' title="bbox 262 1648 3678 1753">
     <span class='ocr_line' id='line_1_18' title="bbox 262 1648 3678 1753; baseline 0.001 -20"><span class='ocrx_word' id='word_1_214' title='bbox 262 1698 325 1734; x_wconf 78' lang='lat' dir='ltr'>AD</span> <span class='ocrx_word' id='word_1_215' title='bbox 362 1695 699 1733; x_wconf 68' lang='lat' dir='ltr'>EPIPHANIUM</span> <span class='ocrx_word' id='word_1_216' title='bbox 739 1694 1420 1733; x_wconf 61' lang='lat' dir='ltr'>coxsrmrmorourmuu</span> <span class='ocrx_word' id='word_1_217' title='bbox 1460 1694 1773 1733; x_wconf 74' lang='lat' dir='ltr'>EPISCOPUM.</span> <span class='ocrx_word' id='word_1_218' title='bbox 1913 1648 1953 1702; x_wconf 75' lang='grc' dir='ltr'><strong>Β</strong></span> <span class='ocrx_word' id='word_1_219' title='bbox 1981 1677 2264 1731; x_wconf 89' lang='lat' dir='ltr'>consortio</span> <span class='ocrx_word' id='word_1_220' title='bbox 2296 1678 2627 1747; x_wconf 84' lang='lat' dir='ltr'>segregatis.</span> <span class='ocrx_word' id='word_1_221' title='bbox 2670 1679 2959 1732; x_wconf 89' lang='lat' dir='ltr'>Incassum</span> <span class='ocrx_word' id='word_1_222' title='bbox 2999 1685 3150 1733; x_wconf 88' lang='lat' dir='ltr'>certe</span> <span class='ocrx_word' id='word_1_223' title='bbox 3181 1679 3447 1735; x_wconf 88' lang='lat' dir='ltr'>videntur</span> <span class='ocrx_word' id='word_1_224' title='bbox 3476 1698 3678 1753; x_wconf 89' lang='lat' dir='ltr'>pacem</span> 
     </span>
    </p>
   </div>
   <div class='ocr_carea' id='block_1_19' title="bbox 186 1766 3680 1841">
    <p class='ocr_par' dir='ltr' id='par_1_19' title="bbox 186 1766 3680 1841">
     <span class='ocr_line' id='line_1_19' title="bbox 186 1766 3680 1841; baseline 0.001 -17"><span class='ocrx_word' id='word_1_225' title='bbox 186 1769 573 1841; x_wconf 75' lang='lat' dir='ltr'>Epiphaniam</span> <span class='ocrx_word' id='word_1_226' title='bbox 598 1772 923 1841; x_wconf 77' lang='lat' dir='ltr'>episcopum</span> <span class='ocrx_word' id='word_1_227' title='bbox 953 1766 1291 1841; x_wconf 3' lang='lat' dir='ltr'>ordinatum,</span> <span class='ocrx_word' id='word_1_228' title='bbox 1308 1784 1414 1841; x_wconf 68' lang='lat' dir='ltr'>pec</span> <span class='ocrx_word' id='word_1_229' title='bbox 1444 1766 1742 1839; x_wconf 73' lang='lat' dir='ltr'>scripsisse</span> <span class='ocrx_word' id='word_1_230' title='bbox 1773 1782 1872 1823; x_wconf 86' lang='lat' dir='ltr'>nec</span> <span class='ocrx_word' id='word_1_231' title='bbox 1980 1766 2234 1836; x_wconf 90' lang='lat' dir='ltr'>recipere</span> <span class='ocrx_word' id='word_1_232' title='bbox 2262 1766 2360 1836; x_wconf 91' lang='lat' dir='ltr'>qui</span> <span class='ocrx_word' id='word_1_233' title='bbox 2388 1766 2543 1836; x_wconf 89' lang='lat' dir='ltr'>pacis</span> <span class='ocrx_word' id='word_1_234' title='bbox 2566 1767 2839 1821; x_wconf 78' lang='lat' dir='ltr'>differunt</span> <span class='ocrx_word' id='word_1_235' title='bbox 2860 1774 3149 1839; x_wconf 76' lang='lat' dir='ltr'>praecepta</span> <span class='ocrx_word' id='word_1_236' title='bbox 3169 1770 3477 1839; x_wconf 90' lang='lat' dir='ltr'>complere.</span> <span class='ocrx_word' id='word_1_237' title='bbox 3507 1772 3680 1836; x_wconf 88' lang='lat' dir='ltr'>Quid-</span> 
     </span>
    </p>
   </div>
   <div class='ocr_carea' id='block_1_20' title="bbox 647 1837 2242 1926">
    <p class='ocr_par' dir='ltr' id='par_1_20' title="bbox 647 1837 2242 1925">
     <span class='ocr_line' id='line_1_20' title="bbox 647 1837 2242 1925; baseline 0.003 -32"><span class='ocrx_word' id='word_1_238' title='bbox 647 1840 867 1911; x_wconf 75' lang='lat' dir='ltr'>legatos</span> <span class='ocrx_word' id='word_1_239' title='bbox 896 1837 1121 1892; x_wconf 84' lang='lat' dir='ltr'>misisse</span> <span class='ocrx_word' id='word_1_240' title='bbox 1150 1838 1401 1891; x_wconf 77' lang='lat' dir='ltr'>nuntiat.</span> <span class='ocrx_word' id='word_1_241' title='bbox 1556 1837 1574 1839; x_wconf 30' lang='grc' dir='ltr'>ί</span> <span class='ocrx_word' id='word_1_242' title='bbox 1981 1856 2119 1925; x_wconf 75' lang='lat' dir='ltr'>quid</span> <span class='ocrx_word' id='word_1_243' title='bbox 2150 1858 2242 1908; x_wconf 75' lang='lat' dir='ltr'>eni</span> 
     </span>
    </p>
   </div>
   <div class='ocr_carea' id='block_1_21' title="bbox 2082 1837 3677 1926">
    <p class='ocr_par' dir='ltr' id='par_1_21' title="bbox 2085 1855 3677 1926">
     <span class='ocr_line' id='line_1_21' title="bbox 2085 1855 3677 1926; baseline 0.001 -17"><span class='ocrx_word' id='word_1_244' title='bbox 2085 1856 2119 1909; x_wconf 93' lang='lat' dir='ltr'>d</span> <span class='ocrx_word' id='word_1_245' title='bbox 2150 1858 2305 1909; x_wconf 90' lang='lat' dir='ltr'>enim</span> <span class='ocrx_word' id='word_1_246' title='bbox 2337 1855 2397 1908; x_wconf 89' lang='lat' dir='ltr'>in</span> <span class='ocrx_word' id='word_1_247' title='bbox 2442 1855 2672 1909; x_wconf 89' lang='lat' dir='ltr'>illorum</span> <span class='ocrx_word' id='word_1_248' title='bbox 2716 1856 3076 1926; x_wconf 90' lang='lat' dir='ltr'>suscipienda</span> <span class='ocrx_word' id='word_1_249' title='bbox 3108 1856 3517 1911; x_wconf 89' lang='lat' dir='ltr'>communione</span> <span class='ocrx_word' id='word_1_250' title='bbox 3543 1872 3677 1911; x_wconf 92' lang='lat' dir='ltr'>mo-</span> 
     </span>
    </p>
   </div>
   <div class='ocr_carea' id='block_1_22' title="bbox 250 1944 3676 2017">
    <p class='ocr_par' dir='ltr' id='par_1_22' title="bbox 250 1944 3676 2017">
     <span class='ocr_line' id='line_1_22' title="bbox 250 1944 3676 2017; baseline -0 -15"><span class='ocrx_word' id='word_1_251' title='bbox 250 1946 549 2002; x_wconf 86' lang='lat' dir='ltr'>Hormisda</span> <span class='ocrx_word' id='word_1_252' title='bbox 572 1946 892 2017; x_wconf 85' lang='lat' dir='ltr'>Epiphanio</span> <span class='ocrx_word' id='word_1_253' title='bbox 915 1945 1549 2014; x_wconf 88' lang='lat' dir='ltr'>Constantinopolitano</span> <span class='ocrx_word' id='word_1_254' title='bbox 1581 1946 1866 2016; x_wconf 91' lang='lat' dir='ltr'>episcopo.</span> <span class='ocrx_word' id='word_1_255' title='bbox 1980 1944 2209 2010; x_wconf 85' lang='lat' dir='ltr'>ramini,</span> <span class='ocrx_word' id='word_1_256' title='bbox 2239 1945 2670 2015; x_wconf 89' lang='lat' dir='ltr'>quodammodo</span> <span class='ocrx_word' id='word_1_257' title='bbox 2691 1946 2759 1999; x_wconf 91' lang='lat' dir='ltr'>de</span> <span class='ocrx_word' id='word_1_258' title='bbox 2785 1951 2982 1999; x_wconf 87' lang='lat' dir='ltr'>nostra</span> <span class='ocrx_word' id='word_1_259' title='bbox 3008 1946 3469 2000; x_wconf 89' lang='lat' dir='ltr'>reconciliatione</span> <span class='ocrx_word' id='word_1_260' title='bbox 3492 1947 3676 2001; x_wconf 87' lang='lat' dir='ltr'>detra—</span> 
     </span>
    </p>
   </div>
   <div class='ocr_carea' id='block_1_23' title="bbox 249 2033 3677 2105">
    <p class='ocr_par' dir='ltr' id='par_1_23' title="bbox 249 2033 3677 2105">
     <span class='ocr_line' id='line_1_23' title="bbox 249 2033 3677 2105; baseline 0 -15"><span class='ocrx_word' id='word_1_261' title='bbox 249 2038 347 2092; x_wconf 91' lang='lat' dir='ltr'>Diu</span> <span class='ocrx_word' id='word_1_262' title='bbox 396 2054 503 2091; x_wconf 90' lang='lat' dir='ltr'>nos</span> <span class='ocrx_word' id='word_1_263' title='bbox 552 2053 669 2090; x_wconf 89' lang='lat' dir='ltr'>non</span> <span class='ocrx_word' id='word_1_264' title='bbox 718 2036 982 2089; x_wconf 88' lang='lat' dir='ltr'>nuntiata</span> <span class='ocrx_word' id='word_1_265' title='bbox 1038 2039 1153 2089; x_wconf 66' lang='lat' dir='ltr'>tua:</span> <span class='ocrx_word' id='word_1_266' title='bbox 1201 2034 1515 2105; x_wconf 87' lang='lat' dir='ltr'>primordia</span> <span class='ocrx_word' id='word_1_267' title='bbox 1574 2034 1867 2104; x_wconf 87' lang='lat' dir='ltr'>dignitatis</span> <span class='ocrx_word' id='word_1_268' title='bbox 1980 2033 2133 2087; x_wconf 90' lang='lat' dir='ltr'>hitis.</span> <span class='ocrx_word' id='word_1_269' title='bbox 2190 2035 2253 2087; x_wconf 90' lang='lat' dir='ltr'>Et</span> <span class='ocrx_word' id='word_1_270' title='bbox 2302 2034 2715 2103; x_wconf 84' lang='lat' dir='ltr'>providendum</span> <span class='ocrx_word' id='word_1_271' title='bbox 2762 2040 2865 2102; x_wconf 88' lang='lat' dir='ltr'>est,</span> <span class='ocrx_word' id='word_1_272' title='bbox 2918 2035 3094 2091; x_wconf 85' lang='lat' dir='ltr'>frater</span> <span class='ocrx_word' id='word_1_273' title='bbox 3142 2036 3451 2105; x_wconf 87' lang='lat' dir='ltr'>carissime,</span> <span class='ocrx_word' id='word_1_274' title='bbox 3502 2052 3576 2090; x_wconf 90' lang='lat' dir='ltr'>ne</span> <span class='ocrx_word' id='word_1_275' title='bbox 3628 2035 3677 2090; x_wconf 91' lang='lat' dir='ltr'>si</span> 
     </span>
    </p>
   </div>
   <div class='ocr_carea' id='block_1_24' title="bbox 191 2123 3678 2197">
    <p class='ocr_par' dir='ltr' id='par_1_24' title="bbox 191 2123 3678 2197">
     <span class='ocr_line' id='line_1_24' title="bbox 191 2123 3678 2197; baseline -0.001 -15"><span class='ocrx_word' id='word_1_276' title='bbox 191 2134 403 2182; x_wconf 86' lang='lat' dir='ltr'>tenuere</span> <span class='ocrx_word' id='word_1_277' title='bbox 436 2143 774 2197; x_wconf 89' lang='lat' dir='ltr'>suspensos,</span> <span class='ocrx_word' id='word_1_278' title='bbox 807 2130 862 2179; x_wconf 91' lang='lat' dir='ltr'>et</span> <span class='ocrx_word' id='word_1_279' title='bbox 888 2125 948 2179; x_wconf 92' lang='lat' dir='ltr'>in</span> <span class='ocrx_word' id='word_1_280' title='bbox 976 2125 1101 2195; x_wconf 88' lang='lat' dir='ltr'>ipsa</span> <span class='ocrx_word' id='word_1_281' title='bbox 1133 2124 1455 2178; x_wconf 88' lang='lat' dir='ltr'>communis</span> <span class='ocrx_word' id='word_1_282' title='bbox 1488 2124 1871 2193; x_wconf 87' lang='lat' dir='ltr'>gratulatione</span> <span class='ocrx_word' id='word_1_283' title='bbox 1984 2123 2361 2178; x_wconf 90' lang='lat' dir='ltr'>Ecclesiarum</span> <span class='ocrx_word' id='word_1_284' title='bbox 2391 2130 2717 2177; x_wconf 90' lang='lat' dir='ltr'>nostrarum</span> <span class='ocrx_word' id='word_1_285' title='bbox 2751 2124 2979 2179; x_wconf 87' lang='lat' dir='ltr'>tandem</span> <span class='ocrx_word' id='word_1_286' title='bbox 3012 2125 3255 2195; x_wconf 90' lang='lat' dir='ltr'>desuper</span> <span class='ocrx_word' id='word_1_287' title='bbox 3286 2125 3512 2180; x_wconf 86' lang='lat' dir='ltr'>indulta</span> <span class='ocrx_word' id='word_1_288' title='bbox 3546 2142 3678 2180; x_wconf 90' lang='lat' dir='ltr'>con-</span> 
     </span>
    </p>
   </div>
   <div class='ocr_carea' id='block_1_25' title="bbox 193 2211 3677 2286">
    <p class='ocr_par' dir='ltr' id='par_1_25' title="bbox 193 2211 3677 2286">
     <span class='ocr_line' id='line_1_25' title="bbox 193 2211 3677 2286; baseline -0.001 -15"><span class='ocrx_word' id='word_1_289' title='bbox 193 2216 395 2280; x_wconf 67' lang='lat' dir='ltr'>laetitias,</span> <span class='ocrx_word' id='word_1_290' title='bbox 434 2216 639 2270; x_wconf 87' lang='lat' dir='ltr'>mirati</span> <span class='ocrx_word' id='word_1_291' title='bbox 677 2215 991 2269; x_wconf 89' lang='lat' dir='ltr'>admodum</span> <span class='ocrx_word' id='word_1_292' title='bbox 1052 2230 1248 2267; x_wconf 91' lang='lat' dir='ltr'>sumus</span> <span class='ocrx_word' id='word_1_293' title='bbox 1288 2230 1506 2266; x_wconf 89' lang='lat' dir='ltr'>morem</span> <span class='ocrx_word' id='word_1_294' title='bbox 1562 2212 1872 2283; x_wconf 89' lang='lat' dir='ltr'>pristinum</span> <span class='ocrx_word' id='word_1_295' title='bbox 1981 2212 2176 2266; x_wconf 90' lang='lat' dir='ltr'>cordia</span> <span class='ocrx_word' id='word_1_296' title='bbox 2205 2212 2273 2266; x_wconf 91' lang='lat' dir='ltr'>ab</span> <span class='ocrx_word' id='word_1_297' title='bbox 2296 2211 2387 2265; x_wconf 92' lang='lat' dir='ltr'>his</span> <span class='ocrx_word' id='word_1_298' title='bbox 2418 2212 2715 2266; x_wconf 86' lang='lat' dir='ltr'>exordium</span> <span class='ocrx_word' id='word_1_299' title='bbox 2744 2219 2934 2267; x_wconf 87' lang='lat' dir='ltr'>sumat</span> <span class='ocrx_word' id='word_1_300' title='bbox 2962 2214 3255 2285; x_wconf 85' lang='lat' dir='ltr'>exemplis,</span> <span class='ocrx_word' id='word_1_301' title='bbox 3291 2219 3349 2268; x_wconf 92' lang='lat' dir='ltr'>et</span> <span class='ocrx_word' id='word_1_302' title='bbox 3378 2213 3677 2286; x_wconf 89' lang='lat' dir='ltr'>religionis</span> 
     </span>
    </p>
   </div>
   <div class='ocr_carea' id='block_1_26' title="bbox 192 2301 3673 2376">
    <p class='ocr_par' dir='ltr' id='par_1_26' title="bbox 192 2301 3673 2376">
     <span class='ocr_line' id='line_1_26' title="bbox 192 2301 3673 2376; baseline -0.001 -16"><span class='ocrx_word' id='word_1_303' title='bbox 192 2307 340 2360; x_wconf 89' lang='lat' dir='ltr'>fuisse</span> <span class='ocrx_word' id='word_1_304' title='bbox 386 2306 754 2376; x_wconf 88' lang='lat' dir='ltr'>neglectum;</span> <span class='ocrx_word' id='word_1_305' title='bbox 810 2304 944 2375; x_wconf 89' lang='lat' dir='ltr'>quia</span> <span class='ocrx_word' id='word_1_306' title='bbox 994 2308 1258 2373; x_wconf 88' lang='lat' dir='ltr'>reparata</span> <span class='ocrx_word' id='word_1_307' title='bbox 1305 2301 1703 2369; x_wconf 83' lang='lat' dir='ltr'>Ecclesiarum,</span> <span class='ocrx_word' id='word_1_308' title='bbox 1756 2304 1870 2357; x_wconf 92' lang='lat' dir='ltr'>Deo</span> <span class='ocrx_word' id='word_1_309' title='bbox 1980 2302 2307 2356; x_wconf 88' lang='lat' dir='ltr'>veneranda</span> <span class='ocrx_word' id='word_1_310' title='bbox 2336 2302 2553 2372; x_wconf 89' lang='lat' dir='ltr'>regula,</span> <span class='ocrx_word' id='word_1_311' title='bbox 2591 2305 2647 2357; x_wconf 92' lang='lat' dir='ltr'>et</span> <span class='ocrx_word' id='word_1_312' title='bbox 2677 2302 3001 2372; x_wconf 82' lang='lat' dir='ltr'>apostolicae</span> <span class='ocrx_word' id='word_1_313' title='bbox 3044 2304 3194 2357; x_wconf 89' lang='lat' dir='ltr'>sedis</span> <span class='ocrx_word' id='word_1_314' title='bbox 3227 2304 3535 2358; x_wconf 86' lang='lat' dir='ltr'>auctoritas</span> <span class='ocrx_word' id='word_1_315' title='bbox 3564 2305 3673 2358; x_wconf 88' lang='lat' dir='ltr'>im-</span> 
     </span>
    </p>
   </div>
   <div class='ocr_carea' id='block_1_27' title="bbox 193 2391 3676 2465">
    <p class='ocr_par' dir='ltr' id='par_1_27' title="bbox 193 2391 3676 2465">
     <span class='ocr_line' id='line_1_27' title="bbox 193 2391 3676 2465; baseline -0.001 -16"><span class='ocrx_word' id='word_1_316' title='bbox 193 2401 474 2461; x_wconf 84' lang='lat' dir='ltr'>annuente,</span> <span class='ocrx_word' id='word_1_317' title='bbox 512 2393 839 2460; x_wconf 89' lang='lat' dir='ltr'>concordia,</span> <span class='ocrx_word' id='word_1_318' title='bbox 874 2394 1109 2463; x_wconf 83' lang='lat' dir='ltr'>plenum</span> <span class='ocrx_word' id='word_1_319' title='bbox 1142 2393 1407 2445; x_wconf 69' lang='lat' dir='ltr'>fraternas</span> <span class='ocrx_word' id='word_1_320' title='bbox 1440 2392 1595 2462; x_wconf 90' lang='lat' dir='ltr'>pacis</span> <span class='ocrx_word' id='word_1_321' title='bbox 1624 2392 1683 2445; x_wconf 93' lang='lat' dir='ltr'>id</span> <span class='ocrx_word' id='word_1_322' title='bbox 1715 2392 1874 2462; x_wconf 84' lang='lat' dir='ltr'>ﬂagi-</span> <span class='ocrx_word' id='word_1_323' title='bbox 1982 2392 2205 2445; x_wconf 89' lang='lat' dir='ltr'>minuta</span> <span class='ocrx_word' id='word_1_324' title='bbox 2235 2391 2411 2461; x_wconf 90' lang='lat' dir='ltr'>(quod</span> <span class='ocrx_word' id='word_1_325' title='bbox 2460 2391 2625 2462; x_wconf 90' lang='lat' dir='ltr'>absit)</span> <span class='ocrx_word' id='word_1_326' title='bbox 2660 2408 2764 2461; x_wconf 93' lang='lat' dir='ltr'>per</span> <span class='ocrx_word' id='word_1_327' title='bbox 2812 2391 3099 2447; x_wconf 88' lang='lat' dir='ltr'>Orientem</span> <span class='ocrx_word' id='word_1_328' title='bbox 3142 2393 3331 2464; x_wconf 90' lang='lat' dir='ltr'>potius</span> <span class='ocrx_word' id='word_1_329' title='bbox 3376 2393 3456 2465; x_wconf 90' lang='lat' dir='ltr'>(b)</span> <span class='ocrx_word' id='word_1_330' title='bbox 3496 2393 3676 2448; x_wconf 90' lang='lat' dir='ltr'>divul-</span> 
     </span>
    </p>
   </div>
   <div class='ocr_carea' id='block_1_28' title="bbox 192 2481 2912 2553">
    <p class='ocr_par' dir='ltr' id='par_1_28' title="bbox 192 2481 2912 2553">
     <span class='ocr_line' id='line_1_28' title="bbox 192 2481 2912 2553; baseline -0.002 -14"><span class='ocrx_word' id='word_1_331' title='bbox 192 2486 326 2539; x_wconf 84' lang='lat' dir='ltr'>tabat</span> <span class='ocrx_word' id='word_1_332' title='bbox 352 2485 615 2539; x_wconf 83' lang='lat' dir='ltr'>officium</span> <span class='ocrx_word' id='word_1_333' title='bbox 648 2500 660 2536; x_wconf 93' lang='lat'><strong>:</strong></span> <span class='ocrx_word' id='word_1_334' title='bbox 695 2482 1015 2553; x_wconf 73' lang='lat' dir='ltr'>praesertim</span> <span class='ocrx_word' id='word_1_335' title='bbox 1046 2482 1200 2551; x_wconf 89' lang='lat' dir='ltr'>quod</span> <span class='ocrx_word' id='word_1_336' title='bbox 1239 2482 1382 2536; x_wconf 89' lang='lat' dir='ltr'>illud</span> <span class='ocrx_word' id='word_1_337' title='bbox 1417 2481 1523 2535; x_wconf 91' lang='lat' dir='ltr'>sibi</span> <span class='ocrx_word' id='word_1_338' title='bbox 1555 2498 1674 2535; x_wconf 92' lang='lat' dir='ltr'>non</span> <span class='ocrx_word' id='word_1_339' title='bbox 1717 2498 1870 2535; x_wconf 84' lang='lat' dir='ltr'>arro-</span> <span class='ocrx_word' id='word_1_340' title='bbox 1981 2487 2113 2553; x_wconf 88' lang='lat' dir='ltr'>gata</span> <span class='ocrx_word' id='word_1_341' title='bbox 2142 2497 2313 2553; x_wconf 89' lang='lat' dir='ltr'>quam</span> <span class='ocrx_word' id='word_1_342' title='bbox 2348 2481 2609 2536; x_wconf 87' lang='lat' dir='ltr'>restituta</span> <span class='ocrx_word' id='word_1_343' title='bbox 2635 2481 2912 2535; x_wconf 88' lang='lat' dir='ltr'>videatur.</span> 
     </span>
    </p>
   </div>
   <div class='ocr_carea' id='block_1_29' title="bbox 195 2570 2981 2662">
    <p class='ocr_par' dir='ltr' id='par_1_29' title="bbox 195 2570 2981 2662">
     <span class='ocr_line' id='line_1_29' title="bbox 195 2570 2981 2662; baseline 0.005 -36"><span class='ocrx_word' id='word_1_344' title='bbox 195 2575 367 2644; x_wconf 88' lang='lat' dir='ltr'>gantia</span> <span class='ocrx_word' id='word_1_345' title='bbox 400 2574 751 2645; x_wconf 89' lang='lat' dir='ltr'>personalis,</span> <span class='ocrx_word' id='word_1_346' title='bbox 787 2573 882 2662; x_wconf 80' lang='lat' dir='ltr'>sed</span> <span class='ocrx_word' id='word_1_347' title='bbox 925 2573 1256 2662; x_wconf 86' lang='lat' dir='ltr'>regularum</span> <span class='ocrx_word' id='word_1_348' title='bbox 1292 2570 1872 2662; x_wconf 84' lang='lat' dir='ltr'>observantiavindi-</span> <span class='ocrx_word' id='word_1_349' title='bbox 2683 2607 2981 2662; x_wconf 71' lang='lat' dir='ltr'>RELATIO</span> 
     </span>
    </p>
   </div>
   <div class='ocr_carea' id='block_1_30' title="bbox 2222 2727 3447 2767">
    <p class='ocr_par' dir='ltr' id='par_1_30' title="bbox 2222 2727 3447 2767">
     <span class='ocr_line' id='line_1_30' title="bbox 2222 2727 3447 2767; baseline 0 0"><span class='ocrx_word' id='word_1_350' title='bbox 2222 2729 2496 2767; x_wconf 78' lang='lat' dir='ltr'>EPIPEANII</span> <span class='ocrx_word' id='word_1_351' title='bbox 2532 2727 2714 2766; x_wconf 83' lang='lat' dir='ltr'>EPISCO</span> <span class='ocrx_word' id='word_1_352' title='bbox 2722 2729 2772 2765; x_wconf 84' lang='lat' dir='ltr'>PI</span> <span class='ocrx_word' id='word_1_353' title='bbox 2812 2728 3426 2767; x_wconf 77' lang='lat' dir='ltr'>CONSTANTINOPOLITANI</span> <span class='ocrx_word' id='word_1_354' title='bbox 3435 2754 3447 2767; x_wconf 89' lang='lat'>.</span> 
     </span>
    </p>
   </div>
   <div class='ocr_carea' id='block_1_31' title="bbox 194 2660 1874 2731">
    <p class='ocr_par' dir='ltr' id='par_1_31' title="bbox 194 2660 1874 2731">
     <span class='ocr_line' id='line_1_31' title="bbox 194 2660 1874 2731; baseline -0.001 -16"><span class='ocrx_word' id='word_1_355' title='bbox 194 2663 349 2717; x_wconf 86' lang='lat' dir='ltr'>cabat.</span> <span class='ocrx_word' id='word_1_356' title='bbox 384 2664 671 2716; x_wconf 87' lang='lat' dir='ltr'>Decuerat</span> <span class='ocrx_word' id='word_1_357' title='bbox 700 2660 1005 2731; x_wconf 86' lang='lat' dir='ltr'>siquidem,</span> <span class='ocrx_word' id='word_1_358' title='bbox 1039 2660 1213 2713; x_wconf 87' lang='lat' dir='ltr'>frater</span> <span class='ocrx_word' id='word_1_359' title='bbox 1242 2660 1549 2727; x_wconf 89' lang='lat' dir='ltr'>carissime,</span> <span class='ocrx_word' id='word_1_360' title='bbox 1576 2665 1630 2715; x_wconf 94' lang='lat' dir='ltr'>te</span> <span class='ocrx_word' id='word_1_361' title='bbox 1656 2661 1874 2730; x_wconf 87' lang='lat' dir='ltr'>legatos</span> 
     </span>
    </p>
   </div>
   <div class='ocr_carea' id='block_1_32' title="bbox 194 2748 1871 2820">
    <p class='ocr_par' dir='ltr' id='par_1_32' title="bbox 194 2748 1871 2820">
     <span class='ocr_line' id='line_1_32' title="bbox 194 2748 1871 2820; baseline 0 -18"><span class='ocrx_word' id='word_1_362' title='bbox 194 2750 252 2802; x_wconf 89' lang='lat' dir='ltr'>ad</span> <span class='ocrx_word' id='word_1_363' title='bbox 278 2751 650 2820; x_wconf 87' lang='lat' dir='ltr'>apostolicam</span> <span class='ocrx_word' id='word_1_364' title='bbox 685 2751 881 2803; x_wconf 90' lang='lat' dir='ltr'>sedem</span> <span class='ocrx_word' id='word_1_365' title='bbox 910 2750 1058 2803; x_wconf 89' lang='lat' dir='ltr'>inter</span> <span class='ocrx_word' id='word_1_366' title='bbox 1090 2750 1215 2819; x_wconf 86' lang='lat' dir='ltr'>ipsa</span> <span class='ocrx_word' id='word_1_367' title='bbox 1244 2750 1326 2803; x_wconf 89' lang='lat' dir='ltr'>tui</span> <span class='ocrx_word' id='word_1_368' title='bbox 1365 2750 1728 2819; x_wconf 76' lang='lat' dir='ltr'>pontificatus</span> <span class='ocrx_word' id='word_1_369' title='bbox 1761 2748 1871 2802; x_wconf 91' lang='lat' dir='ltr'>ini-</span> 
     </span>
    </p>
   </div>
   <div class='ocr_carea' id='block_1_33' title="bbox 195 2816 1790 2909">
    <p class='ocr_par' dir='ltr' id='par_1_33' title="bbox 195 2816 1790 2909">
     <span class='ocr_line' id='line_1_33' title="bbox 195 2816 1790 2909; baseline -0.003 -16"><span class='ocrx_word' id='word_1_370' title='bbox 195 2840 260 2893; x_wconf 82' lang='lat' dir='ltr'>tia</span> <span class='ocrx_word' id='word_1_371' title='bbox 284 2816 600 2893; x_wconf 77' lang='lat' dir='ltr'>destinasse</span> <span class='ocrx_word' id='word_1_372' title='bbox 633 2841 674 2907; x_wconf 75' lang='lat'>&#39;,</span> <span class='ocrx_word' id='word_1_373' title='bbox 708 2844 769 2893; x_wconf 86' lang='lat' dir='ltr'>ut</span> <span class='ocrx_word' id='word_1_374' title='bbox 802 2843 858 2893; x_wconf 92' lang='lat' dir='ltr'>et</span> <span class='ocrx_word' id='word_1_375' title='bbox 905 2854 1079 2909; x_wconf 89' lang='lat' dir='ltr'>quem</span> <span class='ocrx_word' id='word_1_376' title='bbox 1111 2816 1228 2892; x_wconf 67' lang='lat' dir='ltr'>tibi</span> <span class='ocrx_word' id='word_1_377' title='bbox 1259 2816 1568 2893; x_wconf 75' lang='lat' dir='ltr'>debeamus</span> <span class='ocrx_word' id='word_1_378' title='bbox 1606 2837 1790 2891; x_wconf 77' lang='lat' dir='ltr'>affecti</span> 
     </span>
    </p>
   </div>
   <div class='ocr_carea' id='block_1_34' title="bbox 2084 2816 3679 2909">
    <p class='ocr_par' dir='ltr' id='par_1_34' title="bbox 2096 2816 3679 2909">
     <span class='ocr_line' id='line_1_34' title="bbox 2096 2816 3679 2909; baseline -0.001 -36"><span class='ocrx_word' id='word_1_379' title='bbox 2096 2835 2203 2873; x_wconf 85' lang='lat' dir='ltr'>sua</span> <span class='ocrx_word' id='word_1_380' title='bbox 2227 2817 2512 2909; x_wconf 62' lang='lat' dir='ltr'>electione.</span> <span class='ocrx_word' id='word_1_381' title='bbox 2549 2817 2751 2909; x_wconf 65' lang='lat' dir='ltr'>Fidem</span> <span class='ocrx_word' id='word_1_382' title='bbox 2780 2816 3133 2909; x_wconf 53' lang='lat' dir='ltr'>pathoiicam</span> <span class='ocrx_word' id='word_1_383' title='bbox 3158 2818 3483 2909; x_wconf 52' lang='lat' dir='ltr'>proﬁtetur,</span> <span class='ocrx_word' id='word_1_384' title='bbox 3515 2819 3572 2872; x_wconf 87' lang='lat' dir='ltr'>et</span> <span class='ocrx_word' id='word_1_385' title='bbox 3608 2817 3679 2872; x_wconf 80' lang='lat' dir='ltr'>de</span> 
     </span>
    </p>
   </div>
   <div class='ocr_carea' id='block_1_35' title="bbox 195 2889 3449 3001">
    <p class='ocr_par' dir='ltr' id='par_1_35' title="bbox 195 2889 3449 3001">
     <span class='ocr_line' id='line_1_35' title="bbox 201 2889 3402 2909; baseline 0.002 -18"><span class='ocrx_word' id='word_1_386' title='bbox 201 2889 259 2893; x_wconf 50' lang='grc' dir='ltr'>,η</span> <span class='ocrx_word' id='word_1_387' title='bbox 290 2889 595 2893; x_wconf 58' lang='lat'>_--____-__</span> <span class='ocrx_word' id='word_1_388' title='bbox 660 2889 674 2907; x_wconf 81' lang='lat'>,</span> <span class='ocrx_word' id='word_1_389' title='bbox 715 2889 767 2893; x_wconf 78' lang='lat'>_-</span> <span class='ocrx_word' id='word_1_390' title='bbox 809 2889 856 2893; x_wconf 56' lang='grc' dir='ltr'><strong>μ</strong></span> <span class='ocrx_word' id='word_1_391' title='bbox 913 2889 1078 2909; x_wconf 53' lang='grc' dir='ltr'>γη-</span> <span class='ocrx_word' id='word_1_392' title='bbox 1132 2889 1227 2892; x_wconf 67' lang='lat'>_-__</span> <span class='ocrx_word' id='word_1_393' title='bbox 1265 2889 1562 2893; x_wconf 42' lang='lat' dir='ltr'>--__-,,m_-</span> <span class='ocrx_word' id='word_1_394' title='bbox 1801 2889 1804 2890; x_wconf 36' lang='grc' dir='ltr'><em>ν</em></span> <span class='ocrx_word' id='word_1_395' title='bbox 2357 2889 2366 2898; x_wconf 94' lang='grc'><strong>.</strong></span> <span class='ocrx_word' id='word_1_396' title='bbox 2874 2889 2884 2897; x_wconf 95' lang='grc'><em>.</em></span> <span class='ocrx_word' id='word_1_397' title='bbox 3394 2889 3402 2898; x_wconf 93' lang='grc'><strong>.</strong></span> 
     </span>
     <span class='ocr_line' id='line_1_36' title="bbox 195 2889 3449 3001; baseline 0 -19"><span class='ocrx_word' id='word_1_398' title='bbox 195 2929 317 2983; x_wconf 89' lang='lat' dir='ltr'>bene</span> <span class='ocrx_word' id='word_1_399' title='bbox 363 2944 770 3001; x_wconf 86' lang='lat' dir='ltr'>cognosceres,</span> <span class='ocrx_word' id='word_1_400' title='bbox 803 2931 859 2982; x_wconf 92' lang='lat' dir='ltr'>et</span> <span class='ocrx_word' id='word_1_401' title='bbox 894 2931 1128 2981; x_wconf 67' lang='lat' dir='ltr'>vetustae</span> <span class='ocrx_word' id='word_1_402' title='bbox 1173 2927 1601 2981; x_wconf 90' lang='lat' dir='ltr'>consuetudinis</span> <span class='ocrx_word' id='word_1_403' title='bbox 1630 2926 1875 2979; x_wconf 91' lang='lat' dir='ltr'>formam</span> <span class='ocrx_word' id='word_1_404' title='bbox 2211 2890 2470 2944; x_wconf 59' lang='lat' dir='ltr'>omnsz</span> <span class='ocrx_word' id='word_1_405' title='bbox 2498 2904 2626 2942; x_wconf 71' lang='lat' dir='ltr'>cum</span> <span class='ocrx_word' id='word_1_406' title='bbox 2652 2889 2922 2943; x_wconf 56' lang='lat' dir='ltr'>Ecclema</span> <span class='ocrx_word' id='word_1_407' title='bbox 2949 2890 3223 2943; x_wconf 69' lang='lat' dir='ltr'>Romana</span> <span class='ocrx_word' id='word_1_408' title='bbox 3252 2891 3449 2943; x_wconf 57' lang='lat' dir='ltr'>senat&#39;</span> 
     </span>
    </p>
   </div>
   <div class='ocr_carea' id='block_1_36' title="bbox 196 3006 3682 3089">
    <p class='ocr_par' dir='ltr' id='par_1_36' title="bbox 196 3006 3682 3089">
     <span class='ocr_line' id='line_1_37' title="bbox 196 3006 3682 3089; baseline -0.001 -18"><span class='ocrx_word' id='word_1_409' title='bbox 196 3018 282 3072; x_wconf 81' lang='lat' dir='ltr'>rite</span> <span class='ocrx_word' id='word_1_410' title='bbox 309 3020 656 3089; x_wconf 82' lang='lat' dir='ltr'>compleres.</span> <span class='ocrx_word' id='word_1_411' title='bbox 707 3017 815 3071; x_wconf 91' lang='lat' dir='ltr'>Sed</span> <span class='ocrx_word' id='word_1_412' title='bbox 845 3017 973 3070; x_wconf 92' lang='lat' dir='ltr'>licet</span> <span class='ocrx_word' id='word_1_413' title='bbox 1007 3016 1096 3070; x_wconf 92' lang='lat' dir='ltr'>his</span> <span class='ocrx_word' id='word_1_414' title='bbox 1136 3015 1379 3083; x_wconf 91' lang='lat' dir='ltr'>omissis,</span> <span class='ocrx_word' id='word_1_415' title='bbox 1412 3013 1704 3086; x_wconf 90' lang='lat' dir='ltr'>paginalia</span> <span class='ocrx_word' id='word_1_416' title='bbox 1747 3018 1873 3067; x_wconf 88' lang='lat' dir='ltr'>tan-</span> <span class='ocrx_word' id='word_1_417' title='bbox 1914 3006 1954 3061; x_wconf 82' lang='lat' dir='ltr'>C</span> <span class='ocrx_word' id='word_1_418' title='bbox 2054 3012 2423 3069; x_wconf 88' lang='lat' dir='ltr'>Sanctissimo</span> <span class='ocrx_word' id='word_1_419' title='bbox 2450 3028 2514 3066; x_wconf 92' lang='lat' dir='ltr'>ac</span> <span class='ocrx_word' id='word_1_420' title='bbox 2544 3012 2871 3066; x_wconf 89' lang='lat' dir='ltr'>beatissimo</span> <span class='ocrx_word' id='word_1_421' title='bbox 2898 3011 3132 3066; x_wconf 91' lang='lat' dir='ltr'>domino</span> <span class='ocrx_word' id='word_1_422' title='bbox 3164 3011 3327 3066; x_wconf 89' lang='lat' dir='ltr'>fratri</span> <span class='ocrx_word' id='word_1_423' title='bbox 3356 3016 3412 3066; x_wconf 90' lang='lat' dir='ltr'>et</span> <span class='ocrx_word' id='word_1_424' title='bbox 3446 3011 3682 3066; x_wconf 89' lang='lat' dir='ltr'>commi-</span> 
     </span>
    </p>
   </div>
   <div class='ocr_carea' id='block_1_37' title="bbox 196 3100 3680 3177">
    <p class='ocr_par' dir='ltr' id='par_1_37' title="bbox 196 3100 3680 3177">
     <span class='ocr_line' id='line_1_38' title="bbox 196 3100 3680 3177; baseline -0.001 -17"><span class='ocrx_word' id='word_1_425' title='bbox 196 3113 295 3163; x_wconf 86' lang='lat' dir='ltr'>tum</span> <span class='ocrx_word' id='word_1_426' title='bbox 330 3109 599 3163; x_wconf 83' lang='lat' dir='ltr'>sufﬁcere</span> <span class='ocrx_word' id='word_1_427' title='bbox 632 3107 947 3177; x_wconf 86' lang='lat' dir='ltr'>judicasses</span> <span class='ocrx_word' id='word_1_428' title='bbox 974 3122 1037 3161; x_wconf 84' lang='lat' dir='ltr'>ex</span> <span class='ocrx_word' id='word_1_429' title='bbox 1070 3104 1365 3159; x_wconf 87' lang='lat' dir='ltr'>occasione</span> <span class='ocrx_word' id='word_1_430' title='bbox 1407 3105 1691 3175; x_wconf 89' lang='lat' dir='ltr'>colloquia</span> <span class='ocrx_word' id='word_1_431' title='bbox 1724 3119 1735 3157; x_wconf 88' lang='lat'><strong>:</strong></span> <span class='ocrx_word' id='word_1_432' title='bbox 1774 3119 1874 3157; x_wconf 93' lang='lat' dir='ltr'>nos</span> <span class='ocrx_word' id='word_1_433' title='bbox 1986 3102 2276 3159; x_wconf 90' lang='lat' dir='ltr'>nistratori</span> <span class='ocrx_word' id='word_1_434' title='bbox 2305 3100 2622 3158; x_wconf 67' lang='lat' dir='ltr'>Hormisdae</span> <span class='ocrx_word' id='word_1_435' title='bbox 2649 3101 3002 3173; x_wconf 85' lang='lat' dir='ltr'>Epiphanius</span> <span class='ocrx_word' id='word_1_436' title='bbox 3033 3101 3333 3174; x_wconf 91' lang='lat' dir='ltr'>episcopus</span> <span class='ocrx_word' id='word_1_437' title='bbox 3353 3102 3415 3157; x_wconf 91' lang='lat' dir='ltr'>in</span> <span class='ocrx_word' id='word_1_438' title='bbox 3434 3102 3680 3158; x_wconf 90' lang='lat' dir='ltr'>Domino</span> 
     </span>
    </p>
   </div>
   <div class='ocr_carea' id='block_1_38' title="bbox 196 3192 2246 3269">
    <p class='ocr_par' dir='ltr' id='par_1_38' title="bbox 196 3192 2246 3269">
     <span class='ocr_line' id='line_1_39' title="bbox 196 3192 2246 3269; baseline -0.002 -18"><span class='ocrx_word' id='word_1_439' title='bbox 196 3205 360 3252; x_wconf 84' lang='lat' dir='ltr'>tamen</span> <span class='ocrx_word' id='word_1_440' title='bbox 392 3198 591 3269; x_wconf 86' lang='lat' dir='ltr'>gratia</span> <span class='ocrx_word' id='word_1_441' title='bbox 636 3195 946 3266; x_wconf 89' lang='lat' dir='ltr'>stipulante</span> <span class='ocrx_word' id='word_1_442' title='bbox 982 3192 1355 3263; x_wconf 87' lang='lat' dir='ltr'>(stimulante)</span> <span class='ocrx_word' id='word_1_443' title='bbox 1389 3193 1691 3263; x_wconf 89' lang='lat' dir='ltr'>compulsi,</span> <span class='ocrx_word' id='word_1_444' title='bbox 1733 3192 1877 3246; x_wconf 91' lang='lat' dir='ltr'>inte-</span> <span class='ocrx_word' id='word_1_445' title='bbox 1985 3197 2246 3249; x_wconf 89' lang='lat' dir='ltr'>salutem.</span> 
     </span>
    </p>
   </div>
   <div class='ocr_carea' id='block_1_39' title="bbox 196 3272 3679 3357">
    <p class='ocr_par' dir='ltr' id='par_1_39' title="bbox 196 3272 3679 3357">
     <span class='ocr_line' id='line_1_40' title="bbox 196 3272 3679 3357; baseline -0.001 -19"><span class='ocrx_word' id='word_1_446' title='bbox 196 3287 285 3340; x_wconf 87' lang='lat' dir='ltr'>rim</span> <span class='ocrx_word' id='word_1_447' title='bbox 307 3288 453 3357; x_wconf 88' lang='lat' dir='ltr'>juste</span> <span class='ocrx_word' id='word_1_448' title='bbox 487 3285 880 3341; x_wconf 88' lang='lat' dir='ltr'>constantiam</span> <span class='ocrx_word' id='word_1_449' title='bbox 914 3283 1323 3354; x_wconf 82' lang='lat' dir='ltr'>expectationis</span> <span class='ocrx_word' id='word_1_450' title='bbox 1352 3283 1709 3352; x_wconf 88' lang='lat' dir='ltr'>abrupimus,</span> <span class='ocrx_word' id='word_1_451' title='bbox 1738 3280 1879 3335; x_wconf 88' lang='lat' dir='ltr'>reci-</span> <span class='ocrx_word' id='word_1_452' title='bbox 1936 3272 1939 3273; x_wconf 38' lang='grc'><strong><em>⁷</em></strong></span> <span class='ocrx_word' id='word_1_453' title='bbox 2054 3284 2213 3337; x_wconf 84' lang='lat' dir='ltr'>Deus</span> <span class='ocrx_word' id='word_1_454' title='bbox 2239 3281 2340 3353; x_wconf 83' lang='lat' dir='ltr'>qui</span> <span class='ocrx_word' id='word_1_455' title='bbox 2366 3280 2428 3335; x_wconf 86' lang='lat' dir='ltr'>in</span> <span class='ocrx_word' id='word_1_456' title='bbox 2452 3281 2573 3336; x_wconf 84' lang='lat' dir='ltr'>allo</span> <span class='ocrx_word' id='word_1_457' title='bbox 2599 3280 2845 3347; x_wconf 81' lang='lat' dir='ltr'>habitat,</span> <span class='ocrx_word' id='word_1_458' title='bbox 2875 3282 2931 3334; x_wconf 89' lang='lat' dir='ltr'>et</span> <span class='ocrx_word' id='word_1_459' title='bbox 2955 3279 3201 3336; x_wconf 79' lang='lat' dir='ltr'>humilia</span> <span class='ocrx_word' id='word_1_460' title='bbox 3226 3281 3468 3353; x_wconf 76' lang='lat' dir='ltr'>respicit</span> <span class='ocrx_word' id='word_1_461' title='bbox 3488 3281 3679 3353; x_wconf 80' lang='lat' dir='ltr'>(Psal.</span> 
     </span>
    </p>
   </div>
   <div class='ocr_carea' id='block_1_40' title="bbox 196 3369 3683 3445">
    <p class='ocr_par' dir='ltr' id='par_1_40' title="bbox 196 3369 3683 3445">
     <span class='ocr_line' id='line_1_41' title="bbox 196 3369 3683 3445; baseline -0.001 -16"><span class='ocrx_word' id='word_1_462' title='bbox 196 3392 343 3445; x_wconf 87' lang='lat' dir='ltr'>proca</span> <span class='ocrx_word' id='word_1_463' title='bbox 369 3383 601 3432; x_wconf 70' lang='lat' dir='ltr'>mutua:</span> <span class='ocrx_word' id='word_1_464' title='bbox 631 3375 882 3429; x_wconf 88' lang='lat' dir='ltr'>caritatis</span> <span class='ocrx_word' id='word_1_465' title='bbox 926 3374 1100 3428; x_wconf 90' lang='lat' dir='ltr'>verba</span> <span class='ocrx_word' id='word_1_466' title='bbox 1129 3372 1463 3439; x_wconf 88' lang='lat' dir='ltr'>reddentes;</span> <span class='ocrx_word' id='word_1_467' title='bbox 1491 3371 1627 3442; x_wconf 89' lang='lat' dir='ltr'>quia</span> <span class='ocrx_word' id='word_1_468' title='bbox 1670 3376 1728 3425; x_wconf 92' lang='lat' dir='ltr'>et</span> <span class='ocrx_word' id='word_1_469' title='bbox 1772 3388 1873 3425; x_wconf 92' lang='lat' dir='ltr'>no-</span> <span class='ocrx_word' id='word_1_470' title='bbox 1987 3374 2137 3443; x_wconf 86' lang='lat' dir='ltr'>cxu),</span> <span class='ocrx_word' id='word_1_471' title='bbox 2167 3376 2222 3426; x_wconf 87' lang='lat' dir='ltr'>et</span> <span class='ocrx_word' id='word_1_472' title='bbox 2264 3371 2457 3426; x_wconf 91' lang='lat' dir='ltr'>omnia</span> <span class='ocrx_word' id='word_1_473' title='bbox 2486 3386 2590 3441; x_wconf 92' lang='lat' dir='ltr'>pro</span> <span class='ocrx_word' id='word_1_474' title='bbox 2632 3371 2813 3425; x_wconf 89' lang='lat' dir='ltr'>salute</span> <span class='ocrx_word' id='word_1_475' title='bbox 2853 3369 3159 3424; x_wconf 90' lang='lat' dir='ltr'>hominum</span> <span class='ocrx_word' id='word_1_476' title='bbox 3203 3371 3510 3426; x_wconf 88' lang='lat' dir='ltr'>afﬂuenter</span> <span class='ocrx_word' id='word_1_477' title='bbox 3551 3388 3683 3443; x_wconf 86' lang='lat' dir='ltr'>pro-</span> 
     </span>
    </p>
   </div>
   <div class='ocr_carea' id='block_1_41' title="bbox 196 3458 3686 3535">
    <p class='ocr_par' dir='ltr' id='par_1_41' title="bbox 196 3458 3686 3535">
     <span class='ocr_line' id='line_1_42' title="bbox 196 3458 3686 3535; baseline -0.001 -17"><span class='ocrx_word' id='word_1_478' title='bbox 196 3472 289 3519; x_wconf 87' lang='lat' dir='ltr'>ster</span> <span class='ocrx_word' id='word_1_479' title='bbox 317 3468 546 3522; x_wconf 86' lang='lat' dir='ltr'>animus</span> <span class='ocrx_word' id='word_1_480' title='bbox 581 3464 791 3521; x_wconf 89' lang='lat' dir='ltr'>amoris</span> <span class='ocrx_word' id='word_1_481' title='bbox 840 3462 1169 3535; x_wconf 88' lang='lat' dir='ltr'>impatiens,</span> <span class='ocrx_word' id='word_1_482' title='bbox 1209 3467 1263 3517; x_wconf 89' lang='lat' dir='ltr'>et</span> <span class='ocrx_word' id='word_1_483' title='bbox 1303 3462 1625 3532; x_wconf 87' lang='lat' dir='ltr'>legatorum</span> <span class='ocrx_word' id='word_1_484' title='bbox 1658 3466 1877 3533; x_wconf 85' lang='lat' dir='ltr'>nostro-</span> <span class='ocrx_word' id='word_1_485' title='bbox 1986 3462 2162 3527; x_wconf 87' lang='lat' dir='ltr'>videt,</span> <span class='ocrx_word' id='word_1_486' title='bbox 2192 3477 2297 3530; x_wconf 91' lang='lat' dir='ltr'>pro</span> <span class='ocrx_word' id='word_1_487' title='bbox 2320 3477 2420 3515; x_wconf 90' lang='lat' dir='ltr'>sua</span> <span class='ocrx_word' id='word_1_488' title='bbox 2440 3458 2697 3513; x_wconf 90' lang='lat' dir='ltr'>bonitate</span> <span class='ocrx_word' id='word_1_489' title='bbox 2721 3464 2778 3513; x_wconf 91' lang='lat' dir='ltr'>et</span> <span class='ocrx_word' id='word_1_490' title='bbox 2804 3460 3195 3514; x_wconf 85' lang='lat' dir='ltr'>misericordia</span> <span class='ocrx_word' id='word_1_491' title='bbox 3215 3476 3403 3515; x_wconf 89' lang='lat' dir='ltr'>meam</span> <span class='ocrx_word' id='word_1_492' title='bbox 3434 3461 3686 3533; x_wconf 83' lang='lat' dir='ltr'>respexit</span> 
     </span>
    </p>
   </div>
   <div class='ocr_carea' id='block_1_42' title="bbox 195 3548 3685 3622">
    <p class='ocr_par' dir='ltr' id='par_1_42' title="bbox 195 3548 3685 3622">
     <span class='ocr_line' id='line_1_43' title="bbox 195 3548 3685 3622; baseline -0.001 -13"><span class='ocrx_word' id='word_1_493' title='bbox 195 3570 303 3609; x_wconf 85' lang='lat' dir='ltr'>rum</span> <span class='ocrx_word' id='word_1_494' title='bbox 330 3556 515 3611; x_wconf 89' lang='lat' dir='ltr'>votiva</span> <span class='ocrx_word' id='word_1_495' title='bbox 573 3555 771 3608; x_wconf 90' lang='lat' dir='ltr'>relatio</span> <span class='ocrx_word' id='word_1_496' title='bbox 808 3553 1102 3607; x_wconf 81' lang='lat' dir='ltr'>exclusum</span> <span class='ocrx_word' id='word_1_497' title='bbox 1144 3552 1294 3622; x_wconf 90' lang='lat' dir='ltr'>quod</span> <span class='ocrx_word' id='word_1_498' title='bbox 1339 3551 1661 3620; x_wconf 90' lang='lat' dir='ltr'>imperabat</span> <span class='ocrx_word' id='word_1_499' title='bbox 1707 3566 1877 3603; x_wconf 91' lang='lat' dir='ltr'>causa</span> <span class='ocrx_word' id='word_1_500' title='bbox 1983 3549 2342 3619; x_wconf 88' lang='lat' dir='ltr'>parvitatem,</span> <span class='ocrx_word' id='word_1_501' title='bbox 2385 3553 2442 3603; x_wconf 90' lang='lat' dir='ltr'>et</span> <span class='ocrx_word' id='word_1_502' title='bbox 2477 3553 2610 3619; x_wconf 88' lang='lat' dir='ltr'>post</span> <span class='ocrx_word' id='word_1_503' title='bbox 2643 3548 2865 3602; x_wconf 88' lang='lat' dir='ltr'>obitum</span> <span class='ocrx_word' id='word_1_504' title='bbox 2898 3552 3105 3603; x_wconf 73' lang='lat' dir='ltr'>sanctae</span> <span class='ocrx_word' id='word_1_505' title='bbox 3151 3551 3444 3605; x_wconf 79' lang='lat' dir='ltr'>memoriae</span> <span class='ocrx_word' id='word_1_506' title='bbox 3492 3565 3685 3621; x_wconf 92' lang='lat' dir='ltr'>quon-</span> 
     </span>
    </p>
   </div>
   <div class='ocr_carea' id='block_1_43' title="bbox 196 3637 3685 3711">
    <p class='ocr_par' dir='ltr' id='par_1_43' title="bbox 196 3637 3685 3711">
     <span class='ocr_line' id='line_1_44' title="bbox 196 3637 3685 3711; baseline -0 -16"><span class='ocrx_word' id='word_1_507' title='bbox 196 3644 461 3700; x_wconf 85' lang='lat' dir='ltr'>silentium</span> <span class='ocrx_word' id='word_1_508' title='bbox 483 3645 567 3699; x_wconf 88' lang='lat' dir='ltr'>ad</span> <span class='ocrx_word' id='word_1_509' title='bbox 592 3643 782 3698; x_wconf 83' lang='lat' dir='ltr'>ofﬁcia</span> <span class='ocrx_word' id='word_1_510' title='bbox 800 3643 1054 3711; x_wconf 90' lang='lat' dir='ltr'>benigna</span> <span class='ocrx_word' id='word_1_511' title='bbox 1074 3644 1389 3709; x_wconf 86' lang='lat' dir='ltr'>traxerunt,</span> <span class='ocrx_word' id='word_1_512' title='bbox 1412 3640 1619 3711; x_wconf 89' lang='lat' dir='ltr'>quibus</span> <span class='ocrx_word' id='word_1_513' title='bbox 1645 3640 1715 3693; x_wconf 91' lang='lat' dir='ltr'>ad</span> <span class='ocrx_word' id='word_1_514' title='bbox 1736 3655 1877 3709; x_wconf 69' lang='lat' dir='ltr'>pras-</span> <span class='ocrx_word' id='word_1_515' title='bbox 1985 3639 2115 3692; x_wconf 90' lang='lat' dir='ltr'>dam</span> <span class='ocrx_word' id='word_1_516' title='bbox 2140 3637 2555 3709; x_wconf 85' lang='lat' dir='ltr'>archiepiscopi</span> <span class='ocrx_word' id='word_1_517' title='bbox 2577 3640 2631 3691; x_wconf 90' lang='lat' dir='ltr'>et</span> <span class='ocrx_word' id='word_1_518' title='bbox 2658 3638 2999 3707; x_wconf 70' lang='lat' dir='ltr'>patriarchae</span> <span class='ocrx_word' id='word_1_519' title='bbox 3021 3638 3257 3693; x_wconf 87' lang='lat' dir='ltr'>Joannis</span> <span class='ocrx_word' id='word_1_520' title='bbox 3286 3640 3480 3694; x_wconf 90' lang='lat' dir='ltr'>sedem</span> <span class='ocrx_word' id='word_1_521' title='bbox 3506 3656 3685 3694; x_wconf 90' lang='lat' dir='ltr'>sacer-</span> 
     </span>
    </p>
   </div>
   <div class='ocr_carea' id='block_1_44' title="bbox 196 3726 3688 3805">
    <p class='ocr_par' dir='ltr' id='par_1_44' title="bbox 196 3726 3688 3805">
     <span class='ocr_line' id='line_1_45' title="bbox 196 3726 3688 3805; baseline -0.001 -20"><span class='ocrx_word' id='word_1_522' title='bbox 196 3748 303 3788; x_wconf 87' lang='lat' dir='ltr'>sens</span> <span class='ocrx_word' id='word_1_523' title='bbox 347 3734 538 3805; x_wconf 88' lang='lat' dir='ltr'>gaudii</span> <span class='ocrx_word' id='word_1_524' title='bbox 600 3732 781 3786; x_wconf 89' lang='lat' dir='ltr'>nostri</span> <span class='ocrx_word' id='word_1_525' title='bbox 835 3730 1000 3801; x_wconf 90' lang='lat' dir='ltr'>signa</span> <span class='ocrx_word' id='word_1_526' title='bbox 1057 3735 1466 3797; x_wconf 88' lang='lat' dir='ltr'>monstramus,</span> <span class='ocrx_word' id='word_1_527' title='bbox 1524 3733 1579 3783; x_wconf 90' lang='lat' dir='ltr'>et</span> <span class='ocrx_word' id='word_1_528' title='bbox 1637 3729 1876 3799; x_wconf 73' lang='lat' dir='ltr'>privatae</span> <span class='ocrx_word' id='word_1_529' title='bbox 1986 3728 2239 3782; x_wconf 89' lang='lat' dir='ltr'>dotalem</span> <span class='ocrx_word' id='word_1_530' title='bbox 2268 3732 2476 3781; x_wconf 64' lang='lat' dir='ltr'>sanctae</span> <span class='ocrx_word' id='word_1_531' title='bbox 2509 3726 2769 3781; x_wconf 61' lang='lat' dir='ltr'>Ecclesiae</span> <span class='ocrx_word' id='word_1_532' title='bbox 2798 3727 3094 3782; x_wconf 75' lang='lat' dir='ltr'>catholicas</span> <span class='ocrx_word' id='word_1_533' title='bbox 3135 3728 3309 3799; x_wconf 71' lang='lat' dir='ltr'>regias</span> <span class='ocrx_word' id='word_1_534' title='bbox 3342 3727 3502 3783; x_wconf 90' lang='lat' dir='ltr'>urbis</span> <span class='ocrx_word' id='word_1_535' title='bbox 3541 3728 3688 3784; x_wconf 91' lang='lat' dir='ltr'>mihi</span> 
     </span>
    </p>
   </div>
   <div class='ocr_carea' id='block_1_45' title="bbox 198 3816 3685 3892">
    <p class='ocr_par' dir='ltr' id='par_1_45' title="bbox 198 3816 3685 3892">
     <span class='ocr_line' id='line_1_46' title="bbox 198 3816 3685 3892; baseline -0.001 -17"><span class='ocrx_word' id='word_1_536' title='bbox 198 3822 605 3892; x_wconf 86' lang='lat' dir='ltr'>quodammodo</span> <span class='ocrx_word' id='word_1_537' title='bbox 641 3820 908 3875; x_wconf 73' lang='lat' dir='ltr'>amicitia:</span> <span class='ocrx_word' id='word_1_538' title='bbox 936 3820 1127 3873; x_wconf 89' lang='lat' dir='ltr'>votiva</span> <span class='ocrx_word' id='word_1_539' title='bbox 1178 3817 1580 3889; x_wconf 87' lang='lat' dir='ltr'>persolvimus.</span> <span class='ocrx_word' id='word_1_540' title='bbox 1613 3817 1874 3888; x_wconf 89' lang='lat' dir='ltr'>Legatio-</span> <span class='ocrx_word' id='word_1_541' title='bbox 1985 3816 2242 3871; x_wconf 89' lang='lat' dir='ltr'>conferre</span> <span class='ocrx_word' id='word_1_542' title='bbox 2288 3816 2554 3886; x_wconf 88' lang='lat' dir='ltr'>dignatus</span> <span class='ocrx_word' id='word_1_543' title='bbox 2601 3820 2706 3881; x_wconf 92' lang='lat' dir='ltr'>est,</span> <span class='ocrx_word' id='word_1_544' title='bbox 2754 3818 3056 3886; x_wconf 87' lang='lat' dir='ltr'>sententia,</span> <span class='ocrx_word' id='word_1_545' title='bbox 3104 3825 3161 3871; x_wconf 90' lang='lat' dir='ltr'>et</span> <span class='ocrx_word' id='word_1_546' title='bbox 3201 3817 3476 3872; x_wconf 88' lang='lat' dir='ltr'>electione</span> <span class='ocrx_word' id='word_1_547' title='bbox 3520 3817 3685 3873; x_wconf 87' lang='lat' dir='ltr'>Chri-</span> 
     </span>
    </p>
   </div>
   <div class='ocr_carea' id='block_1_46' title="bbox 199 3903 3688 3981">
    <p class='ocr_par' dir='ltr' id='par_1_46' title="bbox 199 3903 3688 3981">
     <span class='ocr_line' id='line_1_47' title="bbox 199 3903 3688 3981; baseline -0.001 -16"><span class='ocrx_word' id='word_1_548' title='bbox 199 3927 307 3966; x_wconf 88' lang='lat' dir='ltr'>nem</span> <span class='ocrx_word' id='word_1_549' title='bbox 337 3919 529 3967; x_wconf 87' lang='lat' dir='ltr'>autem</span> <span class='ocrx_word' id='word_1_550' title='bbox 568 3917 727 3965; x_wconf 88' lang='lat' dir='ltr'>tuam</span> <span class='ocrx_word' id='word_1_551' title='bbox 750 3915 806 3964; x_wconf 90' lang='lat' dir='ltr'>et</span> <span class='ocrx_word' id='word_1_552' title='bbox 827 3927 894 3963; x_wconf 90' lang='lat' dir='ltr'>ea</span> <span class='ocrx_word' id='word_1_553' title='bbox 920 3926 1033 3981; x_wconf 91' lang='lat' dir='ltr'>qua</span> <span class='ocrx_word' id='word_1_554' title='bbox 1060 3908 1277 3963; x_wconf 91' lang='lat' dir='ltr'>dudum</span> <span class='ocrx_word' id='word_1_555' title='bbox 1301 3908 1485 3979; x_wconf 91' lang='lat' dir='ltr'>gratia</span> <span class='ocrx_word' id='word_1_556' title='bbox 1507 3907 1872 3974; x_wconf 89' lang='lat' dir='ltr'>sustinemus,</span> <span class='ocrx_word' id='word_1_557' title='bbox 1985 3904 2318 3959; x_wconf 89' lang='lat' dir='ltr'>stianissimi</span> <span class='ocrx_word' id='word_1_558' title='bbox 2366 3909 2423 3958; x_wconf 88' lang='lat' dir='ltr'>et</span> <span class='ocrx_word' id='word_1_559' title='bbox 2462 3903 2768 3974; x_wconf 86' lang='lat' dir='ltr'>justissimi</span> <span class='ocrx_word' id='word_1_560' title='bbox 2826 3904 3101 3975; x_wconf 89' lang='lat' dir='ltr'>principis</span> <span class='ocrx_word' id='word_1_561' title='bbox 3142 3906 3325 3960; x_wconf 91' lang='lat' dir='ltr'>nostri</span> <span class='ocrx_word' id='word_1_562' title='bbox 3365 3906 3596 3976; x_wconf 82' lang='lat' dir='ltr'>Justini,</span> <span class='ocrx_word' id='word_1_563' title='bbox 3631 3911 3688 3962; x_wconf 90' lang='lat' dir='ltr'>et</span> 
     </span>
    </p>
   </div>
   <div class='ocr_carea' id='block_1_47' title="bbox 199 3992 3686 4067">
    <p class='ocr_par' dir='ltr' id='par_1_47' title="bbox 199 3992 3686 4067">
     <span class='ocr_line' id='line_1_48' title="bbox 199 3992 3686 4067; baseline -0.001 -14"><span class='ocrx_word' id='word_1_564' title='bbox 199 4006 245 4054; x_wconf 86' lang='lat' dir='ltr'>et</span> <span class='ocrx_word' id='word_1_565' title='bbox 274 4002 391 4057; x_wconf 89' lang='lat' dir='ltr'>fulti</span> <span class='ocrx_word' id='word_1_566' title='bbox 428 4000 731 4056; x_wconf 79' lang='lat' dir='ltr'>veteribus</span> <span class='ocrx_word' id='word_1_567' title='bbox 771 3998 1093 4053; x_wconf 89' lang='lat' dir='ltr'>constitutis</span> <span class='ocrx_word' id='word_1_568' title='bbox 1142 3998 1443 4067; x_wconf 84' lang='lat' dir='ltr'>exigimus,</span> <span class='ocrx_word' id='word_1_569' title='bbox 1498 4000 1556 4050; x_wconf 89' lang='lat' dir='ltr'>ut</span> <span class='ocrx_word' id='word_1_570' title='bbox 1598 4000 1877 4066; x_wconf 89' lang='lat' dir='ltr'>quantum</span> <span class='ocrx_word' id='word_1_571' title='bbox 1983 3994 2260 4065; x_wconf 79' lang='lat' dir='ltr'>piissimae</span> <span class='ocrx_word' id='word_1_572' title='bbox 2293 3992 2531 4063; x_wconf 67' lang='lat' dir='ltr'>regium,</span> <span class='ocrx_word' id='word_1_573' title='bbox 2564 4008 2694 4063; x_wconf 63' lang='lat' dir='ltr'>quas</span> <span class='ocrx_word' id='word_1_574' title='bbox 2725 3992 2777 4047; x_wconf 92' lang='lat' dir='ltr'>ei</span> <span class='ocrx_word' id='word_1_575' title='bbox 2822 3993 2895 4047; x_wconf 88' lang='lat' dir='ltr'>ad</span> <span class='ocrx_word' id='word_1_576' title='bbox 2924 4009 3095 4048; x_wconf 91' lang='lat' dir='ltr'>omne</span> <span class='ocrx_word' id='word_1_577' title='bbox 3125 3995 3381 4050; x_wconf 89' lang='lat' dir='ltr'>studium</span> <span class='ocrx_word' id='word_1_578' title='bbox 3425 4012 3686 4050; x_wconf 90' lang='lat' dir='ltr'>commu-</span> 
     </span>
    </p>
   </div>
   <div class='ocr_carea' id='block_1_48' title="bbox 201 4082 3691 4159">
    <p class='ocr_par' dir='ltr' id='par_1_48' title="bbox 201 4082 3691 4159">
     <span class='ocr_line' id='line_1_49' title="bbox 201 4082 3691 4159; baseline -0.001 -16"><span class='ocrx_word' id='word_1_579' title='bbox 201 4092 368 4159; x_wconf 85' lang='lat' dir='ltr'>gaudii</span> <span class='ocrx_word' id='word_1_580' title='bbox 394 4091 676 4156; x_wconf 85' lang='lat' dir='ltr'>fructum,</span> <span class='ocrx_word' id='word_1_581' title='bbox 704 4089 793 4142; x_wconf 89' lang='lat' dir='ltr'>vel</span> <span class='ocrx_word' id='word_1_582' title='bbox 821 4089 889 4143; x_wconf 93' lang='lat' dir='ltr'>de</span> <span class='ocrx_word' id='word_1_583' title='bbox 922 4087 1004 4142; x_wconf 92' lang='lat' dir='ltr'>tui</span> <span class='ocrx_word' id='word_1_584' title='bbox 1036 4086 1403 4159; x_wconf 85' lang='lat' dir='ltr'>pontiﬁcatus</span> <span class='ocrx_word' id='word_1_585' title='bbox 1432 4085 1651 4140; x_wconf 90' lang='lat' dir='ltr'>honore</span> <span class='ocrx_word' id='word_1_586' title='bbox 1682 4084 1877 4155; x_wconf 89' lang='lat' dir='ltr'>capia—</span> <span class='ocrx_word' id='word_1_587' title='bbox 1986 4083 2139 4138; x_wconf 90' lang='lat' dir='ltr'>nicat</span> <span class='ocrx_word' id='word_1_588' title='bbox 2167 4082 2444 4149; x_wconf 89' lang='lat' dir='ltr'>divinum,</span> <span class='ocrx_word' id='word_1_589' title='bbox 2473 4082 2956 4153; x_wconf 90' lang='lat' dir='ltr'>sequentiumque</span> <span class='ocrx_word' id='word_1_590' title='bbox 2992 4099 3193 4137; x_wconf 91' lang='lat' dir='ltr'>eorum</span> <span class='ocrx_word' id='word_1_591' title='bbox 3232 4084 3320 4137; x_wconf 90' lang='lat' dir='ltr'>his</span> <span class='ocrx_word' id='word_1_592' title='bbox 3365 4085 3574 4155; x_wconf 92' lang='lat' dir='ltr'>quibus</span> <span class='ocrx_word' id='word_1_593' title='bbox 3606 4089 3691 4139; x_wconf 91' lang='lat' dir='ltr'>est</span> 
     </span>
    </p>
   </div>
   <div class='ocr_carea' id='block_1_49' title="bbox 199 4170 3690 4251">
    <p class='ocr_par' dir='ltr' id='par_1_49' title="bbox 199 4170 3690 4251">
     <span class='ocr_line' id='line_1_50' title="bbox 199 4170 3690 4251; baseline -0.001 -18"><span class='ocrx_word' id='word_1_594' title='bbox 199 4194 324 4248; x_wconf 83' lang='lat' dir='ltr'>mus,</span> <span class='ocrx_word' id='word_1_595' title='bbox 354 4181 439 4233; x_wconf 87' lang='lat' dir='ltr'>vel</span> <span class='ocrx_word' id='word_1_596' title='bbox 472 4195 626 4251; x_wconf 85' lang='lat' dir='ltr'>quas</span> <span class='ocrx_word' id='word_1_597' title='bbox 656 4177 762 4232; x_wconf 90' lang='lat' dir='ltr'>tibi</span> <span class='ocrx_word' id='word_1_598' title='bbox 792 4177 1005 4248; x_wconf 89' lang='lat' dir='ltr'>gratias</span> <span class='ocrx_word' id='word_1_599' title='bbox 1052 4176 1256 4230; x_wconf 90' lang='lat' dir='ltr'>referri</span> <span class='ocrx_word' id='word_1_600' title='bbox 1300 4174 1603 4230; x_wconf 89' lang='lat' dir='ltr'>conveniat</span> <span class='ocrx_word' id='word_1_601' title='bbox 1632 4191 1734 4246; x_wconf 88' lang='lat' dir='ltr'>pro</span> <span class='ocrx_word' id='word_1_602' title='bbox 1770 4174 1875 4229; x_wconf 89' lang='lat' dir='ltr'>im-</span> <span class='ocrx_word' id='word_1_603' title='bbox 1986 4174 2139 4228; x_wconf 88' lang='lat' dir='ltr'>bona</span> <span class='ocrx_word' id='word_1_604' title='bbox 2167 4171 2542 4240; x_wconf 87' lang='lat' dir='ltr'>conversatio,</span> <span class='ocrx_word' id='word_1_605' title='bbox 2574 4175 2631 4225; x_wconf 91' lang='lat' dir='ltr'>et</span> <span class='ocrx_word' id='word_1_606' title='bbox 2658 4171 2759 4241; x_wconf 90' lang='lat' dir='ltr'>qui</span> <span class='ocrx_word' id='word_1_607' title='bbox 2789 4171 2963 4242; x_wconf 87' lang='lat' dir='ltr'>regiis</span> <span class='ocrx_word' id='word_1_608' title='bbox 2993 4170 3306 4225; x_wconf 89' lang='lat' dir='ltr'>honoribus</span> <span class='ocrx_word' id='word_1_609' title='bbox 3340 4176 3472 4227; x_wconf 90' lang='lat' dir='ltr'>sunt</span> <span class='ocrx_word' id='word_1_610' title='bbox 3515 4174 3690 4228; x_wconf 90' lang='lat' dir='ltr'>subli-</span> 
     </span>
    </p>
   </div>
   <div class='ocr_carea' id='block_1_50' title="bbox 203 4260 3692 4359">
    <p class='ocr_par' dir='ltr' id='par_1_50' title="bbox 203 4260 3692 4359">
     <span class='ocr_line' id='line_1_51' title="bbox 203 4260 3692 4359; baseline -0.002 -37"><span class='ocrx_word' id='word_1_611' title='bbox 203 4270 368 4338; x_wconf 88' lang='lat' dir='ltr'>pensis</span> <span class='ocrx_word' id='word_1_612' title='bbox 395 4270 455 4324; x_wconf 92' lang='lat' dir='ltr'>in</span> <span class='ocrx_word' id='word_1_613' title='bbox 489 4268 733 4339; x_wconf 88' lang='lat' dir='ltr'>negotio</span> <span class='ocrx_word' id='word_1_614' title='bbox 778 4267 1167 4338; x_wconf 84' lang='lat' dir='ltr'>propagandae</span> <span class='ocrx_word' id='word_1_615' title='bbox 1199 4265 1438 4319; x_wconf 89' lang='lat' dir='ltr'>unitatis</span> <span class='ocrx_word' id='word_1_616' title='bbox 1468 4263 1667 4319; x_wconf 84' lang='lat' dir='ltr'>ofﬁciis</span> <span class='ocrx_word' id='word_1_617' title='bbox 1709 4264 1877 4333; x_wconf 86' lang='lat' dir='ltr'>(sicut</span> <span class='ocrx_word' id='word_1_618' title='bbox 1915 4304 1959 4359; x_wconf 81' lang='lat' dir='ltr'><strong>D</strong></span> <span class='ocrx_word' id='word_1_619' title='bbox 1988 4262 2218 4329; x_wconf 88' lang='lat' dir='ltr'>miores,</span> <span class='ocrx_word' id='word_1_620' title='bbox 2286 4260 2458 4316; x_wconf 91' lang='lat' dir='ltr'>simul</span> <span class='ocrx_word' id='word_1_621' title='bbox 2507 4264 2563 4314; x_wconf 87' lang='lat' dir='ltr'>et</span> <span class='ocrx_word' id='word_1_622' title='bbox 2607 4260 2987 4327; x_wconf 86' lang='lat' dir='ltr'>sacerdotum,</span> <span class='ocrx_word' id='word_1_623' title='bbox 3047 4265 3106 4314; x_wconf 93' lang='lat' dir='ltr'>et</span> <span class='ocrx_word' id='word_1_624' title='bbox 3150 4261 3588 4331; x_wconf 89' lang='lat' dir='ltr'>monachorum,</span> <span class='ocrx_word' id='word_1_625' title='bbox 3633 4269 3692 4316; x_wconf 88' lang='lat' dir='ltr'>et</span> 
     </span>
    </p>
   </div>
   <div class='ocr_carea' id='block_1_51' title="bbox 203 4349 3692 4429">
    <p class='ocr_par' dir='ltr' id='par_1_51' title="bbox 203 4349 3692 4429">
     <span class='ocr_line' id='line_1_52' title="bbox 203 4349 3692 4429; baseline -0.002 -18"><span class='ocrx_word' id='word_1_626' title='bbox 203 4366 505 4414; x_wconf 87' lang='lat' dir='ltr'>nostrorum</span> <span class='ocrx_word' id='word_1_627' title='bbox 536 4357 942 4429; x_wconf 78' lang='lat' dir='ltr'>multipliciter</span> <span class='ocrx_word' id='word_1_628' title='bbox 982 4354 1224 4412; x_wconf 85' lang='lat' dir='ltr'>astruxit</span> <span class='ocrx_word' id='word_1_629' title='bbox 1248 4354 1573 4426; x_wconf 89' lang='lat' dir='ltr'>legatorum</span> <span class='ocrx_word' id='word_1_630' title='bbox 1600 4352 1876 4424; x_wconf 87' lang='lat' dir='ltr'>narratio)</span> <span class='ocrx_word' id='word_1_631' title='bbox 1915 4349 1955 4359; x_wconf 80' lang='grc'>”</span> <span class='ocrx_word' id='word_1_632' title='bbox 1987 4350 2335 4406; x_wconf 71' lang='lat' dir='ltr'>ﬁdelissimus</span> <span class='ocrx_word' id='word_1_633' title='bbox 2391 4349 2576 4421; x_wconf 90' lang='lat' dir='ltr'>plebis</span> <span class='ocrx_word' id='word_1_634' title='bbox 2635 4365 2944 4403; x_wconf 90' lang='lat' dir='ltr'>consensus</span> <span class='ocrx_word' id='word_1_635' title='bbox 3008 4350 3266 4405; x_wconf 87' lang='lat' dir='ltr'>accessit.</span> <span class='ocrx_word' id='word_1_636' title='bbox 3333 4352 3692 4422; x_wconf 86' lang='lat' dir='ltr'>Quapropter</span> 
     </span>
    </p>
   </div>
   <div class='ocr_carea' id='block_1_52' title="bbox 204 4438 3692 4520">
    <p class='ocr_par' dir='ltr' id='par_1_52' title="bbox 204 4438 3692 4520">
     <span class='ocr_line' id='line_1_53' title="bbox 204 4438 3692 4520; baseline -0.001 -20"><span class='ocrx_word' id='word_1_637' title='bbox 204 4448 497 4505; x_wconf 79' lang='lat' dir='ltr'>evidentius</span> <span class='ocrx_word' id='word_1_638' title='bbox 530 4447 948 4520; x_wconf 82' lang='lat' dir='ltr'>exprimamus.</span> <span class='ocrx_word' id='word_1_639' title='bbox 1991 4440 2375 4496; x_wconf 88' lang='lat' dir='ltr'>necessarium</span> <span class='ocrx_word' id='word_1_640' title='bbox 2404 4439 2540 4494; x_wconf 87' lang='lat' dir='ltr'>duxi</span> <span class='ocrx_word' id='word_1_641' title='bbox 2568 4439 2679 4494; x_wconf 90' lang='lat' dir='ltr'>hoc</span> <span class='ocrx_word' id='word_1_642' title='bbox 2708 4438 2963 4510; x_wconf 90' lang='lat' dir='ltr'>primum</span> <span class='ocrx_word' id='word_1_643' title='bbox 2994 4438 3275 4495; x_wconf 89' lang='lat' dir='ltr'>indicium</span> <span class='ocrx_word' id='word_1_644' title='bbox 3316 4441 3461 4495; x_wconf 90' lang='lat' dir='ltr'>meis</span> <span class='ocrx_word' id='word_1_645' title='bbox 3492 4441 3562 4513; x_wconf 90' lang='lat' dir='ltr'>(c)</span> <span class='ocrx_word' id='word_1_646' title='bbox 3593 4441 3692 4496; x_wconf 89' lang='lat' dir='ltr'>in-</span> 
     </span>
    </p>
   </div>
   <div class='ocr_carea' id='block_1_53' title="bbox 745 4528 3690 4608">
    <p class='ocr_par' dir='ltr' id='par_1_53' title="bbox 745 4528 3690 4608">
     <span class='ocr_line' id='line_1_54' title="bbox 745 4528 3690 4608; baseline -0.005 -8"><span class='ocrx_word' id='word_1_647' title='bbox 745 4551 1079 4608; x_wconf 71' lang='lat' dir='ltr'>EPISTOLA</span> <span class='ocrx_word' id='word_1_648' title='bbox 1118 4550 1318 4605; x_wconf 69' lang='lat' dir='ltr'>Lxxu,</span> <span class='ocrx_word' id='word_1_649' title='bbox 1990 4530 2136 4584; x_wconf 88' lang='lat' dir='ltr'>ferre</span> <span class='ocrx_word' id='word_1_650' title='bbox 2164 4528 2389 4595; x_wconf 90' lang='lat' dir='ltr'>litteris,</span> <span class='ocrx_word' id='word_1_651' title='bbox 2423 4534 2486 4583; x_wconf 89' lang='lat' dir='ltr'>ut</span> <span class='ocrx_word' id='word_1_652' title='bbox 2527 4529 2824 4583; x_wconf 89' lang='lat' dir='ltr'>ostendam</span> <span class='ocrx_word' id='word_1_653' title='bbox 2866 4544 3043 4599; x_wconf 89' lang='lat' dir='ltr'>quam</span> <span class='ocrx_word' id='word_1_654' title='bbox 3083 4528 3232 4583; x_wconf 90' lang='lat' dir='ltr'>circa</span> <span class='ocrx_word' id='word_1_655' title='bbox 3276 4534 3521 4586; x_wconf 84' lang='lat' dir='ltr'>vestram</span> <span class='ocrx_word' id='word_1_656' title='bbox 3553 4547 3690 4602; x_wconf 88' lang='lat' dir='ltr'>apo-</span> 
     </span>
    </p>
   </div>
   <div class='ocr_carea' id='block_1_54' title="bbox 852 4617 3694 4694">
    <p class='ocr_par' dir='ltr' id='par_1_54' title="bbox 852 4617 3694 4694">
     <span class='ocr_line' id='line_1_55' title="bbox 852 4617 3694 4694; baseline 0.001 -23"><span class='ocrx_word' id='word_1_657' title='bbox 852 4657 922 4694; x_wconf 61' lang='grc' dir='ltr'>ΑΒ</span> <span class='ocrx_word' id='word_1_658' title='bbox 972 4656 1209 4693; x_wconf 44' lang='lat' dir='ltr'>sum“.</span> <span class='ocrx_word' id='word_1_659' title='bbox 1990 4617 2251 4673; x_wconf 87' lang='lat' dir='ltr'>stolicam</span> <span class='ocrx_word' id='word_1_660' title='bbox 2302 4618 2495 4672; x_wconf 90' lang='lat' dir='ltr'>sedem</span> <span class='ocrx_word' id='word_1_661' title='bbox 2543 4618 2728 4673; x_wconf 89' lang='lat' dir='ltr'>habeo</span> <span class='ocrx_word' id='word_1_662' title='bbox 2768 4619 3144 4673; x_wconf 90' lang='lat' dir='ltr'>voluntatem.</span> <span class='ocrx_word' id='word_1_663' title='bbox 3184 4620 3279 4673; x_wconf 89' lang='lat' dir='ltr'>Est</span> <span class='ocrx_word' id='word_1_664' title='bbox 3324 4619 3466 4673; x_wconf 91' lang='lat' dir='ltr'>mihi</span> <span class='ocrx_word' id='word_1_665' title='bbox 3513 4621 3694 4675; x_wconf 90' lang='lat' dir='ltr'>oratio</span> 
     </span>
    </p>
   </div>
   <div class='ocr_carea' id='block_1_55' title="bbox 210 4707 3698 4797">
    <p class='ocr_par' dir='ltr' id='par_1_55' title="bbox 210 4707 3698 4797">
     <span class='ocr_line' id='line_1_56' title="bbox 210 4707 3698 4797; baseline -0.002 -11"><span class='ocrx_word' id='word_1_666' title='bbox 210 4732 459 4797; x_wconf 65' lang='lat' dir='ltr'>Qum-itur</span> <span class='ocrx_word' id='word_1_667' title='bbox 478 4731 708 4797; x_wconf 75' lang='lat' dir='ltr'>Etiam,</span> <span class='ocrx_word' id='word_1_668' title='bbox 737 4729 1011 4784; x_wconf 83' lang='lat' dir='ltr'>Thomam</span> <span class='ocrx_word' id='word_1_669' title='bbox 1035 4732 1085 4783; x_wconf 88' lang='lat' dir='ltr'>et</span> <span class='ocrx_word' id='word_1_670' title='bbox 1106 4728 1505 4782; x_wconf 82' lang='lat' dir='ltr'>Nicostratum</span> <span class='ocrx_word' id='word_1_671' title='bbox 1523 4724 1885 4779; x_wconf 79' lang='lat' dir='ltr'>suis-sedibus</span> <span class='ocrx_word' id='word_1_672' title='bbox 1994 4707 2183 4779; x_wconf 67' lang='grc' dir='ltr'>(Γεὶίο)</span> <span class='ocrx_word' id='word_1_673' title='bbox 2229 4724 2599 4779; x_wconf 66' lang='lat' dir='ltr'>magnopere:</span> <span class='ocrx_word' id='word_1_674' title='bbox 2650 4707 3000 4776; x_wconf 59' lang='grc' dir='ltr'>δθθῑίδδίηῖθν</span> <span class='ocrx_word' id='word_1_675' title='bbox 3059 4707 3213 4762; x_wconf 68' lang='lat' dir='ltr'>“Diri</span> <span class='ocrx_word' id='word_1_676' title='bbox 3266 4725 3359 4763; x_wconf 75' lang='lat' dir='ltr'>m9</span> <span class='ocrx_word' id='word_1_677' title='bbox 3405 4710 3589 4779; x_wconf 65' lang='lat' dir='ltr'>VObiS,</span> <span class='ocrx_word' id='word_1_678' title='bbox 3640 4716 3698 4765; x_wconf 67' lang='lat' dir='ltr'>et</span> 
     </span>
    </p>
   </div>
   <div class='ocr_carea' id='block_1_56' title="bbox 263 4797 3694 4871">
    <p class='ocr_par' dir='ltr' id='par_1_56' title="bbox 263 4797 3694 4871">
     <span class='ocr_line' id='line_1_57' title="bbox 263 4797 3694 4871; baseline -0.001 -14"><span class='ocrx_word' id='word_1_679' title='bbox 263 4820 367 4857; x_wconf 79' lang='lat' dir='ltr'>non</span> <span class='ocrx_word' id='word_1_680' title='bbox 395 4804 695 4857; x_wconf 84' lang='lat' dir='ltr'>restitutos</span> <span class='ocrx_word' id='word_1_681' title='bbox 718 4817 731 4853; x_wconf 73' lang='grc' dir='ltr'>ε</span> <span class='ocrx_word' id='word_1_682' title='bbox 755 4800 832 4854; x_wconf 86' lang='lat' dir='ltr'>ad</span> <span class='ocrx_word' id='word_1_683' title='bbox 858 4798 1258 4871; x_wconf 74' lang='lat' dir='ltr'>Epiphaniam</span> <span class='ocrx_word' id='word_1_684' title='bbox 1280 4801 1541 4869; x_wconf 80' lang='lat' dir='ltr'>spectare</span> <span class='ocrx_word' id='word_1_685' title='bbox 1568 4801 1629 4851; x_wconf 87' lang='lat' dir='ltr'>ut</span> <span class='ocrx_word' id='word_1_686' title='bbox 1646 4798 1760 4852; x_wconf 71' lang='lat' dir='ltr'>haec</span> <span class='ocrx_word' id='word_1_687' title='bbox 1787 4812 1882 4851; x_wconf 69' lang='grc' dir='ltr'>επ·</span> <span class='ocrx_word' id='word_1_688' title='bbox 1994 4797 2188 4852; x_wconf 89' lang='lat' dir='ltr'>divina</span> <span class='ocrx_word' id='word_1_689' title='bbox 2210 4798 2477 4867; x_wconf 89' lang='lat' dir='ltr'>amplecti</span> <span class='ocrx_word' id='word_1_690' title='bbox 2509 4798 2782 4867; x_wconf 89' lang='lat' dir='ltr'>dogmata</span> <span class='ocrx_word' id='word_1_691' title='bbox 2808 4813 2937 4868; x_wconf 70' lang='lat' dir='ltr'>quas</span> <span class='ocrx_word' id='word_1_692' title='bbox 2960 4813 3028 4852; x_wconf 89' lang='lat' dir='ltr'>ex</span> <span class='ocrx_word' id='word_1_693' title='bbox 3054 4797 3237 4852; x_wconf 90' lang='lat' dir='ltr'>beatis</span> <span class='ocrx_word' id='word_1_694' title='bbox 3268 4803 3325 4853; x_wconf 91' lang='lat' dir='ltr'>et</span> <span class='ocrx_word' id='word_1_695' title='bbox 3353 4798 3561 4855; x_wconf 86' lang='lat' dir='ltr'>sanctis</span> <span class='ocrx_word' id='word_1_696' title='bbox 3588 4800 3694 4855; x_wconf 88' lang='lat' dir='ltr'>dis-</span> 
     </span>
    </p>
   </div>
   <div class='ocr_carea' id='block_1_57' title="bbox 264 4872 3699 4961">
    <p class='ocr_par' dir='ltr' id='par_1_57' title="bbox 264 4872 3699 4961">
     <span class='ocr_line' id='line_1_58' title="bbox 264 4872 3699 4961; baseline 0.004 -31"><span class='ocrx_word' id='word_1_697' title='bbox 264 4873 533 4929; x_wconf 70' lang='lat' dir='ltr'>secatiom&#39;</span> <span class='ocrx_word' id='word_1_698' title='bbox 560 4872 933 4927; x_wconf 76' lang='grc' dir='ltr'>πιαηάεπίανο</span> <span class='ocrx_word' id='word_1_699' title='bbox 1994 4886 2198 4956; x_wconf 90' lang='lat' dir='ltr'>cipulis</span> <span class='ocrx_word' id='word_1_700' title='bbox 2229 4891 2286 4939; x_wconf 92' lang='lat' dir='ltr'>et</span> <span class='ocrx_word' id='word_1_701' title='bbox 2314 4886 2588 4955; x_wconf 90' lang='lat' dir='ltr'>apostolis</span> <span class='ocrx_word' id='word_1_702' title='bbox 2620 4885 2722 4939; x_wconf 88' lang='lat' dir='ltr'>Dei</span> <span class='ocrx_word' id='word_1_703' title='bbox 2755 4886 3044 4957; x_wconf 75' lang='lat' dir='ltr'>praecipue</span> <span class='ocrx_word' id='word_1_704' title='bbox 3068 4888 3283 4942; x_wconf 90' lang='lat' dir='ltr'>summi</span> <span class='ocrx_word' id='word_1_705' title='bbox 3307 4890 3460 4944; x_wconf 90' lang='lat' dir='ltr'>Petri</span> <span class='ocrx_word' id='word_1_706' title='bbox 3480 4894 3699 4961; x_wconf 84' lang='lat' dir='ltr'>aposto-</span> 
     </span>
    </p>
   </div>
   <div class='ocr_carea' id='block_1_58' title="bbox 268 4974 3695 5051">
    <p class='ocr_par' dir='ltr' id='par_1_58' title="bbox 268 4974 3695 5051">
     <span class='ocr_line' id='line_1_59' title="bbox 268 4974 3695 5051; baseline -0 -16"><span class='ocrx_word' id='word_1_707' title='bbox 268 4982 565 5035; x_wconf 85' lang='lat' dir='ltr'>Hormisda</span> <span class='ocrx_word' id='word_1_708' title='bbox 595 4978 915 5050; x_wconf 91' lang='lat' dir='ltr'>Epiphanio</span> <span class='ocrx_word' id='word_1_709' title='bbox 938 4977 1207 5048; x_wconf 84' lang='lat' dir='ltr'>episcopo</span> <span class='ocrx_word' id='word_1_710' title='bbox 1231 4974 1882 5044; x_wconf 82' lang='lat' dir='ltr'>Constantinopolitano.</span> <span class='ocrx_word' id='word_1_711' title='bbox 1995 4975 2184 5029; x_wconf 90' lang='lat' dir='ltr'>lorum</span> <span class='ocrx_word' id='word_1_712' title='bbox 2209 4974 2327 5029; x_wconf 90' lang='lat' dir='ltr'>sedi</span> <span class='ocrx_word' id='word_1_713' title='bbox 2353 4978 2558 5028; x_wconf 70' lang='lat' dir='ltr'>sanctae</span> <span class='ocrx_word' id='word_1_714' title='bbox 2583 4978 2785 5028; x_wconf 63' lang='lat' dir='ltr'>vestras</span> <span class='ocrx_word' id='word_1_715' title='bbox 2813 4980 2948 5029; x_wconf 90' lang='lat' dir='ltr'>sunt</span> <span class='ocrx_word' id='word_1_716' title='bbox 2968 4977 3198 5046; x_wconf 89' lang='lat' dir='ltr'>tradita,</span> <span class='ocrx_word' id='word_1_717' title='bbox 3216 4982 3274 5033; x_wconf 90' lang='lat' dir='ltr'>et</span> <span class='ocrx_word' id='word_1_718' title='bbox 3296 4979 3441 5032; x_wconf 91' lang='lat' dir='ltr'>nihil</span> <span class='ocrx_word' id='word_1_719' title='bbox 3459 4981 3539 5033; x_wconf 89' lang='lat' dir='ltr'>eis</span> <span class='ocrx_word' id='word_1_720' title='bbox 3568 4995 3695 5051; x_wconf 90' lang='lat' dir='ltr'>pre-</span> 
     </span>
    </p>
   </div>
   <div class='ocr_carea' id='block_1_59' title="bbox 269 5062 3699 5140">
    <p class='ocr_par' dir='ltr' id='par_1_59' title="bbox 269 5062 3699 5140">
     <span class='ocr_line' id='line_1_60' title="bbox 269 5062 3699 5140; baseline 0 -18"><span class='ocrx_word' id='word_1_721' title='bbox 269 5068 604 5140; x_wconf 82' lang='lat' dir='ltr'>Oportuerat</span> <span class='ocrx_word' id='word_1_722' title='bbox 632 5068 869 5139; x_wconf 90' lang='lat' dir='ltr'>quidem</span> <span class='ocrx_word' id='word_1_723' title='bbox 908 5066 1329 5122; x_wconf 88' lang='lat' dir='ltr'>fraternitatem</span> <span class='ocrx_word' id='word_1_724' title='bbox 1361 5070 1515 5118; x_wconf 87' lang='lat' dir='ltr'>tuam</span> <span class='ocrx_word' id='word_1_725' title='bbox 1548 5062 1723 5117; x_wconf 84' lang='lat' dir='ltr'>divini</span> <span class='ocrx_word' id='word_1_726' title='bbox 1752 5078 1887 5117; x_wconf 88' lang='lat' dir='ltr'>con-</span> <span class='ocrx_word' id='word_1_727' title='bbox 1996 5065 2198 5121; x_wconf 90' lang='lat' dir='ltr'>tiosius</span> <span class='ocrx_word' id='word_1_728' title='bbox 2230 5064 2577 5118; x_wconf 88' lang='lat' dir='ltr'>existimare.</span> <span class='ocrx_word' id='word_1_729' title='bbox 2614 5064 2813 5134; x_wconf 91' lang='lat' dir='ltr'>Neque</span> <span class='ocrx_word' id='word_1_730' title='bbox 2844 5064 3001 5119; x_wconf 92' lang='lat' dir='ltr'>enim</span> <span class='ocrx_word' id='word_1_731' title='bbox 3023 5071 3183 5121; x_wconf 89' lang='lat' dir='ltr'>extra</span> <span class='ocrx_word' id='word_1_732' title='bbox 3209 5067 3442 5123; x_wconf 90' lang='lat' dir='ltr'>aliunde</span> <span class='ocrx_word' id='word_1_733' title='bbox 3462 5068 3699 5124; x_wconf 91' lang='lat' dir='ltr'>veniens</span> 
     </span>
    </p>
   </div>
   <div class='ocr_carea' id='block_1_60' title="bbox 212 5152 3698 5229">
    <p class='ocr_par' dir='ltr' id='par_1_60' title="bbox 212 5152 3698 5229">
     <span class='ocr_line' id='line_1_61' title="bbox 212 5152 3698 5229; baseline 0 -18"><span class='ocrx_word' id='word_1_734' title='bbox 212 5160 567 5228; x_wconf 85' lang='lat' dir='ltr'>templatione</span> <span class='ocrx_word' id='word_1_735' title='bbox 605 5155 832 5229; x_wconf 85' lang='lat' dir='ltr'>judicii,</span> <span class='ocrx_word' id='word_1_736' title='bbox 869 5161 1040 5226; x_wconf 89' lang='lat' dir='ltr'>atque</span> <span class='ocrx_word' id='word_1_737' title='bbox 1080 5155 1330 5209; x_wconf 90' lang='lat' dir='ltr'>caritatis</span> <span class='ocrx_word' id='word_1_738' title='bbox 1361 5158 1569 5207; x_wconf 74' lang='lat' dir='ltr'>nostra:</span> <span class='ocrx_word' id='word_1_739' title='bbox 1600 5157 1884 5221; x_wconf 87' lang='lat' dir='ltr'>respectu,</span> <span class='ocrx_word' id='word_1_740' title='bbox 1999 5159 2209 5209; x_wconf 70' lang='lat' dir='ltr'>sanctas</span> <span class='ocrx_word' id='word_1_741' title='bbox 2262 5152 2521 5207; x_wconf 72' lang='lat' dir='ltr'>Ecclesiae</span> <span class='ocrx_word' id='word_1_742' title='bbox 2552 5153 2864 5208; x_wconf 90' lang='lat' dir='ltr'>constituta</span> <span class='ocrx_word' id='word_1_743' title='bbox 2899 5154 3125 5224; x_wconf 84' lang='lat' dir='ltr'>ignoro,</span> <span class='ocrx_word' id='word_1_744' title='bbox 3159 5157 3255 5211; x_wconf 92' lang='lat' dir='ltr'>sed</span> <span class='ocrx_word' id='word_1_745' title='bbox 3297 5157 3549 5212; x_wconf 88' lang='lat' dir='ltr'>nutritus</span> <span class='ocrx_word' id='word_1_746' title='bbox 3592 5173 3698 5229; x_wconf 90' lang='lat' dir='ltr'>per</span> 
     </span>
    </p>
   </div>
   <div class='ocr_carea' id='block_1_61' title="bbox 215 5241 3699 5318">
    <p class='ocr_par' dir='ltr' id='par_1_61' title="bbox 215 5241 3699 5318">
     <span class='ocr_line' id='line_1_62' title="bbox 215 5241 3699 5318; baseline 0.001 -19"><span class='ocrx_word' id='word_1_747' title='bbox 215 5246 393 5318; x_wconf 82' lang='lat' dir='ltr'>Eliam,</span> <span class='ocrx_word' id='word_1_748' title='bbox 423 5252 705 5305; x_wconf 88' lang='lat' dir='ltr'>Thomam</span> <span class='ocrx_word' id='word_1_749' title='bbox 748 5252 921 5318; x_wconf 87' lang='lat' dir='ltr'>atque</span> <span class='ocrx_word' id='word_1_750' title='bbox 961 5245 1340 5300; x_wconf 90' lang='lat' dir='ltr'>Nicostratum</span> <span class='ocrx_word' id='word_1_751' title='bbox 1370 5243 1575 5297; x_wconf 87' lang='lat' dir='ltr'>fratres</span> <span class='ocrx_word' id='word_1_752' title='bbox 1604 5246 1660 5295; x_wconf 88' lang='lat' dir='ltr'>et</span> <span class='ocrx_word' id='word_1_753' title='bbox 1693 5241 1890 5312; x_wconf 88' lang='lat' dir='ltr'>coepi-</span> <span class='ocrx_word' id='word_1_754' title='bbox 1999 5242 2104 5297; x_wconf 90' lang='lat' dir='ltr'>Dei</span> <span class='ocrx_word' id='word_1_755' title='bbox 2133 5243 2482 5295; x_wconf 90' lang='lat' dir='ltr'>voluntatem</span> <span class='ocrx_word' id='word_1_756' title='bbox 2512 5257 2579 5296; x_wconf 89' lang='lat' dir='ltr'>ex</span> <span class='ocrx_word' id='word_1_757' title='bbox 2609 5241 2822 5296; x_wconf 91' lang='lat' dir='ltr'>teneris</span> <span class='ocrx_word' id='word_1_758' title='bbox 2869 5244 3158 5314; x_wconf 88' lang='lat' dir='ltr'>unguibus</span> <span class='ocrx_word' id='word_1_759' title='bbox 3189 5247 3245 5299; x_wconf 90' lang='lat' dir='ltr'>in</span> <span class='ocrx_word' id='word_1_760' title='bbox 3284 5251 3477 5301; x_wconf 90' lang='lat' dir='ltr'>sancta</span> <span class='ocrx_word' id='word_1_761' title='bbox 3507 5248 3699 5301; x_wconf 85' lang='lat' dir='ltr'>catho-</span> 
     </span>
    </p>
   </div>
   <div class='ocr_carea' id='block_1_62' title="bbox 216 5328 3697 5411">
    <p class='ocr_par' dir='ltr' id='par_1_62' title="bbox 216 5328 3697 5411">
     <span class='ocr_line' id='line_1_63' title="bbox 216 5328 3697 5411; baseline -0 -21"><span class='ocrx_word' id='word_1_762' title='bbox 216 5352 395 5411; x_wconf 84' lang='lat' dir='ltr'>scopos</span> <span class='ocrx_word' id='word_1_763' title='bbox 413 5341 987 5411; x_wconf 89' lang='lat' dir='ltr'>nostros,postquam</span> <span class='ocrx_word' id='word_1_764' title='bbox 1008 5335 1071 5390; x_wconf 90' lang='lat' dir='ltr'>in</span> <span class='ocrx_word' id='word_1_765' title='bbox 1092 5332 1446 5390; x_wconf 87' lang='lat' dir='ltr'>consortium</span> <span class='ocrx_word' id='word_1_766' title='bbox 1467 5329 1891 5388; x_wconf 89' lang='lat' dir='ltr'>communionis</span> <span class='ocrx_word' id='word_1_767' title='bbox 1998 5330 2110 5385; x_wconf 90' lang='lat' dir='ltr'>lica</span> <span class='ocrx_word' id='word_1_768' title='bbox 2140 5328 2407 5398; x_wconf 88' lang='lat' dir='ltr'>Ecclesia,</span> <span class='ocrx_word' id='word_1_769' title='bbox 2439 5330 2605 5401; x_wconf 89' lang='lat' dir='ltr'>parui</span> <span class='ocrx_word' id='word_1_770' title='bbox 2649 5346 2754 5401; x_wconf 92' lang='lat' dir='ltr'>per</span> <span class='ocrx_word' id='word_1_771' title='bbox 2798 5335 3060 5407; x_wconf 86' lang='lat' dir='ltr'>tempora</span> <span class='ocrx_word' id='word_1_772' title='bbox 3108 5333 3480 5387; x_wconf 88' lang='lat' dir='ltr'>sanctissimis</span> <span class='ocrx_word' id='word_1_773' title='bbox 3509 5349 3697 5391; x_wconf 90' lang='lat' dir='ltr'>sacer-</span> 
     </span>
    </p>
   </div>
   <div class='ocr_carea' id='block_1_63' title="bbox 300 5455 3703 5535">
    <p class='ocr_par' dir='ltr' id='par_1_63' title="bbox 300 5455 3703 5535">
     <span class='ocr_line' id='line_1_64' title="bbox 300 5455 3703 5535; baseline -0.001 -16"><span class='ocrx_word' id='word_1_774' title='bbox 300 5468 354 5535; x_wconf 88' lang='lat' dir='ltr'>a)</span> <span class='ocrx_word' id='word_1_775' title='bbox 388 5467 535 5521; x_wconf 87' lang='lat' dir='ltr'>Edit.</span> <span class='ocrx_word' id='word_1_776' title='bbox 571 5469 737 5521; x_wconf 82' lang='lat' dir='ltr'>Rom.</span> <span class='ocrx_word' id='word_1_777' title='bbox 766 5465 925 5535; x_wconf 87' lang='lat' dir='ltr'>addit</span> <span class='ocrx_word' id='word_1_778' title='bbox 954 5466 1153 5518; x_wconf 84' lang='lat' dir='ltr'>tecum.</span> <span class='ocrx_word' id='word_1_779' title='bbox 2071 5455 2095 5535; x_wconf 64' lang='grc' dir='ltr'>⁴ξ</span> <span class='ocrx_word' id='word_1_780' title='bbox 2126 5455 3131 5535; x_wconf 55' lang='lat' dir='ltr'>Episcopusgonstantinopolitanus</span> <span class='ocrx_word' id='word_1_781' title='bbox 3158 5457 3328 5515; x_wconf 90' lang='lat' dir='ltr'>initio</span> <span class='ocrx_word' id='word_1_782' title='bbox 3367 5459 3459 5516; x_wconf 92' lang='lat' dir='ltr'>sui</span> <span class='ocrx_word' id='word_1_783' title='bbox 3486 5460 3703 5533; x_wconf 85' lang='lat' dir='ltr'>episco-</span> 
     </span>
    </p>
   </div>
   <div class='ocr_carea' id='block_1_64' title="bbox 299 5528 3008 5681">
    <p class='ocr_par' dir='ltr' id='par_1_64' title="bbox 299 5528 3008 5681">
     <span class='ocr_line' id='line_1_65' title="bbox 300 5528 3008 5608; baseline -0.001 -19"><span class='ocrx_word' id='word_1_784' title='bbox 300 5528 348 5606; x_wconf 55' lang='lat' dir='ltr'>b)’</span> <span class='ocrx_word' id='word_1_785' title='bbox 374 5539 462 5594; x_wconf 65' lang='lat' dir='ltr'>Al.</span> <span class='ocrx_word' id='word_1_786' title='bbox 495 5538 653 5593; x_wconf 87' lang='lat' dir='ltr'>deest</span> <span class='ocrx_word' id='word_1_787' title='bbox 676 5534 998 5608; x_wconf 80' lang='lat' dir='ltr'>divulgata.</span> <span class='ocrx_word' id='word_1_788' title='bbox 2001 5531 2171 5599; x_wconf 83' lang='lat' dir='ltr'>patus</span> <span class='ocrx_word' id='word_1_789' title='bbox 2198 5529 2419 5600; x_wconf 88' lang='lat' dir='ltr'>legatos</span> <span class='ocrx_word' id='word_1_790' title='bbox 2446 5528 2692 5585; x_wconf 83' lang='lat' dir='ltr'>Romam</span> <span class='ocrx_word' id='word_1_791' title='bbox 2720 5529 3008 5586; x_wconf 87' lang='lat' dir='ltr'>mittebat.</span> 
     </span>
     <span class='ocr_line' id='line_1_66' title="bbox 299 5608 764 5681; baseline -0.004 -15"><span class='ocrx_word' id='word_1_792' title='bbox 299 5608 349 5681; x_wconf 80' lang='grc' dir='ltr'>ο)</span> <span class='ocrx_word' id='word_1_793' title='bbox 372 5610 462 5666; x_wconf 78' lang='lat' dir='ltr'>Al.</span> <span class='ocrx_word' id='word_1_794' title='bbox 488 5608 764 5664; x_wconf 71' lang='lat' dir='ltr'>inserere.</span> 
     </span>
    </p>
   </div>
  </div>
