  <div class='ocr_page' id='page_1' title='image "/cluster/home/n/w/nwhite01/storage/ocr_20150623/63/hvd.32044073498800/253.png"; bbox 0 0 4038 6170; ppageno 0'>
   <div class='ocr_carea' id='block_1_1' title="bbox 387 213 489 266">
    <p class='ocr_par' dir='ltr' id='par_1_1' title="bbox 387 213 489 266">
     <span class='ocr_line' id='line_1_1' title="bbox 387 213 489 266; baseline -0.02 0"><span class='ocrx_word' id='word_1_1' title='bbox 387 213 489 266; x_wconf 70' lang='grc'>495</span> 
     </span>
    </p>
   </div>
   <div class='ocr_carea' id='block_1_2' title="bbox 1815 211 2061 280">
    <p class='ocr_par' dir='ltr' id='par_1_2' title="bbox 1815 211 2061 267">
     <span class='ocr_line' id='line_1_2' title="bbox 1815 211 2061 267; baseline 0 -3"><span class='ocrx_word' id='word_1_2' title='bbox 1815 211 2061 267; x_wconf 76' lang='grc' dir='ltr'>ΗΟΗΜΙξ</span> 
     </span>
    </p>
   </div>
   <div class='ocr_carea' id='block_1_3' title="bbox 2193 211 3814 280">
    <p class='ocr_par' dir='ltr' id='par_1_3' title="bbox 2193 213 3814 280">
     <span class='ocr_line' id='line_1_3' title="bbox 2193 213 3814 280; baseline 0.01 -16"><span class='ocrx_word' id='word_1_3' title='bbox 2193 215 2204 265; x_wconf 72' lang='lat'><strong>3</strong></span> <span class='ocrx_word' id='word_1_4' title='bbox 2245 213 2330 267; x_wconf 86' lang='lat' dir='ltr'>PA</span> <span class='ocrx_word' id='word_1_5' title='bbox 2339 215 2440 267; x_wconf 67' lang='grc' dir='ltr'>ΡΑΞ</span> <span class='ocrx_word' id='word_1_6' title='bbox 2852 269 2860 276; x_wconf 88' lang='lat'>.</span> <span class='ocrx_word' id='word_1_7' title='bbox 3736 227 3814 280; x_wconf 70' lang='grc'>496</span> 
     </span>
    </p>
   </div>
   <div class='ocr_carea' id='block_1_4' title="bbox 387 343 3815 421">
    <p class='ocr_par' dir='ltr' id='par_1_4' title="bbox 387 343 3815 421">
     <span class='ocr_line' id='line_1_4' title="bbox 387 343 3815 421; baseline 0.004 -23"><span class='ocrx_word' id='word_1_8' title='bbox 387 344 613 399; x_wconf 82' lang='lat' dir='ltr'>dotibus</span> <span class='ocrx_word' id='word_1_9' title='bbox 655 348 711 396; x_wconf 90' lang='lat' dir='ltr'>et</span> <span class='ocrx_word' id='word_1_10' title='bbox 758 343 1113 414; x_wconf 85' lang='lat' dir='ltr'>patriarchis.</span> <span class='ocrx_word' id='word_1_11' title='bbox 1154 346 1292 398; x_wconf 86' lang='lat' dir='ltr'>Nam</span> <span class='ocrx_word' id='word_1_12' title='bbox 1343 345 1550 414; x_wconf 66' lang='lat' dir='ltr'>smpius</span> <span class='ocrx_word' id='word_1_13' title='bbox 1592 345 1937 414; x_wconf 69' lang='lat' dir='ltr'>praepositus</span> <span class='ocrx_word' id='word_1_14' title='bbox 1985 346 2074 399; x_wconf 81' lang='lat' dir='ltr'>bis</span> <span class='ocrx_word' id='word_1_15' title='bbox 2112 349 2158 402; x_wconf 87' lang='lat' dir='ltr'><strong>A</strong></span> <span class='ocrx_word' id='word_1_16' title='bbox 2190 348 2326 400; x_wconf 91' lang='lat' dir='ltr'>stico</span> <span class='ocrx_word' id='word_1_17' title='bbox 2379 348 2500 400; x_wconf 78' lang='lat' dir='ltr'>viro</span> <span class='ocrx_word' id='word_1_18' title='bbox 2557 349 2869 402; x_wconf 90' lang='lat' dir='ltr'>clarissimo</span> <span class='ocrx_word' id='word_1_19' title='bbox 2922 349 3156 403; x_wconf 83' lang='lat' dir='ltr'>consule</span> <span class='ocrx_word' id='word_1_20' title='bbox 3216 352 3381 421; x_wconf 88' lang='lat' dir='ltr'>(anno</span> <span class='ocrx_word' id='word_1_21' title='bbox 3447 355 3658 409; x_wconf 87' lang='lat' dir='ltr'>Domini</span> <span class='ocrx_word' id='word_1_22' title='bbox 3696 361 3815 420; x_wconf 68' lang='lat'>520‘}.</span> 
     </span>
    </p>
   </div>
   <div class='ocr_carea' id='block_1_5' title="bbox 387 432 2080 504">
    <p class='ocr_par' dir='ltr' id='par_1_5' title="bbox 387 432 2080 504">
     <span class='ocr_line' id='line_1_5' title="bbox 387 432 2080 504; baseline 0.001 -18"><span class='ocrx_word' id='word_1_23' title='bbox 387 434 486 504; x_wconf 88' lang='lat' dir='ltr'>qui</span> <span class='ocrx_word' id='word_1_24' title='bbox 541 449 644 504; x_wconf 89' lang='lat' dir='ltr'>per</span> <span class='ocrx_word' id='word_1_25' title='bbox 702 433 1143 488; x_wconf 83' lang='lat' dir='ltr'>sacratissimum</span> <span class='ocrx_word' id='word_1_26' title='bbox 1193 438 1248 488; x_wconf 89' lang='lat' dir='ltr'>et</span> <span class='ocrx_word' id='word_1_27' title='bbox 1301 432 1591 486; x_wconf 76' lang='lat' dir='ltr'>ineffabile</span> <span class='ocrx_word' id='word_1_28' title='bbox 1645 433 1928 504; x_wconf 89' lang='lat' dir='ltr'>baptisma</span> <span class='ocrx_word' id='word_1_29' title='bbox 1977 451 2080 488; x_wconf 90' lang='lat' dir='ltr'>sua</span> 
     </span>
    </p>
   </div>
   <div class='ocr_carea' id='block_1_6' title="bbox 388 522 2078 592">
    <p class='ocr_par' dir='ltr' id='par_1_6' title="bbox 388 522 2078 592">
     <span class='ocr_line' id='line_1_6' title="bbox 388 522 2078 592; baseline 0 -16"><span class='ocrx_word' id='word_1_30' title='bbox 388 528 606 576; x_wconf 84' lang='lat' dir='ltr'>exuunt</span> <span class='ocrx_word' id='word_1_31' title='bbox 643 528 892 592; x_wconf 86' lang='lat' dir='ltr'>peccata,</span> <span class='ocrx_word' id='word_1_32' title='bbox 937 527 992 575; x_wconf 88' lang='lat' dir='ltr'>et</span> <span class='ocrx_word' id='word_1_33' title='bbox 1035 538 1224 574; x_wconf 88' lang='lat' dir='ltr'>veram</span> <span class='ocrx_word' id='word_1_34' title='bbox 1266 522 1438 580; x_wconf 88' lang='lat' dir='ltr'>unius</span> <span class='ocrx_word' id='word_1_35' title='bbox 1479 523 1741 576; x_wconf 88' lang='lat' dir='ltr'>essentiae</span> <span class='ocrx_word' id='word_1_36' title='bbox 1791 522 2078 576; x_wconf 80' lang='lat' dir='ltr'>Trinitatis</span> 
     </span>
    </p>
   </div>
   <div class='ocr_carea' id='block_1_7' title="bbox 388 610 2079 681">
    <p class='ocr_par' dir='ltr' id='par_1_7' title="bbox 388 610 2079 681">
     <span class='ocr_line' id='line_1_7' title="bbox 388 610 2079 681; baseline 0 -16"><span class='ocrx_word' id='word_1_37' title='bbox 388 612 552 666; x_wconf 88' lang='lat' dir='ltr'>docui</span> <span class='ocrx_word' id='word_1_38' title='bbox 583 612 773 677; x_wconf 86' lang='lat' dir='ltr'>fidem,</span> <span class='ocrx_word' id='word_1_39' title='bbox 812 627 982 681; x_wconf 90' lang='lat' dir='ltr'>quam</span> <span class='ocrx_word' id='word_1_40' title='bbox 1017 611 1183 679; x_wconf 82' lang='lat' dir='ltr'>(sicut</span> <span class='ocrx_word' id='word_1_41' title='bbox 1214 611 1484 680; x_wconf 86' lang='lat' dir='ltr'>praefatus</span> <span class='ocrx_word' id='word_1_42' title='bbox 1510 610 1657 679; x_wconf 90' lang='lat' dir='ltr'>sum)</span> <span class='ocrx_word' id='word_1_43' title='bbox 1688 628 1755 664; x_wconf 80' lang='lat' dir='ltr'>ex</span> <span class='ocrx_word' id='word_1_44' title='bbox 1785 612 2079 681; x_wconf 84' lang='lat' dir='ltr'>discipulis</span> 
     </span>
    </p>
   </div>
   <div class='ocr_carea' id='block_1_8' title="bbox 391 699 2080 770">
    <p class='ocr_par' dir='ltr' id='par_1_8' title="bbox 391 699 2080 770">
     <span class='ocr_line' id='line_1_8' title="bbox 391 699 2080 770; baseline 0 -17"><span class='ocrx_word' id='word_1_45' title='bbox 391 701 488 754; x_wconf 87' lang='lat' dir='ltr'>Dei</span> <span class='ocrx_word' id='word_1_46' title='bbox 516 700 712 769; x_wconf 83' lang='lat' dir='ltr'>magni</span> <span class='ocrx_word' id='word_1_47' title='bbox 743 705 800 753; x_wconf 91' lang='lat' dir='ltr'>et</span> <span class='ocrx_word' id='word_1_48' title='bbox 828 699 1130 753; x_wconf 90' lang='lat' dir='ltr'>Salvatoris</span> <span class='ocrx_word' id='word_1_49' title='bbox 1161 699 1339 752; x_wconf 81' lang='lat' dir='ltr'>nostri</span> <span class='ocrx_word' id='word_1_50' title='bbox 1371 700 1498 752; x_wconf 85' lang='lat' dir='ltr'>Jesu</span> <span class='ocrx_word' id='word_1_51' title='bbox 1533 700 1742 753; x_wconf 79' lang='lat' dir='ltr'>Christi</span> <span class='ocrx_word' id='word_1_52' title='bbox 1776 701 2080 770; x_wconf 88' lang='lat' dir='ltr'>proceden-</span> 
     </span>
    </p>
   </div>
   <div class='ocr_carea' id='block_1_9' title="bbox 388 789 2080 859">
    <p class='ocr_par' dir='ltr' id='par_1_9' title="bbox 388 789 2080 859">
     <span class='ocr_line' id='line_1_9' title="bbox 388 789 2080 859; baseline 0 -17"><span class='ocrx_word' id='word_1_53' title='bbox 388 795 505 842; x_wconf 89' lang='lat' dir='ltr'>tem</span> <span class='ocrx_word' id='word_1_54' title='bbox 535 789 795 842; x_wconf 89' lang='lat' dir='ltr'>omnium</span> <span class='ocrx_word' id='word_1_55' title='bbox 822 789 1181 842; x_wconf 79' lang='lat' dir='ltr'>sacerdotum</span> <span class='ocrx_word' id='word_1_56' title='bbox 1204 795 1259 841; x_wconf 92' lang='lat' dir='ltr'>et</span> <span class='ocrx_word' id='word_1_57' title='bbox 1287 790 1548 842; x_wconf 89' lang='lat' dir='ltr'>omnium</span> <span class='ocrx_word' id='word_1_58' title='bbox 1571 790 1850 843; x_wconf 90' lang='lat' dir='ltr'>laicorum</span> <span class='ocrx_word' id='word_1_59' title='bbox 1869 791 2080 859; x_wconf 86' lang='lat' dir='ltr'>ample-</span> 
     </span>
    </p>
   </div>
   <div class='ocr_carea' id='block_1_10' title="bbox 389 877 2080 932">
    <p class='ocr_par' dir='ltr' id='par_1_10' title="bbox 389 877 2080 932">
     <span class='ocr_line' id='line_1_10' title="bbox 389 877 2080 932; baseline -0.001 0"><span class='ocrx_word' id='word_1_60' title='bbox 389 879 561 932; x_wconf 89' lang='lat' dir='ltr'>ctitur</span> <span class='ocrx_word' id='word_1_61' title='bbox 590 883 786 931; x_wconf 70' lang='lat' dir='ltr'>coetus.</span> <span class='ocrx_word' id='word_1_62' title='bbox 821 877 1089 930; x_wconf 88' lang='lat' dir='ltr'>Divinum</span> <span class='ocrx_word' id='word_1_63' title='bbox 1119 877 1272 930; x_wconf 89' lang='lat' dir='ltr'>enim</span> <span class='ocrx_word' id='word_1_64' title='bbox 1303 894 1497 930; x_wconf 85' lang='lat' dir='ltr'>revera</span> <span class='ocrx_word' id='word_1_65' title='bbox 1527 883 1784 931; x_wconf 88' lang='lat' dir='ltr'>sanctum</span> <span class='ocrx_word' id='word_1_66' title='bbox 1814 885 1871 932; x_wconf 91' lang='lat' dir='ltr'>et</span> <span class='ocrx_word' id='word_1_67' title='bbox 1900 895 1932 931; x_wconf 91' lang='lat' dir='ltr'>a</span> <span class='ocrx_word' id='word_1_68' title='bbox 1969 880 2080 932; x_wconf 90' lang='lat' dir='ltr'>Deo</span> 
     </span>
    </p>
   </div>
   <div class='ocr_carea' id='block_1_11' title="bbox 390 967 2081 1036">
    <p class='ocr_par' dir='ltr' id='par_1_11' title="bbox 390 967 2081 1036">
     <span class='ocr_line' id='line_1_11' title="bbox 390 967 2081 1036; baseline 0.001 -16"><span class='ocrx_word' id='word_1_69' title='bbox 390 967 584 1020; x_wconf 91' lang='lat' dir='ltr'>datum</span> <span class='ocrx_word' id='word_1_70' title='bbox 615 967 938 1036; x_wconf 79' lang='lat' dir='ltr'>symbolum</span> <span class='ocrx_word' id='word_1_71' title='bbox 972 971 1362 1021; x_wconf 88' lang='lat' dir='ltr'>trecentorum</span> <span class='ocrx_word' id='word_1_72' title='bbox 1392 967 1585 1020; x_wconf 89' lang='lat' dir='ltr'>decem</span> <span class='ocrx_word' id='word_1_73' title='bbox 1621 974 1675 1022; x_wconf 90' lang='lat' dir='ltr'>et</span> <span class='ocrx_word' id='word_1_74' title='bbox 1705 973 1828 1020; x_wconf 90' lang='lat' dir='ltr'>octo</span> <span class='ocrx_word' id='word_1_75' title='bbox 1862 975 2081 1022; x_wconf 90' lang='lat' dir='ltr'>sancto-</span> 
     </span>
    </p>
   </div>
   <div class='ocr_carea' id='block_1_12' title="bbox 387 1056 2082 1126">
    <p class='ocr_par' dir='ltr' id='par_1_12' title="bbox 387 1056 2082 1126">
     <span class='ocr_line' id='line_1_12' title="bbox 387 1056 2082 1126; baseline 0.002 -18"><span class='ocrx_word' id='word_1_76' title='bbox 387 1072 515 1109; x_wconf 89' lang='lat' dir='ltr'>rum</span> <span class='ocrx_word' id='word_1_77' title='bbox 550 1058 781 1110; x_wconf 77' lang='lat' dir='ltr'>Patrum</span> <span class='ocrx_word' id='word_1_78' title='bbox 812 1056 869 1109; x_wconf 92' lang='lat' dir='ltr'>in</span> <span class='ocrx_word' id='word_1_79' title='bbox 909 1058 1094 1110; x_wconf 65' lang='lat' dir='ltr'>Nicma</span> <span class='ocrx_word' id='word_1_80' title='bbox 1124 1061 1600 1126; x_wconf 88' lang='lat' dir='ltr'>congregatorum</span> <span class='ocrx_word' id='word_1_81' title='bbox 1641 1058 1817 1111; x_wconf 89' lang='lat' dir='ltr'>adoro</span> <span class='ocrx_word' id='word_1_82' title='bbox 1851 1061 1906 1110; x_wconf 90' lang='lat' dir='ltr'>et</span> <span class='ocrx_word' id='word_1_83' title='bbox 1938 1073 2082 1126; x_wconf 69' lang='lat' dir='ltr'>prae-</span> 
     </span>
    </p>
   </div>
   <div class='ocr_carea' id='block_1_13' title="bbox 389 1145 2080 1215">
    <p class='ocr_par' dir='ltr' id='par_1_13' title="bbox 389 1145 2080 1215">
     <span class='ocr_line' id='line_1_13' title="bbox 389 1145 2080 1215; baseline 0.001 -18"><span class='ocrx_word' id='word_1_84' title='bbox 389 1145 535 1211; x_wconf 91' lang='lat' dir='ltr'>dico,</span> <span class='ocrx_word' id='word_1_85' title='bbox 563 1151 620 1198; x_wconf 91' lang='lat' dir='ltr'>et</span> <span class='ocrx_word' id='word_1_86' title='bbox 659 1145 966 1199; x_wconf 84' lang='lat' dir='ltr'>Christiani</span> <span class='ocrx_word' id='word_1_87' title='bbox 1008 1145 1329 1215; x_wconf 85' lang='lat' dir='ltr'>Splendoris</span> <span class='ocrx_word' id='word_1_88' title='bbox 1383 1147 1752 1199; x_wconf 90' lang='lat' dir='ltr'>manifestum</span> <span class='ocrx_word' id='word_1_89' title='bbox 1799 1147 2080 1214; x_wconf 81' lang='lat' dir='ltr'>judicium</span> 
     </span>
    </p>
   </div>
   <div class='ocr_carea' id='block_1_14' title="bbox 2659 439 3413 495">
    <p class='ocr_par' dir='ltr' id='par_1_14' title="bbox 2659 439 3413 495">
     <span class='ocr_line' id='line_1_14' title="bbox 2659 439 3413 495; baseline 0.007 -5"><span class='ocrx_word' id='word_1_90' title='bbox 2659 439 3023 492; x_wconf 84' lang='lat' dir='ltr'>EXEMPLUM</span> <span class='ocrx_word' id='word_1_91' title='bbox 3067 440 3413 495; x_wconf 63' lang='lat' dir='ltr'>EPISTOLzE</span> 
     </span>
    </p>
   </div>
   <div class='ocr_carea' id='block_1_15' title="bbox 2311 544 3723 587">
    <p class='ocr_par' dir='ltr' id='par_1_15' title="bbox 2311 544 3723 587">
     <span class='ocr_line' id='line_1_15' title="bbox 2311 544 3723 587; baseline 0.006 -9"><span class='ocrx_word' id='word_1_92' title='bbox 2311 545 2607 582; x_wconf 72' lang='grc' dir='ltr'>,ΙΙΪΞΤΙΝΙΔΝῘ</span> <span class='ocrx_word' id='word_1_93' title='bbox 2647 544 2756 583; x_wconf 72' lang='lat' dir='ltr'>VIR!</span> <span class='ocrx_word' id='word_1_94' title='bbox 2797 545 3058 582; x_wconf 71' lang='lat' dir='ltr'>ILLCSTRIS</span> <span class='ocrx_word' id='word_1_95' title='bbox 3098 548 3167 583; x_wconf 78' lang='lat' dir='ltr'>AD</span> <span class='ocrx_word' id='word_1_96' title='bbox 3207 547 3509 585; x_wconf 72' lang='lat' dir='ltr'>HORMISDAH</span> <span class='ocrx_word' id='word_1_97' title='bbox 3552 550 3723 587; x_wconf 66' lang='lat' dir='ltr'>PAPAI.</span> 
     </span>
    </p>
   </div>
   <div class='ocr_carea' id='block_1_16' title="bbox 2187 617 3827 690">
    <p class='ocr_par' dir='ltr' id='par_1_16' title="bbox 2187 617 3827 690">
     <span class='ocr_line' id='line_1_16' title="bbox 2187 617 3827 690; baseline 0.005 -20"><span class='ocrx_word' id='word_1_98' title='bbox 2187 617 2404 690; x_wconf 78' lang='lat' dir='ltr'>Acacio</span> <span class='ocrx_word' id='word_1_99' title='bbox 2431 617 2706 690; x_wconf 63' lang='lat' dir='ltr'>damnato</span> <span class='ocrx_word' id='word_1_100' title='bbox 2740 617 3238 689; x_wconf 76' lang='lat' dir='ltr'>Conslanlinopoli</span> <span class='ocrx_word' id='word_1_101' title='bbox 3263 635 3460 690; x_wconf 82' lang='lat' dir='ltr'>pacem</span> <span class='ocrx_word' id='word_1_102' title='bbox 3487 621 3657 690; x_wconf 79' lang='lat' dir='ltr'>vigere</span> <span class='ocrx_word' id='word_1_103' title='bbox 3680 641 3694 677; x_wconf 86' lang='lat'><strong><em>:</em></strong></span> <span class='ocrx_word' id='word_1_104' title='bbox 3721 640 3827 678; x_wconf 86' lang='lat' dir='ltr'>cum</span> 
     </span>
    </p>
   </div>
   <div class='ocr_carea' id='block_1_17' title="bbox 2259 688 3829 759">
    <p class='ocr_par' dir='ltr' id='par_1_17' title="bbox 2259 688 3829 759">
     <span class='ocr_line' id='line_1_17' title="bbox 2259 688 3829 759; baseline 0.005 -18"><span class='ocrx_word' id='word_1_105' title='bbox 2259 688 2646 742; x_wconf 77' lang='lat' dir='ltr'>Orienlalibus</span> <span class='ocrx_word' id='word_1_106' title='bbox 2677 705 2879 758; x_wconf 77' lang='lat' dir='ltr'>pacem</span> <span class='ocrx_word' id='word_1_107' title='bbox 2907 688 3124 759; x_wconf 85' lang='lat' dir='ltr'>quoquo</span> <span class='ocrx_word' id='word_1_108' title='bbox 3149 688 3314 744; x_wconf 87' lang='lat' dir='ltr'>modo</span> <span class='ocrx_word' id='word_1_109' title='bbox 3338 688 3632 746; x_wconf 69' lang='lat' dir='ltr'>ineundum</span> <span class='ocrx_word' id='word_1_110' title='bbox 3663 711 3678 746; x_wconf 93' lang='lat'><em>:</em></span> <span class='ocrx_word' id='word_1_111' title='bbox 3702 697 3829 751; x_wconf 79' lang='lat' dir='ltr'>etde</span> 
     </span>
    </p>
   </div>
   <div class='ocr_carea' id='block_1_18' title="bbox 2257 759 2957 814">
    <p class='ocr_par' dir='ltr' id='par_1_18' title="bbox 2257 759 2957 814">
     <span class='ocr_line' id='line_1_18' title="bbox 2257 759 2957 814; baseline 0 -2"><span class='ocrx_word' id='word_1_112' title='bbox 2257 759 2627 813; x_wconf 74' lang='lat' dir='ltr'>sanctissima</span> <span class='ocrx_word' id='word_1_113' title='bbox 2661 760 2957 814; x_wconf 76' lang='lat' dir='ltr'>Trinitate.</span> 
     </span>
    </p>
   </div>
   <div class='ocr_carea' id='block_1_19' title="bbox 2263 849 3829 920">
    <p class='ocr_par' dir='ltr' id='par_1_19' title="bbox 2263 849 3829 920">
     <span class='ocr_line' id='line_1_19' title="bbox 2263 849 3829 920; baseline 0.005 -20"><span class='ocrx_word' id='word_1_114' title='bbox 2263 849 2505 901; x_wconf 92' lang='lat' dir='ltr'>Domino</span> <span class='ocrx_word' id='word_1_115' title='bbox 2537 850 2600 901; x_wconf 87' lang='lat' dir='ltr'>N.</span> <span class='ocrx_word' id='word_1_116' title='bbox 2631 850 2761 902; x_wconf 88' lang='lat' dir='ltr'>Jesu</span> <span class='ocrx_word' id='word_1_117' title='bbox 2796 849 3018 903; x_wconf 85' lang='lat' dir='ltr'>Christo</span> <span class='ocrx_word' id='word_1_118' title='bbox 3062 850 3286 904; x_wconf 81' lang='lat' dir='ltr'>favente</span> <span class='ocrx_word' id='word_1_119' title='bbox 3318 857 3515 920; x_wconf 86' lang='lat' dir='ltr'>regnat</span> <span class='ocrx_word' id='word_1_120' title='bbox 3560 853 3614 906; x_wconf 90' lang='lat' dir='ltr'>in</span> <span class='ocrx_word' id='word_1_121' title='bbox 3653 857 3829 908; x_wconf 61' lang='lat' dir='ltr'>saeculo</span> 
     </span>
    </p>
   </div>
   <div class='ocr_carea' id='block_1_20' title="bbox 2189 937 3832 1012">
    <p class='ocr_par' dir='ltr' id='par_1_20' title="bbox 2189 937 3832 1012">
     <span class='ocr_line' id='line_1_20' title="bbox 2189 937 3832 1012; baseline 0.005 -23"><span class='ocrx_word' id='word_1_122' title='bbox 2189 937 2288 1007; x_wconf 90' lang='lat' dir='ltr'>qui</span> <span class='ocrx_word' id='word_1_123' title='bbox 2320 953 2477 990; x_wconf 91' lang='lat' dir='ltr'>sacra</span> <span class='ocrx_word' id='word_1_124' title='bbox 2509 938 2788 1007; x_wconf 79' lang='lat' dir='ltr'>religione</span> <span class='ocrx_word' id='word_1_125' title='bbox 2820 955 2986 991; x_wconf 88' lang='lat' dir='ltr'>suum</span> <span class='ocrx_word' id='word_1_126' title='bbox 3009 939 3211 993; x_wconf 87' lang='lat' dir='ltr'>fundat</span> <span class='ocrx_word' id='word_1_127' title='bbox 3240 940 3570 1010; x_wconf 88' lang='lat' dir='ltr'>imperium;</span> <span class='ocrx_word' id='word_1_128' title='bbox 3595 945 3832 1012; x_wconf 87' lang='lat' dir='ltr'>quoniam</span> 
     </span>
    </p>
   </div>
   <div class='ocr_carea' id='block_1_21' title="bbox 2187 1027 3828 1100">
    <p class='ocr_par' dir='ltr' id='par_1_21' title="bbox 2187 1027 3828 1100">
     <span class='ocr_line' id='line_1_21' title="bbox 2187 1027 3828 1100; baseline 0.004 -20"><span class='ocrx_word' id='word_1_129' title='bbox 2187 1028 2331 1080; x_wconf 81' lang='lat' dir='ltr'>bene</span> <span class='ocrx_word' id='word_1_130' title='bbox 2359 1027 2641 1096; x_wconf 79' lang='lat' dir='ltr'>gubernat</span> <span class='ocrx_word' id='word_1_131' title='bbox 2672 1028 2945 1093; x_wconf 90' lang='lat' dir='ltr'>humana,</span> <span class='ocrx_word' id='word_1_132' title='bbox 2981 1028 3070 1081; x_wconf 91' lang='lat' dir='ltr'>cui</span> <span class='ocrx_word' id='word_1_133' title='bbox 3099 1030 3258 1098; x_wconf 92' lang='lat' dir='ltr'>prius</span> <span class='ocrx_word' id='word_1_134' title='bbox 3297 1029 3486 1082; x_wconf 88' lang='lat' dir='ltr'>divina</span> <span class='ocrx_word' id='word_1_135' title='bbox 3514 1031 3828 1100; x_wconf 85' lang='lat' dir='ltr'>placuerint:</span> 
     </span>
    </p>
   </div>
   <div class='ocr_carea' id='block_1_22' title="bbox 2189 1116 3830 1189">
    <p class='ocr_par' dir='ltr' id='par_1_22' title="bbox 2189 1116 3830 1189">
     <span class='ocr_line' id='line_1_22' title="bbox 2189 1116 3830 1189; baseline 0.004 -21"><span class='ocrx_word' id='word_1_136' title='bbox 2189 1116 2344 1186; x_wconf 90' lang='lat' dir='ltr'>quod</span> <span class='ocrx_word' id='word_1_137' title='bbox 2379 1117 2753 1185; x_wconf 72' lang='lat' dir='ltr'>prmsentibus</span> <span class='ocrx_word' id='word_1_138' title='bbox 2794 1118 3049 1170; x_wconf 84' lang='lat' dir='ltr'>evenisse</span> <span class='ocrx_word' id='word_1_139' title='bbox 3100 1119 3458 1187; x_wconf 88' lang='lat' dir='ltr'>temporibus</span> <span class='ocrx_word' id='word_1_140' title='bbox 3499 1122 3830 1189; x_wconf 84' lang='lat' dir='ltr'>gratulamur.</span> 
     </span>
    </p>
   </div>
   <div class='ocr_carea' id='block_1_23' title="bbox 2193 1203 3832 1272">
    <p class='ocr_par' dir='ltr' id='par_1_23' title="bbox 2193 1203 3832 1272">
     <span class='ocr_line' id='line_1_23' title="bbox 2193 1203 3832 1272; baseline 0.001 -16"><span class='ocrx_word' id='word_1_141' title='bbox 2193 1203 2362 1256; x_wconf 71' lang='lat' dir='ltr'>Filius</span> <span class='ocrx_word' id='word_1_142' title='bbox 2394 1203 2603 1256; x_wconf 90' lang='lat' dir='ltr'>etenim</span> <span class='ocrx_word' id='word_1_143' title='bbox 2639 1207 2820 1254; x_wconf 85' lang='lat' dir='ltr'>vester</span> <span class='ocrx_word' id='word_1_144' title='bbox 2855 1203 3329 1255; x_wconf 68' lang='lat' dir='ltr'>clementissimus</span> <span class='ocrx_word' id='word_1_145' title='bbox 3373 1204 3672 1272; x_wconf 77' lang='lat' dir='ltr'>imperator</span> <span class='ocrx_word' id='word_1_146' title='bbox 3697 1211 3832 1258; x_wconf 74' lang='lat' dir='ltr'>:rter-</span> 
     </span>
    </p>
   </div>
   <div class='ocr_carea' id='block_1_24' title="bbox 2191 1292 3836 1364">
    <p class='ocr_par' dir='ltr' id='par_1_24' title="bbox 2191 1292 3836 1364">
     <span class='ocr_line' id='line_1_24' title="bbox 2191 1292 3836 1364; baseline 0.003 -21"><span class='ocrx_word' id='word_1_147' title='bbox 2191 1292 2385 1344; x_wconf 88' lang='lat' dir='ltr'>nitatis</span> <span class='ocrx_word' id='word_1_148' title='bbox 2414 1292 2690 1344; x_wconf 87' lang='lat' dir='ltr'>beneficio</span> <span class='ocrx_word' id='word_1_149' title='bbox 2717 1297 2939 1361; x_wconf 88' lang='lat' dir='ltr'>sceptra</span> <span class='ocrx_word' id='word_1_150' title='bbox 2965 1292 3216 1358; x_wconf 85' lang='lat' dir='ltr'>sortitus,</span> <span class='ocrx_word' id='word_1_151' title='bbox 3253 1292 3383 1346; x_wconf 87' lang='lat' dir='ltr'>fidei</span> <span class='ocrx_word' id='word_1_152' title='bbox 3411 1309 3600 1347; x_wconf 86' lang='lat' dir='ltr'>causas</span> <span class='ocrx_word' id='word_1_153' title='bbox 3629 1296 3836 1364; x_wconf 86' lang='lat' dir='ltr'>arripuit</span> 
     </span>
    </p>
   </div>
   <div class='ocr_carea' id='block_1_25' title="bbox 2192 1381 3835 1452">
    <p class='ocr_par' dir='ltr' id='par_1_25' title="bbox 2192 1381 3835 1452">
     <span class='ocr_line' id='line_1_25' title="bbox 2192 1381 3835 1452; baseline 0.002 -19"><span class='ocrx_word' id='word_1_154' title='bbox 2192 1381 2575 1450; x_wconf 82' lang='lat' dir='ltr'>explicandas,</span> <span class='ocrx_word' id='word_1_155' title='bbox 2607 1387 2663 1434; x_wconf 88' lang='lat' dir='ltr'>et</span> <span class='ocrx_word' id='word_1_156' title='bbox 2694 1381 2760 1434; x_wconf 89' lang='lat' dir='ltr'>ad</span> <span class='ocrx_word' id='word_1_157' title='bbox 2789 1386 2940 1434; x_wconf 89' lang='lat' dir='ltr'>luam</span> <span class='ocrx_word' id='word_1_158' title='bbox 2983 1382 3337 1434; x_wconf 84' lang='lat' dir='ltr'>sanctitatem</span> <span class='ocrx_word' id='word_1_159' title='bbox 3373 1383 3544 1436; x_wconf 89' lang='lat' dir='ltr'>missa</span> <span class='ocrx_word' id='word_1_160' title='bbox 3589 1385 3835 1452; x_wconf 82' lang='lat' dir='ltr'>legatione</span> 
     </span>
    </p>
   </div>
   <div class='ocr_carea' id='block_1_26' title="bbox 2193 1470 3835 1542">
    <p class='ocr_par' dir='ltr' id='par_1_26' title="bbox 2193 1470 3835 1542">
     <span class='ocr_line' id='line_1_26' title="bbox 2193 1470 3835 1542; baseline 0.002 -21"><span class='ocrx_word' id='word_1_161' title='bbox 2193 1470 2340 1523; x_wconf 83' lang='lat' dir='ltr'>sedis</span> <span class='ocrx_word' id='word_1_162' title='bbox 2397 1470 2720 1540; x_wconf 63' lang='lat' dir='ltr'>apostolicae</span> <span class='ocrx_word' id='word_1_163' title='bbox 2771 1470 3190 1539; x_wconf 86' lang='lat' dir='ltr'>promeruimus</span> <span class='ocrx_word' id='word_1_164' title='bbox 3235 1471 3574 1536; x_wconf 81' lang='lat' dir='ltr'>sacerdotes,</span> <span class='ocrx_word' id='word_1_165' title='bbox 3628 1488 3835 1542; x_wconf 91' lang='lat' dir='ltr'>quorum</span> 
     </span>
    </p>
   </div>
   <div class='ocr_carea' id='block_1_27' title="bbox 2192 1559 3837 1614">
    <p class='ocr_par' dir='ltr' id='par_1_27' title="bbox 2192 1559 3837 1614">
     <span class='ocr_line' id='line_1_27' title="bbox 2192 1559 3837 1614; baseline 0.002 -3"><span class='ocrx_word' id='word_1_166' title='bbox 2192 1560 2439 1611; x_wconf 89' lang='lat' dir='ltr'>adventu</span> <span class='ocrx_word' id='word_1_167' title='bbox 2471 1575 2579 1612; x_wconf 91' lang='lat' dir='ltr'>non</span> <span class='ocrx_word' id='word_1_168' title='bbox 2630 1559 2996 1612; x_wconf 84' lang='lat' dir='ltr'>mediocriter</span> <span class='ocrx_word' id='word_1_169' title='bbox 3043 1559 3288 1612; x_wconf 84' lang='lat' dir='ltr'>adolevit</span> <span class='ocrx_word' id='word_1_170' title='bbox 3323 1560 3684 1613; x_wconf 81' lang='lat' dir='ltr'>Ecclesiarum</span> <span class='ocrx_word' id='word_1_171' title='bbox 3725 1577 3837 1614; x_wconf 89' lang='lat' dir='ltr'>con-</span> 
     </span>
    </p>
   </div>
   <div class='ocr_carea' id='block_1_28' title="bbox 2121 1643 3835 1714">
    <p class='ocr_par' dir='ltr' id='par_1_28' title="bbox 2121 1643 3835 1714">
     <span class='ocr_line' id='line_1_28' title="bbox 2121 1643 3835 1714; baseline 0.003 -17"><span class='ocrx_word' id='word_1_172' title='bbox 2121 1643 2162 1697; x_wconf 90' lang='lat' dir='ltr'><strong>B</strong></span> <span class='ocrx_word' id='word_1_173' title='bbox 2193 1648 2384 1701; x_wconf 87' lang='lat' dir='ltr'>cordia</span> <span class='ocrx_word' id='word_1_174' title='bbox 2414 1653 2920 1713; x_wconf 87' lang='lat' dir='ltr'>sacrosanctarum,</span> <span class='ocrx_word' id='word_1_175' title='bbox 2955 1649 3110 1701; x_wconf 92' lang='lat' dir='ltr'>vobis</span> <span class='ocrx_word' id='word_1_176' title='bbox 3144 1649 3508 1714; x_wconf 85' lang='lat' dir='ltr'>instantibus,</span> <span class='ocrx_word' id='word_1_177' title='bbox 3531 1655 3591 1703; x_wconf 89' lang='lat' dir='ltr'>ut</span> <span class='ocrx_word' id='word_1_178' title='bbox 3621 1651 3835 1704; x_wconf 83' lang='lat' dir='ltr'>decebat.</span> 
     </span>
    </p>
   </div>
   <div class='ocr_carea' id='block_1_29' title="bbox 2190 1737 3838 1808">
    <p class='ocr_par' dir='ltr' id='par_1_29' title="bbox 2190 1737 3838 1808">
     <span class='ocr_line' id='line_1_29' title="bbox 2190 1737 3838 1808; baseline 0.001 -17"><span class='ocrx_word' id='word_1_179' title='bbox 2190 1737 2377 1791; x_wconf 78' lang='lat' dir='ltr'>Acacii</span> <span class='ocrx_word' id='word_1_180' title='bbox 2407 1753 2676 1807; x_wconf 85' lang='lat' dir='ltr'>namque,</span> <span class='ocrx_word' id='word_1_181' title='bbox 2708 1738 2861 1807; x_wconf 84' lang='lat' dir='ltr'>quod</span> <span class='ocrx_word' id='word_1_182' title='bbox 2891 1738 3190 1790; x_wconf 82' lang='lat' dir='ltr'>dissidium</span> <span class='ocrx_word' id='word_1_183' title='bbox 3215 1739 3470 1808; x_wconf 82' lang='lat' dir='ltr'>gerebat,</span> <span class='ocrx_word' id='word_1_184' title='bbox 3500 1740 3714 1792; x_wconf 92' lang='lat' dir='ltr'>nomine</span> <span class='ocrx_word' id='word_1_185' title='bbox 3741 1741 3838 1792; x_wconf 87' lang='lat' dir='ltr'>stir-</span> 
     </span>
    </p>
   </div>
   <div class='ocr_carea' id='block_1_30' title="bbox 2192 1827 3838 1898">
    <p class='ocr_par' dir='ltr' id='par_1_30' title="bbox 2192 1827 3838 1898">
     <span class='ocr_line' id='line_1_30' title="bbox 2192 1827 3838 1898; baseline 0 -18"><span class='ocrx_word' id='word_1_186' title='bbox 2192 1829 2344 1897; x_wconf 88' lang='lat' dir='ltr'>pitus</span> <span class='ocrx_word' id='word_1_187' title='bbox 2384 1832 2699 1896; x_wconf 86' lang='lat' dir='ltr'>amputato,</span> <span class='ocrx_word' id='word_1_188' title='bbox 2753 1843 2855 1895; x_wconf 88' lang='lat' dir='ltr'>pro</span> <span class='ocrx_word' id='word_1_189' title='bbox 2886 1833 3082 1880; x_wconf 89' lang='lat' dir='ltr'>tenore</span> <span class='ocrx_word' id='word_1_190' title='bbox 3115 1827 3444 1880; x_wconf 86' lang='lat' dir='ltr'>libellorum</span> <span class='ocrx_word' id='word_1_191' title='bbox 3487 1844 3622 1898; x_wconf 90' lang='lat' dir='ltr'>quos</span> <span class='ocrx_word' id='word_1_192' title='bbox 3669 1829 3838 1882; x_wconf 78' lang='lat' dir='ltr'>direxi-</span> 
     </span>
    </p>
   </div>
   <div class='ocr_carea' id='block_1_31' title="bbox 2191 1915 3840 1986">
    <p class='ocr_par' dir='ltr' id='par_1_31' title="bbox 2191 1915 3840 1986">
     <span class='ocr_line' id='line_1_31' title="bbox 2191 1915 3840 1986; baseline -0.001 -18"><span class='ocrx_word' id='word_1_193' title='bbox 2191 1917 2310 1980; x_wconf 85' lang='lat' dir='ltr'>stis,</span> <span class='ocrx_word' id='word_1_194' title='bbox 2347 1916 2402 1969; x_wconf 91' lang='lat' dir='ltr'>in</span> <span class='ocrx_word' id='word_1_195' title='bbox 2437 1916 2540 1969; x_wconf 90' lang='lat' dir='ltr'>hac</span> <span class='ocrx_word' id='word_1_196' title='bbox 2584 1916 2724 1969; x_wconf 84' lang='lat' dir='ltr'>urbe</span> <span class='ocrx_word' id='word_1_197' title='bbox 2765 1915 2921 1984; x_wconf 83' lang='lat' dir='ltr'>regia</span> <span class='ocrx_word' id='word_1_198' title='bbox 2969 1916 3278 1986; x_wconf 79' lang='lat' dir='ltr'>multisque</span> <span class='ocrx_word' id='word_1_199' title='bbox 3325 1917 3642 1970; x_wconf 84' lang='lat' dir='ltr'>civitatibus</span> <span class='ocrx_word' id='word_1_200' title='bbox 3683 1918 3840 1969; x_wconf 88' lang='lat' dir='ltr'>unitas</span> 
     </span>
    </p>
   </div>
   <div class='ocr_carea' id='block_1_32' title="bbox 2191 2004 3840 2075">
    <p class='ocr_par' dir='ltr' id='par_1_32' title="bbox 2191 2004 3840 2075">
     <span class='ocr_line' id='line_1_32' title="bbox 2191 2004 3840 2075; baseline 0 -17"><span class='ocrx_word' id='word_1_201' title='bbox 2191 2011 2385 2075; x_wconf 88' lang='lat' dir='ltr'>Optata</span> <span class='ocrx_word' id='word_1_202' title='bbox 2442 2004 2720 2074; x_wconf 77' lang='lat' dir='ltr'>provenit,</span> <span class='ocrx_word' id='word_1_203' title='bbox 2769 2021 2939 2074; x_wconf 89' lang='lat' dir='ltr'>quam</span> <span class='ocrx_word' id='word_1_204' title='bbox 2988 2006 3228 2057; x_wconf 89' lang='lat' dir='ltr'>summis</span> <span class='ocrx_word' id='word_1_205' title='bbox 3269 2005 3559 2058; x_wconf 85' lang='lat' dir='ltr'>inventam</span> <span class='ocrx_word' id='word_1_206' title='bbox 3596 2006 3840 2059; x_wconf 77' lang='lat' dir='ltr'>laboribus</span> 
     </span>
    </p>
   </div>
   <div class='ocr_carea' id='block_1_33' title="bbox 2191 2093 3840 2164">
    <p class='ocr_par' dir='ltr' id='par_1_33' title="bbox 2191 2093 3840 2164">
     <span class='ocr_line' id='line_1_33' title="bbox 2191 2093 3840 2164; baseline -0.001 -17"><span class='ocrx_word' id='word_1_207' title='bbox 2191 2094 2448 2147; x_wconf 89' lang='lat' dir='ltr'>venerari</span> <span class='ocrx_word' id='word_1_208' title='bbox 2478 2093 2776 2146; x_wconf 79' lang='lat' dir='ltr'>convenit:</span> <span class='ocrx_word' id='word_1_209' title='bbox 2804 2093 2858 2146; x_wconf 93' lang='lat' dir='ltr'>in</span> <span class='ocrx_word' id='word_1_210' title='bbox 2885 2100 3344 2164; x_wconf 86' lang='lat' dir='ltr'>perpetuumque</span> <span class='ocrx_word' id='word_1_211' title='bbox 3364 2095 3629 2148; x_wconf 90' lang='lat' dir='ltr'>custodiri</span> <span class='ocrx_word' id='word_1_212' title='bbox 3652 2111 3840 2147; x_wconf 85' lang='lat' dir='ltr'>necesse</span> 
     </span>
    </p>
   </div>
   <div class='ocr_carea' id='block_1_34' title="bbox 2189 2183 3840 2254">
    <p class='ocr_par' dir='ltr' id='par_1_34' title="bbox 2189 2183 3840 2254">
     <span class='ocr_line' id='line_1_34' title="bbox 2189 2183 3840 2254; baseline 0 -18"><span class='ocrx_word' id='word_1_213' title='bbox 2189 2189 2289 2236; x_wconf 91' lang='lat' dir='ltr'>est.</span> <span class='ocrx_word' id='word_1_214' title='bbox 2326 2185 2451 2236; x_wconf 70' lang='lat' dir='ltr'>Hmc</span> <span class='ocrx_word' id='word_1_215' title='bbox 2485 2183 2836 2252; x_wconf 85' lang='lat' dir='ltr'>quibuslibet</span> <span class='ocrx_word' id='word_1_216' title='bbox 2880 2183 3234 2251; x_wconf 83' lang='lat' dir='ltr'>argumentis</span> <span class='ocrx_word' id='word_1_217' title='bbox 3265 2185 3563 2236; x_wconf 81' lang='lat' dir='ltr'>retractari</span> <span class='ocrx_word' id='word_1_218' title='bbox 3594 2184 3840 2254; x_wconf 78' lang='lat' dir='ltr'>quispiam</span> 
     </span>
    </p>
   </div>
   <div class='ocr_carea' id='block_1_35' title="bbox 2189 2271 3842 2344">
    <p class='ocr_par' dir='ltr' id='par_1_35' title="bbox 2189 2271 3842 2344">
     <span class='ocr_line' id='line_1_35' title="bbox 2189 2271 3842 2344; baseline -0.002 -19"><span class='ocrx_word' id='word_1_219' title='bbox 2189 2273 2458 2344; x_wconf 85' lang='lat' dir='ltr'>patietur,</span> <span class='ocrx_word' id='word_1_220' title='bbox 2505 2289 2631 2341; x_wconf 84' lang='lat' dir='ltr'>quae</span> <span class='ocrx_word' id='word_1_221' title='bbox 2674 2271 3020 2340; x_wconf 88' lang='lat' dir='ltr'>sempiterna</span> <span class='ocrx_word' id='word_1_222' title='bbox 3064 2271 3328 2340; x_wconf 88' lang='lat' dir='ltr'>majestas</span> <span class='ocrx_word' id='word_1_223' title='bbox 3368 2272 3479 2325; x_wconf 91' lang='lat' dir='ltr'>rite</span> <span class='ocrx_word' id='word_1_224' title='bbox 3524 2272 3842 2340; x_wconf 80' lang='lat' dir='ltr'>composuit?</span> 
     </span>
    </p>
   </div>
   <div class='ocr_carea' id='block_1_36' title="bbox 2189 2360 3839 2431">
    <p class='ocr_par' dir='ltr' id='par_1_36' title="bbox 2189 2360 3839 2431">
     <span class='ocr_line' id='line_1_36' title="bbox 2189 2360 3839 2431; baseline -0.004 -14"><span class='ocrx_word' id='word_1_225' title='bbox 2189 2363 2294 2418; x_wconf 87' lang='lat' dir='ltr'>Sed</span> <span class='ocrx_word' id='word_1_226' title='bbox 2326 2363 2459 2431; x_wconf 88' lang='lat' dir='ltr'>quia</span> <span class='ocrx_word' id='word_1_227' title='bbox 2491 2377 2795 2430; x_wconf 86' lang='lat' dir='ltr'>prosperos</span> <span class='ocrx_word' id='word_1_228' title='bbox 2827 2377 3024 2412; x_wconf 79' lang='lat' dir='ltr'>cursus</span> <span class='ocrx_word' id='word_1_229' title='bbox 3053 2360 3386 2430; x_wconf 88' lang='lat' dir='ltr'>frequenter</span> <span class='ocrx_word' id='word_1_230' title='bbox 3421 2362 3686 2431; x_wconf 87' lang='lat' dir='ltr'>impedire</span> <span class='ocrx_word' id='word_1_231' title='bbox 3716 2361 3839 2412; x_wconf 87' lang='lat' dir='ltr'>festi-</span> 
     </span>
    </p>
   </div>
   <div class='ocr_carea' id='block_1_37' title="bbox 2173 2437 3840 2519">
    <p class='ocr_par' dir='ltr' id='par_1_37' title="bbox 2173 2437 3840 2519">
     <span class='ocr_line' id='line_1_37' title="bbox 2173 2437 3840 2519; baseline -0.001 -16"><span class='ocrx_word' id='word_1_232' title='bbox 2173 2437 2290 2503; x_wconf 86' lang='lat' dir='ltr'>nat</span> <span class='ocrx_word' id='word_1_233' title='bbox 2319 2451 2556 2504; x_wconf 88' lang='lat' dir='ltr'>humani</span> <span class='ocrx_word' id='word_1_234' title='bbox 2589 2451 2814 2519; x_wconf 81' lang='lat' dir='ltr'>generis</span> <span class='ocrx_word' id='word_1_235' title='bbox 2847 2449 3137 2518; x_wconf 89' lang='lat' dir='ltr'>inimicus,</span> <span class='ocrx_word' id='word_1_236' title='bbox 3183 2467 3311 2518; x_wconf 90' lang='lat' dir='ltr'>pars</span> <span class='ocrx_word' id='word_1_237' title='bbox 3347 2450 3711 2504; x_wconf 86' lang='lat' dir='ltr'>Orientalium</span> <span class='ocrx_word' id='word_1_238' title='bbox 3751 2465 3840 2501; x_wconf 90' lang='lat' dir='ltr'>non</span> 
     </span>
    </p>
   </div>
   <div class='ocr_carea' id='block_1_38' title="bbox 2190 2540 3843 2610">
    <p class='ocr_par' dir='ltr' id='par_1_38' title="bbox 2190 2540 3843 2610">
     <span class='ocr_line' id='line_1_38' title="bbox 2190 2540 3843 2610; baseline -0.003 -17"><span class='ocrx_word' id='word_1_239' title='bbox 2190 2541 2270 2610; x_wconf 81' lang='lat' dir='ltr'>(b)</span> <span class='ocrx_word' id='word_1_240' title='bbox 2297 2541 2474 2602; x_wconf 82' lang='lat' dir='ltr'>exilis,</span> <span class='ocrx_word' id='word_1_241' title='bbox 2513 2556 2614 2592; x_wconf 83' lang='lat' dir='ltr'>nec</span> <span class='ocrx_word' id='word_1_242' title='bbox 2659 2541 2807 2592; x_wconf 89' lang='lat' dir='ltr'>ferro</span> <span class='ocrx_word' id='word_1_243' title='bbox 2855 2540 3213 2608; x_wconf 90' lang='lat' dir='ltr'>flammisque</span> <span class='ocrx_word' id='word_1_244' title='bbox 3259 2540 3526 2608; x_wconf 90' lang='lat' dir='ltr'>compelli</span> <span class='ocrx_word' id='word_1_245' title='bbox 3573 2545 3756 2608; x_wconf 82' lang='lat' dir='ltr'>potest,</span> <span class='ocrx_word' id='word_1_246' title='bbox 3793 2542 3843 2589; x_wconf 85' lang='lat' dir='ltr'>ut</span> 
     </span>
    </p>
   </div>
   <div class='ocr_carea' id='block_1_39' title="bbox 2191 2628 3842 2699">
    <p class='ocr_par' dir='ltr' id='par_1_39' title="bbox 2191 2628 3842 2699">
     <span class='ocr_line' id='line_1_39' title="bbox 2191 2628 3842 2699; baseline -0.003 -16"><span class='ocrx_word' id='word_1_247' title='bbox 2191 2630 2588 2699; x_wconf 89' lang='lat' dir='ltr'>episcoporum</span> <span class='ocrx_word' id='word_1_248' title='bbox 2616 2629 2851 2682; x_wconf 88' lang='lat' dir='ltr'>nomina</span> <span class='ocrx_word' id='word_1_249' title='bbox 2881 2634 3008 2698; x_wconf 87' lang='lat' dir='ltr'>post</span> <span class='ocrx_word' id='word_1_250' title='bbox 3027 2628 3289 2681; x_wconf 72' lang='lat' dir='ltr'>Acacium</span> <span class='ocrx_word' id='word_1_251' title='bbox 3320 2629 3712 2682; x_wconf 85' lang='lat' dir='ltr'>defunctorum</span> <span class='ocrx_word' id='word_1_252' title='bbox 3739 2643 3842 2678; x_wconf 86' lang='lat' dir='ltr'>con-</span> 
     </span>
    </p>
   </div>
   <div class='ocr_carea' id='block_1_40' title="bbox 2191 2717 3844 2788">
    <p class='ocr_par' dir='ltr' id='par_1_40' title="bbox 2191 2717 3844 2788">
     <span class='ocr_line' id='line_1_40' title="bbox 2191 2717 3844 2788; baseline -0.004 -16"><span class='ocrx_word' id='word_1_253' title='bbox 2191 2719 2465 2773; x_wconf 87' lang='lat' dir='ltr'>demnet:</span> <span class='ocrx_word' id='word_1_254' title='bbox 2506 2735 2634 2788; x_wconf 70' lang='lat' dir='ltr'>quae</span> <span class='ocrx_word' id='word_1_255' title='bbox 2677 2718 2982 2770; x_wconf 86' lang='lat' dir='ltr'>difficultas</span> <span class='ocrx_word' id='word_1_256' title='bbox 3032 2718 3284 2786; x_wconf 82' lang='lat' dir='ltr'>generali</span> <span class='ocrx_word' id='word_1_257' title='bbox 3333 2717 3647 2770; x_wconf 49' lang='lat' dir='ltr'>concordia!</span> <span class='ocrx_word' id='word_1_258' title='bbox 3690 2731 3844 2768; x_wconf 87' lang='lat' dir='ltr'>moras</span> 
     </span>
    </p>
   </div>
   <div class='ocr_carea' id='block_1_41' title="bbox 2192 2806 3844 2876">
    <p class='ocr_par' dir='ltr' id='par_1_41' title="bbox 2192 2806 3844 2876">
     <span class='ocr_line' id='line_1_41' title="bbox 2192 2806 3844 2876; baseline -0.003 -15"><span class='ocrx_word' id='word_1_259' title='bbox 2192 2808 2381 2861; x_wconf 84' lang='lat' dir='ltr'>nectit.</span> <span class='ocrx_word' id='word_1_260' title='bbox 2413 2808 2690 2861; x_wconf 87' lang='lat' dir='ltr'>Sanctitas</span> <span class='ocrx_word' id='word_1_261' title='bbox 2723 2807 2914 2876; x_wconf 86' lang='lat' dir='ltr'>itaque</span> <span class='ocrx_word' id='word_1_262' title='bbox 2948 2813 3128 2858; x_wconf 87' lang='lat' dir='ltr'>vestra</span> <span class='ocrx_word' id='word_1_263' title='bbox 3159 2806 3379 2859; x_wconf 84' lang='lat' dir='ltr'>caelitus</span> <span class='ocrx_word' id='word_1_264' title='bbox 3409 2807 3699 2876; x_wconf 85' lang='lat' dir='ltr'>inspirata,</span> <span class='ocrx_word' id='word_1_265' title='bbox 3729 2812 3844 2856; x_wconf 86' lang='lat' dir='ltr'>tem-</span> 
     </span>
    </p>
   </div>
   <div class='ocr_carea' id='block_1_42' title="bbox 2192 2895 3843 2966">
    <p class='ocr_par' dir='ltr' id='par_1_42' title="bbox 2192 2895 3843 2966">
     <span class='ocr_line' id='line_1_42' title="bbox 2192 2895 3843 2966; baseline -0.003 -17"><span class='ocrx_word' id='word_1_266' title='bbox 2192 2913 2396 2966; x_wconf 88' lang='lat' dir='ltr'>porum</span> <span class='ocrx_word' id='word_1_267' title='bbox 2428 2913 2735 2966; x_wconf 89' lang='lat' dir='ltr'>rerumque</span> <span class='ocrx_word' id='word_1_268' title='bbox 2777 2896 3110 2966; x_wconf 89' lang='lat' dir='ltr'>qualitatem</span> <span class='ocrx_word' id='word_1_269' title='bbox 3152 2896 3493 2964; x_wconf 84' lang='lat' dir='ltr'>consideret,</span> <span class='ocrx_word' id='word_1_270' title='bbox 3529 2901 3584 2949; x_wconf 90' lang='lat' dir='ltr'>et</span> <span class='ocrx_word' id='word_1_271' title='bbox 3611 2895 3843 2948; x_wconf 81' lang='lat' dir='ltr'>condem-</span> 
     </span>
    </p>
   </div>
   <div class='ocr_carea' id='block_1_43' title="bbox 2189 2984 3845 3054">
    <p class='ocr_par' dir='ltr' id='par_1_43' title="bbox 2189 2984 3845 3054">
     <span class='ocr_line' id='line_1_43' title="bbox 2189 2984 3845 3054; baseline -0.003 -15"><span class='ocrx_word' id='word_1_272' title='bbox 2189 2988 2338 3040; x_wconf 90' lang='lat' dir='ltr'>natis</span> <span class='ocrx_word' id='word_1_273' title='bbox 2382 2987 2552 3054; x_wconf 81' lang='lat' dir='ltr'>hujus</span> <span class='ocrx_word' id='word_1_274' title='bbox 2595 2985 2802 3038; x_wconf 90' lang='lat' dir='ltr'>erroris</span> <span class='ocrx_word' id='word_1_275' title='bbox 2846 2984 3193 3051; x_wconf 88' lang='lat' dir='ltr'>auctoribus,</span> <span class='ocrx_word' id='word_1_276' title='bbox 3249 2984 3304 3037; x_wconf 90' lang='lat' dir='ltr'>id</span> <span class='ocrx_word' id='word_1_277' title='bbox 3357 2990 3442 3038; x_wconf 89' lang='lat' dir='ltr'>est</span> <span class='ocrx_word' id='word_1_278' title='bbox 3487 2985 3677 3038; x_wconf 81' lang='lat' dir='ltr'>Acacio</span> <span class='ocrx_word' id='word_1_279' title='bbox 3719 2984 3845 3037; x_wconf 89' lang='lat' dir='ltr'>Con-</span> 
     </span>
    </p>
   </div>
   <div class='ocr_carea' id='block_1_44' title="bbox 2189 3073 3845 3145">
    <p class='ocr_par' dir='ltr' id='par_1_44' title="bbox 2189 3073 3845 3145">
     <span class='ocr_line' id='line_1_44' title="bbox 2189 3073 3845 3145; baseline -0.004 -17"><span class='ocrx_word' id='word_1_280' title='bbox 2189 3075 2721 3145; x_wconf 87' lang='lat' dir='ltr'>stantinopolitano,</span> <span class='ocrx_word' id='word_1_281' title='bbox 2769 3076 2953 3139; x_wconf 85' lang='lat' dir='ltr'>Petro,</span> <span class='ocrx_word' id='word_1_282' title='bbox 2990 3081 3046 3126; x_wconf 90' lang='lat' dir='ltr'>et</span> <span class='ocrx_word' id='word_1_283' title='bbox 3086 3074 3382 3127; x_wconf 87' lang='lat' dir='ltr'>Timotheo</span> <span class='ocrx_word' id='word_1_284' title='bbox 3425 3076 3634 3142; x_wconf 40' lang='lat' dir='ltr'>.‘Eluro,</span> <span class='ocrx_word' id='word_1_285' title='bbox 3665 3079 3713 3125; x_wconf 90' lang='lat' dir='ltr'>et</span> <span class='ocrx_word' id='word_1_286' title='bbox 3745 3073 3845 3123; x_wconf 87' lang='lat' dir='ltr'>Dio-</span> 
     </span>
    </p>
   </div>
   <div class='ocr_carea' id='block_1_45' title="bbox 2189 3163 3846 3234">
    <p class='ocr_par' dir='ltr' id='par_1_45' title="bbox 2189 3163 3846 3234">
     <span class='ocr_line' id='line_1_45' title="bbox 2189 3163 3846 3234; baseline -0.003 -17"><span class='ocrx_word' id='word_1_287' title='bbox 2189 3182 2347 3218; x_wconf 90' lang='lat' dir='ltr'>scoro</span> <span class='ocrx_word' id='word_1_288' title='bbox 2423 3165 2838 3229; x_wconf 80' lang='lat' dir='ltr'>Alexandrinis,</span> <span class='ocrx_word' id='word_1_289' title='bbox 2915 3166 3194 3234; x_wconf 90' lang='lat' dir='ltr'>Petroque</span> <span class='ocrx_word' id='word_1_290' title='bbox 3257 3164 3634 3226; x_wconf 82' lang='lat' dir='ltr'>Antiocheno,</span> <span class='ocrx_word' id='word_1_291' title='bbox 3709 3163 3846 3214; x_wconf 83' lang='lat' dir='ltr'>finire</span> 
     </span>
    </p>
   </div>
   <div class='ocr_carea' id='block_1_46' title="bbox 2189 3251 3845 3324">
    <p class='ocr_par' dir='ltr' id='par_1_46' title="bbox 2189 3251 3845 3324">
     <span class='ocr_line' id='line_1_46' title="bbox 2189 3251 3845 3324; baseline -0.004 -18"><span class='ocrx_word' id='word_1_292' title='bbox 2189 3255 2458 3324; x_wconf 88' lang='lat' dir='ltr'>dignetur</span> <span class='ocrx_word' id='word_1_293' title='bbox 2488 3254 2864 3306; x_wconf 89' lang='lat' dir='ltr'>inveteratum</span> <span class='ocrx_word' id='word_1_294' title='bbox 2896 3260 3205 3318; x_wconf 90' lang='lat' dir='ltr'>certamen,</span> <span class='ocrx_word' id='word_1_295' title='bbox 3230 3253 3297 3306; x_wconf 88' lang='lat' dir='ltr'>de</span> <span class='ocrx_word' id='word_1_296' title='bbox 3329 3260 3664 3306; x_wconf 76' lang='lat' dir='ltr'>caeterorum</span> <span class='ocrx_word' id='word_1_297' title='bbox 3692 3251 3845 3304; x_wconf 89' lang='lat' dir='ltr'>nomi-</span> 
     </span>
    </p>
   </div>
   <div class='ocr_carea' id='block_1_47' title="bbox 2188 3342 3847 3414">
    <p class='ocr_par' dir='ltr' id='par_1_47' title="bbox 2188 3342 3847 3414">
     <span class='ocr_line' id='line_1_47' title="bbox 2188 3342 3847 3414; baseline -0.004 -18"><span class='ocrx_word' id='word_1_298' title='bbox 2188 3345 2357 3396; x_wconf 91' lang='lat' dir='ltr'>nibus</span> <span class='ocrx_word' id='word_1_299' title='bbox 2390 3343 2697 3414; x_wconf 70' lang='lat' dir='ltr'>quaastione</span> <span class='ocrx_word' id='word_1_300' title='bbox 2729 3343 2949 3412; x_wconf 89' lang='lat' dir='ltr'>sopita:</span> <span class='ocrx_word' id='word_1_301' title='bbox 2987 3348 3052 3395; x_wconf 90' lang='lat' dir='ltr'>ut</span> <span class='ocrx_word' id='word_1_302' title='bbox 3081 3343 3377 3407; x_wconf 84' lang='lat' dir='ltr'>redimatis</span> <span class='ocrx_word' id='word_1_303' title='bbox 3401 3342 3627 3412; x_wconf 90' lang='lat' dir='ltr'>plebem</span> <span class='ocrx_word' id='word_1_304' title='bbox 3658 3342 3720 3394; x_wconf 90' lang='lat' dir='ltr'>de</span> <span class='ocrx_word' id='word_1_305' title='bbox 3748 3354 3847 3391; x_wconf 86' lang='lat' dir='ltr'>san-</span> 
     </span>
    </p>
   </div>
   <div class='ocr_carea' id='block_1_48' title="bbox 2189 3433 3846 3502">
    <p class='ocr_par' dir='ltr' id='par_1_48' title="bbox 2189 3433 3846 3502">
     <span class='ocr_line' id='line_1_48' title="bbox 2189 3433 3846 3502; baseline -0.003 -19"><span class='ocrx_word' id='word_1_306' title='bbox 2189 3433 2384 3501; x_wconf 89' lang='lat' dir='ltr'>guine,</span> <span class='ocrx_word' id='word_1_307' title='bbox 2418 3449 2590 3502; x_wconf 89' lang='lat' dir='ltr'>quam</span> <span class='ocrx_word' id='word_1_308' title='bbox 2634 3435 2782 3485; x_wconf 89' lang='lat' dir='ltr'>Deus</span> <span class='ocrx_word' id='word_1_309' title='bbox 2807 3437 3000 3485; x_wconf 90' lang='lat' dir='ltr'>noster</span> <span class='ocrx_word' id='word_1_310' title='bbox 3019 3433 3328 3501; x_wconf 89' lang='lat' dir='ltr'>regendam</span> <span class='ocrx_word' id='word_1_311' title='bbox 3350 3433 3653 3498; x_wconf 87' lang='lat' dir='ltr'>commisit,</span> <span class='ocrx_word' id='word_1_312' title='bbox 3678 3446 3733 3482; x_wconf 90' lang='lat' dir='ltr'>ac</span> <span class='ocrx_word' id='word_1_313' title='bbox 3752 3443 3846 3480; x_wconf 90' lang='lat' dir='ltr'>non</span> 
     </span>
    </p>
   </div>
   <div class='ocr_carea' id='block_1_49' title="bbox 2189 3514 3844 3606">
    <p class='ocr_par' dir='ltr' id='par_1_49' title="bbox 2189 3514 3844 3606">
     <span class='ocr_line' id='line_1_49' title="bbox 2189 3514 3844 3606; baseline -0.005 -33"><span class='ocrx_word' id='word_1_314' title='bbox 2189 3521 2680 3590; x_wconf 87' lang='lat' dir='ltr'>persecutionibus</span> <span class='ocrx_word' id='word_1_315' title='bbox 2712 3537 2775 3573; x_wconf 89' lang='lat' dir='ltr'>ac</span> <span class='ocrx_word' id='word_1_316' title='bbox 2811 3537 3045 3606; x_wconf 52' lang='lat' dir='ltr'>.cruorc,</span> <span class='ocrx_word' id='word_1_317' title='bbox 3097 3521 3194 3574; x_wconf 83' lang='lat' dir='ltr'>sed</span> <span class='ocrx_word' id='word_1_318' title='bbox 3238 3521 3521 3590; x_wconf 88' lang='lat' dir='ltr'>patientia</span> <span class='ocrx_word' id='word_1_319' title='bbox 3553 3514 3844 3574; x_wconf 86' lang='lat' dir='ltr'>sacerdotali</span> 
     </span>
    </p>
   </div>
   <div class='ocr_carea' id='block_1_50' title="bbox 2189 3606 3850 3679">
    <p class='ocr_par' dir='ltr' id='par_1_50' title="bbox 2189 3606 3850 3679">
     <span class='ocr_line' id='line_1_50' title="bbox 2189 3606 3850 3679; baseline -0.003 -18"><span class='ocrx_word' id='word_1_320' title='bbox 2189 3612 2470 3679; x_wconf 89' lang='lat' dir='ltr'>populum</span> <span class='ocrx_word' id='word_1_321' title='bbox 2515 3609 2757 3662; x_wconf 88' lang='lat' dir='ltr'>Domino</span> <span class='ocrx_word' id='word_1_322' title='bbox 2794 3615 2988 3662; x_wconf 91' lang='lat' dir='ltr'>nostro</span> <span class='ocrx_word' id='word_1_323' title='bbox 3031 3609 3338 3663; x_wconf 86' lang='lat' dir='ltr'>concilietis</span> <span class='ocrx_word' id='word_1_324' title='bbox 3364 3627 3375 3663; x_wconf 92' lang='lat'><strong>:</strong></span> <span class='ocrx_word' id='word_1_325' title='bbox 3405 3626 3531 3675; x_wconf 91' lang='lat' dir='ltr'>nec,</span> <span class='ocrx_word' id='word_1_326' title='bbox 3565 3610 3694 3662; x_wconf 89' lang='lat' dir='ltr'>dum</span> <span class='ocrx_word' id='word_1_327' title='bbox 3721 3606 3850 3659; x_wconf 86' lang='lat' dir='ltr'>volu-</span> 
     </span>
    </p>
   </div>
   <div class='ocr_carea' id='block_1_51' title="bbox 2191 3697 3850 3768">
    <p class='ocr_par' dir='ltr' id='par_1_51' title="bbox 2191 3697 3850 3768">
     <span class='ocr_line' id='line_1_51' title="bbox 2191 3697 3850 3768; baseline -0.006 -16"><span class='ocrx_word' id='word_1_328' title='bbox 2191 3715 2317 3752; x_wconf 91' lang='lat' dir='ltr'>mus</span> <span class='ocrx_word' id='word_1_329' title='bbox 2349 3699 2568 3752; x_wconf 89' lang='lat' dir='ltr'>animas</span> <span class='ocrx_word' id='word_1_330' title='bbox 2604 3699 2831 3762; x_wconf 89' lang='lat' dir='ltr'>lucrari,</span> <span class='ocrx_word' id='word_1_331' title='bbox 2868 3705 2922 3751; x_wconf 89' lang='lat' dir='ltr'>et</span> <span class='ocrx_word' id='word_1_332' title='bbox 2952 3715 3190 3768; x_wconf 91' lang='lat' dir='ltr'>corpora</span> <span class='ocrx_word' id='word_1_333' title='bbox 3234 3699 3549 3752; x_wconf 87' lang='lat' dir='ltr'>multorum</span> <span class='ocrx_word' id='word_1_334' title='bbox 3583 3697 3850 3767; x_wconf 86' lang='lat' dir='ltr'>perdamus</span> 
     </span>
    </p>
   </div>
   <div class='ocr_carea' id='block_1_52' title="bbox 2191 3787 3850 3842">
    <p class='ocr_par' dir='ltr' id='par_1_52' title="bbox 2191 3787 3850 3842">
     <span class='ocr_line' id='line_1_52' title="bbox 2191 3787 3850 3842; baseline -0.002 -2"><span class='ocrx_word' id='word_1_335' title='bbox 2191 3793 2247 3840; x_wconf 91' lang='lat' dir='ltr'>et</span> <span class='ocrx_word' id='word_1_336' title='bbox 2269 3789 2504 3840; x_wconf 90' lang='lat' dir='ltr'>animas.</span> <span class='ocrx_word' id='word_1_337' title='bbox 2541 3789 2772 3841; x_wconf 87' lang='lat' dir='ltr'>Errores</span> <span class='ocrx_word' id='word_1_338' title='bbox 2799 3787 3010 3841; x_wconf 90' lang='lat' dir='ltr'>etenim</span> <span class='ocrx_word' id='word_1_339' title='bbox 3036 3789 3338 3842; x_wconf 92' lang='lat' dir='ltr'>diuturnos</span> <span class='ocrx_word' id='word_1_340' title='bbox 3371 3789 3604 3841; x_wconf 90' lang='lat' dir='ltr'>lenitate</span> <span class='ocrx_word' id='word_1_341' title='bbox 3634 3787 3850 3838; x_wconf 85' lang='lat' dir='ltr'>clemen-</span> 
     </span>
    </p>
   </div>
   <div class='ocr_carea' id='block_1_53' title="bbox 2191 3875 3852 3948">
    <p class='ocr_par' dir='ltr' id='par_1_53' title="bbox 2191 3875 3852 3948">
     <span class='ocr_line' id='line_1_53' title="bbox 2191 3875 3852 3948; baseline -0.004 -19"><span class='ocrx_word' id='word_1_342' title='bbox 2191 3878 2382 3946; x_wconf 87' lang='lat' dir='ltr'>tiaque</span> <span class='ocrx_word' id='word_1_343' title='bbox 2416 3878 2683 3930; x_wconf 87' lang='lat' dir='ltr'>convenit</span> <span class='ocrx_word' id='word_1_344' title='bbox 2709 3877 3022 3943; x_wconf 91' lang='lat' dir='ltr'>emendari,</span> <span class='ocrx_word' id='word_1_345' title='bbox 3051 3877 3335 3948; x_wconf 65' lang='lat' dir='ltr'>praecipue</span> <span class='ocrx_word' id='word_1_346' title='bbox 3368 3877 3506 3948; x_wconf 88' lang='lat' dir='ltr'>quia</span> <span class='ocrx_word' id='word_1_347' title='bbox 3534 3882 3722 3930; x_wconf 77' lang='lat' dir='ltr'>vestrze</span> <span class='ocrx_word' id='word_1_348' title='bbox 3751 3875 3852 3925; x_wconf 90' lang='lat' dir='ltr'>bea-</span> 
     </span>
    </p>
   </div>
   <div class='ocr_carea' id='block_1_54' title="bbox 2191 3961 3853 4036">
    <p class='ocr_par' dir='ltr' id='par_1_54' title="bbox 2191 3961 3853 4036">
     <span class='ocr_line' id='line_1_54' title="bbox 2191 3961 3853 4036; baseline -0.004 -18"><span class='ocrx_word' id='word_1_349' title='bbox 2191 3966 2450 4019; x_wconf 90' lang='lat' dir='ltr'>titudinis</span> <span class='ocrx_word' id='word_1_350' title='bbox 2498 3966 2940 4036; x_wconf 62' lang='lat' dir='ltr'>praedecessores</span> <span class='ocrx_word' id='word_1_351' title='bbox 2989 3966 3302 4036; x_wconf 71' lang='lat' dir='ltr'>saepissime</span> <span class='ocrx_word' id='word_1_352' title='bbox 3346 3967 3650 4020; x_wconf 84' lang='lat' dir='ltr'>voluerunt</span> <span class='ocrx_word' id='word_1_353' title='bbox 3688 3961 3853 4030; x_wconf 87' lang='lat' dir='ltr'>reipu-</span> 
     </span>
    </p>
   </div>
   <div class='ocr_carea' id='block_1_55' title="bbox 2191 4049 3852 4136">
    <p class='ocr_par' dir='ltr' id='par_1_55' title="bbox 2191 4049 3852 4136">
     <span class='ocr_line' id='line_1_55' title="bbox 2191 4049 3852 4136; baseline -0.004 -30"><span class='ocrx_word' id='word_1_354' title='bbox 2191 4054 2352 4108; x_wconf 74' lang='lat' dir='ltr'>blicae</span> <span class='ocrx_word' id='word_1_355' title='bbox 2384 4059 2592 4108; x_wconf 73' lang='lat' dir='ltr'>nostra:</span> <span class='ocrx_word' id='word_1_356' title='bbox 2623 4055 2907 4108; x_wconf 87' lang='lat' dir='ltr'>antistites</span> <span class='ocrx_word' id='word_1_357' title='bbox 2931 4055 3010 4136; x_wconf 65' lang='lat' dir='ltr'>ad</span> <span class='ocrx_word' id='word_1_358' title='bbox 3041 4071 3203 4108; x_wconf 89' lang='lat' dir='ltr'>suam</span> <span class='ocrx_word' id='word_1_359' title='bbox 3233 4071 3500 4108; x_wconf 90' lang='lat' dir='ltr'>revocare</span> <span class='ocrx_word' id='word_1_360' title='bbox 3532 4049 3852 4108; x_wconf 85' lang='lat' dir='ltr'>communio-</span> 
     </span>
    </p>
   </div>
   <div class='ocr_carea' id='block_1_56' title="bbox 2193 4140 3852 4208">
    <p class='ocr_par' dir='ltr' id='par_1_56' title="bbox 2193 4140 3852 4208">
     <span class='ocr_line' id='line_1_56' title="bbox 2193 4140 3852 4208; baseline -0.003 -13"><span class='ocrx_word' id='word_1_361' title='bbox 2193 4159 2346 4208; x_wconf 89' lang='lat' dir='ltr'>nem,</span> <span class='ocrx_word' id='word_1_362' title='bbox 2411 4143 2458 4195; x_wconf 92' lang='lat' dir='ltr'>si</span> <span class='ocrx_word' id='word_1_363' title='bbox 2515 4143 2913 4198; x_wconf 85' lang='lat' dir='ltr'>tantummodo</span> <span class='ocrx_word' id='word_1_364' title='bbox 2962 4148 3246 4197; x_wconf 87' lang='lat' dir='ltr'>taceretur</span> <span class='ocrx_word' id='word_1_365' title='bbox 3292 4145 3530 4198; x_wconf 83' lang='lat' dir='ltr'>Aeacius</span> <span class='ocrx_word' id='word_1_366' title='bbox 3578 4140 3852 4208; x_wconf 70' lang='lat' dir='ltr'>casterique</span> 
     </span>
    </p>
   </div>
   <div class='ocr_carea' id='block_1_57' title="bbox 2195 4232 3851 4304">
    <p class='ocr_par' dir='ltr' id='par_1_57' title="bbox 2195 4232 3851 4304">
     <span class='ocr_line' id='line_1_57' title="bbox 2195 4232 3851 4304; baseline -0.001 -24"><span class='ocrx_word' id='word_1_367' title='bbox 2195 4232 2471 4300; x_wconf 81' lang='lat' dir='ltr'>praedicti.</span> <span class='ocrx_word' id='word_1_368' title='bbox 2515 4233 2638 4286; x_wconf 83' lang='lat' dir='ltr'>Non</span> <span class='ocrx_word' id='word_1_369' title='bbox 2675 4237 2759 4286; x_wconf 90' lang='lat' dir='ltr'>est</span> <span class='ocrx_word' id='word_1_370' title='bbox 2791 4249 2924 4303; x_wconf 90' lang='lat' dir='ltr'>ergo</span> <span class='ocrx_word' id='word_1_371' title='bbox 2968 4249 3139 4302; x_wconf 88' lang='lat' dir='ltr'>gravo</span> <span class='ocrx_word' id='word_1_372' title='bbox 3171 4234 3320 4304; x_wconf 87' lang='lat' dir='ltr'>quod</span> <span class='ocrx_word' id='word_1_373' title='bbox 3373 4234 3552 4287; x_wconf 86' lang='lat' dir='ltr'>suasit</span> <span class='ocrx_word' id='word_1_374' title='bbox 3587 4237 3757 4284; x_wconf 86' lang='lat' dir='ltr'>vestra</span> <span class='ocrx_word' id='word_1_375' title='bbox 3781 4241 3851 4279; x_wconf 87' lang='lat' dir='ltr'>se-</span> 
     </span>
    </p>
   </div>
   <div class='ocr_carea' id='block_1_58' title="bbox 2189 4316 3854 4393">
    <p class='ocr_par' dir='ltr' id='par_1_58' title="bbox 2189 4316 3854 4393">
     <span class='ocr_line' id='line_1_58' title="bbox 2189 4316 3854 4393; baseline -0.004 -20"><span class='ocrx_word' id='word_1_376' title='bbox 2189 4321 2284 4373; x_wconf 91' lang='lat' dir='ltr'>des</span> <span class='ocrx_word' id='word_1_377' title='bbox 2307 4327 2370 4374; x_wconf 90' lang='lat' dir='ltr'>ut</span> <span class='ocrx_word' id='word_1_378' title='bbox 2403 4326 2627 4391; x_wconf 63' lang='lat' dir='ltr'>praestet</span> <span class='ocrx_word' id='word_1_379' title='bbox 2662 4339 2673 4374; x_wconf 82' lang='lat'><strong>2</strong></span> <span class='ocrx_word' id='word_1_380' title='bbox 2709 4323 2845 4374; x_wconf 93' lang='lat' dir='ltr'>illud</span> <span class='ocrx_word' id='word_1_381' title='bbox 2875 4322 3048 4375; x_wconf 90' lang='lat' dir='ltr'>etiam</span> <span class='ocrx_word' id='word_1_382' title='bbox 3083 4322 3266 4393; x_wconf 89' lang='lat' dir='ltr'>magis</span> <span class='ocrx_word' id='word_1_383' title='bbox 3296 4323 3596 4392; x_wconf 87' lang='lat' dir='ltr'>magisque</span> <span class='ocrx_word' id='word_1_384' title='bbox 3628 4316 3854 4389; x_wconf 86' lang='lat' dir='ltr'>deposci-</span> 
     </span>
    </p>
   </div>
   <div class='ocr_carea' id='block_1_59' title="bbox 2191 4410 3854 4482">
    <p class='ocr_par' dir='ltr' id='par_1_59' title="bbox 2191 4410 3854 4482">
     <span class='ocr_line' id='line_1_59' title="bbox 2191 4410 3854 4482; baseline 0 -21"><span class='ocrx_word' id='word_1_385' title='bbox 2191 4425 2339 4477; x_wconf 87' lang='lat' dir='ltr'>mus,</span> <span class='ocrx_word' id='word_1_386' title='bbox 2383 4416 2446 4463; x_wconf 90' lang='lat' dir='ltr'>ut</span> <span class='ocrx_word' id='word_1_387' title='bbox 2495 4416 2591 4462; x_wconf 88' lang='lat' dir='ltr'>tua</span> <span class='ocrx_word' id='word_1_388' title='bbox 2631 4411 2898 4463; x_wconf 86' lang='lat' dir='ltr'>sanctitas</span> <span class='ocrx_word' id='word_1_389' title='bbox 2947 4417 3220 4482; x_wconf 90' lang='lat' dir='ltr'>concepta</span> <span class='ocrx_word' id='word_1_390' title='bbox 3266 4413 3449 4482; x_wconf 88' lang='lat' dir='ltr'>gratia</span> <span class='ocrx_word' id='word_1_391' title='bbox 3496 4410 3702 4465; x_wconf 81' lang='lat' dir='ltr'>ccelesti</span> <span class='ocrx_word' id='word_1_392' title='bbox 3747 4420 3854 4476; x_wconf 67' lang='lat' dir='ltr'>qua?</span> 
     </span>
    </p>
   </div>
   <div class='ocr_carea' id='block_1_60' title="bbox 2186 4498 3853 4569">
    <p class='ocr_par' dir='ltr' id='par_1_60' title="bbox 2186 4498 3853 4569">
     <span class='ocr_line' id='line_1_60' title="bbox 2186 4498 3853 4569; baseline 0.003 -19"><span class='ocrx_word' id='word_1_393' title='bbox 2186 4498 2555 4566; x_wconf 67' lang='lat' dir='ltr'>prmtendunt</span> <span class='ocrx_word' id='word_1_394' title='bbox 2606 4499 2922 4552; x_wconf 90' lang='lat' dir='ltr'>Orientales</span> <span class='ocrx_word' id='word_1_395' title='bbox 2971 4499 3226 4569; x_wconf 90' lang='lat' dir='ltr'>episcopi</span> <span class='ocrx_word' id='word_1_396' title='bbox 3287 4504 3530 4552; x_wconf 88' lang='lat' dir='ltr'>tractare</span> <span class='ocrx_word' id='word_1_397' title='bbox 3593 4499 3853 4567; x_wconf 59' lang='lat' dir='ltr'>dignetur,</span> 
     </span>
    </p>
   </div>
   <div class='ocr_carea' id='block_1_61' title="bbox 386 1235 2081 1305">
    <p class='ocr_par' dir='ltr' id='par_1_61' title="bbox 386 1235 2081 1305">
     <span class='ocr_line' id='line_1_61' title="bbox 386 1235 2081 1305; baseline 0.001 -18"><span class='ocrx_word' id='word_1_398' title='bbox 386 1251 508 1287; x_wconf 86' lang='lat' dir='ltr'>esse</span> <span class='ocrx_word' id='word_1_399' title='bbox 539 1235 856 1288; x_wconf 89' lang='lat' dir='ltr'>annuntio:</span> <span class='ocrx_word' id='word_1_400' title='bbox 883 1241 939 1288; x_wconf 87' lang='lat' dir='ltr'>et</span> <span class='ocrx_word' id='word_1_401' title='bbox 970 1235 1388 1305; x_wconf 84' lang='lat' dir='ltr'>quinquaginta</span> <span class='ocrx_word' id='word_1_402' title='bbox 1418 1241 1472 1288; x_wconf 90' lang='lat' dir='ltr'>et</span> <span class='ocrx_word' id='word_1_403' title='bbox 1503 1241 1730 1288; x_wconf 89' lang='lat' dir='ltr'>centum</span> <span class='ocrx_word' id='word_1_404' title='bbox 1755 1242 2081 1288; x_wconf 83' lang='lat' dir='ltr'>sanctorum</span> 
     </span>
    </p>
   </div>
   <div class='ocr_carea' id='block_1_62' title="bbox 386 1323 2080 1392">
    <p class='ocr_par' dir='ltr' id='par_1_62' title="bbox 386 1323 2080 1392">
     <span class='ocr_line' id='line_1_62' title="bbox 386 1323 2080 1392; baseline 0.001 -18"><span class='ocrx_word' id='word_1_405' title='bbox 386 1324 744 1376; x_wconf 77' lang='lat' dir='ltr'>sacerdotum</span> <span class='ocrx_word' id='word_1_406' title='bbox 789 1324 848 1375; x_wconf 92' lang='lat' dir='ltr'>in</span> <span class='ocrx_word' id='word_1_407' title='bbox 899 1324 1003 1376; x_wconf 87' lang='lat' dir='ltr'>hac</span> <span class='ocrx_word' id='word_1_408' title='bbox 1053 1324 1195 1376; x_wconf 86' lang='lat' dir='ltr'>urbe</span> <span class='ocrx_word' id='word_1_409' title='bbox 1247 1323 1406 1392; x_wconf 87' lang='lat' dir='ltr'>regia</span> <span class='ocrx_word' id='word_1_410' title='bbox 1442 1325 1646 1377; x_wconf 90' lang='lat' dir='ltr'>factam</span> <span class='ocrx_word' id='word_1_411' title='bbox 1695 1324 2080 1377; x_wconf 76' lang='lat' dir='ltr'>venerabilem</span> 
     </span>
    </p>
   </div>
   <div class='ocr_carea' id='block_1_63' title="bbox 387 1413 2079 1482">
    <p class='ocr_par' dir='ltr' id='par_1_63' title="bbox 387 1413 2079 1482">
     <span class='ocr_line' id='line_1_63' title="bbox 387 1413 2079 1482; baseline 0.001 -18"><span class='ocrx_word' id='word_1_412' title='bbox 387 1413 665 1482; x_wconf 79' lang='lat' dir='ltr'>synodum</span> <span class='ocrx_word' id='word_1_413' title='bbox 705 1429 717 1465; x_wconf 88' lang='lat'>:</span> <span class='ocrx_word' id='word_1_414' title='bbox 770 1413 1031 1465; x_wconf 89' lang='lat' dir='ltr'>similiter</span> <span class='ocrx_word' id='word_1_415' title='bbox 1078 1417 1134 1464; x_wconf 86' lang='lat' dir='ltr'>et</span> <span class='ocrx_word' id='word_1_416' title='bbox 1189 1413 1562 1465; x_wconf 88' lang='lat' dir='ltr'>ducentorum</span> <span class='ocrx_word' id='word_1_417' title='bbox 1615 1413 1716 1466; x_wconf 89' lang='lat' dir='ltr'>Dei</span> <span class='ocrx_word' id='word_1_418' title='bbox 1761 1419 2079 1466; x_wconf 91' lang='lat' dir='ltr'>amatorum</span> 
     </span>
    </p>
   </div>
   <div class='ocr_carea' id='block_1_64' title="bbox 387 1501 2082 1570">
    <p class='ocr_par' dir='ltr' id='par_1_64' title="bbox 387 1501 2082 1570">
     <span class='ocr_line' id='line_1_64' title="bbox 387 1501 2082 1570; baseline -0.001 -15"><span class='ocrx_word' id='word_1_419' title='bbox 387 1503 620 1556; x_wconf 90' lang='lat' dir='ltr'>Patrum</span> <span class='ocrx_word' id='word_1_420' title='bbox 653 1506 1000 1554; x_wconf 90' lang='lat' dir='ltr'>conventum</span> <span class='ocrx_word' id='word_1_421' title='bbox 1051 1501 1110 1553; x_wconf 92' lang='lat' dir='ltr'>in</span> <span class='ocrx_word' id='word_1_422' title='bbox 1146 1501 1426 1570; x_wconf 86' lang='lat' dir='ltr'>Ephesina</span> <span class='ocrx_word' id='word_1_423' title='bbox 1471 1502 1682 1554; x_wconf 86' lang='lat' dir='ltr'>factum</span> <span class='ocrx_word' id='word_1_424' title='bbox 1715 1519 1726 1554; x_wconf 94' lang='lat'><strong>:</strong></span> <span class='ocrx_word' id='word_1_425' title='bbox 1761 1503 1992 1570; x_wconf 83' lang='lat' dir='ltr'>triginta</span> <span class='ocrx_word' id='word_1_426' title='bbox 2025 1507 2082 1554; x_wconf 92' lang='lat' dir='ltr'>et</span> 
     </span>
    </p>
   </div>
   <div class='ocr_carea' id='block_1_65' title="bbox 386 1590 2080 1645">
    <p class='ocr_par' dir='ltr' id='par_1_65' title="bbox 386 1590 2080 1645">
     <span class='ocr_line' id='line_1_65' title="bbox 386 1590 2080 1645; baseline 0 -1"><span class='ocrx_word' id='word_1_427' title='bbox 386 1597 779 1645; x_wconf 86' lang='lat' dir='ltr'>sexcentorum</span> <span class='ocrx_word' id='word_1_428' title='bbox 821 1590 1429 1644; x_wconf 90' lang='lat' dir='ltr'>reverendissimorum</span> <span class='ocrx_word' id='word_1_429' title='bbox 1463 1593 1692 1643; x_wconf 82' lang='lat' dir='ltr'>Patrum</span> <span class='ocrx_word' id='word_1_430' title='bbox 1728 1597 1782 1643; x_wconf 90' lang='lat' dir='ltr'>et</span> <span class='ocrx_word' id='word_1_431' title='bbox 1823 1591 2080 1644; x_wconf 85' lang='lat' dir='ltr'>sacerdo-</span> 
     </span>
    </p>
   </div>
   <div class='ocr_carea' id='block_1_66' title="bbox 386 1679 2081 1750">
    <p class='ocr_par' dir='ltr' id='par_1_66' title="bbox 386 1679 2081 1750">
     <span class='ocr_line' id='line_1_66' title="bbox 386 1679 2081 1750; baseline 0.001 -18"><span class='ocrx_word' id='word_1_432' title='bbox 386 1685 508 1732; x_wconf 91' lang='lat' dir='ltr'>tum</span> <span class='ocrx_word' id='word_1_433' title='bbox 541 1680 824 1750; x_wconf 74' lang='lat' dir='ltr'>synodum</span> <span class='ocrx_word' id='word_1_434' title='bbox 855 1680 1061 1732; x_wconf 86' lang='lat' dir='ltr'>factam</span> <span class='ocrx_word' id='word_1_435' title='bbox 1112 1679 1464 1732; x_wconf 89' lang='lat' dir='ltr'>Chalcedone</span> <span class='ocrx_word' id='word_1_436' title='bbox 1499 1696 1668 1732; x_wconf 89' lang='lat' dir='ltr'>unam</span> <span class='ocrx_word' id='word_1_437' title='bbox 1699 1680 1932 1750; x_wconf 81' lang='lat' dir='ltr'>(veram)</span> <span class='ocrx_word' id='word_1_438' title='bbox 1962 1697 2081 1733; x_wconf 90' lang='lat' dir='ltr'>esse</span> 
     </span>
    </p>
   </div>
   <div class='ocr_carea' id='block_1_67' title="bbox 387 1767 2082 1837">
    <p class='ocr_par' dir='ltr' id='par_1_67' title="bbox 387 1767 2082 1837">
     <span class='ocr_line' id='line_1_67' title="bbox 387 1767 2082 1837; baseline -0.001 -15"><span class='ocrx_word' id='word_1_439' title='bbox 387 1775 441 1822; x_wconf 88' lang='lat' dir='ltr'>et</span> <span class='ocrx_word' id='word_1_440' title='bbox 472 1770 930 1832; x_wconf 90' lang='lat' dir='ltr'>convenientem,</span> <span class='ocrx_word' id='word_1_441' title='bbox 968 1773 1022 1820; x_wconf 91' lang='lat' dir='ltr'>et</span> <span class='ocrx_word' id='word_1_442' title='bbox 1053 1767 1516 1837; x_wconf 86' lang='lat' dir='ltr'>compaginatam</span> <span class='ocrx_word' id='word_1_443' title='bbox 1559 1769 1845 1837; x_wconf 69' lang='lat' dir='ltr'>praedictis</span> <span class='ocrx_word' id='word_1_444' title='bbox 1878 1770 2082 1822; x_wconf 86' lang='lat' dir='ltr'>sanctis</span> 
     </span>
    </p>
   </div>
   <div class='ocr_carea' id='block_1_68' title="bbox 385 1857 2079 1927">
    <p class='ocr_par' dir='ltr' id='par_1_68' title="bbox 385 1857 2079 1927">
     <span class='ocr_line' id='line_1_68' title="bbox 385 1857 2079 1927; baseline -0.001 -16"><span class='ocrx_word' id='word_1_445' title='bbox 385 1859 660 1923; x_wconf 89' lang='lat' dir='ltr'>conciliis,</span> <span class='ocrx_word' id='word_1_446' title='bbox 713 1859 832 1927; x_wconf 84' lang='lat' dir='ltr'>ipse</span> <span class='ocrx_word' id='word_1_447' title='bbox 873 1874 977 1926; x_wconf 89' lang='lat' dir='ltr'>ego</span> <span class='ocrx_word' id='word_1_448' title='bbox 1027 1857 1220 1922; x_wconf 89' lang='lat' dir='ltr'>didici,</span> <span class='ocrx_word' id='word_1_449' title='bbox 1272 1857 1528 1927; x_wconf 88' lang='lat' dir='ltr'>aliosque</span> <span class='ocrx_word' id='word_1_450' title='bbox 1578 1859 1777 1911; x_wconf 87' lang='lat' dir='ltr'>docere</span> <span class='ocrx_word' id='word_1_451' title='bbox 1817 1859 2079 1927; x_wconf 85' lang='lat' dir='ltr'>cognovi.</span> 
     </span>
    </p>
   </div>
   <div class='ocr_carea' id='block_1_69' title="bbox 389 1947 2078 2016">
    <p class='ocr_par' dir='ltr' id='par_1_69' title="bbox 389 1947 2078 2016">
     <span class='ocr_line' id='line_1_69' title="bbox 389 1947 2078 2016; baseline 0.001 -17"><span class='ocrx_word' id='word_1_452' title='bbox 389 1950 450 2000; x_wconf 91' lang='lat' dir='ltr'>In</span> <span class='ocrx_word' id='word_1_453' title='bbox 484 1947 570 2000; x_wconf 91' lang='lat' dir='ltr'>his</span> <span class='ocrx_word' id='word_1_454' title='bbox 599 1963 734 2015; x_wconf 89' lang='lat' dir='ltr'>ergo</span> <span class='ocrx_word' id='word_1_455' title='bbox 767 1953 1016 2016; x_wconf 89' lang='lat' dir='ltr'>quatuor</span> <span class='ocrx_word' id='word_1_456' title='bbox 1037 1947 1270 2015; x_wconf 78' lang='lat' dir='ltr'>synodis</span> <span class='ocrx_word' id='word_1_457' title='bbox 1293 1949 1501 2000; x_wconf 87' lang='lat' dir='ltr'>sanctis</span> <span class='ocrx_word' id='word_1_458' title='bbox 1528 1952 1582 2000; x_wconf 90' lang='lat' dir='ltr'>et</span> <span class='ocrx_word' id='word_1_459' title='bbox 1609 1947 1779 2000; x_wconf 87' lang='lat' dir='ltr'>sacris</span> <span class='ocrx_word' id='word_1_460' title='bbox 1807 1964 2078 2016; x_wconf 86' lang='lat' dir='ltr'>magnum</span> 
     </span>
    </p>
   </div>
   <div class='ocr_carea' id='block_1_70' title="bbox 386 2036 2081 2106">
    <p class='ocr_par' dir='ltr' id='par_1_70' title="bbox 386 2036 2081 2106">
     <span class='ocr_line' id='line_1_70' title="bbox 386 2036 2081 2106; baseline 0.001 -17"><span class='ocrx_word' id='word_1_461' title='bbox 386 2036 616 2105; x_wconf 88' lang='lat' dir='ltr'>pietatis</span> <span class='ocrx_word' id='word_1_462' title='bbox 640 2037 1012 2106; x_wconf 64' lang='lat' dir='ltr'>prae-dicatum</span> <span class='ocrx_word' id='word_1_463' title='bbox 1036 2036 1396 2105; x_wconf 77' lang='lat' dir='ltr'>mysterium,</span> <span class='ocrx_word' id='word_1_464' title='bbox 1418 2043 1473 2090; x_wconf 91' lang='lat' dir='ltr'>et</span> <span class='ocrx_word' id='word_1_465' title='bbox 1495 2037 1749 2090; x_wconf 91' lang='lat' dir='ltr'>omnium</span> <span class='ocrx_word' id='word_1_466' title='bbox 1779 2037 2081 2090; x_wconf 88' lang='lat' dir='ltr'>hominum</span> 
     </span>
    </p>
   </div>
   <div class='ocr_carea' id='block_1_71' title="bbox 385 2125 2083 2195">
    <p class='ocr_par' dir='ltr' id='par_1_71' title="bbox 385 2125 2083 2195">
     <span class='ocr_line' id='line_1_71' title="bbox 385 2125 2083 2195; baseline 0.001 -18"><span class='ocrx_word' id='word_1_467' title='bbox 385 2130 472 2178; x_wconf 89' lang='lat' dir='ltr'>est</span> <span class='ocrx_word' id='word_1_468' title='bbox 520 2125 768 2194; x_wconf 89' lang='lat' dir='ltr'>reposita</span> <span class='ocrx_word' id='word_1_469' title='bbox 818 2125 988 2178; x_wconf 87' lang='lat' dir='ltr'>salus.</span> <span class='ocrx_word' id='word_1_470' title='bbox 1026 2126 1134 2177; x_wconf 91' lang='lat' dir='ltr'>Eos</span> <span class='ocrx_word' id='word_1_471' title='bbox 1183 2126 1335 2177; x_wconf 90' lang='lat' dir='ltr'>enim</span> <span class='ocrx_word' id='word_1_472' title='bbox 1387 2125 1486 2195; x_wconf 92' lang='lat' dir='ltr'>qui</span> <span class='ocrx_word' id='word_1_473' title='bbox 1535 2127 1770 2179; x_wconf 89' lang='lat' dir='ltr'>fuerunt</span> <span class='ocrx_word' id='word_1_474' title='bbox 1815 2128 1900 2180; x_wconf 85' lang='lat' dir='ltr'>vel</span> <span class='ocrx_word' id='word_1_475' title='bbox 1951 2130 2083 2179; x_wconf 88' lang='lat' dir='ltr'>sunt</span> 
     </span>
    </p>
   </div>
   <div class='ocr_carea' id='block_1_72' title="bbox 383 2214 2080 2284">
    <p class='ocr_par' dir='ltr' id='par_1_72' title="bbox 383 2214 2080 2284">
     <span class='ocr_line' id='line_1_72' title="bbox 383 2214 2080 2284; baseline 0.002 -19"><span class='ocrx_word' id='word_1_476' title='bbox 383 2215 641 2282; x_wconf 82' lang='lat' dir='ltr'>ejusdem</span> <span class='ocrx_word' id='word_1_477' title='bbox 673 2215 972 2267; x_wconf 66' lang='lat' dir='ltr'>sententia-3</span> <span class='ocrx_word' id='word_1_478' title='bbox 1009 2219 1064 2267; x_wconf 90' lang='lat' dir='ltr'>et</span> <span class='ocrx_word' id='word_1_479' title='bbox 1096 2214 1339 2284; x_wconf 87' lang='lat' dir='ltr'>suscipio</span> <span class='ocrx_word' id='word_1_480' title='bbox 1374 2221 1430 2268; x_wconf 91' lang='lat' dir='ltr'>et</span> <span class='ocrx_word' id='word_1_481' title='bbox 1467 2217 1804 2284; x_wconf 83' lang='lat' dir='ltr'>amplector,</span> <span class='ocrx_word' id='word_1_482' title='bbox 1836 2222 1889 2269; x_wconf 85' lang='lat' dir='ltr'>et.</span> <span class='ocrx_word' id='word_1_483' title='bbox 1918 2217 2080 2269; x_wconf 88' lang='lat' dir='ltr'>unire</span> 
     </span>
    </p>
   </div>
   <div class='ocr_carea' id='block_1_73' title="bbox 384 2302 2082 2374">
    <p class='ocr_par' dir='ltr' id='par_1_73' title="bbox 384 2302 2082 2374">
     <span class='ocr_line' id='line_1_73' title="bbox 384 2302 2082 2374; baseline 0.001 -19"><span class='ocrx_word' id='word_1_484' title='bbox 384 2319 476 2355; x_wconf 91' lang='lat' dir='ltr'>me</span> <span class='ocrx_word' id='word_1_485' title='bbox 507 2302 587 2356; x_wconf 88' lang='lat' dir='ltr'>eis</span> <span class='ocrx_word' id='word_1_486' title='bbox 620 2304 818 2372; x_wconf 85' lang='lat' dir='ltr'>diligo.</span> <span class='ocrx_word' id='word_1_487' title='bbox 856 2304 901 2356; x_wconf 89' lang='lat' dir='ltr'><strong>E</strong></span> <span class='ocrx_word' id='word_1_488' title='bbox 932 2309 1130 2355; x_wconf 90' lang='lat' dir='ltr'>contra</span> <span class='ocrx_word' id='word_1_489' title='bbox 1179 2310 1371 2356; x_wconf 89' lang='lat' dir='ltr'>autem</span> <span class='ocrx_word' id='word_1_490' title='bbox 1418 2321 1512 2356; x_wconf 89' lang='lat' dir='ltr'>eos</span> <span class='ocrx_word' id='word_1_491' title='bbox 1563 2306 1658 2374; x_wconf 89' lang='lat' dir='ltr'>qui</span> <span class='ocrx_word' id='word_1_492' title='bbox 1703 2311 1910 2374; x_wconf 62' lang='lat' dir='ltr'>praeter</span> <span class='ocrx_word' id='word_1_493' title='bbox 1949 2306 2082 2358; x_wconf 88' lang='lat' dir='ltr'>istas</span> 
     </span>
    </p>
   </div>
   <div class='ocr_carea' id='block_1_74' title="bbox 384 2391 2081 2463">
    <p class='ocr_par' dir='ltr' id='par_1_74' title="bbox 384 2391 2081 2463">
     <span class='ocr_line' id='line_1_74' title="bbox 384 2391 2081 2463; baseline 0.002 -20"><span class='ocrx_word' id='word_1_494' title='bbox 384 2391 522 2460; x_wconf 84' lang='lat' dir='ltr'>quid</span> <span class='ocrx_word' id='word_1_495' title='bbox 555 2393 808 2444; x_wconf 89' lang='lat' dir='ltr'>sentiunt</span> <span class='ocrx_word' id='word_1_496' title='bbox 839 2398 936 2444; x_wconf 93' lang='lat' dir='ltr'>aut</span> <span class='ocrx_word' id='word_1_497' title='bbox 977 2393 1310 2461; x_wconf 70' lang='lat' dir='ltr'>praedicant,</span> <span class='ocrx_word' id='word_1_498' title='bbox 1344 2395 1635 2460; x_wconf 61' lang='lat' dir='ltr'>pratterito</span> <span class='ocrx_word' id='word_1_499' title='bbox 1676 2402 1934 2463; x_wconf 88' lang='lat' dir='ltr'>tempore</span> <span class='ocrx_word' id='word_1_500' title='bbox 1972 2395 2081 2446; x_wconf 89' lang='lat' dir='ltr'>ali—</span> 
     </span>
    </p>
   </div>
   <div class='ocr_carea' id='block_1_75' title="bbox 384 2480 2082 2550">
    <p class='ocr_par' dir='ltr' id='par_1_75' title="bbox 384 2480 2082 2550">
     <span class='ocr_line' id='line_1_75' title="bbox 384 2480 2082 2550; baseline 0.001 -17"><span class='ocrx_word' id='word_1_501' title='bbox 384 2480 524 2550; x_wconf 92' lang='lat' dir='ltr'>quid</span> <span class='ocrx_word' id='word_1_502' title='bbox 584 2481 772 2534; x_wconf 88' lang='lat' dir='ltr'>conati</span> <span class='ocrx_word' id='word_1_503' title='bbox 831 2486 984 2545; x_wconf 88' lang='lat' dir='ltr'>sunt,</span> <span class='ocrx_word' id='word_1_504' title='bbox 1042 2498 1072 2533; x_wconf 90' lang='lat' dir='ltr'>a</span> <span class='ocrx_word' id='word_1_505' title='bbox 1128 2487 1276 2534; x_wconf 88' lang='lat' dir='ltr'>coetu</span> <span class='ocrx_word' id='word_1_506' title='bbox 1327 2483 1777 2535; x_wconf 84' lang='lat' dir='ltr'>orthodoxorum</span> <span class='ocrx_word' id='word_1_507' title='bbox 1831 2490 2082 2536; x_wconf 79' lang='lat' dir='ltr'>extorres</span> 
     </span>
    </p>
   </div>
   <div class='ocr_carea' id='block_1_76' title="bbox 385 2569 2084 2640">
    <p class='ocr_par' dir='ltr' id='par_1_76' title="bbox 385 2569 2084 2640">
     <span class='ocr_line' id='line_1_76' title="bbox 385 2569 2084 2640; baseline 0.001 -18"><span class='ocrx_word' id='word_1_508' title='bbox 385 2585 504 2622; x_wconf 89' lang='lat' dir='ltr'>esse</span> <span class='ocrx_word' id='word_1_509' title='bbox 537 2569 820 2622; x_wconf 82' lang='lat' dir='ltr'>existimo.</span> <span class='ocrx_word' id='word_1_510' title='bbox 855 2569 1127 2623; x_wconf 89' lang='lat' dir='ltr'>Similiter</span> <span class='ocrx_word' id='word_1_511' title='bbox 1159 2576 1336 2622; x_wconf 89' lang='lat' dir='ltr'>rectas</span> <span class='ocrx_word' id='word_1_512' title='bbox 1392 2575 1447 2623; x_wconf 92' lang='lat' dir='ltr'>ct</span> <span class='ocrx_word' id='word_1_513' title='bbox 1489 2588 1681 2624; x_wconf 82' lang='lat' dir='ltr'>revera</span> <span class='ocrx_word' id='word_1_514' title='bbox 1729 2571 2084 2640; x_wconf 83' lang='lat' dir='ltr'>religiosissi-</span> 
     </span>
    </p>
   </div>
   <div class='ocr_carea' id='block_1_77' title="bbox 384 2657 2080 2728">
    <p class='ocr_par' dir='ltr' id='par_1_77' title="bbox 384 2657 2080 2728">
     <span class='ocr_line' id='line_1_77' title="bbox 384 2657 2080 2728; baseline 0.001 -18"><span class='ocrx_word' id='word_1_515' title='bbox 384 2673 506 2710; x_wconf 90' lang='lat' dir='ltr'>mas</span> <span class='ocrx_word' id='word_1_516' title='bbox 540 2657 810 2727; x_wconf 88' lang='lat' dir='ltr'>epistolas</span> <span class='ocrx_word' id='word_1_517' title='bbox 843 2658 1186 2711; x_wconf 82' lang='lat' dir='ltr'>venerabilis</span> <span class='ocrx_word' id='word_1_518' title='bbox 1218 2675 1381 2728; x_wconf 80' lang='lat' dir='ltr'>pasz</span> <span class='ocrx_word' id='word_1_519' title='bbox 1415 2659 1617 2711; x_wconf 81' lang='lat' dir='ltr'>Leonis</span> <span class='ocrx_word' id='word_1_520' title='bbox 1648 2675 1752 2727; x_wconf 87' lang='lat' dir='ltr'>pro</span> <span class='ocrx_word' id='word_1_521' title='bbox 1787 2665 1938 2711; x_wconf 84' lang='lat' dir='ltr'>recta</span> <span class='ocrx_word' id='word_1_522' title='bbox 1970 2660 2080 2712; x_wconf 89' lang='lat' dir='ltr'>fide</span> 
     </span>
    </p>
   </div>
   <div class='ocr_carea' id='block_1_78' title="bbox 384 2746 2084 2817">
    <p class='ocr_par' dir='ltr' id='par_1_78' title="bbox 384 2746 2084 2817">
     <span class='ocr_line' id='line_1_78' title="bbox 384 2746 2084 2817; baseline 0.001 -18"><span class='ocrx_word' id='word_1_523' title='bbox 384 2747 730 2817; x_wconf 87' lang='lat' dir='ltr'>conscriptas</span> <span class='ocrx_word' id='word_1_524' title='bbox 758 2746 1292 2816; x_wconf 88' lang='lat' dir='ltr'>circumamplector</span> <span class='ocrx_word' id='word_1_525' title='bbox 1333 2754 1388 2799; x_wconf 91' lang='lat' dir='ltr'>et</span> <span class='ocrx_word' id='word_1_526' title='bbox 1427 2747 1694 2816; x_wconf 80' lang='lat' dir='ltr'>suscipio.</span> <span class='ocrx_word' id='word_1_527' title='bbox 1732 2748 1945 2800; x_wconf 83' lang='lat' dir='ltr'>Ilabeat</span> <span class='ocrx_word' id='word_1_528' title='bbox 1981 2748 2084 2817; x_wconf 85' lang='lat' dir='ltr'>igi-</span> 
     </span>
    </p>
   </div>
   <div class='ocr_carea' id='block_1_79' title="bbox 384 2835 2084 2890">
    <p class='ocr_par' dir='ltr' id='par_1_79' title="bbox 384 2835 2084 2890">
     <span class='ocr_line' id='line_1_79' title="bbox 384 2835 2084 2890; baseline 0.002 -3"><span class='ocrx_word' id='word_1_529' title='bbox 384 2840 477 2888; x_wconf 89' lang='lat' dir='ltr'>tur</span> <span class='ocrx_word' id='word_1_530' title='bbox 501 2835 648 2888; x_wconf 90' lang='lat' dir='ltr'>hanc</span> <span class='ocrx_word' id='word_1_531' title='bbox 675 2836 1017 2888; x_wconf 88' lang='lat' dir='ltr'>sententiam</span> <span class='ocrx_word' id='word_1_532' title='bbox 1045 2836 1190 2888; x_wconf 90' lang='lat' dir='ltr'>circa</span> <span class='ocrx_word' id='word_1_533' title='bbox 1221 2852 1312 2888; x_wconf 91' lang='lat' dir='ltr'>me</span> <span class='ocrx_word' id='word_1_534' title='bbox 1333 2841 1531 2888; x_wconf 61' lang='lat' dir='ltr'>vestra}</span> <span class='ocrx_word' id='word_1_535' title='bbox 1565 2837 1936 2890; x_wconf 74' lang='lat' dir='ltr'>beatitudinis</span> <span class='ocrx_word' id='word_1_536' title='bbox 1960 2854 2084 2890; x_wconf 88' lang='lat' dir='ltr'>san-</span> 
     </span>
    </p>
   </div>
   <div class='ocr_carea' id='block_1_80' title="bbox 382 2925 2159 2997">
    <p class='ocr_par' dir='ltr' id='par_1_80' title="bbox 382 2925 2159 2997">
     <span class='ocr_line' id='line_1_80' title="bbox 382 2925 2159 2997; baseline 0.002 -21"><span class='ocrx_word' id='word_1_537' title='bbox 382 2929 470 2977; x_wconf 90' lang='lat' dir='ltr'>cta</span> <span class='ocrx_word' id='word_1_538' title='bbox 507 2925 852 2978; x_wconf 87' lang='lat' dir='ltr'>fraternitas.</span> <span class='ocrx_word' id='word_1_539' title='bbox 888 2925 1056 2978; x_wconf 85' lang='lat' dir='ltr'>Vobis</span> <span class='ocrx_word' id='word_1_540' title='bbox 1097 2925 1251 2977; x_wconf 90' lang='lat' dir='ltr'>enim</span> <span class='ocrx_word' id='word_1_541' title='bbox 1302 2926 1669 2978; x_wconf 86' lang='lat' dir='ltr'>manifestum</span> <span class='ocrx_word' id='word_1_542' title='bbox 1715 2927 1839 2993; x_wconf 85' lang='lat' dir='ltr'>feci,</span> <span class='ocrx_word' id='word_1_543' title='bbox 1885 2933 1939 2978; x_wconf 86' lang='lat' dir='ltr'>et</span> <span class='ocrx_word' id='word_1_544' title='bbox 1979 2928 2082 2980; x_wconf 88' lang='lat' dir='ltr'>sub</span> <span class='ocrx_word' id='word_1_545' title='bbox 2121 2943 2159 2997; x_wconf 74' lang='grc' dir='ltr'><strong>ρ</strong></span> 
     </span>
    </p>
   </div>
   <div class='ocr_carea' id='block_1_81' title="bbox 381 3014 2078 3085">
    <p class='ocr_par' dir='ltr' id='par_1_81' title="bbox 381 3014 2078 3085">
     <span class='ocr_line' id='line_1_81' title="bbox 381 3014 2078 3085; baseline 0.001 -19"><span class='ocrx_word' id='word_1_546' title='bbox 381 3029 474 3066; x_wconf 88' lang='lat' dir='ltr'>me</span> <span class='ocrx_word' id='word_1_547' title='bbox 528 3014 786 3068; x_wconf 88' lang='lat' dir='ltr'>Ecclesiis</span> <span class='ocrx_word' id='word_1_548' title='bbox 835 3015 956 3068; x_wconf 76' lang='lat' dir='ltr'>hzec</span> <span class='ocrx_word' id='word_1_549' title='bbox 989 3015 1259 3083; x_wconf 76' lang='lat' dir='ltr'>praedico,</span> <span class='ocrx_word' id='word_1_550' title='bbox 1307 3015 1584 3068; x_wconf 86' lang='lat' dir='ltr'>festinans</span> <span class='ocrx_word' id='word_1_551' title='bbox 1618 3031 1718 3085; x_wconf 87' lang='lat' dir='ltr'>per</span> <span class='ocrx_word' id='word_1_552' title='bbox 1759 3017 1950 3068; x_wconf 90' lang='lat' dir='ltr'>omnia</span> <span class='ocrx_word' id='word_1_553' title='bbox 1985 3033 2078 3069; x_wconf 88' lang='lat' dir='ltr'>eas</span> 
     </span>
    </p>
   </div>
   <div class='ocr_carea' id='block_1_82' title="bbox 381 3102 2077 3173">
    <p class='ocr_par' dir='ltr' id='par_1_82' title="bbox 381 3102 2077 3173">
     <span class='ocr_line' id='line_1_82' title="bbox 381 3102 2077 3173; baseline 0 -17"><span class='ocrx_word' id='word_1_554' title='bbox 381 3103 639 3173; x_wconf 86' lang='lat' dir='ltr'>mihique</span> <span class='ocrx_word' id='word_1_555' title='bbox 681 3109 737 3155; x_wconf 92' lang='lat' dir='ltr'>et</span> <span class='ocrx_word' id='word_1_556' title='bbox 780 3109 976 3156; x_wconf 65' lang='lat' dir='ltr'>vestras</span> <span class='ocrx_word' id='word_1_557' title='bbox 1011 3102 1351 3156; x_wconf 89' lang='lat' dir='ltr'>beatitudini</span> <span class='ocrx_word' id='word_1_558' title='bbox 1383 3103 1610 3155; x_wconf 88' lang='lat' dir='ltr'>vinculo</span> <span class='ocrx_word' id='word_1_559' title='bbox 1652 3104 1899 3156; x_wconf 87' lang='lat' dir='ltr'>caritatis</span> <span class='ocrx_word' id='word_1_560' title='bbox 1933 3105 2077 3156; x_wconf 88' lang='lat' dir='ltr'>adu-</span> 
     </span>
    </p>
   </div>
   <div class='ocr_carea' id='block_1_83' title="bbox 381 3192 2074 3261">
    <p class='ocr_par' dir='ltr' id='par_1_83' title="bbox 381 3192 2074 3261">
     <span class='ocr_line' id='line_1_83' title="bbox 381 3192 2074 3261; baseline 0.001 -19"><span class='ocrx_word' id='word_1_561' title='bbox 381 3192 526 3255; x_wconf 90' lang='lat' dir='ltr'>nari,</span> <span class='ocrx_word' id='word_1_562' title='bbox 552 3209 694 3261; x_wconf 87' lang='lat' dir='ltr'>quas</span> <span class='ocrx_word' id='word_1_563' title='bbox 716 3192 954 3244; x_wconf 90' lang='lat' dir='ltr'>omnino</span> <span class='ocrx_word' id='word_1_564' title='bbox 978 3197 1201 3260; x_wconf 85' lang='lat' dir='ltr'>oportet</span> <span class='ocrx_word' id='word_1_565' title='bbox 1235 3209 1354 3243; x_wconf 84' lang='lat' dir='ltr'>esse</span> <span class='ocrx_word' id='word_1_566' title='bbox 1391 3193 1576 3243; x_wconf 88' lang='lat' dir='ltr'>unitas</span> <span class='ocrx_word' id='word_1_567' title='bbox 1617 3198 1670 3243; x_wconf 87' lang='lat' dir='ltr'>et</span> <span class='ocrx_word' id='word_1_568' title='bbox 1698 3193 2074 3254; x_wconf 84' lang='lat' dir='ltr'>inviolabiles,</span> 
     </span>
    </p>
   </div>
   <div class='ocr_carea' id='block_1_84' title="bbox 379 3280 2078 3348">
    <p class='ocr_par' dir='ltr' id='par_1_84' title="bbox 379 3280 2078 3348">
     <span class='ocr_line' id='line_1_84' title="bbox 379 3280 2078 3348; baseline 0.001 -16"><span class='ocrx_word' id='word_1_569' title='bbox 379 3284 435 3332; x_wconf 89' lang='lat' dir='ltr'>et</span> <span class='ocrx_word' id='word_1_570' title='bbox 465 3295 672 3348; x_wconf 86' lang='lat' dir='ltr'>corpus</span> <span class='ocrx_word' id='word_1_571' title='bbox 698 3296 881 3332; x_wconf 91' lang='lat' dir='ltr'>unum</span> <span class='ocrx_word' id='word_1_572' title='bbox 902 3280 1223 3332; x_wconf 91' lang='lat' dir='ltr'>communis</span> <span class='ocrx_word' id='word_1_573' title='bbox 1250 3280 1572 3348; x_wconf 74' lang='lat' dir='ltr'>apostolicae</span> <span class='ocrx_word' id='word_1_574' title='bbox 1609 3281 1870 3333; x_wconf 64' lang='lat' dir='ltr'>Ecclesiae</span> <span class='ocrx_word' id='word_1_575' title='bbox 1901 3281 2078 3334; x_wconf 88' lang='lat' dir='ltr'>idem-</span> 
     </span>
    </p>
   </div>
   <div class='ocr_carea' id='block_1_85' title="bbox 381 3368 2077 3438">
    <p class='ocr_par' dir='ltr' id='par_1_85' title="bbox 381 3368 2077 3438">
     <span class='ocr_line' id='line_1_85' title="bbox 381 3368 2077 3438; baseline 0.001 -18"><span class='ocrx_word' id='word_1_576' title='bbox 381 3384 492 3438; x_wconf 89' lang='lat' dir='ltr'>que</span> <span class='ocrx_word' id='word_1_577' title='bbox 523 3373 801 3436; x_wconf 87' lang='lat' dir='ltr'>perpetuo</span> <span class='ocrx_word' id='word_1_578' title='bbox 833 3369 1134 3421; x_wconf 85' lang='lat' dir='ltr'>custodire.</span> <span class='ocrx_word' id='word_1_579' title='bbox 1167 3368 1423 3431; x_wconf 85' lang='lat' dir='ltr'>Quantus</span> <span class='ocrx_word' id='word_1_580' title='bbox 1456 3368 1608 3421; x_wconf 89' lang='lat' dir='ltr'>enim</span> <span class='ocrx_word' id='word_1_581' title='bbox 1638 3370 1783 3421; x_wconf 90' lang='lat' dir='ltr'>circa</span> <span class='ocrx_word' id='word_1_582' title='bbox 1831 3375 2077 3422; x_wconf 83' lang='lat' dir='ltr'>vestram</span> 
     </span>
    </p>
   </div>
   <div class='ocr_carea' id='block_1_86' title="bbox 379 3456 2078 3525">
    <p class='ocr_par' dir='ltr' id='par_1_86' title="bbox 379 3456 2078 3525">
     <span class='ocr_line' id='line_1_86' title="bbox 379 3456 2078 3525; baseline 0.003 -18"><span class='ocrx_word' id='word_1_583' title='bbox 379 3456 764 3509; x_wconf 88' lang='lat' dir='ltr'>venerabilem</span> <span class='ocrx_word' id='word_1_584' title='bbox 783 3457 1195 3509; x_wconf 87' lang='lat' dir='ltr'>fraternitatem</span> <span class='ocrx_word' id='word_1_585' title='bbox 1229 3458 1288 3508; x_wconf 88' lang='lat' dir='ltr'>in</span> <span class='ocrx_word' id='word_1_586' title='bbox 1311 3457 1578 3509; x_wconf 88' lang='lat' dir='ltr'>omnibus</span> <span class='ocrx_word' id='word_1_587' title='bbox 1604 3458 1676 3510; x_wconf 90' lang='lat' dir='ltr'>sit</span> <span class='ocrx_word' id='word_1_588' title='bbox 1703 3459 2078 3525; x_wconf 89' lang='lat' dir='ltr'>amorjubetc</span> 
     </span>
    </p>
   </div>
   <div class='ocr_carea' id='block_1_87' title="bbox 378 3545 2080 3615">
    <p class='ocr_par' dir='ltr' id='par_1_87' title="bbox 378 3545 2080 3615">
     <span class='ocr_line' id='line_1_87' title="bbox 378 3545 2080 3615; baseline 0.001 -17"><span class='ocrx_word' id='word_1_589' title='bbox 378 3545 766 3615; x_wconf 81' lang='lat' dir='ltr'>perpendere;</span> <span class='ocrx_word' id='word_1_590' title='bbox 804 3545 937 3615; x_wconf 89' lang='lat' dir='ltr'>quia</span> <span class='ocrx_word' id='word_1_591' title='bbox 986 3562 1130 3615; x_wconf 92' lang='lat' dir='ltr'>quos</span> <span class='ocrx_word' id='word_1_592' title='bbox 1175 3551 1358 3598; x_wconf 89' lang='lat' dir='ltr'>vestra</span> <span class='ocrx_word' id='word_1_593' title='bbox 1405 3546 1720 3614; x_wconf 87' lang='lat' dir='ltr'>apostolica</span> <span class='ocrx_word' id='word_1_594' title='bbox 1759 3547 1919 3600; x_wconf 93' lang='lat' dir='ltr'>sedes</span> <span class='ocrx_word' id='word_1_595' title='bbox 1950 3564 2080 3600; x_wconf 94' lang='lat' dir='ltr'>con-</span> 
     </span>
    </p>
   </div>
   <div class='ocr_carea' id='block_1_88' title="bbox 379 3635 2080 3702">
    <p class='ocr_par' dir='ltr' id='par_1_88' title="bbox 379 3635 2080 3702">
     <span class='ocr_line' id='line_1_88' title="bbox 379 3635 2080 3702; baseline 0.001 -14"><span class='ocrx_word' id='word_1_596' title='bbox 379 3636 662 3688; x_wconf 89' lang='lat' dir='ltr'>demnans</span> <span class='ocrx_word' id='word_1_597' title='bbox 695 3635 754 3687; x_wconf 92' lang='lat' dir='ltr'>in</span> <span class='ocrx_word' id='word_1_598' title='bbox 786 3635 960 3687; x_wconf 88' lang='lat' dir='ltr'>sacris</span> <span class='ocrx_word' id='word_1_599' title='bbox 1004 3635 1284 3702; x_wconf 75' lang='lat' dir='ltr'>diptychis</span> <span class='ocrx_word' id='word_1_600' title='bbox 1317 3651 1433 3687; x_wconf 91' lang='lat' dir='ltr'>non</span> <span class='ocrx_word' id='word_1_601' title='bbox 1483 3636 1722 3687; x_wconf 88' lang='lat' dir='ltr'>recitare</span> <span class='ocrx_word' id='word_1_602' title='bbox 1763 3636 1953 3702; x_wconf 81' lang='lat' dir='ltr'>jussit,</span> <span class='ocrx_word' id='word_1_603' title='bbox 1986 3654 2080 3689; x_wconf 83' lang='lat' dir='ltr'>eos</span> 
     </span>
    </p>
   </div>
   <div class='ocr_carea' id='block_1_89' title="bbox 380 3722 2081 3792">
    <p class='ocr_par' dir='ltr' id='par_1_89' title="bbox 380 3722 2081 3792">
     <span class='ocr_line' id='line_1_89' title="bbox 380 3722 2081 3792; baseline 0.001 -16"><span class='ocrx_word' id='word_1_604' title='bbox 380 3738 482 3776; x_wconf 89' lang='lat' dir='ltr'>nec</span> <span class='ocrx_word' id='word_1_605' title='bbox 516 3739 620 3792; x_wconf 87' lang='lat' dir='ltr'>ego</span> <span class='ocrx_word' id='word_1_606' title='bbox 650 3722 803 3776; x_wconf 90' lang='lat' dir='ltr'>inter</span> <span class='ocrx_word' id='word_1_607' title='bbox 837 3739 994 3775; x_wconf 89' lang='lat' dir='ltr'>sacra</span> <span class='ocrx_word' id='word_1_608' title='bbox 1029 3723 1172 3775; x_wconf 89' lang='lat' dir='ltr'>facio</span> <span class='ocrx_word' id='word_1_609' title='bbox 1207 3722 1492 3774; x_wconf 89' lang='lat' dir='ltr'>nominari</span> <span class='ocrx_word' id='word_1_610' title='bbox 1526 3725 1813 3792; x_wconf 69' lang='lat' dir='ltr'>mysteria.</span> <span class='ocrx_word' id='word_1_611' title='bbox 1843 3727 1954 3777; x_wconf 93' lang='lat' dir='ltr'>lloc</span> <span class='ocrx_word' id='word_1_612' title='bbox 1985 3742 2081 3777; x_wconf 91' lang='lat' dir='ltr'>au-</span> 
     </span>
    </p>
   </div>
   <div class='ocr_carea' id='block_1_90' title="bbox 378 3809 2082 3879">
    <p class='ocr_par' dir='ltr' id='par_1_90' title="bbox 378 3809 2082 3879">
     <span class='ocr_line' id='line_1_90' title="bbox 378 3809 2082 3879; baseline 0.001 -15"><span class='ocrx_word' id='word_1_613' title='bbox 378 3817 494 3865; x_wconf 90' lang='lat' dir='ltr'>tem</span> <span class='ocrx_word' id='word_1_614' title='bbox 527 3818 581 3864; x_wconf 91' lang='lat' dir='ltr'>et</span> <span class='ocrx_word' id='word_1_615' title='bbox 615 3811 698 3863; x_wconf 89' lang='lat' dir='ltr'>his</span> <span class='ocrx_word' id='word_1_616' title='bbox 743 3815 943 3864; x_wconf 86' lang='lat' dir='ltr'>notum</span> <span class='ocrx_word' id='word_1_617' title='bbox 991 3817 1074 3863; x_wconf 90' lang='lat' dir='ltr'>est</span> <span class='ocrx_word' id='word_1_618' title='bbox 1120 3809 1216 3879; x_wconf 88' lang='lat' dir='ltr'>qui</span> <span class='ocrx_word' id='word_1_619' title='bbox 1273 3828 1302 3863; x_wconf 90' lang='lat' dir='ltr'>a</span> <span class='ocrx_word' id='word_1_620' title='bbox 1350 3811 1515 3864; x_wconf 88' lang='lat' dir='ltr'>nobis</span> <span class='ocrx_word' id='word_1_621' title='bbox 1559 3817 1691 3864; x_wconf 90' lang='lat' dir='ltr'>sunt</span> <span class='ocrx_word' id='word_1_622' title='bbox 1744 3813 1943 3865; x_wconf 88' lang='lat' dir='ltr'>directi</span> <span class='ocrx_word' id='word_1_623' title='bbox 1975 3814 2082 3867; x_wconf 85' lang='lat' dir='ltr'>viri</span> 
     </span>
    </p>
   </div>
   <div class='ocr_carea' id='block_1_91' title="bbox 377 3899 2083 3966">
    <p class='ocr_par' dir='ltr' id='par_1_91' title="bbox 377 3899 2083 3966">
     <span class='ocr_line' id='line_1_91' title="bbox 377 3899 2083 3966; baseline 0.002 -13"><span class='ocrx_word' id='word_1_624' title='bbox 377 3899 886 3966; x_wconf 88' lang='lat' dir='ltr'>reverendissimi,</span> <span class='ocrx_word' id='word_1_625' title='bbox 956 3901 1011 3953; x_wconf 91' lang='lat' dir='ltr'>id</span> <span class='ocrx_word' id='word_1_626' title='bbox 1082 3906 1166 3953; x_wconf 86' lang='lat' dir='ltr'>est</span> <span class='ocrx_word' id='word_1_627' title='bbox 1248 3902 1533 3954; x_wconf 87' lang='lat' dir='ltr'>Germano</span> <span class='ocrx_word' id='word_1_628' title='bbox 1594 3903 1948 3955; x_wconf 88' lang='lat' dir='ltr'>sanctissimo</span> <span class='ocrx_word' id='word_1_629' title='bbox 2027 3909 2083 3957; x_wconf 90' lang='lat' dir='ltr'>et</span> 
     </span>
    </p>
   </div>
   <div class='ocr_carea' id='block_1_92' title="bbox 379 3989 2083 4058">
    <p class='ocr_par' dir='ltr' id='par_1_92' title="bbox 379 3989 2083 4058">
     <span class='ocr_line' id='line_1_92' title="bbox 379 3989 2083 4058; baseline 0.001 -16"><span class='ocrx_word' id='word_1_630' title='bbox 379 3992 455 4056; x_wconf 78' lang='grc' dir='ltr'>(α)</span> <span class='ocrx_word' id='word_1_631' title='bbox 484 3989 690 4042; x_wconf 80' lang='lat' dir='ltr'>Joanni</span> <span class='ocrx_word' id='word_1_632' title='bbox 717 3989 1017 4058; x_wconf 88' lang='lat' dir='ltr'>episcopis,</span> <span class='ocrx_word' id='word_1_633' title='bbox 1050 3989 1216 4042; x_wconf 83' lang='lat' dir='ltr'>Felici</span> <span class='ocrx_word' id='word_1_634' title='bbox 1251 3993 1307 4041; x_wconf 88' lang='lat' dir='ltr'>et</span> <span class='ocrx_word' id='word_1_635' title='bbox 1335 3990 1604 4042; x_wconf 89' lang='lat' dir='ltr'>Dioscoro</span> <span class='ocrx_word' id='word_1_636' title='bbox 1638 3992 1993 4056; x_wconf 89' lang='lat' dir='ltr'>diaconibus,</span> <span class='ocrx_word' id='word_1_637' title='bbox 2028 3998 2083 4045; x_wconf 88' lang='lat' dir='ltr'>et</span> 
     </span>
    </p>
   </div>
   <div class='ocr_carea' id='block_1_93' title="bbox 377 4079 2080 4151">
    <p class='ocr_par' dir='ltr' id='par_1_93' title="bbox 377 4079 2080 4151">
     <span class='ocr_line' id='line_1_93' title="bbox 377 4079 2080 4151; baseline 0.002 -21"><span class='ocrx_word' id='word_1_638' title='bbox 377 4079 585 4131; x_wconf 89' lang='lat' dir='ltr'>Blando</span> <span class='ocrx_word' id='word_1_639' title='bbox 621 4079 979 4148; x_wconf 81' lang='lat' dir='ltr'>presbytero,</span> <span class='ocrx_word' id='word_1_640' title='bbox 1014 4080 1112 4148; x_wconf 84' lang='lat' dir='ltr'>qui</span> <span class='ocrx_word' id='word_1_641' title='bbox 1143 4079 1452 4132; x_wconf 88' lang='lat' dir='ltr'>efficaciter</span> <span class='ocrx_word' id='word_1_642' title='bbox 1489 4080 1668 4133; x_wconf 90' lang='lat' dir='ltr'>secuti</span> <span class='ocrx_word' id='word_1_643' title='bbox 1702 4086 1834 4133; x_wconf 90' lang='lat' dir='ltr'>sunt</span> <span class='ocrx_word' id='word_1_644' title='bbox 1866 4098 2080 4151; x_wconf 76' lang='lat' dir='ltr'>eaquae</span> 
     </span>
    </p>
   </div>
   <div class='ocr_carea' id='block_1_94' title="bbox 375 4167 2081 4237">
    <p class='ocr_par' dir='ltr' id='par_1_94' title="bbox 375 4167 2081 4237">
     <span class='ocr_line' id='line_1_94' title="bbox 375 4167 2081 4237; baseline 0.002 -19"><span class='ocrx_word' id='word_1_645' title='bbox 375 4167 454 4219; x_wconf 91' lang='lat' dir='ltr'>eis</span> <span class='ocrx_word' id='word_1_646' title='bbox 485 4173 618 4220; x_wconf 90' lang='lat' dir='ltr'>sunt</span> <span class='ocrx_word' id='word_1_647' title='bbox 646 4184 680 4219; x_wconf 89' lang='lat' dir='ltr'>a</span> <span class='ocrx_word' id='word_1_648' title='bbox 709 4167 865 4221; x_wconf 86' lang='lat' dir='ltr'>vobis</span> <span class='ocrx_word' id='word_1_649' title='bbox 897 4168 1177 4237; x_wconf 89' lang='lat' dir='ltr'>injuncta.</span> <span class='ocrx_word' id='word_1_650' title='bbox 1217 4167 1349 4222; x_wconf 89' lang='lat' dir='ltr'>Oret</span> <span class='ocrx_word' id='word_1_651' title='bbox 1386 4167 1565 4236; x_wconf 87' lang='lat' dir='ltr'>igitur</span> <span class='ocrx_word' id='word_1_652' title='bbox 1598 4174 1783 4222; x_wconf 88' lang='lat' dir='ltr'>vestra</span> <span class='ocrx_word' id='word_1_653' title='bbox 1814 4171 2081 4223; x_wconf 91' lang='lat' dir='ltr'>sanctitas</span> 
     </span>
    </p>
   </div>
   <div class='ocr_carea' id='block_1_95' title="bbox 376 4255 2157 4341">
    <p class='ocr_par' dir='ltr' id='par_1_95' title="bbox 376 4255 2157 4341">
     <span class='ocr_line' id='line_1_95' title="bbox 376 4255 2157 4341; baseline 0 -31"><span class='ocrx_word' id='word_1_654' title='bbox 376 4262 491 4310; x_wconf 89' lang='lat' dir='ltr'>tam</span> <span class='ocrx_word' id='word_1_655' title='bbox 526 4274 629 4326; x_wconf 89' lang='lat' dir='ltr'>pro</span> <span class='ocrx_word' id='word_1_656' title='bbox 662 4273 752 4310; x_wconf 90' lang='lat' dir='ltr'>me</span> <span class='ocrx_word' id='word_1_657' title='bbox 785 4273 958 4326; x_wconf 89' lang='lat' dir='ltr'>quam</span> <span class='ocrx_word' id='word_1_658' title='bbox 991 4273 1094 4325; x_wconf 85' lang='lat' dir='ltr'>pro</span> <span class='ocrx_word' id='word_1_659' title='bbox 1127 4255 1396 4324; x_wconf 85' lang='lat' dir='ltr'>subjectis</span> <span class='ocrx_word' id='word_1_660' title='bbox 1429 4257 1570 4309; x_wconf 91' lang='lat' dir='ltr'>meis</span> <span class='ocrx_word' id='word_1_661' title='bbox 1603 4257 1989 4336; x_wconf 64' lang='lat' dir='ltr'>sacerdotibus</span> <span class='ocrx_word' id='word_1_662' title='bbox 2012 4263 2076 4311; x_wconf 91' lang='lat' dir='ltr'>ut</span> <span class='ocrx_word' id='word_1_663' title='bbox 2114 4288 2157 4341; x_wconf 82' lang='lat' dir='ltr'><strong>D</strong></span> 
     </span>
    </p>
   </div>
   <div class='ocr_carea' id='block_1_96' title="bbox 373 4346 2075 4416">
    <p class='ocr_par' dir='ltr' id='par_1_96' title="bbox 373 4346 2075 4416">
     <span class='ocr_line' id='line_1_96' title="bbox 373 4346 2075 4416; baseline 0.001 -17"><span class='ocrx_word' id='word_1_664' title='bbox 373 4352 648 4416; x_wconf 89' lang='lat' dir='ltr'>perpetue</span> <span class='ocrx_word' id='word_1_665' title='bbox 694 4347 1106 4412; x_wconf 87' lang='lat' dir='ltr'>custodiamur,</span> <span class='ocrx_word' id='word_1_666' title='bbox 1140 4349 1351 4398; x_wconf 87' lang='lat' dir='ltr'>rectam</span> <span class='ocrx_word' id='word_1_667' title='bbox 1405 4346 1504 4398; x_wconf 90' lang='lat' dir='ltr'>Dei</span> <span class='ocrx_word' id='word_1_668' title='bbox 1548 4349 1807 4399; x_wconf 87' lang='lat' dir='ltr'>tenentes</span> <span class='ocrx_word' id='word_1_669' title='bbox 1857 4347 2075 4400; x_wconf 88' lang='lat' dir='ltr'>confes-</span> 
     </span>
    </p>
   </div>
   <div class='ocr_carea' id='block_1_97' title="bbox 371 4434 2074 4504">
    <p class='ocr_par' dir='ltr' id='par_1_97' title="bbox 371 4434 2074 4504">
     <span class='ocr_line' id='line_1_97' title="bbox 371 4434 2074 4504; baseline 0.002 -18"><span class='ocrx_word' id='word_1_670' title='bbox 371 4436 623 4500; x_wconf 81' lang='lat' dir='ltr'>sionem;</span> <span class='ocrx_word' id='word_1_671' title='bbox 659 4436 925 4489; x_wconf 89' lang='lat' dir='ltr'>similiter</span> <span class='ocrx_word' id='word_1_672' title='bbox 955 4440 1010 4487; x_wconf 90' lang='lat' dir='ltr'>et</span> <span class='ocrx_word' id='word_1_673' title='bbox 1038 4450 1142 4503; x_wconf 90' lang='lat' dir='ltr'>pro</span> <span class='ocrx_word' id='word_1_674' title='bbox 1175 4434 1542 4486; x_wconf 88' lang='lat' dir='ltr'>serenissimo</span> <span class='ocrx_word' id='word_1_675' title='bbox 1573 4436 1831 4504; x_wconf 84' lang='lat' dir='ltr'>principe</span> <span class='ocrx_word' id='word_1_676' title='bbox 1860 4443 2074 4501; x_wconf 87' lang='lat' dir='ltr'>nostro,</span> 
     </span>
    </p>
   </div>
   <div class='ocr_carea' id='block_1_98' title="bbox 371 4522 2684 4600">
    <p class='ocr_par' dir='ltr' id='par_1_98' title="bbox 371 4522 2684 4600">
     <span class='ocr_line' id='line_1_98' title="bbox 371 4522 2684 4600; baseline 0 -23"><span class='ocrx_word' id='word_1_677' title='bbox 371 4529 427 4577; x_wconf 89' lang='lat' dir='ltr'>et</span> <span class='ocrx_word' id='word_1_678' title='bbox 473 4541 577 4593; x_wconf 85' lang='lat' dir='ltr'>pro</span> <span class='ocrx_word' id='word_1_679' title='bbox 629 4523 1116 4578; x_wconf 87' lang='lat' dir='ltr'>Christianissima</span> <span class='ocrx_word' id='word_1_680' title='bbox 1164 4526 1444 4593; x_wconf 85' lang='lat' dir='ltr'>Augusta,</span> <span class='ocrx_word' id='word_1_681' title='bbox 1495 4522 1628 4592; x_wconf 90' lang='lat' dir='ltr'>quia</span> <span class='ocrx_word' id='word_1_682' title='bbox 1678 4531 1878 4576; x_wconf 85' lang='lat' dir='ltr'>eorum</span> <span class='ocrx_word' id='word_1_683' title='bbox 1925 4525 2075 4578; x_wconf 92' lang='lat' dir='ltr'>salus</span> <span class='ocrx_word' id='word_1_684' title='bbox 2186 4522 2684 4600; x_wconf 54' lang='grc' dir='ltr'>Ρ¹ωίθ¹¹ί¹¹¹ί¹ιηξ¹ίξ</span> 
     </span>
    </p>
   </div>
   <div class='ocr_carea' id='block_1_99' title="bbox 369 4588 2061 4685">
    <p class='ocr_par' dir='ltr' id='par_1_99' title="bbox 369 4612 2061 4683">
     <span class='ocr_line' id='line_1_99' title="bbox 369 4612 2061 4683; baseline 0.002 -19"><span class='ocrx_word' id='word_1_685' title='bbox 369 4613 692 4666; x_wconf 87' lang='lat' dir='ltr'>communis</span> <span class='ocrx_word' id='word_1_686' title='bbox 725 4619 1047 4666; x_wconf 85' lang='lat' dir='ltr'>sanctarum</span> <span class='ocrx_word' id='word_1_687' title='bbox 1081 4612 1291 4683; x_wconf 89' lang='lat' dir='ltr'>ubique</span> <span class='ocrx_word' id='word_1_688' title='bbox 1340 4617 1423 4665; x_wconf 89' lang='lat' dir='ltr'>est</span> <span class='ocrx_word' id='word_1_689' title='bbox 1457 4613 1842 4666; x_wconf 83' lang='lat' dir='ltr'>Ecelesiarum</span> <span class='ocrx_word' id='word_1_690' title='bbox 1872 4615 2061 4683; x_wconf 89' lang='lat' dir='ltr'>profu-</span> 
     </span>
    </p>
   </div>
   <div class='ocr_carea' id='block_1_100' title="bbox 2193 4588 3852 4685">
    <p class='ocr_par' dir='ltr' id='par_1_100' title="bbox 2193 4588 3852 4658">
     <span class='ocr_line' id='line_1_100' title="bbox 2193 4588 3852 4658; baseline -0.004 -18"><span class='ocrx_word' id='word_1_691' title='bbox 2193 4603 2502 4656; x_wconf 89' lang='lat' dir='ltr'>eorumque</span> <span class='ocrx_word' id='word_1_692' title='bbox 2556 4588 2688 4641; x_wconf 81' lang='lat' dir='ltr'>fidei</span> <span class='ocrx_word' id='word_1_693' title='bbox 2738 4593 3159 4657; x_wconf 89' lang='lat' dir='ltr'>competentem</span> <span class='ocrx_word' id='word_1_694' title='bbox 3210 4589 3464 4658; x_wconf 63' lang='lat' dir='ltr'>praebere</span> <span class='ocrx_word' id='word_1_695' title='bbox 3515 4598 3852 4641; x_wconf 81' lang='lat' dir='ltr'>consensum.</span> 
     </span>
    </p>
   </div>
   <div class='ocr_carea' id='block_1_101' title="bbox 2187 4676 3857 4746">
    <p class='ocr_par' dir='ltr' id='par_1_101' title="bbox 2187 4676 3857 4746">
     <span class='ocr_line' id='line_1_101' title="bbox 2187 4676 3857 4746; baseline -0.004 -18"><span class='ocrx_word' id='word_1_696' title='bbox 2187 4676 2362 4728; x_wconf 86' lang='lat' dir='ltr'>Nobis</span> <span class='ocrx_word' id='word_1_697' title='bbox 2391 4676 2601 4728; x_wconf 89' lang='lat' dir='ltr'>ctenim</span> <span class='ocrx_word' id='word_1_698' title='bbox 2629 4676 2872 4741; x_wconf 85' lang='lat' dir='ltr'>videtur,</span> <span class='ocrx_word' id='word_1_699' title='bbox 2902 4677 3178 4746; x_wconf 89' lang='lat' dir='ltr'>quoniam</span> <span class='ocrx_word' id='word_1_700' title='bbox 3211 4677 3384 4730; x_wconf 86' lang='lat' dir='ltr'>Filius</span> <span class='ocrx_word' id='word_1_701' title='bbox 3427 4679 3525 4731; x_wconf 92' lang='lat' dir='ltr'>Dei</span> <span class='ocrx_word' id='word_1_702' title='bbox 3553 4676 3662 4729; x_wconf 76' lang='lat' dir='ltr'>vivi</span> <span class='ocrx_word' id='word_1_703' title='bbox 3692 4676 3857 4728; x_wconf 85' lang='lat' dir='ltr'>Domi-</span> 
     </span>
    </p>
   </div>
   <div class='ocr_carea' id='block_1_102' title="bbox 370 4701 3600 4775">
    <p class='ocr_par' dir='ltr' id='par_1_102' title="bbox 370 4701 3600 4771">
     <span class='ocr_line' id='line_1_102' title="bbox 370 4701 3600 4771; baseline 0.001 -17"><span class='ocrx_word' id='word_1_704' title='bbox 370 4706 564 4754; x_wconf 89' lang='lat' dir='ltr'>turum</span> <span class='ocrx_word' id='word_1_705' title='bbox 598 4701 1047 4755; x_wconf 86' lang='lat' dir='ltr'>firmamentum.</span> <span class='ocrx_word' id='word_1_706' title='bbox 1082 4703 1251 4755; x_wconf 89' lang='lat' dir='ltr'>lstam</span> <span class='ocrx_word' id='word_1_707' title='bbox 1300 4702 1477 4771; x_wconf 89' lang='lat' dir='ltr'>igitur</span> <span class='ocrx_word' id='word_1_708' title='bbox 1518 4703 1674 4755; x_wconf 87' lang='lat' dir='ltr'>vobis</span> <span class='ocrx_word' id='word_1_709' title='bbox 1722 4703 2064 4756; x_wconf 86' lang='lat' dir='ltr'>habentibus</span> <span class='ocrx_word' id='word_1_710' title='bbox 2187 4701 2362 4728; x_wconf 68' lang='lat' dir='ltr'>mm”</span> <span class='ocrx_word' id='word_1_711' title='bbox 2391 4701 2601 4728; x_wconf 62' lang='lat' dir='ltr'>“ww”</span> <span class='ocrx_word' id='word_1_712' title='bbox 2633 4701 2872 4741; x_wconf 48' lang='lat' dir='ltr'>&quot;Nam&quot;</span> <span class='ocrx_word' id='word_1_713' title='bbox 2902 4701 3178 4746; x_wconf 63' lang='grc' dir='ltr'>ίὶ¹¹⁰¹¹¹⁶¹¹¹</span> <span class='ocrx_word' id='word_1_714' title='bbox 3213 4701 3384 4730; x_wconf 68' lang='grc' dir='ltr'>Γ¹¹¹υδ</span> <span class='ocrx_word' id='word_1_715' title='bbox 3428 4701 3525 4731; x_wconf 65' lang='lat' dir='ltr'>U‘“</span> <span class='ocrx_word' id='word_1_716' title='bbox 3557 4701 3600 4729; x_wconf 52' lang='grc'>⁸⁷³</span> 
     </span>
    </p>
   </div>
   <div class='ocr_carea' id='block_1_103' title="bbox 369 4765 3855 4862">
    <p class='ocr_par' dir='ltr' id='par_1_103' title="bbox 369 4765 3855 4862">
     <span class='ocr_line' id='line_1_103' title="bbox 369 4765 3855 4862; baseline 0.003 -21"><span class='ocrx_word' id='word_1_717' title='bbox 369 4790 748 4842; x_wconf 88' lang='lat' dir='ltr'>intentionem</span> <span class='ocrx_word' id='word_1_718' title='bbox 783 4791 939 4842; x_wconf 89' lang='lat' dir='ltr'>nullo</span> <span class='ocrx_word' id='word_1_719' title='bbox 965 4791 1264 4859; x_wconf 90' lang='lat' dir='ltr'>modojam</span> <span class='ocrx_word' id='word_1_720' title='bbox 1291 4790 1482 4844; x_wconf 87' lang='lat' dir='ltr'>licebit</span> <span class='ocrx_word' id='word_1_721' title='bbox 1507 4796 1760 4844; x_wconf 89' lang='lat' dir='ltr'>sanctam</span> <span class='ocrx_word' id='word_1_722' title='bbox 1795 4792 1896 4844; x_wconf 86' lang='lat' dir='ltr'>Dei</span> <span class='ocrx_word' id='word_1_723' title='bbox 1929 4780 2291 4846; x_wconf 50' lang='lat' dir='ltr'>dua—«.9315</span> <span class='ocrx_word' id='word_1_724' title='bbox 2332 4765 2731 4862; x_wconf 44' lang='grc' dir='ltr'>Ποδίρνυλθδυδ</span> <span class='ocrx_word' id='word_1_725' title='bbox 2778 4765 3032 4819; x_wconf 51' lang='lat' dir='ltr'>Christus</span> <span class='ocrx_word' id='word_1_726' title='bbox 3086 4782 3150 4862; x_wconf 33' lang='lat' dir='ltr'><strong>ex</strong></span> <span class='ocrx_word' id='word_1_727' title='bbox 3194 4783 3419 4862; x_wconf 57' lang='lat'>7&quot;”8‘“</span> <span class='ocrx_word' id='word_1_728' title='bbox 3466 4767 3639 4820; x_wconf 62' lang='lat' dir='ltr'>mana</span> <span class='ocrx_word' id='word_1_729' title='bbox 3687 4768 3855 4855; x_wconf 37' lang='lat' dir='ltr'>naias’</span> 
     </span>
    </p>
   </div>
   <div class='ocr_carea' id='block_1_104' title="bbox 369 4854 3855 4954">
    <p class='ocr_par' dir='ltr' id='par_1_104' title="bbox 369 4854 3855 4954">
     <span class='ocr_line' id='line_1_104' title="bbox 369 4854 3855 4954; baseline 0.001 -24"><span class='ocrx_word' id='word_1_730' title='bbox 369 4878 549 4930; x_wconf 83' lang='lat' dir='ltr'>cerari</span> <span class='ocrx_word' id='word_1_731' title='bbox 585 4878 906 4942; x_wconf 84' lang='lat' dir='ltr'>Ecetesiam,</span> <span class='ocrx_word' id='word_1_732' title='bbox 941 4896 1041 4947; x_wconf 74' lang='lat' dir='ltr'>per</span> <span class='ocrx_word' id='word_1_733' title='bbox 1088 4881 1335 4949; x_wconf 86' lang='lat' dir='ltr'>gratiam</span> <span class='ocrx_word' id='word_1_734' title='bbox 1377 4881 1556 4933; x_wconf 88' lang='lat' dir='ltr'>sancti</span> <span class='ocrx_word' id='word_1_735' title='bbox 1592 4881 1856 4948; x_wconf 87' lang='lat' dir='ltr'>Spiritus,</span> <span class='ocrx_word' id='word_1_736' title='bbox 1888 4885 1944 4933; x_wconf 88' lang='lat' dir='ltr'>et</span> <span class='ocrx_word' id='word_1_737' title='bbox 1982 4882 2072 4934; x_wconf 88' lang='lat' dir='ltr'>in-</span> <span class='ocrx_word' id='word_1_738' title='bbox 2181 4869 2353 4954; x_wconf 47' lang='lat' dir='ltr'>quem</span> <span class='ocrx_word' id='word_1_739' title='bbox 2380 4854 2656 4954; x_wconf 43' lang='lat' dir='ltr'>Prfnd‘cat</span> <span class='ocrx_word' id='word_1_740' title='bbox 2696 4871 2954 4954; x_wconf 43' lang='grc' dir='ltr'>δυΨΠῇ-υῗ</span> <span class='ocrx_word' id='word_1_741' title='bbox 2985 4857 3383 4954; x_wconf 42' lang='grc' dir='ltr'>θρίξδίωοτυηῇ</span> <span class='ocrx_word' id='word_1_742' title='bbox 3408 4871 3578 4954; x_wconf 23' lang='lat' dir='ltr'>claims</span> <span class='ocrx_word' id='word_1_743' title='bbox 3625 4864 3855 4954; x_wconf 48' lang='lat' dir='ltr'>Pafsum’</span> 
     </span>
    </p>
   </div>
   <div class='ocr_carea' id='block_1_105' title="bbox 369 4943 2061 5042">
    <p class='ocr_par' dir='ltr' id='par_1_105' title="bbox 369 4967 2061 5039">
     <span class='ocr_line' id='line_1_105' title="bbox 369 4967 2061 5039; baseline 0.003 -21"><span class='ocrx_word' id='word_1_744' title='bbox 369 4967 746 5019; x_wconf 86' lang='lat' dir='ltr'>tercessiones</span> <span class='ocrx_word' id='word_1_745' title='bbox 796 4974 1000 5021; x_wconf 66' lang='lat' dir='ltr'>sanctas</span> <span class='ocrx_word' id='word_1_746' title='bbox 1034 4969 1297 5038; x_wconf 63' lang='lat' dir='ltr'>gloriosae</span> <span class='ocrx_word' id='word_1_747' title='bbox 1344 4969 1442 5022; x_wconf 90' lang='lat' dir='ltr'>Dei</span> <span class='ocrx_word' id='word_1_748' title='bbox 1492 4969 1788 5039; x_wconf 87' lang='lat' dir='ltr'>genitricis</span> <span class='ocrx_word' id='word_1_749' title='bbox 1831 4969 2061 5038; x_wconf 78' lang='lat' dir='ltr'>virginis</span> 
     </span>
    </p>
   </div>
   <div class='ocr_carea' id='block_1_106' title="bbox 2193 4943 3858 5042">
    <p class='ocr_par' dir='ltr' id='par_1_106' title="bbox 2193 4943 3858 5012">
     <span class='ocr_line' id='line_1_106' title="bbox 2193 4943 3858 5012; baseline -0.001 -19"><span class='ocrx_word' id='word_1_750' title='bbox 2193 4948 2330 4994; x_wconf 83' lang='lat' dir='ltr'>recte</span> <span class='ocrx_word' id='word_1_751' title='bbox 2362 4943 2569 4996; x_wconf 84' lang='lat' dir='ltr'>dicitur</span> <span class='ocrx_word' id='word_1_752' title='bbox 2595 4960 2740 4996; x_wconf 92' lang='lat' dir='ltr'>unus</span> <span class='ocrx_word' id='word_1_753' title='bbox 2774 4944 2834 4996; x_wconf 91' lang='lat' dir='ltr'>in</span> <span class='ocrx_word' id='word_1_754' title='bbox 2862 4943 3137 4997; x_wconf 89' lang='lat' dir='ltr'>Trinitate</span> <span class='ocrx_word' id='word_1_755' title='bbox 3183 4960 3311 4997; x_wconf 90' lang='lat' dir='ltr'>cum</span> <span class='ocrx_word' id='word_1_756' title='bbox 3349 4943 3511 4997; x_wconf 72' lang='lat' dir='ltr'>Patre</span> <span class='ocrx_word' id='word_1_757' title='bbox 3546 4943 3858 5012; x_wconf 66' lang='lat' dir='ltr'>Spirituque</span> 
     </span>
    </p>
   </div>
   <div class='ocr_carea' id='block_1_107' title="bbox 367 5019 3855 5131">
    <p class='ocr_par' dir='ltr' id='par_1_107' title="bbox 367 5019 3855 5131">
     <span class='ocr_line' id='line_1_107' title="bbox 367 5019 3855 5131; baseline -0.008 -23"><span class='ocrx_word' id='word_1_758' title='bbox 367 5056 580 5109; x_wconf 80' lang='lat' dir='ltr'>Mariae.</span> <span class='ocrx_word' id='word_1_759' title='bbox 632 5057 872 5110; x_wconf 88' lang='lat' dir='ltr'>Omnem</span> <span class='ocrx_word' id='word_1_760' title='bbox 917 5019 1322 5128; x_wconf 52' lang='lat' dir='ltr'>quai’ncunque</span> <span class='ocrx_word' id='word_1_761' title='bbox 1368 5019 1609 5112; x_wconf 47' lang='lat' dir='ltr'>vestiam</span> <span class='ocrx_word' id='word_1_762' title='bbox 1653 5019 2070 5114; x_wconf 56' lang='lat' dir='ltr'>fraternitdtem</span> <span class='ocrx_word' id='word_1_763' title='bbox 2104 5019 2133 5130; x_wconf 72' lang='lat'><strong>&#39;</strong></span> <span class='ocrx_word' id='word_1_764' title='bbox 2181 5036 2374 5131; x_wconf 39' lang='lat' dir='ltr'>Sfmct‘?</span> <span class='ocrx_word' id='word_1_765' title='bbox 2409 5048 2647 5130; x_wconf 39' lang='lat' dir='ltr'>regnare</span> <span class='ocrx_word' id='word_1_766' title='bbox 2674 5049 2685 5086; x_wconf 73' lang='grc' dir='ltr'>ε</span> <span class='ocrx_word' id='word_1_767' title='bbox 2713 5032 3042 5131; x_wconf 42' lang='grc' dir='ltr'>δίξῑυεορίξη</span> <span class='ocrx_word' id='word_1_768' title='bbox 3071 5033 3294 5087; x_wconf 82' lang='lat' dir='ltr'>Videtur</span> <span class='ocrx_word' id='word_1_769' title='bbox 3314 5034 3650 5130; x_wconf 81' lang='lat' dir='ltr'>ambiguum</span> <span class='ocrx_word' id='word_1_770' title='bbox 3686 5030 3855 5124; x_wconf 74' lang='lat' dir='ltr'>dicere</span> 
     </span>
    </p>
   </div>
   <div class='ocr_carea' id='block_1_108' title="bbox 368 5123 3857 5216">
    <p class='ocr_par' dir='ltr' id='par_1_108' title="bbox 368 5123 3857 5216">
     <span class='ocr_line' id='line_1_108' title="bbox 368 5123 3857 5216; baseline -0.009 -17"><span class='ocrx_word' id='word_1_771' title='bbox 368 5161 474 5215; x_wconf 89' lang='lat' dir='ltr'>ego</span> <span class='ocrx_word' id='word_1_772' title='bbox 507 5162 741 5216; x_wconf 88' lang='lat' dir='ltr'>quoque</span> <span class='ocrx_word' id='word_1_773' title='bbox 765 5151 820 5199; x_wconf 90' lang='lat' dir='ltr'>et</span> <span class='ocrx_word' id='word_1_774' title='bbox 845 5123 954 5200; x_wconf 80' lang='lat' dir='ltr'>mei</span> <span class='ocrx_word' id='word_1_775' title='bbox 983 5123 1298 5216; x_wconf 67' lang='lat' dir='ltr'>plurimum</span> <span class='ocrx_word' id='word_1_776' title='bbox 1329 5147 1664 5199; x_wconf 88' lang='lat' dir='ltr'>salutamus.</span> <span class='ocrx_word' id='word_1_777' title='bbox 1689 5145 1832 5199; x_wconf 79' lang='lat' dir='ltr'>Alia</span> <span class='ocrx_word' id='word_1_778' title='bbox 1851 5164 2063 5201; x_wconf 86' lang='lat' dir='ltr'>manu:</span> <span class='ocrx_word' id='word_1_779' title='bbox 2113 5123 2127 5130; x_wconf 56' lang='grc'><em>’</em></span> <span class='ocrx_word' id='word_1_780' title='bbox 2178 5123 2512 5216; x_wconf 33' lang='grc' dir='ltr'>ῗίωΡ-Ῑίίξίίθτ</span> <span class='ocrx_word' id='word_1_781' title='bbox 2543 5138 2720 5216; x_wconf 70' lang='lat' dir='ltr'>“an</span> <span class='ocrx_word' id='word_1_782' title='bbox 2745 5123 2815 5176; x_wconf 77' lang='lat' dir='ltr'>de</span> <span class='ocrx_word' id='word_1_783' title='bbox 2845 5123 3138 5216; x_wconf 34' lang='lat' dir='ltr'>Trinitate,</span> <span class='ocrx_word' id='word_1_784' title='bbox 3164 5139 3278 5216; x_wconf 76' lang='lat' dir='ltr'>non</span> <span class='ocrx_word' id='word_1_785' title='bbox 3311 5123 3607 5216; x_wconf 61' lang='lat' dir='ltr'>praemisso</span> <span class='ocrx_word' id='word_1_786' title='bbox 3643 5123 3857 5212; x_wconf 83' lang='lat' dir='ltr'>nomine</span> 
     </span>
    </p>
   </div>
   <div class='ocr_carea' id='block_1_109' title="bbox 371 5211 3856 5308">
    <p class='ocr_par' dir='ltr' id='par_1_109' title="bbox 371 5211 3856 5308">
     <span class='ocr_line' id='line_1_109' title="bbox 371 5211 3856 5308; baseline -0.007 -21"><span class='ocrx_word' id='word_1_787' title='bbox 371 5211 680 5289; x_wconf 78' lang='lat' dir='ltr'>Incolumis</span> <span class='ocrx_word' id='word_1_788' title='bbox 714 5235 773 5288; x_wconf 88' lang='lat' dir='ltr'>in</span> <span class='ocrx_word' id='word_1_789' title='bbox 806 5211 1045 5289; x_wconf 81' lang='lat' dir='ltr'>Domino</span> <span class='ocrx_word' id='word_1_790' title='bbox 1075 5253 1172 5288; x_wconf 89' lang='lat' dir='ltr'>ora</span> <span class='ocrx_word' id='word_1_791' title='bbox 1199 5251 1300 5305; x_wconf 85' lang='lat' dir='ltr'>pro</span> <span class='ocrx_word' id='word_1_792' title='bbox 1332 5235 1516 5302; x_wconf 85' lang='lat' dir='ltr'>nobis,</span> <span class='ocrx_word' id='word_1_793' title='bbox 1550 5235 1651 5288; x_wconf 90' lang='lat' dir='ltr'>Dei</span> <span class='ocrx_word' id='word_1_794' title='bbox 1686 5240 1912 5288; x_wconf 87' lang='lat' dir='ltr'>amator</span> <span class='ocrx_word' id='word_1_795' title='bbox 1941 5253 2068 5289; x_wconf 87' lang='lat' dir='ltr'>san-</span> <span class='ocrx_word' id='word_1_796' title='bbox 2173 5211 2406 5308; x_wconf 50' lang='grc' dir='ltr'>Ρίξυξίιιί</span> <span class='ocrx_word' id='word_1_797' title='bbox 2456 5211 2636 5264; x_wconf 66' lang='grc' dir='ltr'>Πυδῖτί</span> <span class='ocrx_word' id='word_1_798' title='bbox 2694 5213 2825 5308; x_wconf 58' lang='grc' dir='ltr'>δθδξι</span> <span class='ocrx_word' id='word_1_799' title='bbox 2862 5212 3106 5308; x_wconf 52' lang='lat' dir='ltr'>fibris“;</span> <span class='ocrx_word' id='word_1_800' title='bbox 3156 5212 3234 5264; x_wconf 85' lang='lat' dir='ltr'>sic</span> <span class='ocrx_word' id='word_1_801' title='bbox 3284 5212 3425 5308; x_wconf 73' lang='lat' dir='ltr'>ejus</span> <span class='ocrx_word' id='word_1_802' title='bbox 3462 5222 3760 5306; x_wconf 83' lang='lat' dir='ltr'>personam</span> <span class='ocrx_word' id='word_1_803' title='bbox 3806 5211 3856 5256; x_wconf 77' lang='lat' dir='ltr'>in</span> 
     </span>
    </p>
   </div>
   <div class='ocr_carea' id='block_1_110' title="bbox 366 5300 3855 5394">
    <p class='ocr_par' dir='ltr' id='par_1_110' title="bbox 366 5300 3855 5394">
     <span class='ocr_line' id='line_1_110' title="bbox 366 5300 3855 5394; baseline 0.001 -19"><span class='ocrx_word' id='word_1_804' title='bbox 366 5323 617 5377; x_wconf 90' lang='lat' dir='ltr'>ctissime</span> <span class='ocrx_word' id='word_1_805' title='bbox 667 5325 861 5378; x_wconf 86' lang='lat' dir='ltr'>frater.</span> <span class='ocrx_word' id='word_1_806' title='bbox 915 5329 1161 5394; x_wconf 89' lang='lat' dir='ltr'>Accepta</span> <span class='ocrx_word' id='word_1_807' title='bbox 1199 5300 1270 5376; x_wconf 51' lang='grc' dir='ltr'>ᾖν</span> <span class='ocrx_word' id='word_1_808' title='bbox 1305 5300 1568 5376; x_wconf 85' lang='lat' dir='ltr'>calendas</span> <span class='ocrx_word' id='word_1_809' title='bbox 1618 5323 1895 5390; x_wconf 90' lang='lat' dir='ltr'>Octobris,</span> <span class='ocrx_word' id='word_1_810' title='bbox 1948 5324 2062 5378; x_wconf 78' lang='lat' dir='ltr'>Ru-</span> <span class='ocrx_word' id='word_1_811' title='bbox 2172 5300 2444 5394; x_wconf 45' lang='lat' dir='ltr'>&quot;{‘réeitate</span> <span class='ocrx_word' id='word_1_812' title='bbox 2479 5317 2608 5353; x_wconf 70' lang='lat' dir='ltr'>cum</span> <span class='ocrx_word' id='word_1_813' title='bbox 2649 5301 2831 5394; x_wconf 44' lang='lat' dir='ltr'>Pam?</span> <span class='ocrx_word' id='word_1_814' title='bbox 2859 5300 3218 5394; x_wconf 46' lang='grc' dir='ltr'>δΡξῗίΨδξίυθ</span> <span class='ocrx_word' id='word_1_815' title='bbox 3252 5301 3432 5354; x_wconf 56' lang='lat' dir='ltr'>sane“</span> <span class='ocrx_word' id='word_1_816' title='bbox 3465 5300 3722 5370; x_wconf 62' lang='lat' dir='ltr'>personis</span> <span class='ocrx_word' id='word_1_817' title='bbox 3751 5307 3855 5348; x_wconf 70' lang='lat' dir='ltr'>non</span> 
     </span>
    </p>
   </div>
   <div class='ocr_carea' id='block_1_111' title="bbox 2174 5388 3854 5460">
    <p class='ocr_par' dir='ltr' id='par_1_111' title="bbox 2174 5388 3854 5460">
     <span class='ocr_line' id='line_1_111' title="bbox 2174 5388 3854 5460; baseline -0.005 -18"><span class='ocrx_word' id='word_1_818' title='bbox 2174 5388 2506 5444; x_wconf 88' lang='lat' dir='ltr'>dubitamus</span> <span class='ocrx_word' id='word_1_819' title='bbox 2547 5407 2712 5444; x_wconf 90' lang='lat' dir='ltr'>esse:</span> <span class='ocrx_word' id='word_1_820' title='bbox 2760 5392 2880 5445; x_wconf 89' lang='lat' dir='ltr'>sine</span> <span class='ocrx_word' id='word_1_821' title='bbox 2920 5391 3126 5446; x_wconf 86' lang='lat' dir='ltr'>Christi</span> <span class='ocrx_word' id='word_1_822' title='bbox 3173 5407 3421 5460; x_wconf 86' lang='lat' dir='ltr'>namque</span> <span class='ocrx_word' id='word_1_823' title='bbox 3470 5404 3714 5458; x_wconf 87' lang='lat' dir='ltr'>persona</span> <span class='ocrx_word' id='word_1_824' title='bbox 3763 5397 3854 5436; x_wconf 81' lang='lat' dir='ltr'>nec</span> 
     </span>
    </p>
   </div>
   <div class='ocr_carea' id='block_1_112' title="bbox 435 5481 2061 5552">
    <p class='ocr_par' dir='ltr' id='par_1_112' title="bbox 435 5481 2061 5552">
     <span class='ocr_line' id='line_1_112' title="bbox 435 5481 2061 5552; baseline 0 -18"><span class='ocrx_word' id='word_1_825' title='bbox 435 5484 514 5546; x_wconf 83' lang='lat' dir='ltr'>(a)</span> <span class='ocrx_word' id='word_1_826' title='bbox 546 5484 607 5535; x_wconf 85' lang='lat' dir='ltr'>In</span> <span class='ocrx_word' id='word_1_827' title='bbox 631 5484 764 5537; x_wconf 90' lang='lat' dir='ltr'>edit.</span> <span class='ocrx_word' id='word_1_828' title='bbox 802 5485 965 5538; x_wconf 80' lang='lat' dir='ltr'>Rom.</span> <span class='ocrx_word' id='word_1_829' title='bbox 996 5483 1154 5536; x_wconf 90' lang='lat' dir='ltr'>deest</span> <span class='ocrx_word' id='word_1_830' title='bbox 1181 5481 1417 5548; x_wconf 76' lang='lat' dir='ltr'>Joanni,</span> <span class='ocrx_word' id='word_1_831' title='bbox 1453 5486 1510 5535; x_wconf 90' lang='lat' dir='ltr'>et</span> <span class='ocrx_word' id='word_1_832' title='bbox 1539 5498 1640 5551; x_wconf 89' lang='lat' dir='ltr'>pro</span> <span class='ocrx_word' id='word_1_833' title='bbox 1671 5481 1948 5552; x_wconf 69' lang='lat' dir='ltr'>episcopis</span> <span class='ocrx_word' id='word_1_834' title='bbox 1977 5485 2061 5534; x_wconf 88' lang='lat' dir='ltr'>est</span> 
     </span>
    </p>
   </div>
   <div class='ocr_carea' id='block_1_113' title="bbox 361 5531 2684 5625">
    <p class='ocr_par' dir='ltr' id='par_1_113' title="bbox 361 5531 2684 5625">
     <span class='ocr_line' id='line_1_113' title="bbox 361 5531 2684 5625; baseline -0.01 -18"><span class='ocrx_word' id='word_1_835' title='bbox 361 5531 764 5625; x_wconf 49' lang='lat' dir='ltr'>epiEéobem</span> <span class='ocrx_word' id='word_1_836' title='bbox 1185 5531 1204 5534; x_wconf 73' lang='lat'>&#39;</span> <span class='ocrx_word' id='word_1_837' title='bbox 1461 5531 1508 5535; x_wconf 79' lang='lat'>&quot;</span> <span class='ocrx_word' id='word_1_838' title='bbox 1673 5531 1936 5552; x_wconf 44' lang='lat' dir='ltr'>TW’&quot;</span> <span class='ocrx_word' id='word_1_839' title='bbox 2242 5533 2311 5602; x_wconf 88' lang='lat' dir='ltr'>(b)</span> <span class='ocrx_word' id='word_1_840' title='bbox 2341 5533 2426 5589; x_wconf 87' lang='lat' dir='ltr'>Al.</span> <span class='ocrx_word' id='word_1_841' title='bbox 2465 5531 2684 5587; x_wconf 73' lang='lat' dir='ltr'>exiliis.</span> 
     </span>
    </p>
   </div>
  </div>
