3998 6172
177 351 265 401 497
1275 381 1283 390 .
1471 323 1820 407 Episroua
1861 353 1944 406 ET
1985 354 2310 410 DECRETA

3539 364 3640 418 498

181 476 318 528 credi
348 474 581 528 Trinitas
613 476 883 547 religiose
919 485 1116 548 potest,
1176 498 1278 534 nec
1309 482 1533 535 adorari
1566 483 1826 550 ﬁdeliter,
1870 488 1914 540 A
1939 487 2275 540 communis
2306 489 2500 542 unitas
2530 492 2828 559 pervenire
2856 492 3134 547 videatur.
3170 493 3516 564 Diligentius
3544 511 3641 549 au-

181 564 644 635 quemadmodum
673 566 726 619 S.
758 567 1109 636 Augustinus
1142 568 1258 622 ait:
1289 574 1374 623 An
1407 571 1598 640 aliqua
1625 588 1692 624 ex
1724 571 1841 625 Tri-

183 654 334 706 aitate
368 668 637 721 persona;
669 659 725 707 et
750 655 862 708 alio
914 658 1039 710 loco
1071 675 1082 711 :
1121 659 1281 712 Solus
1319 660 1378 712 in
1423 660 1695 714 Trinitate
1725 677 1847 714 cor-

181 758 273 813 pus
304 741 547 811 accepit:
583 743 861 797 etiterum
890 762 900 797 :
935 747 1087 798 Unus
1110 747 1302 802 trium.
1330 749 1620 817 Rogamus
1646 750 1841 819 igitur,

183 829 630 884 reverendissime
658 832 984 901 salutantes,
1021 841 1085 888 ut
1113 837 1289 889 futuri
1305 838 1509 906 judicii
1542 855 1842 906 memores,

183 935 389 973 causam
420 920 610 972 taliter
634 921 930 988 ordinetis,
965 940 1036 977 ne
1081 925 1221 994 quid
1267 926 1641 980 dubitationis
1671 929 1845 982 relin-

183 1014 367 1079 quatur
395 1007 455 1060 in
484 1014 798 1078 posterum,
841 1016 1123 1082 quatenus
1154 1015 1312 1068 omni
1343 1018 1609 1085 scrupulo
1641 1017 1849 1071 discor—

181 1098 379 1149 diarum
410 1097 659 1161 sublato,
705 1100 860 1169 pacis
906 1101 1237 1156 desideratas
1288 1120 1389 1174 per
1433 1106 1631 1158 orbem
1663 1111 1847 1160 totum

182 1188 379 1238 vincula
421 1193 791 1253 renoventur,
845 1193 902 1243 et
931 1193 1391 1248 venerandarum
1421 1196 1623 1248 ﬂoreat
1662 1196 1849 1248 Eccle-

179 1276 366 1327 siarum
419 1277 738 1344 concordia,
789 1280 1158 1350 corporisque
1218 1283 1386 1336 unius
1428 1284 1488 1336 in
1537 1283 1848 1352 pristinum

176 1368 362 1415 statum
393 1364 657 1419 membra
686 1368 1113 1437 recolligantur.
1164 1371 1258 1424 llle
1292 1388 1546 1442 namque
1592 1372 1849 1426 medicus

169 1451 277 1520 jure
303 1451 591 1518 laudatur,
631 1454 729 1524 qui
761 1461 978 1509 veteres
1006 1457 1377 1526 aagritudines
1402 1460 1480 1513 ita
1511 1476 1714 1513 sanare
1747 1460 1847 1513 de-

172 1547 536 1610 properatLut
578 1559 645 1595 ex
702 1543 790 1596 his
849 1561 995 1598 nova
1043 1549 1284 1601 vulnera
1334 1565 1448 1601 non
1518 1554 1846 1602 nascantur.

171 1628 476 1698 Specialiter
519 1647 654 1700 ergo
691 1640 1000 1701 cognoscat
1040 1638 1222 1689 vester
1267 1637 1642 1706 apostolatus,
1694 1653 1849 1690 com-

170 1718 343 1786 positis
373 1718 593 1772 eisdem
632 1720 852 1773 duobus
882 1722 1165 1792 capitulis,
1205 1725 1500 1778 universos
1530 1727 1852 1779 sacerdotes

168 1807 311 1859 istius
340 1807 676 1877 reipublicae
715 1810 959 1864 libenter
995 1813 1263 1883 amplecti
1312 1819 1556 1868 vestram
1588 1831 1848 1868 commu-

169 1897 400 1949 nionem.
451 1902 702 1968 Accepta
739 1916 806 1952 xv
848 1903 1114 1954 calendas
1150 1905 1428 1967 Octobris,
1466 1905 1696 1959 Rustico
1729 1906 1850 1958 viro

169 1985 456 2040 clarissimo
490 1989 726 2042 consule
755 1993 928 2054 (anno
963 1992 1194 2044 Domini
1227 1994 1366 2058 5‘20).

851 2097 1148 2151 RELA’I‘IO

253 2214 588 2254 EPIPHANH
632 2216 917 2258 EPISCOPI
965 2219 1746 2260 CONSTANTINOPOLITANI.

175 2305 531 2382 Imperatoris
538 2308 778 2382 ejusque
789 2309 1060 2382 conjugis,
1084 2327 1360 2381 suamque
1374 2311 1442 2364 de
1457 2309 1852 2382 Ecclesiarum

232 2375 417 2430 unione
436 2378 636 2434 animi
651 2375 1021 2435 alacritatem
1038 2375 1405 2436 demonstrat.
1427 2381 1589 2436 Ponti
1607 2384 1661 2434 et
1674 2387 1723 2435 Α
1731 2385 1845 2448 sise,

231 2450 278 2498 et
299 2449 554 2522 maxime
575 2451 823 2504 Orientis
841 2453 1170 2507 sacerdotes
1188 2469 1425 2507 suorum
1456 2453 1848 2522 episcoporum

233 2519 448 2572 nomina
473 2521 766 2575 damnare
796 2523 1044 2577 volentes
1074 2524 1134 2577 in
1154 2524 1420 2577 unionem
1441 2519 1844 2580 attnuit—emtas.

233 2589 466 2643 Calicem
487 2596 553 2644 et
585 2592 711 2647 alia
735 2594 991 2662 pontifici
1018 2611 1260 2648 munera
1289 2595 1485 2648 mittit.

233 2696 456 2750 Domino
495 2714 608 2767 per
639 2700 834 2752 omnia
873 2707 1066 2754 sancto
1119 2719 1181 2754 ac
1224 2702 1556 2756 beatissimo
1596 2702 1758 2755 fratri
1793 2706 1848 2755 et

172 2785 662 2840 comministratori
701 2789 1016 2842 Hormisda}
1055 2790 1410 2861 Epiphanius
1461 2792 1756 2861 episcopus
1786 2791 1846 2844 in

175 2871 382 2927 Domino
417 2875 696 2930 salutem.

229 2962 495 3024 Quantam
535 2966 846 3020 habuimus
879 2967 1229 3021 alacritatem
1253 2985 1357 3021 nos
1381 2985 1611 3039 quoque
1646 2973 1702 3022 et
1718 2968 1846 3038 piis-

177 3050 325 3103 simus
353 3058 405 3105 et
433 3054 964 3108 Christianissimus
999 3057 1308 3126 imperator
1333 3074 1445 3110 una
1474 3074 1603 3110 cum
1635 3058 1846 3110 tidelis-
1886 3052 1925 3106 C

177 3140 294 3192 sima
321 3147 374 3194 et
416 3142 474 3195 in
511 3143 789 3196 omnibus
819 3144 984 3197 bonis
1016 3147 1254 3199 ﬂorente
1287 3146 1530 3215 conjuge
1571 3163 1672 3199 sua
1699 3146 1848 3199 circa

176 3235 356 3283 rectam
395 3237 448 3284 et
491 3248 706 3300 puram
737 3241 1060 3287 sanctarum
1099 3235 1470 3288 Ecclesiarum
1504 3235 1843 3302 unitionem,

178 3323 222 3369 et
242 3321 728 3387 quemadmodum
759 3337 887 3375 cum
919 3323 1151 3376 caritate
1199 3323 1299 3376 Dei
1331 3340 1442 3393 qua
1482 3340 1584 3376 nos
1615 3324 1848 3377 decebat

178 3404 453 3462 destinatos
483 3427 518 3462 a
550 3410 714 3463 vobis
733 3418 953 3464 sanctos
977 3414 1275 3482 episcopos
1297 3418 1351 3465 et
1387 3413 1688 3483 religiosos
1720 3429 1843 3466 sus-

178 3512 420 3564 (epimus,
469 3504 529 3552 et
583 3502 942 3554 venerandos
989 3502 1298 3555 habuimus
1344 3503 1602 3566 clericos,
1654 3501 1846 3555 existi-

178 3599 369 3639 mamus
395 3589 637 3657 quidem
670 3594 727 3641 et
751 3596 881 3644 ante
909 3607 974 3643 ex
1007 3591 1094 3643 his
1117 3607 1247 3661 quas
1287 3596 1409 3644 acta
1458 3597 1591 3644 sunt
1621 3592 1847 3644 satisfa-

176 3681 303 3727 ctum
342 3683 545 3731 vestrae
580 3678 959 3732 beatitudini:
992 3680 1342 3733 credidimus
1383 3684 1572 3732 tamen
1606 3681 1756 3749 quod
1801 3681 1850 3734 si

181 3762 419 3817 Dominus
453 3767 723 3820 Salvator
750 3769 909 3821 Jesus
959 3769 1214 3822 Christus
1268 3770 1417 3822 Deus
1475 3773 1666 3821 noster
1696 3769 1847 3822 idem

176 3851 304 3918 ipsos
331 3856 848 3909 reverendissimos
899 3857 1452 3911 comministratores
1511 3862 1703 3910 nostro
1752 3857 1848 3910 in-

178 3943 399 3996 columes
450 3946 659 3998 vestris
707 3946 1002 4000 obtutibus
1051 3948 1436 4017 praesentavit,
1491 3947 1686 4000 omnia
1720 3962 1845 4017 quae

177 4033 386 4087 excitata
432 4041 572 4088 sunt
621 4035 781 4088 vobis
819 4037 1190 4089 sanctissimis
1243 4036 1546 4090 manifesta
1596 4035 1742 4101 ﬁeri,
1794 4042 1850 4088 et

180 4118 416 4183 laborem,
448 4139 628 4194 quem
679 4126 969 4193 potuimus
1023 4126 1325 4192 sustinere,
1362 4141 1465 4195 per
1521 4125 1626 4178 hos
1689 4125 1844 4194 ipsos

177 4212 505 4267 manifestius
571 4215 948 4282 cognoscetis.
1025 4215 1524 4278 Quemadmodum
1591 4231 1692 4284 per
1751 4215 1850 4267 Dei

1956 579 2074 629 tem
2108 577 2177 630 de
2201 577 2288 630 his
2319 578 2634 632 fidelissimi
2678 584 2733 632 et
2762 580 3002 651 piissimi
3047 583 3225 636 nostri
3255 583 3544 653 principes
3571 585 3641 638 de

1955 671 2278 720 sanctarum
2355 666 2453 720 Dei
2510 668 2885 722 Ecclesiarum
2953 671 3171 724 unitate
3229 677 3285 725 et
3340 673 3644 727 concordia

1956 755 2289 824 gaudentes,
2311 758 2379 810 ad
2399 762 2639 810 vestram
2655 759 3070 813 mandaverunt
3083 761 3492 816 beatitudinem
3508 780 3642 833 sup-

1957 844 2292 913 plicationes
2324 862 2356 898 a
2382 847 2645 916 plurimis
2670 849 2876 901 sanctis
2908 849 3295 903 sacerdotibus
3327 851 3644 920 suscipien-

1956 937 2057 998 tes,
2111 938 2227 986 tam
2278 935 2449 988 Ponti
2512 951 2685 1004 quam
2734 935 2878 988 Asiae
2929 936 3259 1006 provinciae,
3311 942 3366 992 et
3398 939 3645 994 maxime

1957 1023 2220 1088 Orientis,
2264 1024 2412 1093 apud
2471 1040 2613 1094 quos
2658 1025 2895 1078 nomina
2940 1026 3233 1095 quondam
3284 1028 3647 1082 sacerdotum

1958 1128 2189 1165 suorum
2225 1117 2409 1165 tacere
2464 1112 2692 1166 difﬁcile
2743 1117 2800 1167 et
2842 1113 3195 1182 impossibile
3239 1131 3358 1168 esse
3408 1117 3645 1181 videtur,

1958 1206 2228 1271 tantaque
2265 1217 2466 1255 eorum
2513 1201 2820 1255 obstinatio
2861 1207 2964 1268 est,
3002 1207 3066 1256 ut
3098 1219 3296 1258 omnes
3328 1204 3647 1273 periculum

1959 1307 2060 1360 pro
2090 1291 2191 1343 tali
2219 1291 2364 1344 facto
2393 1291 2578 1360 parati
2607 1292 2719 1344 sint
2749 1291 3058 1345 sustinere.
3114 1293 3293 1362 Igitur
3321 1294 3648 1362 praeceden-

1958 1385 2040 1433 tes
2084 1396 2285 1433 omnes
2333 1381 2482 1434 circa
2531 1381 2703 1450 pacis.
2734 1381 2986 1434 studium
3020 1382 3407 1435 necessarium
3453 1398 3649 1436 causas

1960 1470 2408 1535 considerantes,
2442 1471 2577 1540 quia
2596 1487 2698 1540 per
2721 1471 2900 1523 solam
2933 1471 3099 1523 istam
3127 1471 3469 1524 humilitatis
3499 1472 3651 1525 viam
3711 1463 3716 1468 ’

1961 1575 2326 1612 communem
2373 1559 2640 1613 omnibus
2689 1559 3006 1613 unitionem
3048 1565 3104 1613 et
3142 1561 3381 1614 salutem
3424 1561 3650 1614 inveni-

1962 1667 2090 1703 mus
2120 1650 2538 1718 interrogantes
2582 1649 2726 1702 sicut
2759 1648 2973 1702 dictum
3012 1656 3115 1713 est,
3151 1655 3208 1703 et
3246 1649 3653 1704 satisfacientes

1961 1741 2120 1793 vobis
2146 1740 2216 1793 ab
2251 1739 2364 1792 illis
2409 1739 2561 1808 quia
2616 1738 2778 1792 nobis
2829 1737 2887 1791 in
2918 1739 3025 1791 hoc
3056 1739 3285 1808 negotio
3316 1745 3449 1792 sunt
3478 1739 3651 1792 desti-

1963 1830 2100 1895 nati,
2134 1845 2361 1882 causam
2395 1844 2524 1881 cum
2557 1828 2811 1896 pacitica,
2848 1844 2960 1898 qua
3011 1845 3104 1880 vos
3153 1828 3330 1895 decet,
3367 1827 3645 1897 guberna—

1961 1919 2114 1971 tione
2147 1917 2518 1987 dispensetis:
2554 1933 2687 1970 nam
2736 1918 2873 1970 dum
2925 1933 3040 1970 una
3072 1924 3312 1987 utraque
3363 1918 3435 1970 sit
3469 1918 3653 1970 Eccle-

1961 2008 2061 2071 sia,
2095 2007 2294 2076 procul
2332 2004 2505 2058 dubio
2541 2010 2595 2057 et
2627 2005 2794 2067 bona,
2831 2020 2960 2073 quae
2999 2019 3102 2073 per
3137 2004 3490 2073 vigilantiam
3525 2020 3648 2057 eve-

1959 2097 2146 2159 niunt,
2180 2094 2502 2148 communis
2539 2092 2744 2146 exinde
2777 2093 2958 2146 laudis
3007 2093 3192 2162 gloria
3221 2093 3521 2162 utriusque
3548 2110 3646 2163 pa-

1960 2184 2354 2239 triarchalibu's
2393 2182 2618 2234 sedibus
2659 2183 2920 2247 rimatur,
2959 2186 3019 2233 ut
3066 2186 3336 2234 consuete
3379 2183 3641 2236 omnium

1962 2274 2234 2327 Dominus
2289 2277 2341 2325 et
2403 2271 2669 2324 conditor
2715 2270 2970 2325 Christus
3031 2286 3196 2322 verus
3246 2271 3392 2323 Deus
3449 2275 3646 2323 noster

1961 2363 2376 2432 magniticetur.
2430 2363 2506 2414 De
2555 2360 2641 2412 his
2693 2364 2883 2412 autem
2930 2359 3197 2412 omnibus
3230 2375 3454 2412 summo
3486 2359 3644 2412 vobis

1958 2453 2348 2522 supplicentur
2386 2449 2583 2503 alfectu
2632 2451 2876 2502 Joannes
2908 2449 3295 2502 sanctissimus
3326 2449 3648 2519 episcopus,

1959 2544 2168 2595 multos
2197 2540 2495 2594 nobiscum
2542 2537 2776 2618 sudores
2811 2537 2870 2590 in
2902 2537 3173 2607 praesenti
3203 2538 3496 2607 deponens
3536 2553 3653 2590 cer-

1905 2635 1916 2643 ’
1956 2631 2192 2695 tamine,
2249 2634 2302 2682 et
2358 2627 2724 2681 IIeraclianus
2791 2625 3301 2679 reverendissimns
3359 2626 3652 2695 presbyter

1959 2725 2164 2773 sancta:
2199 2724 2405 2771 nostrae
2446 2715 2680 2784 majoris
2727 2715 3000 2782 ecclesiae,
3044 2720 3099 2767 et
3146 2714 3500 2767 cohabitator
3550 2731 3649 2767 no-

1957 2815 2088 2874 ster,
2114 2814 2168 2861 et
2199 2805 2604 2860 Constantinus
2649 2803 3158 2856 reverendissimus
3197 2803 3466 2856 diaconus
3497 2803 3647 2870 ejus-

1957 2899 2087 2952 dem
2131 2895 2360 2966 majoris
2391 2892 2662 2958 ecclesiaa,
2716 2907 2818 2961 per
2859 2907 3000 2961 quos
3032 2898 3087 2944 et
3119 2895 3312 2943 nostra
3352 2890 3650 2960 synodalia

1957 2987 2269 3040 secundum
2311 2982 2714 3036 ecclesiasticas
2748 2985 2947 3033 vestrae
2993 2978 3366 3033 beatitudinis
3396 2979 3648 3032 destina-

1958 3078 2141 3130 vimus
2173 3076 2346 3143 leges.
2384 3073 2540 3125 Nunc
2573 3070 2750 3140 igitur
2797 3067 3036 3140 piissimi
3078 3068 3258 3120 nostri
3287 3065 3648 3136 imperatoris

1959 3166 2214 3220 studium
2274 3161 2420 3213 circa
2500 3164 2826 3212 sanctarum
2883 3156 3258 3210 Ecclesiarum
3327 3156 3649 3208 unitionem

1960 3251 2335 3315 ostendentis,
2367 3247 2613 3319 paciﬁcis
2643 3247 2709 3299 ad
2733 3250 2978 3298 vestram
3008 3244 3427 3298 beatitudinem
3460 3244 3529 3297 de
3561 3244 3648 3296 his

1960 3343 2140 3396 causis
2164 3341 2375 3394 utendo
2416 3336 2634 3402 litteris,
2679 3339 2733 3386 et
2767 3333 2983 3386 oblatas
3023 3333 3250 3385 sibimet
3281 3332 3349 3385 ab
3383 3332 3646 3385 Hieroso-

1960 3428 2248 3500 lymitanis
2290 3431 2344 3480 et
2393 3422 2775 3478 Orientalibus
2820 3422 3124 3493 petitiones
3163 3422 3487 3476 destinavit.
3537 3423 3650 3474 Nos

1960 3535 2095 3587 ergo
2126 3516 2478 3570 occasionem
2508 3512 2864 3567 salutationis
2896 3511 3152 3566 invenire
3195 3513 3471 3578 volentes,
3503 3511 3649 3564 hanc

1961 3609 2028 3662 ad
2059 3624 2154 3660 vos
2210 3606 2447 3659 fecimus
2491 3603 2815 3673 epistolam,
2872 3617 2976 3672 per
3025 3617 3198 3672 quam
3239 3602 3645 3671 supplicamus,

1959 3700 2346 3769 proponentes
2379 3693 2534 3747 vobis
2565 3691 2933 3745 sanctissimis
2957 3691 3102 3744 hanc
3131 3706 3322 3744 vocem
3357 3690 3647 3744 divinam:

1961 3791 2107 3842 Ecce
2139 3789 2359 3853 tempus
2375 3779 2880 3852 acceptabile,ecce
2894 3795 3048 3853 nunc
3057 3778 3179 3833 dies
3189 3779 3399 3853 salutis
3411 3780 3430 3853 ν(
3442 3781 3504 3833 II
3524 3782 3644 3835 Cor.

1962 3859 2066 3924 vr).
2102 3851 2519 3910 Ecce—credidit
2545 3853 2708 3904 nobis
2745 3852 3008 3905 omnium
3041 3851 3317 3905 Dominus
3346 3852 3648 3915 talentum,

1959 3948 2112 4019 quod
2144 3947 2578 4013 augmentatum
2608 3940 2788 4010 possit
2816 3940 3038 3993 restitui
3061 3939 3198 3993 boni
3220 3940 3409 4010 operis
3441 3940 3650 4008 fructu,

1961 4043 2017 4091 et
2063 4035 2266 4088 salvari
2322 4047 2423 4102 per
2462 4029 2809 4083 laudabit-rm
2865 4033 3111 4082 vestram
3162 4029 3651 4098 dispensationem

1959 4131 2141 4179 tantas
2187 4121 2422 4193 quidem
2466 4123 2685 4170 sanctas:
2739 4116 3028 4180 Ecclesias,
3089 4121 3392 4186 tantosque
3449 4132 3650 4169 eorum

1961 4213 2301 4278 sacerdotes,
2350 4214 2405 4263 et
2460 4205 2889 4261 multitudinem
2940 4204 3444 4270 innumerabilem,
3479 4206 3652 4272 {nunc

178 4300 388 4364 gratiam
423 4307 478 4355 et
503 4301 971 4356 ﬁdelissimorum
995 4303 1319 4372 principum
1339 4308 1684 4366 nostrorum,
1708 4303 1846 4356 Con-
1886 4339 1930 4391 Β
1962 4303 2197 4377 quidem
2235 4300 2453 4353 unitam
2507 4301 2711 4349 sanctas
2758 4294 3035 4356 Ecclesiae,
3079 4293 3500 4391 periclitantem
3555 4309 3652 4344 au-

175 4388 678 4460 stantinopolitana:
717 4391 956 4445 civitatis
994 4397 1186 4445 nostra
1220 4392 1462 4445 Ecclesia
1501 4391 1734 4461 pacitice
1766 4395 1849 4444 est

178 4475 502 4540 gubernata:
535 4486 597 4532 et
644 4481 878 4533 nomina
926 4497 1123 4534 eorum
1155 4482 1305 4533 inter
1335 4497 1493 4533 sacra
1542 4497 1660 4533 non
1716 4484 1850 4532 sunt

178 4564 379 4619 recitata
418 4568 712 4638 mysteria,
745 4585 874 4638 quas
907 4569 1026 4622 sedi
1061 4575 1260 4623 vestrae
1294 4570 1533 4640 profana
1565 4568 1843 4639 cognovi-

180 4666 302 4719 mus,
326 4658 421 4710 sed
449 4663 704 4726 quatuor
733 4658 1104 4711 conciliorum
1138 4675 1240 4728 pro
1285 4665 1439 4714 recta
1491 4659 1602 4712 fide
1647 4675 1848 4712 conso-

180 4745 344 4798 nantia
374 4746 725 4815 prazdicatur
772 4752 828 4800 et
858 4749 964 4801 hoc
1011 4749 1202 4818 ipsum
1255 4749 1525 4802 omnibus
1557 4764 1849 4802 sacrorum

177 4829 555 4902 diptychorum
590 4836 922 4890 recitatione
954 4838 1321 4891 manifestum
1349 4843 1454 4891 est.
1490 4838 1852 4892 Annuntient

180 4918 330 4987 igitur
358 4924 518 4978 vobis
551 4924 691 4994 quia
718 4942 835 4978 non
857 4926 1024 4996 pauci
1054 4927 1220 4980 nobis
1238 4927 1481 4995 subjecti
1503 4927 1848 4993 sacerdotes,

179 5022 263 5062 nec
280 5027 472 5066 rursus
504 5014 612 5068 sub
647 5031 848 5068 eorum
875 5015 1232 5069 ordinatione
1255 5015 1655 5086 episcoporum
1679 5032 1854 5085 parva

179 5101 247 5148 est
268 5101 489 5156 subdita
521 5103 851 5171 multitudo,
881 5120 1010 5174 qua:
1041 5105 1255 5158 bonum
1283 5104 1456 5172 hujus
1486 5110 1684 5175 coeptae
1721 5103 1850 5156 uni-

183 5186 331 5241 tionis
359 5192 765 5261 amplectitur:
802 5200 987 5247 vestra
1017 5195 1193 5248 etiam
1238 5194 1504 5248 sanctitas
1548 5198 1853 5263 cognoscat

187 5273 321 5330 istius
347 5296 402 5332 se
449 5283 740 5349 generalis
770 5282 908 5336 boni
953 5290 1010 5336 et
1049 5283 1370 5352 principem
1402 5288 1457 5337 et
1487 5283 1852 5352 inceptorem

188 5365 541 5422 nihilominus
573 5371 966 5425 constitutum.
1017 5373 1175 5426 Unde
1223 5373 1446 5426 fortiter
1491 5373 1560 5425 ad
1612 5371 1852 5440 vigilan-

187 5451 301 5507 dum
327 5456 622 5512 beatitudo
651 5467 835 5514 vestra
876 5462 1108 5515 laudum
1141 5467 1225 5516 est
1257 5462 1504 5516 stimulis
1534 5461 1851 5520 excitanda,

192 5558 248 5593 ne
284 5545 517 5616 idquod
569 5548 763 5602 divina
789 5551 848 5604 in
890 5551 1172 5604 honorem
1221 5553 1387 5604 vestri
1421 5553 1669 5620 coeperat
1703 5549 1854 5603 ordi-

192 5646 306 5685 nare
341 5636 751 5701 misericordia,
801 5656 914 5693 non
955 5640 1027 5695 ad
1075 5641 1312 5710 plenum
1359 5640 1437 5694 ita
1471 5644 1535 5692 ut
1584 5637 1857 5691 condecet

1961 4405 2077 4450 tem
2111 4397 2167 4446 et
2195 4394 2514 4444 errantem:
2550 4384 2596 4438 si
2628 4387 2827 4436 vestrae
2874 4381 3250 4437 beatitudinis
3293 4380 3650 4450 gubernacu-

1962 4486 2079 4538 lum
2130 4480 2516 4531 commoretur
2547 4471 3100 4544 (commemoretur),
3131 4475 3189 4523 et
3235 4468 3482 4523 maxime
3540 4470 3648 4538 his,

1963 4573 2060 4644 qui
2094 4570 2152 4623 in
2185 4566 2392 4621 sanctis
2438 4564 2576 4618 locis
2622 4563 2881 4616 habitant
2926 4560 3132 4614 Christi
3193 4559 3295 4614 Dei
3327 4559 3529 4625 nostri,
3573 4561 3654 4614 ita

1962 4661 2178 4729 ubique
2211 4656 2418 4710 sanctis
2449 4655 2806 4708 adhaerentes
2836 4650 3105 4717 ecclesiis,
3140 4655 3202 4704 ut
3231 4666 3431 4704 eorum
3456 4651 3654 4721 respui

1963 4767 2080 4804 non
2111 4748 2315 4802 debeat
2348 4743 2676 4798 multitudo.
2713 4742 2852 4794 Nam
2877 4755 3076 4794 omnes
3103 4756 3207 4810 per
3227 4738 3653 4809 suggestionem

1963 4853 2163 4892 eorum
2210 4837 2289 4889 ita
2331 4835 2389 4887 in
2439 4831 2833 4886 obstinationis
2877 4847 2994 4884 suae
3023 4830 3175 4884 malo
3219 4830 3558 4900 perdurant,
3590 4835 3656 4883 ut

1965 4928 2140 4981 velint
2167 4929 2297 4978 ante
2342 4939 2370 4976 e
2414 4922 2528 4975 vita
2572 4921 2859 4986 recedere,
2903 4935 3077 4990 quam
3109 4919 3426 4990 excogitata
3477 4919 3652 4972 relin-

1963 5031 2174 5088 quere:
2215 5019 2278 5066 ut
2326 5013 2375 5065 si
2428 5013 2573 5065 Deus
2623 5011 2746 5075 hos,
2793 5023 2898 5079 per
2944 5013 3189 5062 vestram
3234 5008 3652 5064 beatitudinem

1963 5099 2201 5156 adunari
2237 5097 2592 5170 praeceperit,
2626 5100 2826 5150 vestrae
2873 5095 3050 5150 laudis
3083 5097 3375 5162 meritum,
3413 5101 3470 5148 et
3500 5110 3654 5163 prae-

1965 5190 2238 5256 sentibus,
2274 5194 2330 5242 et
2361 5187 2568 5241 futuris
2616 5185 2936 5240 ascribatur
2972 5185 3344 5256 temporibus.
3386 5185 3519 5238 Oret
3551 5181 3656 5252 igi-

1967 5287 2057 5334 tur
2087 5283 2269 5332 vestra
2304 5277 2570 5331 sanctitas
2609 5281 2726 5328 tam
2758 5291 2860 5345 pro
2896 5273 3168 5346 piissimis
3199 5278 3256 5326 et
3300 5271 3658 5325 Christianis-

1967 5369 2125 5423 simis
2150 5367 2528 5438 principibus,
2566 5381 2738 5437 quam
2774 5381 2874 5436 pro
2905 5368 3098 5418 nostra
3129 5361 3404 5434 parvitate
3439 5364 3496 5414 et
3530 5361 3655 5414 uni-

1965 5457 2170 5510 versali
2219 5455 2453 5521 unione,
2505 5460 2570 5508 ut
2600 5453 2782 5524 gratia
2832 5457 3039 5506 sancta:
3073 5457 3128 5504 et
3178 5451 3350 5504 unius
3399 5449 3664 5502 essentia:

1966 5545 2274 5610 Trinitatis,
2306 5550 2359 5596 et
2393 5543 2893 5598 intercessionibus
2925 5540 3173 5594 dominre
3214 5545 3423 5593 nostra;
3453 5544 3665 5593 sanctae

1967 5641 2023 5689 et
2061 5633 2322 5704 gloriosae
2352 5633 2587 5703 virginis
2638 5637 2692 5686 et
2741 5631 2840 5685 Dei
2871 5628 3163 5700 genitricis
3209 5629 3418 5695 Mariae,
3472 5628 3669 5682 omnia
