4038 6170
355 319 462 374 499

1796 323 2170 380 HORMlSD/E
2210 288 2407 381 ΡΑΡᾷιε

3753 328 3853 379 ’500

360 458 433 512 ad
474 455 756 511 unitatem
810 455 1116 510 indivisam
1157 454 1478 523 conveniat,
1525 460 1582 511 et
1613 456 2053 513 fundamentum
2092 461 2138 513 Α
2165 476 2268 530 per
2288 460 2740 515 taciturnitatem
2768 459 2968 529 largiri
3012 464 3239 527 tempus
3272 457 3465 511 videar
3496 456 3607 511 illis
3644 457 3747 527 qui
3777 458 3862 512 ni-

357 546 760 601 inconcussum
792 544 1077 599 catholicas
1108 544 1243 598 ﬁdei
1275 546 1669 608 conﬁrmetur,
1700 562 1804 617 per
1836 548 2053 615 omnia,

363 634 713 691 sanctissime
759 634 953 689 frater.
998 633 1212 688 Indicia
1250 638 1443 688 autem
1486 640 1695 689 nostra:
1743 638 2056 691 secundum

362 724 647 779 Christum
682 722 990 777 Dominum
1033 727 1298 776 nostrum
1345 714 1596 777 caritatis
1638 740 1742 794 per
1774 725 1924 778 viros
1967 742 2055 779 re-

363 812 803 867 verendissimos
870 811 1298 877 destinavimus,
1374 812 1440 865 ad
1503 812 2057 868 administrationem

361 901 568 956 divina:
598 902 856 967 culturae,
906 904 963 953 et
1014 905 1224 954 sancta:
1256 901 1583 970 apostolicae
1629 908 1829 957 vestrm
1872 905 2052 957 Eccle-

362 991 481 1057 siae,
515 990 749 1043 calicem
782 993 974 1043 autem
1032 988 1277 1059 gemmis
1312 990 1755 1059 circumdatum,
1787 997 2057 1062 patenam

364 1094 616 1143 auream,
668 1083 727 1132 et
774 1078 949 1132 alium
998 1079 1229 1131 calicem
1286 1084 1647 1148 argenteum,
1697 1081 1823 1135 vela
1882 1081 2059 1136 serica

361 1170 512 1236 duo;
544 1186 671 1239 qua:
712 1168 1000 1240 suscipere
1034 1174 1280 1223 vestram
1310 1170 1727 1225 beatitudinem
1767 1173 2056 1244 supplica-

362 1275 490 1312 mus
521 1274 649 1311 cum
684 1258 782 1311 illa
829 1258 1064 1311 caritate
1117 1274 1291 1328 quam
1344 1275 1444 1311 vos
1490 1259 1699 1313 habere
1746 1262 2057 1316 secundum

363 1350 543 1403 Deum
574 1363 689 1400 non
723 1346 1071 1402 dubitamus.
1110 1347 1351 1402 Omnem
1387 1348 1445 1401 in
1480 1348 1703 1403 Christo
1728 1350 2057 1406 fraternita-

363 1442 500 1503 tem,
534 1452 663 1506 quaa
709 1452 840 1489 cum
888 1441 1073 1490 vestra
1122 1442 1208 1491 est
1256 1437 1553 1491 sanctitate
1588 1454 1693 1491 nos
1726 1455 1955 1510 quoque
2004 1445 2059 1493 et

363 1526 463 1596 qui
494 1526 794 1579 nobiscum
817 1530 949 1579 sunt
974 1526 1289 1595 plurimum
1314 1527 1645 1580 salutamus.
1676 1531 1919 1599 Accepta
1946 1530 2059 1599 pri-

364 1614 456 1669 die
517 1614 783 1667 calendas
853 1615 1199 1681 Decembris,
1264 1616 1492 1670 Rustico
1552 1615 1671 1669 viro
1746 1616 2058 1671 clarissimo

365 1704 597 1758 consule
628 1702 800 1775 (anno
832 1704 1064 1758 Domini
1093 1705 1239 1771 520).

1116 1810 1336 1865 SACRA

914 1912 1173 1955 JUSTINI
1220 1914 1517 1955 AUGUSTI.

366 2008 655 2062 Joannem
670 2005 996 2077 episcopum
1008 2006 1084 2060 ad
1101 2009 1469 2061 tractandam
1486 2007 1755 2063 Ecclesia:
1772 2025 1969 2077 pacem
1982 2010 2065 2064 de-

434 2026 655 2061 vannem
670 2026 996 2077 episcopum
1008 2026 1083 2060 aa
1101 2026 1469 2061 (raetanaam
1486 2026 1755 2063 Lacotena:
1814 2026 1969 2065 acem
1982 2026 2060 2064 ae-

434 2077 737 2144 stinatum,
777 2077 1205 2149 quamprimum
1236 2080 1605 2147 convaluerit,
1647 2026 2060 2151 pro/lecturum.

438 2172 692 2237 Justinus
712 2185 1013 2253 Augustus
1046 2186 1356 2239 Hormisda:
1390 2203 1577 2257 papae.

445 2274 592 2326 Dum
622 2272 1018 2327 beatissimum
1051 2275 1399 2329 Germanum
1454 2276 1806 2346 episcopum,
1851 2278 1940 2330 vel
1970 2293 2069 2331 eos

373 2361 475 2433 qui
500 2377 631 2415 cum
662 2378 728 2415 eo
772 2379 806 2416 a
835 2362 995 2417 vobis
1034 2363 1262 2417 fuerant
1310 2364 1599 2431 destinati,
1634 2366 1704 2419 de
1744 2366 1848 2419 hac
1881 2366 2069 2420 dimit-

372 2456 626 2506 teremus
660 2451 821 2521 regia
852 2452 1105 2513 civitate,
1142 2452 1478 2523 hujusmodi
1517 2452 1629 2507 illis
1657 2455 1926 2508 mandata
1953 2461 2069 2509 tra-

373 2540 645 2606 didimus,
698 2541 852 2611 quod
884 2540 1133 2610 capitula
1180 2557 1306 2611 quze
1340 2541 1411 2594 ad
1450 2542 1759 2610 perfectam
1794 2544 2068 2597 unitatem

376 2630 754 2685 Ecclesiarum
793 2630 1161 2699 pertinebant
1190 2631 1533 2700 apostolatui
1572 2638 1754 2685 vestro
1786 2649 1888 2703 per
1917 2650 2071 2686 reve-

376 2719 783 2774 rendissimum
816 2720 1094 2773 Joannem
1127 2719 1457 2790 episcopum
1484 2726 1791 2791 sequenter
1826 2722 2071 2776 manife-

378 2814 465 2863 sta
520 2808 885 2878 faceremus;
948 2824 1077 2878 quae
1127 2813 1323 2863 tamen
1375 2808 1512 2879 ipsis
1566 2810 1658 2863 hic
1692 2811 2071 2880 praesentibus

378 2899 608 2953 fuerant
638 2897 942 2951 declarata.
977 2896 1086 2951 Sed
1115 2898 1304 2951 evenit
1340 2898 1643 2968 praefatum
1672 2900 1949 2953 Joannem
1972 2916 2070 2953 an-

378 2987 613 3041 tistitem
643 2987 815 3057 longa
846 2986 1187 3058 aegritudine
1219 2987 1482 3041 detineri.
1516 2988 1593 3041 Ne
1625 3005 1738 3056 qua
1768 2987 1944 3058 igitur
1972 3003 2072 3041 ve-

379 3082 557 3131 stram
616 3076 997 3130 reverentiam
1066 3076 1423 3146 ingrediatur
1481 3078 1717 3131 adversa
1771 3076 2072 3143 sententia,

381 3165 545 3235 quasi
575 3165 732 3219 vobis
761 3166 1044 3235 promissa
1068 3170 1269 3218 nostra
1290 3166 1507 3219 desidia
1528 3166 1777 3236 quadam
1809 3167 2077 3219 ultronea

383 3252 574 3306 minus
603 3252 675 3306 ad
726 3252 990 3307 effectum
1022 3254 1484 3322 perducentibus,
1518 3255 1905 3308 necessarium
1953 3270 2075 3309 esse

382 3342 778 3412 perspeximus
824 3342 1116 3396 dilationis
1159 3358 1387 3396 causam
1428 3344 1591 3397 vobis
1635 3359 1919 3412 exponere
1974 3360 2077 3414 per

382 3430 687 3499 Eulogium
711 3431 773 3484 V.
808 3430 865 3497 S,
897 3430 1195 3484 tribunum
1217 3436 1272 3485 et
1297 3432 1612 3497 notarium,
1638 3448 1810 3501 quem
1833 3432 1902 3485 ad
1928 3449 2073 3502 prae-

384 3520 599 3573 celsum
628 3535 825 3589 regem
872 3520 1290 3573 Theodoricum
1343 3536 1516 3588 super
1561 3520 1803 3589 negotiis
1834 3521 2076 3591 quibus-

384 3610 514 3664 dam
565 3608 1027 3662 transmisimus:
1080 3608 1188 3661 hoc
1249 3624 1479 3678 quoque
1541 3608 1875 3678 adjicientes
1924 3609 2077 3679 quod

384 3698 518 3753 dum
542 3698 789 3767 propitia
830 3697 1059 3751 Domini
1090 3702 1145 3750 et
1177 3698 1277 3750 Dei
1306 3698 1487 3750 nostri
1512 3699 1779 3767 majestas
1807 3699 2072 3751 eumdem

384 3788 570 3841 virum
634 3786 1133 3857 religiosissimum
1188 3786 1468 3839 Joannem
1518 3786 1775 3856 pristinas
1832 3788 2079 3841 vinluerit

384 3876 626 3930 reddere
658 3876 907 3941 sanitati,
957 3875 1101 3929 sicut
1150 3876 1327 3929 semel
1371 3875 1839 3944 promiseramus,
1888 3876 2078 3929 statim

385 3964 550 4019 illum
581 3966 650 4019 ad
702 3969 861 4018 tuam
892 3964 1247 4017 sanctitatem
1279 3965 1753 4017 transmittemus.
1810 3964 2080 4033 Superest

384 4059 451 4108 ut
480 4054 798 4108 sanctitudo
822 4059 923 4107 tua
950 4054 1207 4107 divinum
1238 4052 1404 4106 nobis
1436 4054 1769 4123 praesidium
1802 4052 2077 4106 orationi-

384 4141 493 4197 bus
529 4142 645 4196 suis
693 4142 961 4213 dignetur
1017 4142 1330 4212 acquirere.
1390 4144 1530 4196 Data
1582 4142 1768 4213 pridie
1812 4142 2078 4197 calendas

385 4231 754 4301 Septembris,
802 4231 1317 4301 Constantinopoli.
1368 4236 1612 4301 Accepta
1644 4234 1841 4286 Romae
1888 4234 2075 4285 calen-

385 4320 473 4374 dis
502 4321 779 4387 Octobris,
823 4321 1055 4376 Rustico
1087 4321 1207 4375 viro
1251 4320 1569 4375 clarissimo
1619 4321 1848 4375 consule
1900 4324 2075 4387 (anno

389 4410 619 4465 Domini
646 4410 790 4481 520).

1084 4498 1384 4553 RELATIO

561 4620 883 4661 DOROTHEI
932 4620 1219 4661 EPISCOPI
1265 4618 1913 4661 THESSALONICENSIS.

746 4712 1037 4783 Objectum
1061 4712 1176 4769 sibi
1198 4712 1419 4768 crimen
1448 4712 1691 4781 refellit.

456 4816 821 4872 Sanctissimo
854 4835 918 4873 ac
966 4819 1295 4873 beatissimo
1343 4819 1494 4889 patri
1540 4835 1604 4872 ac
1649 4817 2074 4872 comministra-

384 4906 493 4961 tori
530 4907 843 4962 Hormisdaa
878 4909 1192 4963 Dorotheus
1235 4909 1293 4962 in
1327 4908 1567 4961 Domino
1598 4908 1859 4961 salutem.

457 4995 744 5066 Propositi
778 4998 960 5050 nostri
991 5003 1045 5051 et
1066 4997 1340 5051 orationis
1372 5002 1457 5051 est
1482 5013 1773 5050 summum
1797 4996 2074 5067 studium,

382 5101 489 5156 per
518 5086 711 5140 omnia
753 5086 1079 5141 beatissime
1110 5094 1167 5142 et
1206 5092 1294 5141 ter
1324 5087 1483 5141 beate
1517 5089 1700 5154 Pater,
1732 5090 1787 5140 et
1829 5086 2075 5140 scribere

382 5176 713 5248 frequenter
737 5178 809 5233 ad
840 5193 934 5231 vos
966 5176 1375 5242 sanctissimos,
1404 5181 1458 5231 et
1485 5181 1687 5231 mutua
1717 5176 1926 5229 mereri
1958 5176 2077 5229 col-

380 5266 575 5338 loquia
601 5283 613 5322 :
643 5272 701 5323 et
728 5267 886 5322 nullo
916 5271 1175 5337 tempore
1210 5269 1491 5319 extorrem
1531 5281 1621 5318 me
1645 5264 1716 5318 ab
1742 5263 2077 5333 hujusmodi

379 5356 579 5410 laztitia
627 5373 748 5411 esse
796 5357 1081 5411 condecet.
1140 5354 1421 5418 Quoniam
1452 5354 1628 5423 igitur
1660 5354 1961 5407 manifeste
1988 5369 2075 5406 co-

381 5444 552 5513 gnovi
583 5445 861 5515 quosdam
910 5448 1131 5498 sanctas
1165 5458 1329 5497 aures
1370 5448 1583 5496 vestras
1631 5442 1985 5513 perturbare,
2020 5447 2077 5497 et

382 5532 495 5587 scio
534 5535 733 5604 procul
763 5534 936 5589 dubio
991 5549 1086 5588 vos
1126 5533 1187 5586 in
1219 5531 1488 5585 omnibus
1528 5548 1649 5586 esse
1682 5532 1981 5602 perfectos,
2019 5535 2074 5585 et

380 5621 517 5694 quia
545 5623 692 5677 nihil
713 5623 835 5679 sine
858 5623 1073 5694 judicio
1108 5621 1306 5677 audire
1336 5620 1601 5693 possitis,'-
1633 5637 1738 5675 nec
1778 5622 1875 5675 ulli
1912 5620 2071 5691 peni-

379 5716 469 5769 tus
494 5716 748 5769 vestrum
780 5711 1037 5768 animum
1069 5712 1456 5779 commodare,
1496 5716 1553 5766 et
1573 5715 1639 5766 ut
1666 5726 1784 5765 non
1819 5710 2067 5782 amplius

2168 550 2247 604 hil
2281 550 2515 621 quidem
2550 567 2581 603 a
2612 549 2776 603 nobis
2820 548 2941 602 laesi
2971 553 3121 615 sunt,
3155 546 3253 600 sed
3294 546 3415 599 sine
3446 562 3613 600 causa
3661 551 3718 600 et
3765 563 3859 601 su-

2167 641 2385 711 perﬂue
2428 640 2699 694 adversus
2731 655 2834 693 nos
2873 637 3081 692 armati
3109 642 3280 690 sunt:
3314 638 3430 690 Deo
3463 640 3654 690 tamen
3688 640 3744 689 et
3771 653 3863 691 ve-

2168 733 2296 783 stras
2328 728 2611 783 satisfacio
2660 727 2964 793 sanctitati,
3006 726 3143 798 quia
3183 741 3288 796 pro
3338 727 3555 780 Joanne
3600 725 3724 778 viro
3773 741 3861 779 re-

2169 818 2586 873 verendissimo
2658 818 2948 889 episcopo,
3012 814 3112 887 qui
3170 814 3339 885 paulo
3393 819 3526 867 ante
3574 829 3606 866 a
3672 817 3867 867 vestra

2168 908 2480 962 venerabili
2511 923 2720 961 corona
2760 907 3006 961 directus
3048 909 3153 971 est,
3198 902 3608 974 praedestinavi
3640 918 3735 955 me
3764 918 3863 972 pe-

2168 996 2382 1059 riculis,
2441 1000 2499 1050 et
2528 1000 2774 1050 mortem
2810 993 3073 1061 sustinui,
3106 998 3163 1047 et
3211 1008 3398 1046 meam
3430 1008 3534 1063 pro
3577 992 3703 1061 ejus
3750 992 3865 1044 scio

2168 1102 2259 1140 me
2308 1086 2581 1157 objecisse
2612 1085 2896 1139 animam:
2946 1088 3002 1137 et
3039 1083 3145 1136 hoc
3200 1081 3522 1135 ostenditur
3568 1080 3783 1151 gestis:
3817 1084 3871 1133 et

2169 1191 2235 1228 ex
2266 1174 2372 1240 his,
2404 1173 2503 1244 qui
2557 1187 2889 1243 quanquam
2937 1187 3041 1241 per
3095 1186 3284 1223 meam
3334 1168 3651 1222 absentiam
3709 1182 3865 1220 acer-

2166 1262 2310 1316 rime
2342 1262 2643 1316 videantur
2672 1278 2793 1314 esse
2826 1258 3082 1314 discussi.
3124 1259 3188 1310 Et
3219 1258 3354 1328 quid
3388 1258 3562 1327 longo
3590 1272 3863 1310 sermone

2170 1368 2312 1422 Opus
2342 1357 2427 1405 est
2454 1351 2585 1405 uti?
2614 1367 2744 1404 cum
2775 1350 2934 1404 vobis
2965 1348 3161 1403 omnia
3193 1348 3469 1401 Dominus
3502 1348 3647 1400 Deus
3672 1351 3868 1399 noster

2167 1441 2328 1494 Jesus
2367 1440 2624 1493 Christus
2656 1439 2975 1509 patefacere
3008 1442 3065 1491 et
3114 1436 3439 1489 satisfacere
3474 1434 3694 1504 possit;
3736 1434 3870 1504 quia

2172 1534 2228 1583 et
2257 1529 2486 1600 quando
2521 1529 2763 1597 cognovi
2810 1544 2903 1580 vos
2944 1527 3010 1580 ad
3044 1526 3372 1595 apostolicae
3404 1523 3553 1577 sedis
3584 1524 3871 1594 prmsula-

2171 1623 2294 1671 tum
2317 1617 2595 1681 advocari,
2631 1632 2934 1670 commune
2981 1614 3258 1685 gaudium
3298 1613 3474 1667 totius
3517 1611 3721 1665 mundi
3758 1627 3876 1663 esse

2166 1706 2435 1775 judicavi.
2466 1705 2548 1760 Ab
2584 1705 2681 1758 illo
2728 1705 2882 1757 enim
2920 1709 3201 1773 tempore,
3238 1702 3346 1755 hoc
3378 1702 3566 1771 ipsum
3616 1700 3876 1753 scribens

2173 1796 2246 1851 ad
2276 1812 2394 1861 vos,
2427 1799 2705 1864 quantum
2752 1794 2821 1847 ad
2878 1809 2991 1861 me,
3042 1790 3322 1862 quidquid
3363 1790 3434 1844 ad
3488 1791 3780 1843 honorem
3824 1796 3879 1841 et

2175 1884 2615 1938 satisfactionem
2646 1882 2807 1936 vobis
2842 1886 2895 1937 et
2927 1880 3249 1951 apostolicae
3295 1878 3413 1933 sedi
3463 1878 3740 1948 pertinet,
3792 1877 3877 1930 ni-

2174 1973 2256 2027 hil
2288 1971 2648 2043 praatermisi,
2685 1971 2782 2023 sed
2816 1985 2919 2023 nec
2960 1968 3357 2039 praetermitto.
3414 1967 3589 2021 Paulo
3621 1970 3755 2036 post
3786 1982 3877 2018 au-

2176 2064 2291 2114 tem
2324 2060 2512 2113 scietis
2560 2076 2661 2129 per
2712 2058 3087 2121 venerabiles,
3125 2059 3410 2109 annuente
3470 2054 3717 2108 Domino
3749 2056 3876 2108 Jesu

2178 2150 2421 2215 Christo,
2452 2148 2584 2219 quia
2636 2149 2755 2200 haec
2804 2147 2872 2200 ab
2906 2146 3141 2199 exordio
3174 2145 3317 2198 mihi
3364 2149 3495 2197 sunt
3535 2144 3875 2213 excogitata,

2179 2245 2234 2293 et
2262 2237 2497 2309 quando
2530 2236 2808 2289 Dominus
2853 2237 2999 2289 Deus
3036 2240 3260 2304 tempus
3310 2233 3467 2286 dedit
3502 2232 3571 2285 ad
3606 2232 3876 2284 effectum

2177 2330 2298 2384 hazc
2324 2331 2455 2381 sunt
2484 2326 2775 2395 perducta.
2814 2324 3054 2379 Omnem
3096 2339 3226 2377 cum
3252 2327 3437 2376 vestra
3470 2321 3783 2374 sanctitate
3819 2321 3874 2373 in

2178 2416 2401 2472 Christo
2448 2414 2860 2468 fraternitatem
2907 2429 3012 2483 ego
3048 2428 3278 2483 quoque
3316 2414 3373 2464 et
3404 2410 3515 2463 mei
3555 2408 3878 2478 plurimum

2181 2507 2517 2560 salutamus.

2640 2651 2647 2657 ,
2729 2590 3059 2645 EPISTOI.A
3100 2589 3319 2642 LXXIII.

2185 2696 2262 2734 AD
2326 2693 2715 2733 DOROTHEUM
2779 2690 3440 2731 THESSALONICENSEM
3511 2688 3871 2727 EPISCOPL’X

2182 2771 2427 2824 Romam
2456 2768 2509 2821 ei
2529 2766 2886 2831 veniendum,
2913 2769 2974 2819 ut
2997 2766 3329 2821 catholicam
3351 2763 3674 2817 doctrinam
3699 2760 3884 2833 perci-

2499 2856 2642 2926 piat,
2676 2859 2729 2909 et
2759 2857 3027 2924 objectum
3073 2854 3291 2909 crimen
3321 2859 3551 2925 punget.

2257 2947 2560 3003 IIormisda
2602 2947 2884 3000 Dorotheo
2915 2945 3182 3015 episc0po
3214 2941 3740 2997 Thessalonicensi.

2114 3052 2154 3106 ρ
2256 3037 2693 3092 Considerantes
2756 3040 2869 3089 tua:
2937 3034 3306 3088 fraternitatis
3380 3032 3688 3085 Ecclesnam
3758 3034 3885 3083 ante

2185 3126 2589 3198 praetereuntis
2618 3126 2765 3179 mala
2798 3124 3096 3177 discordiae
3128 3122 3264 3176 olim
3297 3138 3425 3175 cum
3479 3119 3612 3173 sede
3654 3124 3883 3187 aposto-

2186 3217 2292 3269 lica
2320 3215 2609 3285 praecipua
2658 3214 2830 3267 fuisse
2884 3212 3121 3266 caritate
3174 3211 3557 3281 conjunctam,
3611 3214 3670 3261 te
3703 3223 3888 3277 nuper

2183 3305 2340 3375 pacis
2384 3304 2625 3358 reddita:
2667 3320 2788 3357 esse
2838 3303 3212 3356 credebamus
3249 3306 3560 3364 auctorem,
3615 3297 3720 3350 sed
3755 3298 3887 3367 quia

2186 3411 2327 3465 quos
2369 3393 2686 3463 praevenire
2750 3392 3050 3457 debueras,
3102 3389 3264 3459 sequi
3325 3389 3498 3442 etiam
3551 3386 3883 3449 remoraris,

2185 3499 2303 3536 non
2336 3483 2533 3535 leviter
2580 3498 2684 3551 pro
2736 3480 3107 3534 fraternitatis
3139 3485 3249 3532 tua:
3290 3478 3480 3531 dilatae
3512 3477 3887 3530 correctionis

2185 3572 2615 3642 ingemiscimus
2644 3570 2942 3633 tarditate;
2980 3568 3175 3622 scribis
3217 3566 3373 3621 enim
3428 3581 3592 3619 aures
3653 3571 3889 3617 nostras

2186 3662 2482 3731 cujusdam
2515 3660 2741 3712 sceleris
2774 3658 3069 3712 atrocitate
3120 3656 3396 3710 turbatas.
3431 3655 3661 3709 Utinam
3704 3669 3888 3724 usque

2186 3750 2254 3803 ad
2287 3754 2391 3803 nos
2423 3752 2642 3802 tantum
2686 3747 3034 3801 detestabilis
3084 3745 3236 3799 fama
3268 3748 3648 3815 percurreret,
3687 3748 3743 3795 et
3780 3758 3889 3795 non

2186 3842 2306 3891 toto
2357 3838 2491 3891 orbe
2523 3835 2873 3903 ;Christianis
2921 3835 3207 3888 mentibus
3255 3839 3371 3886 tam
3404 3832 3740 3895 dolendum,
3776 3837 3892 3884 tam

2188 3927 2529 3981 exsecrabile
2575 3926 2795 3979 facinus
2825 3924 3159 3978 nuntiaret?
3210 3928 3271 3976 ut
3302 3923 3401 3993 qui
3438 3928 3489 3975 te
3522 3922 3890 3973 innocentem

2186 4017 2469 4083 nesciunt,
2501 4031 2533 4067 a
2564 4014 3009 4068 Christianitatis
3056 4014 3225 4066 simul
3257 4012 3491 4065 credant
3533 4010 3767 4063 tramite
3801 4009 3893 4062 de-

2185 4106 2388 4159 viasse.
2438 4106 2502 4157 In
2531 4120 2644 4174 qua
2691 4104 2845 4157 enim
2881 4102 3081 4157 mundi
3113 4107 3273 4171 parte
3307 4100 3685 4154 immanitatis
3719 4099 3892 4168 hujus

2188 4193 2401 4247 invidia
2469 4210 2582 4246 non
2635 4198 2689 4245 et
2754 4192 3056 4245 catholicas
3122 4191 3427 4243 contristat
3478 4188 3788 4250 Ecclesias,
3837 4192 3894 4241 et

2186 4282 2581 4336 haereticorum
2614 4297 2788 4351 prava
2835 4286 2963 4333 vota
2993 4281 3285 4333 laetiﬁcat?
3329 4296 3455 4350 qum
3511 4296 3615 4331 nos
3647 4295 3683 4330 a
3740 4278 3887 4331 dile-

2185 4372 2386 4426 ctionis
2416 4378 2529 4425 tua:
2558 4370 2921 4434 conscientia,
2958 4371 3099 4423 sicut
3130 4369 3334 4423 litteris
3367 4369 3617 4433 intimas,
3659 4366 3891 4420 ostendi

2187 4462 2468 4531 cupimus,
2498 4461 2721 4514 aliena:
2756 4460 2895 4530 quid
2926 4460 3081 4512 enim
3118 4458 3263 4511 votis
3296 4457 3505 4511 nostris
3537 4457 3725 4526 magis
3756 4472 3892 4509 con-

2186 4551 2362 4617 venit,
2406 4550 2515 4603 nisi
2561 4554 2622 4602 ut
2662 4549 2845 4603 redire
2891 4549 2962 4602 ad
3010 4564 3211 4618 pacem
3245 4547 3581 4600 catholicam
3615 4547 3890 4599 volentes

2186 4641 2499 4711 episcopos,
2536 4657 2568 4693 a
2611 4639 2883 4693 crudelite
2914 4642 2969 4691 et
3009 4636 3345 4691 criminibus
3388 4636 3684 4705 contingat
3733 4651 3893 4688 sem-

2186 4745 2289 4800 per
2318 4727 2580 4781 innoxios
2608 4726 2986 4797 comprobari.
3021 4728 3420 4797 Exspectamus
3453 4724 3649 4795 igitur,
3690 4725 3738 4777 si
3773 4740 3891 4777 non

2187 4820 2395 4873 desunt
2437 4817 2779 4871 fraternitati
2813 4821 2926 4870 tuae
2970 4816 3222 4869 veritatis
3267 4817 3377 4869 Deo
3424 4820 3558 4868 nota
3590 4813 3890 4883 praesidia,

2184 4912 2249 4961 ut
2284 4912 2339 4961 et
2368 4908 2511 4961 tanti
2562 4906 2790 4959 sceleris
2818 4922 2851 4959 a
2896 4910 2950 4959 te
2983 4905 3226 4975 repellas
3276 4904 3571 4969 invidiam,
3607 4907 3662 4955 et
3705 4903 3769 4955 in
3800 4918 3892 4955 re-

2184 4997 2581 5051 conciliatione
2634 4995 2769 5049 ﬁdei
2818 4995 3050 5049 tandem
3111 5010 3313 5047 eorum
3362 4994 3461 5064 qui
3512 4992 3723 5045 reversi
3755 4997 3895 5045 sunt

2184 5086 2440 5158 sequaris
2472 5086 2752 5156 exempla.
2806 5085 2944 5138 Data
2981 5100 3038 5138 ιν
3070 5084 3332 5137 calendas
3379 5081 3736 5147 Novembris,
3777 5082 3893 5137 Ru-

2185 5176 2324 5230 stico
2356 5176 2475 5229 viro
2501 5174 2815 5229 clarissimo
2848 5172 3081 5227 consule
3115 5175 3290 5241 (anno
3322 5170 3553 5226 Domini
3576 5173 3724 5240 520).

2748 5260 3081 5316 EPISTOLA
3112 5248 3325 5314 LXXIV.

2613 5367 2690 5405 AD
2733 5365 3059 5405 JUSTINUM
3094 5364 3463 5403 AUGUSTUM.

2182 5440 2489 5513 Accepisse
2516 5440 2642 5509 eius
2674 5438 2921 5501 litteras,
2948 5442 3004 5492 et
3023 5438 3093 5492 de
3118 5438 3244 5509 ejus
3258 5437 3379 5507 fide
3404 5440 3461 5491 et
3481 5436 3700 5509 pietate
3727 5451 3883 5489 nun-

2680 5578 2683 5583 .
2747 5544 2917 5599 quam
2956 5527 3305 5583 dubitatum.

2254 5618 2555 5674 Hormisda
2578 5618 2799 5673 Justino
2828 5621 3104 5689 Augusto.

2252 5708 2555 5765 Benedicta
2596 5707 2840 5764 Trinitas
2884 5708 3033 5764 Deus
3077 5710 3296 5778 noster,
3327 5704 3426 5778 qui
3470 5704 3631 5761 vobis
3668 5702 3883 5776 guber-
