  <div class='ocr_page' id='page_1' title='image "/cluster/home/n/w/nwhite01/storage/ocr_20150623/63/hvd.32044073498800/256.png"; bbox 0 0 4038 6170; ppageno 0'>
   <div class='ocr_carea' id='block_1_1' title="bbox 184 326 1870 383">
    <p class='ocr_par' dir='ltr' id='par_1_1' title="bbox 184 326 1846 383">
     <span class='ocr_line' id='line_1_1' title="bbox 184 326 1846 383; baseline 0.001 -3"><span class='ocrx_word' id='word_1_1' title='bbox 184 330 269 381; x_wconf 72' lang='grc'>501</span> <span class='ocrx_word' id='word_1_2' title='bbox 1493 327 1602 381; x_wconf 86' lang='lat' dir='ltr'>EPI</span> <span class='ocrx_word' id='word_1_3' title='bbox 1612 326 1736 383; x_wconf 89' lang='lat' dir='ltr'>STO</span> <span class='ocrx_word' id='word_1_4' title='bbox 1746 329 1846 382; x_wconf 59' lang='grc' dir='ltr'>[ΑΒ</span> 
     </span>
    </p>
   </div>
   <div class='ocr_carea' id='block_1_2' title="bbox 2019 326 2361 383">
    <p class='ocr_par' dir='ltr' id='par_1_2' title="bbox 2019 326 2361 383">
     <span class='ocr_line' id='line_1_2' title="bbox 2019 326 2361 383; baseline 0 -2"><span class='ocrx_word' id='word_1_5' title='bbox 2019 326 2361 383; x_wconf 81' lang='lat' dir='ltr'>DECRETA.</span> 
     </span>
    </p>
   </div>
   <div class='ocr_carea' id='block_1_3' title="bbox 3573 333 3675 386">
    <p class='ocr_par' dir='ltr' id='par_1_3' title="bbox 3573 333 3675 386">
     <span class='ocr_line' id='line_1_3' title="bbox 3573 333 3675 386; baseline -0.029 0"><span class='ocrx_word' id='word_1_6' title='bbox 3573 333 3675 386; x_wconf 77' lang='lat'>502</span> 
     </span>
    </p>
   </div>
   <div class='ocr_carea' id='block_1_4' title="bbox 188 458 3672 531">
    <p class='ocr_par' dir='ltr' id='par_1_4' title="bbox 188 458 3672 531">
     <span class='ocr_line' id='line_1_4' title="bbox 188 458 3672 531; baseline 0.001 -17"><span class='ocrx_word' id='word_1_7' title='bbox 188 462 384 514; x_wconf 87' lang='lat' dir='ltr'>uacula</span> <span class='ocrx_word' id='word_1_8' title='bbox 426 458 714 512; x_wconf 87' lang='lat' dir='ltr'>commisit</span> <span class='ocrx_word' id='word_1_9' title='bbox 760 458 1038 511; x_wconf 86' lang='lat' dir='ltr'>mundani</span> <span class='ocrx_word' id='word_1_10' title='bbox 1090 458 1339 528; x_wconf 87' lang='lat' dir='ltr'>imperii,</span> <span class='ocrx_word' id='word_1_11' title='bbox 1388 458 1596 528; x_wconf 82' lang='lat' dir='ltr'>quibus</span> <span class='ocrx_word' id='word_1_12' title='bbox 1628 475 1745 512; x_wconf 90' lang='lat' dir='ltr'>non</span> <span class='ocrx_word' id='word_1_13' title='bbox 1782 475 1869 512; x_wconf 90' lang='lat' dir='ltr'>so-</span> <span class='ocrx_word' id='word_1_14' title='bbox 1911 462 1957 513; x_wconf 83' lang='lat' dir='ltr'><strong>A</strong></span> <span class='ocrx_word' id='word_1_15' title='bbox 1984 462 2039 512; x_wconf 89' lang='lat' dir='ltr'>et</span> <span class='ocrx_word' id='word_1_16' title='bbox 2094 459 2577 528; x_wconf 80' lang='lat' dir='ltr'>persuasionibus,</span> <span class='ocrx_word' id='word_1_17' title='bbox 2612 464 2804 513; x_wconf 90' lang='lat' dir='ltr'>tamen</span> <span class='ocrx_word' id='word_1_18' title='bbox 2850 475 3214 531; x_wconf 87' lang='lat' dir='ltr'>nequaquam</span> <span class='ocrx_word' id='word_1_19' title='bbox 3273 460 3401 515; x_wconf 83' lang='lat' dir='ltr'>ﬂexi</span> <span class='ocrx_word' id='word_1_20' title='bbox 3434 466 3567 516; x_wconf 88' lang='lat' dir='ltr'>sunt</span> <span class='ocrx_word' id='word_1_21' title='bbox 3607 466 3672 516; x_wconf 92' lang='lat' dir='ltr'>ut</span> 
     </span>
    </p>
   </div>
   <div class='ocr_carea' id='block_1_5' title="bbox 186 547 1870 620">
    <p class='ocr_par' dir='ltr' id='par_1_5' title="bbox 186 547 1870 620">
     <span class='ocr_line' id='line_1_5' title="bbox 186 547 1870 620; baseline -0.001 -17"><span class='ocrx_word' id='word_1_22' title='bbox 186 553 295 603; x_wconf 89' lang='lat' dir='ltr'>lum</span> <span class='ocrx_word' id='word_1_23' title='bbox 328 566 435 620; x_wconf 88' lang='lat' dir='ltr'>pro</span> <span class='ocrx_word' id='word_1_24' title='bbox 466 550 596 618; x_wconf 83' lang='lat' dir='ltr'>jure</span> <span class='ocrx_word' id='word_1_25' title='bbox 628 548 791 617; x_wconf 86' lang='lat' dir='ltr'>regni</span> <span class='ocrx_word' id='word_1_26' title='bbox 814 547 1103 601; x_wconf 71' lang='lat' dir='ltr'>veneratio</span> <span class='ocrx_word' id='word_1_27' title='bbox 1135 548 1454 613; x_wconf 83' lang='lat' dir='ltr'>deberetur,</span> <span class='ocrx_word' id='word_1_28' title='bbox 1474 565 1673 602; x_wconf 88' lang='lat' dir='ltr'>verum</span> <span class='ocrx_word' id='word_1_29' title='bbox 1697 549 1870 602; x_wconf 86' lang='lat' dir='ltr'>etiam</span> 
     </span>
    </p>
   </div>
   <div class='ocr_carea' id='block_1_6' title="bbox 184 636 1869 708">
    <p class='ocr_par' dir='ltr' id='par_1_6' title="bbox 184 636 1869 708">
     <span class='ocr_line' id='line_1_6' title="bbox 184 636 1869 708; baseline -0.001 -17"><span class='ocrx_word' id='word_1_30' title='bbox 184 654 279 708; x_wconf 89' lang='lat' dir='ltr'>pro</span> <span class='ocrx_word' id='word_1_31' title='bbox 310 636 551 707; x_wconf 86' lang='lat' dir='ltr'>gloriosi</span> <span class='ocrx_word' id='word_1_32' title='bbox 600 637 877 689; x_wconf 81' lang='lat' dir='ltr'>modestia</span> <span class='ocrx_word' id='word_1_33' title='bbox 920 642 974 688; x_wconf 91' lang='lat' dir='ltr'>et</span> <span class='ocrx_word' id='word_1_34' title='bbox 1024 637 1353 705; x_wconf 81' lang='lat' dir='ltr'>integritate</span> <span class='ocrx_word' id='word_1_35' title='bbox 1400 638 1697 707; x_wconf 87' lang='lat' dir='ltr'>propositi.</span> <span class='ocrx_word' id='word_1_36' title='bbox 1732 639 1869 690; x_wconf 87' lang='lat' dir='ltr'>Vere</span> 
     </span>
    </p>
   </div>
   <div class='ocr_carea' id='block_1_7' title="bbox 183 724 1872 797">
    <p class='ocr_par' dir='ltr' id='par_1_7' title="bbox 183 724 1872 797">
     <span class='ocr_line' id='line_1_7' title="bbox 183 724 1872 797; baseline -0.001 -16"><span class='ocrx_word' id='word_1_37' title='bbox 183 728 325 781; x_wconf 85' lang='lat' dir='ltr'>enim</span> <span class='ocrx_word' id='word_1_38' title='bbox 370 724 768 795; x_wconf 87' lang='lat' dir='ltr'>gloriﬁcamus</span> <span class='ocrx_word' id='word_1_39' title='bbox 815 726 1017 789; x_wconf 89' lang='lat' dir='ltr'>Deum,</span> <span class='ocrx_word' id='word_1_40' title='bbox 1051 725 1209 779; x_wconf 86' lang='lat' dir='ltr'>lectis</span> <span class='ocrx_word' id='word_1_41' title='bbox 1259 731 1459 779; x_wconf 89' lang='lat' dir='ltr'>vestrae</span> <span class='ocrx_word' id='word_1_42' title='bbox 1494 727 1723 795; x_wconf 89' lang='lat' dir='ltr'>pietatis</span> <span class='ocrx_word' id='word_1_43' title='bbox 1756 727 1872 797; x_wconf 89' lang='lat' dir='ltr'>epi-</span> 
     </span>
    </p>
   </div>
   <div class='ocr_carea' id='block_1_8' title="bbox 184 814 1868 885">
    <p class='ocr_par' dir='ltr' id='par_1_8' title="bbox 184 814 1868 885">
     <span class='ocr_line' id='line_1_8' title="bbox 184 814 1868 885; baseline 0 -16"><span class='ocrx_word' id='word_1_44' title='bbox 184 816 351 879; x_wconf 83' lang='lat' dir='ltr'>stolis,</span> <span class='ocrx_word' id='word_1_45' title='bbox 409 814 620 885; x_wconf 86' lang='lat' dir='ltr'>quibus</span> <span class='ocrx_word' id='word_1_46' title='bbox 649 814 944 884; x_wconf 87' lang='lat' dir='ltr'>promissae</span> <span class='ocrx_word' id='word_1_47' title='bbox 975 815 1274 883; x_wconf 86' lang='lat' dir='ltr'>legationis</span> <span class='ocrx_word' id='word_1_48' title='bbox 1304 831 1529 869; x_wconf 90' lang='lat' dir='ltr'>moram</span> <span class='ocrx_word' id='word_1_49' title='bbox 1578 832 1681 883; x_wconf 90' lang='lat' dir='ltr'>pro</span> <span class='ocrx_word' id='word_1_50' title='bbox 1708 815 1868 869; x_wconf 90' lang='lat' dir='ltr'>inﬁr-</span> 
     </span>
    </p>
   </div>
   <div class='ocr_carea' id='block_1_9' title="bbox 184 903 1870 973">
    <p class='ocr_par' dir='ltr' id='par_1_9' title="bbox 184 903 1870 973">
     <span class='ocr_line' id='line_1_9' title="bbox 184 903 1870 973; baseline 0 -16"><span class='ocrx_word' id='word_1_51' title='bbox 184 905 364 958; x_wconf 89' lang='lat' dir='ltr'>mitate</span> <span class='ocrx_word' id='word_1_52' title='bbox 398 905 549 973; x_wconf 83' lang='lat' dir='ltr'>ejus,</span> <span class='ocrx_word' id='word_1_53' title='bbox 586 904 686 973; x_wconf 86' lang='lat' dir='ltr'>qui</span> <span class='ocrx_word' id='word_1_54' title='bbox 720 903 1086 973; x_wconf 88' lang='lat' dir='ltr'>dirigendum</span> <span class='ocrx_word' id='word_1_55' title='bbox 1144 904 1331 957; x_wconf 83' lang='lat' dir='ltr'>fuerat</span> <span class='ocrx_word' id='word_1_56' title='bbox 1362 905 1709 971; x_wconf 80' lang='lat' dir='ltr'>excusando,</span> <span class='ocrx_word' id='word_1_57' title='bbox 1747 905 1870 957; x_wconf 90' lang='lat' dir='ltr'>luce</span> 
     </span>
    </p>
   </div>
   <div class='ocr_carea' id='block_1_10' title="bbox 184 992 1869 1063">
    <p class='ocr_par' dir='ltr' id='par_1_10' title="bbox 184 992 1869 1063">
     <span class='ocr_line' id='line_1_10' title="bbox 184 992 1869 1063; baseline -0.001 -15"><span class='ocrx_word' id='word_1_58' title='bbox 184 994 373 1048; x_wconf 87' lang='lat' dir='ltr'>clarius</span> <span class='ocrx_word' id='word_1_59' title='bbox 406 992 713 1046; x_wconf 87' lang='lat' dir='ltr'>reddidisti</span> <span class='ocrx_word' id='word_1_60' title='bbox 742 1008 913 1062; x_wconf 91' lang='lat' dir='ltr'>quam</span> <span class='ocrx_word' id='word_1_61' title='bbox 953 1009 1149 1046; x_wconf 90' lang='lat' dir='ltr'>curam</span> <span class='ocrx_word' id='word_1_62' title='bbox 1182 994 1318 1047; x_wconf 88' lang='lat' dir='ltr'>ﬁdei</span> <span class='ocrx_word' id='word_1_63' title='bbox 1347 1000 1401 1048; x_wconf 94' lang='lat' dir='ltr'>et</span> <span class='ocrx_word' id='word_1_64' title='bbox 1430 995 1667 1063; x_wconf 91' lang='lat' dir='ltr'>pudoris</span> <span class='ocrx_word' id='word_1_65' title='bbox 1692 994 1869 1047; x_wconf 48' lang='lat' dir='ltr'>haben</span> 
     </span>
    </p>
   </div>
   <div class='ocr_carea' id='block_1_11' title="bbox 187 1082 1867 1153">
    <p class='ocr_par' dir='ltr' id='par_1_11' title="bbox 187 1082 1867 1153">
     <span class='ocr_line' id='line_1_11' title="bbox 187 1082 1867 1153; baseline -0.001 -16"><span class='ocrx_word' id='word_1_66' title='bbox 187 1084 319 1149; x_wconf 85' lang='lat' dir='ltr'>retis,</span> <span class='ocrx_word' id='word_1_67' title='bbox 373 1082 747 1135; x_wconf 84' lang='lat' dir='ltr'>ostendentes</span> <span class='ocrx_word' id='word_1_68' title='bbox 796 1098 989 1135; x_wconf 90' lang='lat' dir='ltr'>rerum</span> <span class='ocrx_word' id='word_1_69' title='bbox 1043 1099 1329 1136; x_wconf 88' lang='lat' dir='ltr'>summam</span> <span class='ocrx_word' id='word_1_70' title='bbox 1375 1084 1706 1153; x_wconf 88' lang='lat' dir='ltr'>regentibus</span> <span class='ocrx_word' id='word_1_71' title='bbox 1751 1100 1867 1137; x_wconf 93' lang='lat' dir='ltr'>non</span> 
     </span>
    </p>
   </div>
   <div class='ocr_carea' id='block_1_12' title="bbox 186 1170 1865 1241">
    <p class='ocr_par' dir='ltr' id='par_1_12' title="bbox 186 1170 1865 1241">
     <span class='ocr_line' id='line_1_12' title="bbox 186 1170 1865 1241; baseline 0.001 -16"><span class='ocrx_word' id='word_1_72' title='bbox 186 1172 428 1226; x_wconf 83' lang='lat' dir='ltr'>sufﬁcere</span> <span class='ocrx_word' id='word_1_73' title='bbox 472 1173 545 1225; x_wconf 88' lang='lat' dir='ltr'>ad</span> <span class='ocrx_word' id='word_1_74' title='bbox 576 1170 981 1224; x_wconf 82' lang='lat' dir='ltr'>dominationis</span> <span class='ocrx_word' id='word_1_75' title='bbox 1009 1171 1230 1241; x_wconf 84' lang='lat' dir='ltr'>apicem</span> <span class='ocrx_word' id='word_1_76' title='bbox 1271 1188 1443 1241; x_wconf 87' lang='lat' dir='ltr'>quam</span> <span class='ocrx_word' id='word_1_77' title='bbox 1478 1174 1737 1226; x_wconf 87' lang='lat' dir='ltr'>obtinent</span> <span class='ocrx_word' id='word_1_78' title='bbox 1769 1190 1865 1236; x_wconf 84' lang='lat' dir='ltr'>po-</span> 
     </span>
    </p>
   </div>
   <div class='ocr_carea' id='block_1_13' title="bbox 186 1260 1866 1331">
    <p class='ocr_par' dir='ltr' id='par_1_13' title="bbox 186 1260 1866 1331">
     <span class='ocr_line' id='line_1_13' title="bbox 186 1260 1866 1331; baseline -0.001 -16"><span class='ocrx_word' id='word_1_79' title='bbox 186 1268 451 1324; x_wconf 81' lang='lat' dir='ltr'>testatem,</span> <span class='ocrx_word' id='word_1_80' title='bbox 506 1260 616 1313; x_wconf 89' lang='lat' dir='ltr'>nisi</span> <span class='ocrx_word' id='word_1_81' title='bbox 667 1265 1005 1313; x_wconf 89' lang='lat' dir='ltr'>ornamenta</span> <span class='ocrx_word' id='word_1_82' title='bbox 1050 1277 1278 1314; x_wconf 91' lang='lat' dir='ltr'>morum</span> <span class='ocrx_word' id='word_1_83' title='bbox 1333 1262 1729 1331; x_wconf 88' lang='lat' dir='ltr'>pretiosiorem</span> <span class='ocrx_word' id='word_1_84' title='bbox 1786 1263 1866 1315; x_wconf 87' lang='lat' dir='ltr'>fa-</span> 
     </span>
    </p>
   </div>
   <div class='ocr_carea' id='block_1_14' title="bbox 184 1350 1868 1420">
    <p class='ocr_par' dir='ltr' id='par_1_14' title="bbox 184 1350 1868 1420">
     <span class='ocr_line' id='line_1_14' title="bbox 184 1350 1868 1420; baseline 0.001 -18"><span class='ocrx_word' id='word_1_85' title='bbox 184 1350 774 1420; x_wconf 83' lang='lat' dir='ltr'>ciant‘principatum.</span> <span class='ocrx_word' id='word_1_86' title='bbox 826 1350 1023 1403; x_wconf 80' lang='lat' dir='ltr'>Servet</span> <span class='ocrx_word' id='word_1_87' title='bbox 1071 1350 1220 1402; x_wconf 90' lang='lat' dir='ltr'>circa</span> <span class='ocrx_word' id='word_1_88' title='bbox 1266 1367 1385 1415; x_wconf 89' lang='lat' dir='ltr'>vos,</span> <span class='ocrx_word' id='word_1_89' title='bbox 1428 1352 1868 1405; x_wconf 89' lang='lat' dir='ltr'>clementissime</span> 
     </span>
    </p>
   </div>
   <div class='ocr_carea' id='block_1_15' title="bbox 184 1439 1867 1510">
    <p class='ocr_par' dir='ltr' id='par_1_15' title="bbox 184 1439 1867 1510">
     <span class='ocr_line' id='line_1_15' title="bbox 184 1439 1867 1510; baseline 0.001 -19"><span class='ocrx_word' id='word_1_90' title='bbox 184 1441 505 1507; x_wconf 84' lang='lat' dir='ltr'>imperator,</span> <span class='ocrx_word' id='word_1_91' title='bbox 556 1441 703 1492; x_wconf 89' lang='lat' dir='ltr'>Deus</span> <span class='ocrx_word' id='word_1_92' title='bbox 750 1445 945 1492; x_wconf 90' lang='lat' dir='ltr'>noster</span> <span class='ocrx_word' id='word_1_93' title='bbox 980 1439 1259 1492; x_wconf 84' lang='lat' dir='ltr'>beneﬁcia</span> <span class='ocrx_word' id='word_1_94' title='bbox 1291 1456 1409 1504; x_wconf 90' lang='lat' dir='ltr'>sua,</span> <span class='ocrx_word' id='word_1_95' title='bbox 1455 1446 1509 1493; x_wconf 91' lang='lat' dir='ltr'>et</span> <span class='ocrx_word' id='word_1_96' title='bbox 1560 1441 1867 1510; x_wconf 85' lang='lat' dir='ltr'>respiciens</span> 
     </span>
    </p>
   </div>
   <div class='ocr_carea' id='block_1_16' title="bbox 183 1528 1868 1599">
    <p class='ocr_par' dir='ltr' id='par_1_16' title="bbox 183 1528 1868 1599">
     <span class='ocr_line' id='line_1_16' title="bbox 183 1528 1868 1599; baseline 0.001 -18"><span class='ocrx_word' id='word_1_97' title='bbox 183 1530 315 1581; x_wconf 87' lang='lat' dir='ltr'>bona</span> <span class='ocrx_word' id='word_1_98' title='bbox 364 1535 581 1593; x_wconf 83' lang='lat' dir='ltr'>vestra,</span> <span class='ocrx_word' id='word_1_99' title='bbox 619 1528 897 1599; x_wconf 70' lang='lat' dir='ltr'>largiatur</span> <span class='ocrx_word' id='word_1_100' title='bbox 930 1534 1162 1583; x_wconf 66' lang='lat' dir='ltr'>aeterna.</span> <span class='ocrx_word' id='word_1_101' title='bbox 1206 1530 1319 1582; x_wconf 79' lang='lat' dir='ltr'>Nec</span> <span class='ocrx_word' id='word_1_102' title='bbox 1350 1547 1450 1583; x_wconf 93' lang='lat' dir='ltr'>nos</span> <span class='ocrx_word' id='word_1_103' title='bbox 1505 1537 1695 1583; x_wconf 85' lang='lat' dir='ltr'>tamen</span> <span class='ocrx_word' id='word_1_104' title='bbox 1748 1547 1868 1583; x_wconf 89' lang='lat' dir='ltr'>mo-</span> 
     </span>
    </p>
   </div>
   <div class='ocr_carea' id='block_1_17' title="bbox 184 1614 1869 1688">
    <p class='ocr_par' dir='ltr' id='par_1_17' title="bbox 184 1614 1869 1688">
     <span class='ocr_line' id='line_1_17' title="bbox 184 1614 1869 1688; baseline 0.002 -18"><span class='ocrx_word' id='word_1_105' title='bbox 184 1616 377 1670; x_wconf 85' lang='lat' dir='ltr'>mordit</span> <span class='ocrx_word' id='word_1_106' title='bbox 409 1618 536 1670; x_wconf 87' lang='lat' dir='ltr'>ulla</span> <span class='ocrx_word' id='word_1_107' title='bbox 582 1618 828 1688; x_wconf 77' lang='lat' dir='ltr'>suspicio</span> <span class='ocrx_word' id='word_1_108' title='bbox 879 1614 976 1671; x_wconf 79' lang='lat' dir='ltr'>aut</span> <span class='ocrx_word' id='word_1_109' title='bbox 1036 1618 1316 1687; x_wconf 90' lang='lat' dir='ltr'>implendi</span> <span class='ocrx_word' id='word_1_110' title='bbox 1359 1619 1689 1673; x_wconf 85' lang='lat' dir='ltr'>tarditatem</span> <span class='ocrx_word' id='word_1_111' title='bbox 1742 1636 1869 1688; x_wconf 90' lang='lat' dir='ltr'>pro-</span> 
     </span>
    </p>
   </div>
   <div class='ocr_carea' id='block_1_18' title="bbox 183 1706 1867 1769">
    <p class='ocr_par' dir='ltr' id='par_1_18' title="bbox 183 1706 1867 1769">
     <span class='ocr_line' id='line_1_18' title="bbox 183 1706 1867 1769; baseline 0.003 -12"><span class='ocrx_word' id='word_1_112' title='bbox 183 1706 322 1758; x_wconf 83' lang='lat' dir='ltr'>missi</span> <span class='ocrx_word' id='word_1_113' title='bbox 350 1722 361 1769; x_wconf 87' lang='lat'>;</span> <span class='ocrx_word' id='word_1_114' title='bbox 397 1722 503 1759; x_wconf 89' lang='lat' dir='ltr'>nec</span> <span class='ocrx_word' id='word_1_115' title='bbox 531 1708 845 1759; x_wconf 86' lang='lat' dir='ltr'>mutatione</span> <span class='ocrx_word' id='word_1_116' title='bbox 873 1708 1161 1760; x_wconf 89' lang='lat' dir='ltr'>credimus</span> <span class='ocrx_word' id='word_1_117' title='bbox 1192 1708 1447 1761; x_wconf 83' lang='lat' dir='ltr'>evenisse</span> <span class='ocrx_word' id='word_1_118' title='bbox 1485 1709 1725 1761; x_wconf 85' lang='lat' dir='ltr'>consilii.</span> <span class='ocrx_word' id='word_1_119' title='bbox 1764 1711 1867 1762; x_wconf 87' lang='lat' dir='ltr'>Ne-</span> 
     </span>
    </p>
   </div>
   <div class='ocr_carea' id='block_1_19' title="bbox 182 1794 1864 1865">
    <p class='ocr_par' dir='ltr' id='par_1_19' title="bbox 182 1794 1864 1865">
     <span class='ocr_line' id='line_1_19' title="bbox 182 1794 1864 1865; baseline 0.002 -17"><span class='ocrx_word' id='word_1_120' title='bbox 182 1795 253 1848; x_wconf 78' lang='lat' dir='ltr'>fas</span> <span class='ocrx_word' id='word_1_121' title='bbox 280 1794 429 1847; x_wconf 89' lang='lat' dir='ltr'>enim</span> <span class='ocrx_word' id='word_1_122' title='bbox 464 1798 596 1847; x_wconf 85' lang='lat' dir='ltr'>erat</span> <span class='ocrx_word' id='word_1_123' title='bbox 644 1796 712 1848; x_wconf 91' lang='lat' dir='ltr'>de</span> <span class='ocrx_word' id='word_1_124' title='bbox 766 1796 888 1865; x_wconf 86' lang='lat' dir='ltr'>ejus</span> <span class='ocrx_word' id='word_1_125' title='bbox 938 1797 1123 1849; x_wconf 85' lang='lat' dir='ltr'>verbis</span> <span class='ocrx_word' id='word_1_126' title='bbox 1174 1798 1428 1865; x_wconf 88' lang='lat' dir='ltr'>qualibet</span> <span class='ocrx_word' id='word_1_127' title='bbox 1481 1798 1864 1852; x_wconf 89' lang='lat' dir='ltr'>sollicitudine</span> 
     </span>
    </p>
   </div>
   <div class='ocr_carea' id='block_1_20' title="bbox 184 1884 1868 1955">
    <p class='ocr_par' dir='ltr' id='par_1_20' title="bbox 184 1884 1868 1955">
     <span class='ocr_line' id='line_1_20' title="bbox 184 1884 1868 1955; baseline 0.002 -18"><span class='ocrx_word' id='word_1_128' title='bbox 184 1884 448 1949; x_wconf 85' lang='lat' dir='ltr'>dubitari;</span> <span class='ocrx_word' id='word_1_129' title='bbox 508 1885 673 1954; x_wconf 82' lang='lat' dir='ltr'>cujus</span> <span class='ocrx_word' id='word_1_130' title='bbox 729 1884 904 1938; x_wconf 87' lang='lat' dir='ltr'>ﬁdem</span> <span class='ocrx_word' id='word_1_131' title='bbox 936 1886 993 1938; x_wconf 92' lang='lat' dir='ltr'>in</span> <span class='ocrx_word' id='word_1_132' title='bbox 1046 1886 1267 1955; x_wconf 88' lang='lat' dir='ltr'>magnis</span> <span class='ocrx_word' id='word_1_133' title='bbox 1327 1888 1499 1939; x_wconf 89' lang='lat' dir='ltr'>rebus</span> <span class='ocrx_word' id='word_1_134' title='bbox 1546 1888 1741 1940; x_wconf 86' lang='lat' dir='ltr'>datum</span> <span class='ocrx_word' id='word_1_135' title='bbox 1786 1893 1868 1941; x_wconf 93' lang='lat' dir='ltr'>est</span> 
     </span>
    </p>
   </div>
   <div class='ocr_carea' id='block_1_21' title="bbox 182 1973 1867 2044">
    <p class='ocr_par' dir='ltr' id='par_1_21' title="bbox 182 1973 1867 2044">
     <span class='ocr_line' id='line_1_21' title="bbox 182 1973 1867 2044; baseline 0.002 -19"><span class='ocrx_word' id='word_1_136' title='bbox 182 1978 283 2025; x_wconf 86' lang='lat' dir='ltr'>tam</span> <span class='ocrx_word' id='word_1_137' title='bbox 315 1973 619 2025; x_wconf 81' lang='lat' dir='ltr'>evidenter</span> <span class='ocrx_word' id='word_1_138' title='bbox 650 1974 901 2041; x_wconf 80' lang='lat' dir='ltr'>agnosci.</span> <span class='ocrx_word' id='word_1_139' title='bbox 958 1975 1248 2028; x_wconf 81' lang='lat' dir='ltr'>Redeunte</span> <span class='ocrx_word' id='word_1_140' title='bbox 1284 1975 1464 2044; x_wconf 89' lang='lat' dir='ltr'>igitur</span> <span class='ocrx_word' id='word_1_141' title='bbox 1512 1976 1628 2028; x_wconf 88' lang='lat' dir='ltr'>ﬁlio</span> <span class='ocrx_word' id='word_1_142' title='bbox 1674 1980 1867 2029; x_wconf 88' lang='lat' dir='ltr'>nostro</span> 
     </span>
    </p>
   </div>
   <div class='ocr_carea' id='block_1_22' title="bbox 186 2061 1867 2131">
    <p class='ocr_par' dir='ltr' id='par_1_22' title="bbox 186 2061 1867 2131">
     <span class='ocr_line' id='line_1_22' title="bbox 186 2061 1867 2131; baseline 0.003 -19"><span class='ocrx_word' id='word_1_143' title='bbox 186 2061 459 2128; x_wconf 85' lang='lat' dir='ltr'>spactabili</span> <span class='ocrx_word' id='word_1_144' title='bbox 490 2062 621 2114; x_wconf 85' lang='lat' dir='ltr'>viro</span> <span class='ocrx_word' id='word_1_145' title='bbox 662 2063 900 2131; x_wconf 78' lang='lat' dir='ltr'>Eulogio</span> <span class='ocrx_word' id='word_1_146' title='bbox 934 2063 1164 2116; x_wconf 85' lang='lat' dir='ltr'>tribuno</span> <span class='ocrx_word' id='word_1_147' title='bbox 1198 2068 1253 2115; x_wconf 92' lang='lat' dir='ltr'>et</span> <span class='ocrx_word' id='word_1_148' title='bbox 1275 2064 1502 2116; x_wconf 89' lang='lat' dir='ltr'>notario</span> <span class='ocrx_word' id='word_1_149' title='bbox 1535 2064 1750 2117; x_wconf 90' lang='lat' dir='ltr'>cultum</span> <span class='ocrx_word' id='word_1_150' title='bbox 1777 2064 1867 2117; x_wconf 89' lang='lat' dir='ltr'>de-</span> 
     </span>
    </p>
   </div>
   <div class='ocr_carea' id='block_1_23' title="bbox 184 2148 1868 2222">
    <p class='ocr_par' dir='ltr' id='par_1_23' title="bbox 184 2148 1868 2222">
     <span class='ocr_line' id='line_1_23' title="bbox 184 2148 1868 2222; baseline 0.002 -21"><span class='ocrx_word' id='word_1_151' title='bbox 184 2148 295 2201; x_wconf 59' lang='lat' dir='ltr'>bita!</span> <span class='ocrx_word' id='word_1_152' title='bbox 342 2151 712 2202; x_wconf 83' lang='lat' dir='ltr'>salutationis</span> <span class='ocrx_word' id='word_1_153' title='bbox 772 2152 1139 2218; x_wconf 78' lang='lat' dir='ltr'>cxsolvimus,</span> <span class='ocrx_word' id='word_1_154' title='bbox 1197 2154 1309 2204; x_wconf 90' lang='lat' dir='ltr'>Deo</span> <span class='ocrx_word' id='word_1_155' title='bbox 1343 2168 1551 2222; x_wconf 88' lang='lat' dir='ltr'>magno</span> <span class='ocrx_word' id='word_1_156' title='bbox 1583 2152 1868 2205; x_wconf 83' lang='lat' dir='ltr'>continuis</span> 
     </span>
    </p>
   </div>
   <div class='ocr_carea' id='block_1_24' title="bbox 186 2239 1865 2311">
    <p class='ocr_par' dir='ltr' id='par_1_24' title="bbox 186 2239 1865 2311">
     <span class='ocr_line' id='line_1_24' title="bbox 186 2239 1865 2311; baseline 0.003 -21"><span class='ocrx_word' id='word_1_157' title='bbox 186 2239 422 2306; x_wconf 89' lang='lat' dir='ltr'>precibus</span> <span class='ocrx_word' id='word_1_158' title='bbox 467 2240 884 2308; x_wconf 85' lang='lat' dir='ltr'>supplicantes,</span> <span class='ocrx_word' id='word_1_159' title='bbox 935 2245 998 2293; x_wconf 88' lang='lat' dir='ltr'>ut</span> <span class='ocrx_word' id='word_1_160' title='bbox 1029 2242 1126 2309; x_wconf 89' lang='lat' dir='ltr'>qui</span> <span class='ocrx_word' id='word_1_161' title='bbox 1171 2246 1355 2294; x_wconf 90' lang='lat' dir='ltr'>vestro</span> <span class='ocrx_word' id='word_1_162' title='bbox 1387 2241 1573 2294; x_wconf 92' lang='lat' dir='ltr'>studio</span> <span class='ocrx_word' id='word_1_163' title='bbox 1601 2258 1702 2311; x_wconf 89' lang='lat' dir='ltr'>per</span> <span class='ocrx_word' id='word_1_164' title='bbox 1731 2243 1865 2295; x_wconf 82' lang='lat' dir='ltr'>inﬁ-</span> 
     </span>
    </p>
   </div>
   <div class='ocr_carea' id='block_1_25' title="bbox 187 2327 1867 2400">
    <p class='ocr_par' dir='ltr' id='par_1_25' title="bbox 187 2327 1867 2400">
     <span class='ocr_line' id='line_1_25' title="bbox 187 2327 1867 2400; baseline 0.004 -22"><span class='ocrx_word' id='word_1_165' title='bbox 187 2327 319 2379; x_wconf 88' lang='lat' dir='ltr'>deles</span> <span class='ocrx_word' id='word_1_166' title='bbox 359 2327 606 2380; x_wconf 81' lang='lat' dir='ltr'>vulnera</span> <span class='ocrx_word' id='word_1_167' title='bbox 654 2328 899 2397; x_wconf 89' lang='lat' dir='ltr'>impacta</span> <span class='ocrx_word' id='word_1_168' title='bbox 949 2330 1187 2394; x_wconf 87' lang='lat' dir='ltr'>curavit,</span> <span class='ocrx_word' id='word_1_169' title='bbox 1239 2346 1358 2382; x_wconf 81' lang='lat' dir='ltr'>aevo</span> <span class='ocrx_word' id='word_1_170' title='bbox 1392 2330 1552 2382; x_wconf 89' lang='lat' dir='ltr'>vobis</span> <span class='ocrx_word' id='word_1_171' title='bbox 1595 2347 1698 2400; x_wconf 90' lang='lat' dir='ltr'>per</span> <span class='ocrx_word' id='word_1_172' title='bbox 1744 2332 1867 2384; x_wconf 87' lang='lat' dir='ltr'>lon-</span> 
     </span>
    </p>
   </div>
   <div class='ocr_carea' id='block_1_26' title="bbox 188 2415 1866 2487">
    <p class='ocr_par' dir='ltr' id='par_1_26' title="bbox 188 2415 1866 2487">
     <span class='ocr_line' id='line_1_26' title="bbox 188 2415 1866 2487; baseline 0.004 -21"><span class='ocrx_word' id='word_1_173' title='bbox 188 2415 326 2483; x_wconf 78' lang='lat' dir='ltr'>giora</span> <span class='ocrx_word' id='word_1_174' title='bbox 354 2420 629 2484; x_wconf 86' lang='lat' dir='ltr'>tempora</span> <span class='ocrx_word' id='word_1_175' title='bbox 670 2421 1005 2487; x_wconf 84' lang='lat' dir='ltr'>propagato,</span> <span class='ocrx_word' id='word_1_176' title='bbox 1038 2418 1319 2470; x_wconf 88' lang='lat' dir='ltr'>unitatem</span> <span class='ocrx_word' id='word_1_177' title='bbox 1372 2418 1631 2472; x_wconf 65' lang='lat' dir='ltr'>Ecclesiae</span> <span class='ocrx_word' id='word_1_178' title='bbox 1676 2420 1866 2473; x_wconf 86' lang='lat' dir='ltr'>reddi-</span> 
     </span>
    </p>
   </div>
   <div class='ocr_carea' id='block_1_27' title="bbox 186 2505 1868 2576">
    <p class='ocr_par' dir='ltr' id='par_1_27' title="bbox 186 2505 1868 2576">
     <span class='ocr_line' id='line_1_27' title="bbox 186 2505 1868 2576; baseline 0.001 -19"><span class='ocrx_word' id='word_1_179' title='bbox 186 2510 282 2558; x_wconf 86' lang='lat' dir='ltr'>tam</span> <span class='ocrx_word' id='word_1_180' title='bbox 308 2520 371 2556; x_wconf 77' lang='lat' dir='ltr'>ex</span> <span class='ocrx_word' id='word_1_181' title='bbox 430 2505 603 2557; x_wconf 86' lang='lat' dir='ltr'>omni</span> <span class='ocrx_word' id='word_1_182' title='bbox 651 2521 882 2574; x_wconf 90' lang='lat' dir='ltr'>quoque</span> <span class='ocrx_word' id='word_1_183' title='bbox 908 2505 1076 2559; x_wconf 86' lang='lat' dir='ltr'>faciat</span> <span class='ocrx_word' id='word_1_184' title='bbox 1123 2510 1285 2576; x_wconf 90' lang='lat' dir='ltr'>parte</span> <span class='ocrx_word' id='word_1_185' title='bbox 1319 2524 1594 2561; x_wconf 88' lang='lat' dir='ltr'>securam.</span> <span class='ocrx_word' id='word_1_186' title='bbox 1642 2508 1782 2560; x_wconf 88' lang='lat' dir='ltr'>Data</span> <span class='ocrx_word' id='word_1_187' title='bbox 1812 2525 1868 2560; x_wconf 85' lang='lat' dir='ltr'>1v</span> 
     </span>
    </p>
   </div>
   <div class='ocr_carea' id='block_1_28' title="bbox 190 2592 1865 2658">
    <p class='ocr_par' dir='ltr' id='par_1_28' title="bbox 190 2592 1865 2658">
     <span class='ocr_line' id='line_1_28' title="bbox 190 2592 1865 2658; baseline 0.004 -13"><span class='ocrx_word' id='word_1_188' title='bbox 190 2592 421 2647; x_wconf 87' lang='lat' dir='ltr'>calendas</span> <span class='ocrx_word' id='word_1_189' title='bbox 480 2594 844 2658; x_wconf 83' lang='lat' dir='ltr'>Novembris,</span> <span class='ocrx_word' id='word_1_190' title='bbox 898 2594 1128 2648; x_wconf 84' lang='lat' dir='ltr'>Rustico</span> <span class='ocrx_word' id='word_1_191' title='bbox 1189 2594 1310 2648; x_wconf 89' lang='lat' dir='ltr'>viro</span> <span class='ocrx_word' id='word_1_192' title='bbox 1370 2596 1684 2651; x_wconf 85' lang='lat' dir='ltr'>clarissimo</span> <span class='ocrx_word' id='word_1_193' title='bbox 1726 2613 1865 2651; x_wconf 88' lang='lat' dir='ltr'>con-</span> 
     </span>
    </p>
   </div>
   <div class='ocr_carea' id='block_1_29' title="bbox 190 2682 940 2752">
    <p class='ocr_par' dir='ltr' id='par_1_29' title="bbox 190 2682 940 2752">
     <span class='ocr_line' id='line_1_29' title="bbox 190 2682 940 2752; baseline 0.001 -17"><span class='ocrx_word' id='word_1_194' title='bbox 190 2683 290 2736; x_wconf 88' lang='lat' dir='ltr'>sule</span> <span class='ocrx_word' id='word_1_195' title='bbox 320 2684 485 2747; x_wconf 69' lang='lat' dir='ltr'>(anno</span> <span class='ocrx_word' id='word_1_196' title='bbox 524 2682 760 2736; x_wconf 89' lang='lat' dir='ltr'>Domini</span> <span class='ocrx_word' id='word_1_197' title='bbox 792 2685 940 2752; x_wconf 71' lang='lat'>3520).</span> 
     </span>
    </p>
   </div>
   <div class='ocr_carea' id='block_1_30' title="bbox 808 2771 1183 2844">
    <p class='ocr_par' dir='ltr' id='par_1_30' title="bbox 808 2771 1183 2844">
     <span class='ocr_line' id='line_1_30' title="bbox 808 2771 1183 2844; baseline 0.003 -20"><span class='ocrx_word' id='word_1_198' title='bbox 808 2831 819 2844; x_wconf 52' lang='grc'><em>,</em></span> <span class='ocrx_word' id='word_1_199' title='bbox 854 2771 1183 2825; x_wconf 79' lang='lat' dir='ltr'>EPISTULA</span> 
     </span>
    </p>
   </div>
   <div class='ocr_carea' id='block_1_31' title="bbox 597 2856 1437 2897">
    <p class='ocr_par' dir='ltr' id='par_1_31' title="bbox 597 2856 1437 2897">
     <span class='ocr_line' id='line_1_31' title="bbox 597 2856 1437 2897; baseline 0.001 -3"><span class='ocrx_word' id='word_1_200' title='bbox 597 2856 854 2895; x_wconf 79' lang='lat' dir='ltr'>JUSTINI</span> <span class='ocrx_word' id='word_1_201' title='bbox 904 2859 978 2895; x_wconf 80' lang='grc' dir='ltr'>ΑΙ)</span> <span class='ocrx_word' id='word_1_202' title='bbox 1027 2857 1437 2897; x_wconf 74' lang='lat' dir='ltr'>HORMISDAM.</span> 
     </span>
    </p>
   </div>
   <div class='ocr_carea' id='block_1_32' title="bbox 192 2928 1868 3002">
    <p class='ocr_par' dir='ltr' id='par_1_32' title="bbox 192 2928 1868 3002">
     <span class='ocr_line' id='line_1_32' title="bbox 192 2928 1868 3002; baseline 0.004 -22"><span class='ocrx_word' id='word_1_203' title='bbox 192 2930 408 3002; x_wconf 75' lang='lat' dir='ltr'>Graium</span> <span class='ocrx_word' id='word_1_204' title='bbox 437 2929 523 2982; x_wconf 85' lang='lat' dir='ltr'>ad</span> <span class='ocrx_word' id='word_1_205' title='bbox 542 2928 867 3002; x_wconf 76' lang='lat' dir='ltr'>pontiﬁcem</span> <span class='ocrx_word' id='word_1_206' title='bbox 894 2930 1091 2995; x_wconf 78' lang='lat' dir='ltr'>mil/it,</span> <span class='ocrx_word' id='word_1_207' title='bbox 1124 2931 1436 3002; x_wconf 79' lang='lat' dir='ltr'>suade/que</span> <span class='ocrx_word' id='word_1_208' title='bbox 1454 2935 1517 2985; x_wconf 82' lang='lat' dir='ltr'>ut</span> <span class='ocrx_word' id='word_1_209' title='bbox 1546 2931 1785 2987; x_wconf 81' lang='lat' dir='ltr'>Asianis</span> <span class='ocrx_word' id='word_1_210' title='bbox 1814 2938 1868 2988; x_wconf 77' lang='lat' dir='ltr'>et</span> 
     </span>
    </p>
   </div>
   <div class='ocr_carea' id='block_1_33' title="bbox 246 2999 1867 3072">
    <p class='ocr_par' dir='ltr' id='par_1_33' title="bbox 246 2999 1867 3072">
     <span class='ocr_line' id='line_1_33' title="bbox 246 2999 1867 3072; baseline 0.004 -21"><span class='ocrx_word' id='word_1_211' title='bbox 246 2999 515 3072; x_wconf 65' lang='lat' dir='ltr'>praecipue</span> <span class='ocrx_word' id='word_1_212' title='bbox 544 3001 937 3055; x_wconf 69' lang='lat' dir='ltr'>Orientalibus</span> <span class='ocrx_word' id='word_1_213' title='bbox 956 3018 1187 3055; x_wconf 86' lang='lat' dir='ltr'>suorum</span> <span class='ocrx_word' id='word_1_214' title='bbox 1212 2999 1605 3072; x_wconf 62' lang='lat' dir='ltr'>episEOporum</span> <span class='ocrx_word' id='word_1_215' title='bbox 1631 3008 1867 3060; x_wconf 77' lang='lat' dir='ltr'>nomina</span> 
     </span>
    </p>
   </div>
   <div class='ocr_carea' id='block_1_34' title="bbox 246 3071 1867 3145">
    <p class='ocr_par' dir='ltr' id='par_1_34' title="bbox 246 3071 1867 3145">
     <span class='ocr_line' id='line_1_34' title="bbox 246 3071 1867 3145; baseline 0.004 -22"><span class='ocrx_word' id='word_1_216' title='bbox 246 3071 517 3145; x_wconf 65' lang='lat' dir='ltr'>damnare</span> <span class='ocrx_word' id='word_1_217' title='bbox 535 3072 852 3125; x_wconf 80' lang='lat' dir='ltr'>nolenlibus</span> <span class='ocrx_word' id='word_1_218' title='bbox 868 3073 1173 3129; x_wconf 73' lang='lat' dir='ltr'>Anastasii</span> <span class='ocrx_word' id='word_1_219' title='bbox 1184 3071 1442 3144; x_wconf 48' lang='lat' dir='ltr'>extemplo</span> <span class='ocrx_word' id='word_1_220' title='bbox 1455 3075 1751 3145; x_wconf 72' lang='lat' dir='ltr'>indulgeat</span> <span class='ocrx_word' id='word_1_221' title='bbox 1769 3093 1780 3129; x_wconf 90' lang='lat'>:</span> <span class='ocrx_word' id='word_1_222' title='bbox 1796 3077 1867 3130; x_wconf 88' lang='lat' dir='ltr'>ab</span> 
     </span>
    </p>
   </div>
   <div class='ocr_carea' id='block_1_35' title="bbox 244 3141 1865 3214">
    <p class='ocr_par' dir='ltr' id='par_1_35' title="bbox 244 3141 1865 3214">
     <span class='ocr_line' id='line_1_35' title="bbox 244 3141 1865 3214; baseline 0.004 -21"><span class='ocrx_word' id='word_1_223' title='bbox 244 3141 430 3197; x_wconf 80' lang='lat' dir='ltr'>iisdem</span> <span class='ocrx_word' id='word_1_224' title='bbox 438 3159 651 3214; x_wconf 83' lang='lat' dir='ltr'>preces</span> <span class='ocrx_word' id='word_1_225' title='bbox 666 3160 774 3213; x_wconf 84' lang='lat' dir='ltr'>pro</span> <span class='ocrx_word' id='word_1_226' title='bbox 794 3144 1193 3200; x_wconf 79' lang='lat' dir='ltr'>Ecclesiarum</span> <span class='ocrx_word' id='word_1_227' title='bbox 1213 3141 1419 3199; x_wconf 80' lang='lat' dir='ltr'>unione</span> <span class='ocrx_word' id='word_1_228' title='bbox 1438 3141 1657 3201; x_wconf 73' lang='lat' dir='ltr'>oblatas</span> <span class='ocrx_word' id='word_1_229' title='bbox 1678 3152 1865 3202; x_wconf 82' lang='lat' dir='ltr'>trans-</span> 
     </span>
    </p>
   </div>
   <div class='ocr_carea' id='block_1_36' title="bbox 247 3214 913 3273">
    <p class='ocr_par' dir='ltr' id='par_1_36' title="bbox 247 3214 913 3273">
     <span class='ocr_line' id='line_1_36' title="bbox 247 3214 913 3273; baseline 0.012 -8"><span class='ocrx_word' id='word_1_230' title='bbox 247 3214 424 3269; x_wconf 73' lang='lat' dir='ltr'>mittit.</span> <span class='ocrx_word' id='word_1_231' title='bbox 906 3265 913 3273; x_wconf 93' lang='lat'>.</span> 
     </span>
    </p>
   </div>
   <div class='ocr_carea' id='block_1_37' title="bbox 247 3302 1471 3374">
    <p class='ocr_par' dir='ltr' id='par_1_37' title="bbox 247 3302 1471 3374">
     <span class='ocr_line' id='line_1_37' title="bbox 247 3302 1471 3374; baseline 0.003 -21"><span class='ocrx_word' id='word_1_232' title='bbox 247 3302 482 3355; x_wconf 82' lang='lat' dir='ltr'>Justinus</span> <span class='ocrx_word' id='word_1_233' title='bbox 518 3306 817 3373; x_wconf 83' lang='lat' dir='ltr'>Augustus</span> <span class='ocrx_word' id='word_1_234' title='bbox 848 3305 1159 3358; x_wconf 66' lang='lat' dir='ltr'>Hormisdce</span> <span class='ocrx_word' id='word_1_235' title='bbox 1187 3321 1347 3374; x_wconf 76' lang='lat' dir='ltr'>papm</span> <span class='ocrx_word' id='word_1_236' title='bbox 1374 3306 1471 3373; x_wconf 76' lang='grc' dir='ltr'>(α).</span> 
     </span>
    </p>
   </div>
   <div class='ocr_carea' id='block_1_38' title="bbox 248 3390 1864 3465">
    <p class='ocr_par' dir='ltr' id='par_1_38' title="bbox 248 3390 1864 3465">
     <span class='ocr_line' id='line_1_38' title="bbox 248 3390 1864 3465; baseline 0.004 -24"><span class='ocrx_word' id='word_1_237' title='bbox 248 3390 353 3452; x_wconf 85' lang='lat' dir='ltr'>Quo</span> <span class='ocrx_word' id='word_1_238' title='bbox 382 3392 606 3445; x_wconf 78' lang='lat' dir='ltr'>fuimus</span> <span class='ocrx_word' id='word_1_239' title='bbox 636 3408 880 3463; x_wconf 88' lang='lat' dir='ltr'>semper,</span> <span class='ocrx_word' id='word_1_240' title='bbox 916 3400 972 3445; x_wconf 91' lang='lat' dir='ltr'>et</span> <span class='ocrx_word' id='word_1_241' title='bbox 1004 3410 1117 3463; x_wconf 89' lang='lat' dir='ltr'>quo</span> <span class='ocrx_word' id='word_1_242' title='bbox 1151 3411 1348 3447; x_wconf 89' lang='lat' dir='ltr'>sumus</span> <span class='ocrx_word' id='word_1_243' title='bbox 1374 3396 1561 3448; x_wconf 89' lang='lat' dir='ltr'>studio</span> <span class='ocrx_word' id='word_1_244' title='bbox 1592 3411 1697 3465; x_wconf 89' lang='lat' dir='ltr'>pro</span> <span class='ocrx_word' id='word_1_245' title='bbox 1730 3412 1864 3449; x_wconf 92' lang='lat' dir='ltr'>con-</span> 
     </span>
    </p>
   </div>
   <div class='ocr_carea' id='block_1_39' title="bbox 196 3478 1867 3549">
    <p class='ocr_par' dir='ltr' id='par_1_39' title="bbox 196 3478 1867 3549">
     <span class='ocr_line' id='line_1_39' title="bbox 196 3478 1867 3549; baseline 0.005 -21"><span class='ocrx_word' id='word_1_246' title='bbox 196 3478 418 3532; x_wconf 86' lang='lat' dir='ltr'>ciliandis</span> <span class='ocrx_word' id='word_1_247' title='bbox 449 3480 759 3533; x_wconf 82' lang='lat' dir='ltr'>sententiis</span> <span class='ocrx_word' id='word_1_248' title='bbox 794 3481 1137 3534; x_wconf 87' lang='lat' dir='ltr'>catholicam</span> <span class='ocrx_word' id='word_1_249' title='bbox 1193 3482 1364 3535; x_wconf 88' lang='lat' dir='ltr'>ﬁdem</span> <span class='ocrx_word' id='word_1_250' title='bbox 1420 3484 1748 3549; x_wconf 87' lang='lat' dir='ltr'>colentium,</span> <span class='ocrx_word' id='word_1_251' title='bbox 1804 3490 1867 3538; x_wconf 90' lang='lat' dir='ltr'>ut</span> 
     </span>
    </p>
   </div>
   <div class='ocr_carea' id='block_1_40' title="bbox 197 3567 1868 3626">
    <p class='ocr_par' dir='ltr' id='par_1_40' title="bbox 197 3567 1868 3626">
     <span class='ocr_line' id='line_1_40' title="bbox 197 3567 1868 3626; baseline 0.005 -9"><span class='ocrx_word' id='word_1_252' title='bbox 197 3567 365 3621; x_wconf 83' lang='lat' dir='ltr'>eodem</span> <span class='ocrx_word' id='word_1_253' title='bbox 394 3571 598 3622; x_wconf 86' lang='lat' dir='ltr'>animo</span> <span class='ocrx_word' id='word_1_254' title='bbox 648 3570 838 3622; x_wconf 86' lang='lat' dir='ltr'>cuncti</span> <span class='ocrx_word' id='word_1_255' title='bbox 892 3584 1231 3623; x_wconf 83' lang='lat' dir='ltr'>venerentur</span> <span class='ocrx_word' id='word_1_256' title='bbox 1260 3588 1472 3624; x_wconf 88' lang='lat' dir='ltr'>numen</span> <span class='ocrx_word' id='word_1_257' title='bbox 1509 3572 1868 3626; x_wconf 88' lang='lat' dir='ltr'>individuum</span> 
     </span>
    </p>
   </div>
   <div class='ocr_carea' id='block_1_41' title="bbox 195 3654 1868 3731">
    <p class='ocr_par' dir='ltr' id='par_1_41' title="bbox 195 3654 1868 3731">
     <span class='ocr_line' id='line_1_41' title="bbox 195 3654 1868 3731; baseline 0.006 -26"><span class='ocrx_word' id='word_1_258' title='bbox 195 3654 473 3723; x_wconf 81' lang='lat' dir='ltr'>Trinitatis,</span> <span class='ocrx_word' id='word_1_259' title='bbox 521 3659 714 3725; x_wconf 87' lang='lat' dir='ltr'>palam</span> <span class='ocrx_word' id='word_1_260' title='bbox 742 3658 943 3711; x_wconf 89' lang='lat' dir='ltr'>fecisse</span> <span class='ocrx_word' id='word_1_261' title='bbox 975 3658 1364 3727; x_wconf 85' lang='lat' dir='ltr'>dignoscimur</span> <span class='ocrx_word' id='word_1_262' title='bbox 1390 3677 1401 3713; x_wconf 92' lang='lat'>:</span> <span class='ocrx_word' id='word_1_263' title='bbox 1436 3677 1585 3714; x_wconf 83' lang='lat' dir='ltr'>nunc</span> <span class='ocrx_word' id='word_1_264' title='bbox 1611 3662 1868 3731; x_wconf 88' lang='lat' dir='ltr'>legatum</span> 
     </span>
    </p>
   </div>
   <div class='ocr_carea' id='block_1_42' title="bbox 198 3743 1871 3819">
    <p class='ocr_par' dir='ltr' id='par_1_42' title="bbox 198 3743 1871 3819">
     <span class='ocr_line' id='line_1_42' title="bbox 198 3743 1871 3819; baseline 0.005 -24"><span class='ocrx_word' id='word_1_265' title='bbox 198 3743 251 3795; x_wconf 84' lang='lat' dir='ltr'>ad</span> <span class='ocrx_word' id='word_1_266' title='bbox 276 3750 507 3799; x_wconf 86' lang='lat' dir='ltr'>vestram</span> <span class='ocrx_word' id='word_1_267' title='bbox 546 3747 962 3799; x_wconf 85' lang='lat' dir='ltr'>beatitudinem</span> <span class='ocrx_word' id='word_1_268' title='bbox 985 3748 1136 3800; x_wconf 88' lang='lat' dir='ltr'>ultro</span> <span class='ocrx_word' id='word_1_269' title='bbox 1169 3749 1240 3801; x_wconf 92' lang='lat' dir='ltr'>ob</span> <span class='ocrx_word' id='word_1_270' title='bbox 1274 3749 1378 3801; x_wconf 91' lang='lat' dir='ltr'>hoc</span> <span class='ocrx_word' id='word_1_271' title='bbox 1410 3749 1597 3819; x_wconf 89' lang='lat' dir='ltr'>ipsum</span> <span class='ocrx_word' id='word_1_272' title='bbox 1623 3751 1871 3819; x_wconf 84' lang='lat' dir='ltr'>dirigen-</span> 
     </span>
    </p>
   </div>
   <div class='ocr_carea' id='block_1_43' title="bbox 198 3836 1866 3907">
    <p class='ocr_par' dir='ltr' id='par_1_43' title="bbox 198 3836 1866 3907">
     <span class='ocr_line' id='line_1_43' title="bbox 198 3836 1866 3907; baseline 0.004 -22"><span class='ocrx_word' id='word_1_273' title='bbox 198 3838 262 3885; x_wconf 84' lang='lat' dir='ltr'>tes</span> <span class='ocrx_word' id='word_1_274' title='bbox 310 3836 546 3890; x_wconf 78' lang='lat' dir='ltr'>Gratum</span> <span class='ocrx_word' id='word_1_275' title='bbox 576 3836 763 3889; x_wconf 88' lang='lat' dir='ltr'>virum</span> <span class='ocrx_word' id='word_1_276' title='bbox 800 3836 871 3907; x_wconf 83' lang='lat' dir='ltr'>(b)</span> <span class='ocrx_word' id='word_1_277' title='bbox 920 3837 1223 3889; x_wconf 90' lang='lat' dir='ltr'>sublimem</span> <span class='ocrx_word' id='word_1_278' title='bbox 1276 3839 1611 3907; x_wconf 85' lang='lat' dir='ltr'>magistrum</span> <span class='ocrx_word' id='word_1_279' title='bbox 1652 3840 1866 3907; x_wconf 89' lang='lat' dir='ltr'>scrinii,</span> 
     </span>
    </p>
   </div>
   <div class='ocr_carea' id='block_1_44' title="bbox 200 3926 1867 3999">
    <p class='ocr_par' dir='ltr' id='par_1_44' title="bbox 200 3926 1867 3999">
     <span class='ocr_line' id='line_1_44' title="bbox 200 3926 1867 3999; baseline 0.005 -25"><span class='ocrx_word' id='word_1_280' title='bbox 200 3938 288 3992; x_wconf 78' lang='lat' dir='ltr'>quo</span> <span class='ocrx_word' id='word_1_281' title='bbox 314 3926 638 3979; x_wconf 86' lang='lat' dir='ltr'>remedium</span> <span class='ocrx_word' id='word_1_282' title='bbox 672 3926 901 3979; x_wconf 88' lang='lat' dir='ltr'>tandem</span> <span class='ocrx_word' id='word_1_283' title='bbox 935 3926 1255 3996; x_wconf 90' lang='lat' dir='ltr'>reperiatur</span> <span class='ocrx_word' id='word_1_284' title='bbox 1281 3927 1578 3981; x_wconf 88' lang='lat' dir='ltr'>discordiis</span> <span class='ocrx_word' id='word_1_285' title='bbox 1610 3929 1765 3982; x_wconf 89' lang='lat' dir='ltr'>varia</span> <span class='ocrx_word' id='word_1_286' title='bbox 1798 3929 1867 3999; x_wconf 89' lang='lat' dir='ltr'>(c)</span> 
     </span>
    </p>
   </div>
   <div class='ocr_carea' id='block_1_45' title="bbox 202 4015 1872 4087">
    <p class='ocr_par' dir='ltr' id='par_1_45' title="bbox 202 4015 1872 4087">
     <span class='ocr_line' id='line_1_45' title="bbox 202 4015 1872 4087; baseline 0.005 -24"><span class='ocrx_word' id='word_1_287' title='bbox 202 4015 585 4078; x_wconf 87' lang='lat' dir='ltr'>cunctantium,</span> <span class='ocrx_word' id='word_1_288' title='bbox 618 4030 768 4066; x_wconf 89' lang='lat' dir='ltr'>nunc</span> <span class='ocrx_word' id='word_1_289' title='bbox 821 4031 1004 4083; x_wconf 91' lang='lat' dir='ltr'>prono</span> <span class='ocrx_word' id='word_1_290' title='bbox 1034 4015 1351 4085; x_wconf 87' lang='lat' dir='ltr'>libentique</span> <span class='ocrx_word' id='word_1_291' title='bbox 1379 4017 1757 4087; x_wconf 83' lang='lat' dir='ltr'>suscipientes</span> <span class='ocrx_word' id='word_1_292' title='bbox 1787 4018 1872 4071; x_wconf 89' lang='lat' dir='ltr'>af-</span> 
     </span>
    </p>
   </div>
   <div class='ocr_carea' id='block_1_46' title="bbox 201 4096 1871 4174">
    <p class='ocr_par' dir='ltr' id='par_1_46' title="bbox 201 4096 1871 4174">
     <span class='ocr_line' id='line_1_46' title="bbox 201 4096 1871 4174; baseline 0.007 -25"><span class='ocrx_word' id='word_1_293' title='bbox 201 4096 319 4152; x_wconf 82' lang='lat' dir='ltr'>fectu</span> <span class='ocrx_word' id='word_1_294' title='bbox 349 4102 495 4153; x_wconf 85' lang='lat' dir='ltr'>viros</span> <span class='ocrx_word' id='word_1_295' title='bbox 539 4102 1021 4171; x_wconf 84' lang='lat' dir='ltr'>religiosissimos,</span> <span class='ocrx_word' id='word_1_296' title='bbox 1048 4120 1191 4174; x_wconf 90' lang='lat' dir='ltr'>quos</span> <span class='ocrx_word' id='word_1_297' title='bbox 1230 4104 1643 4159; x_wconf 88' lang='lat' dir='ltr'>interventores</span> <span class='ocrx_word' id='word_1_298' title='bbox 1677 4108 1871 4161; x_wconf 88' lang='lat' dir='ltr'>unita-</span> 
     </span>
    </p>
   </div>
   <div class='ocr_carea' id='block_1_47' title="bbox 201 4188 1867 4260">
    <p class='ocr_par' dir='ltr' id='par_1_47' title="bbox 201 4188 1867 4260">
     <span class='ocr_line' id='line_1_47' title="bbox 201 4188 1867 4260; baseline 0.007 -23"><span class='ocrx_word' id='word_1_299' title='bbox 201 4188 257 4237; x_wconf 82' lang='lat' dir='ltr'>tis</span> <span class='ocrx_word' id='word_1_300' title='bbox 287 4196 460 4243; x_wconf 87' lang='lat' dir='ltr'>vestra</span> <span class='ocrx_word' id='word_1_301' title='bbox 487 4191 656 4243; x_wconf 87' lang='lat' dir='ltr'>sedes</span> <span class='ocrx_word' id='word_1_302' title='bbox 679 4192 994 4260; x_wconf 87' lang='lat' dir='ltr'>apostolica</span> <span class='ocrx_word' id='word_1_303' title='bbox 1016 4193 1257 4247; x_wconf 89' lang='lat' dir='ltr'>credidit</span> <span class='ocrx_word' id='word_1_304' title='bbox 1296 4195 1686 4249; x_wconf 89' lang='lat' dir='ltr'>destinandos.</span> <span class='ocrx_word' id='word_1_305' title='bbox 1728 4198 1867 4249; x_wconf 88' lang='lat' dir='ltr'>Pro-</span> 
     </span>
    </p>
   </div>
   <div class='ocr_carea' id='block_1_48' title="bbox 204 4275 1869 4354">
    <p class='ocr_par' dir='ltr' id='par_1_48' title="bbox 204 4275 1869 4354">
     <span class='ocr_line' id='line_1_48' title="bbox 204 4275 1869 4354; baseline 0.007 -28"><span class='ocrx_word' id='word_1_306' title='bbox 204 4275 319 4329; x_wconf 81' lang='lat' dir='ltr'>fecto</span> <span class='ocrx_word' id='word_1_307' title='bbox 350 4280 499 4333; x_wconf 87' lang='lat' dir='ltr'>enim</span> <span class='ocrx_word' id='word_1_308' title='bbox 558 4285 831 4350; x_wconf 87' lang='lat' dir='ltr'>tanquam</span> <span class='ocrx_word' id='word_1_309' title='bbox 883 4281 1064 4351; x_wconf 85' lang='lat' dir='ltr'>ipsam</span> <span class='ocrx_word' id='word_1_310' title='bbox 1099 4299 1316 4351; x_wconf 89' lang='lat' dir='ltr'>pacem,</span> <span class='ocrx_word' id='word_1_311' title='bbox 1372 4290 1427 4337; x_wconf 89' lang='lat' dir='ltr'>et</span> <span class='ocrx_word' id='word_1_312' title='bbox 1450 4284 1720 4354; x_wconf 85' lang='lat' dir='ltr'>jucundis</span> <span class='ocrx_word' id='word_1_313' title='bbox 1777 4302 1869 4338; x_wconf 91' lang='lat' dir='ltr'>eos</span> 
     </span>
    </p>
   </div>
   <div class='ocr_carea' id='block_1_49' title="bbox 204 4367 1870 4439">
    <p class='ocr_par' dir='ltr' id='par_1_49' title="bbox 204 4367 1870 4439">
     <span class='ocr_line' id='line_1_49' title="bbox 204 4367 1870 4439; baseline 0.007 -23"><span class='ocrx_word' id='word_1_314' title='bbox 204 4367 354 4419; x_wconf 85' lang='lat' dir='ltr'>oculis</span> <span class='ocrx_word' id='word_1_315' title='bbox 384 4370 733 4439; x_wconf 78' lang='lat' dir='ltr'>aspeximus,</span> <span class='ocrx_word' id='word_1_316' title='bbox 770 4373 825 4422; x_wconf 89' lang='lat' dir='ltr'>et</span> <span class='ocrx_word' id='word_1_317' title='bbox 873 4372 1119 4424; x_wconf 82' lang='lat' dir='ltr'>extensis</span> <span class='ocrx_word' id='word_1_318' title='bbox 1152 4374 1417 4426; x_wconf 89' lang='lat' dir='ltr'>manibus</span> <span class='ocrx_word' id='word_1_319' title='bbox 1448 4373 1713 4426; x_wconf 83' lang='lat' dir='ltr'>duximus</span> <span class='ocrx_word' id='word_1_320' title='bbox 1743 4390 1870 4427; x_wconf 88' lang='lat' dir='ltr'>am—</span> 
     </span>
    </p>
   </div>
   <div class='ocr_carea' id='block_1_50' title="bbox 207 4454 1873 4522">
    <p class='ocr_par' dir='ltr' id='par_1_50' title="bbox 207 4454 1873 4522">
     <span class='ocr_line' id='line_1_50' title="bbox 207 4454 1873 4522; baseline 0.007 -18"><span class='ocrx_word' id='word_1_321' title='bbox 207 4454 523 4520; x_wconf 84' lang='lat' dir='ltr'>plectendos.</span> <span class='ocrx_word' id='word_1_322' title='bbox 556 4458 706 4522; x_wconf 86' lang='lat' dir='ltr'>Quin</span> <span class='ocrx_word' id='word_1_323' title='bbox 766 4459 941 4512; x_wconf 90' lang='lat' dir='ltr'>etiam</span> <span class='ocrx_word' id='word_1_324' title='bbox 1002 4461 1159 4513; x_wconf 88' lang='lat' dir='ltr'>omni</span> <span class='ocrx_word' id='word_1_325' title='bbox 1216 4462 1538 4514; x_wconf 89' lang='lat' dir='ltr'>intentione</span> <span class='ocrx_word' id='word_1_326' title='bbox 1584 4463 1873 4515; x_wconf 87' lang='lat' dir='ltr'>ordinavi-</span> 
     </span>
    </p>
   </div>
   <div class='ocr_carea' id='block_1_51' title="bbox 209 4547 1872 4619">
    <p class='ocr_par' dir='ltr' id='par_1_51' title="bbox 209 4547 1872 4619">
     <span class='ocr_line' id='line_1_51' title="bbox 209 4547 1872 4619; baseline 0.007 -26"><span class='ocrx_word' id='word_1_327' title='bbox 209 4556 329 4605; x_wconf 82' lang='lat' dir='ltr'>Inus,</span> <span class='ocrx_word' id='word_1_328' title='bbox 384 4551 446 4599; x_wconf 88' lang='lat' dir='ltr'>ut</span> <span class='ocrx_word' id='word_1_329' title='bbox 512 4547 855 4600; x_wconf 82' lang='lat' dir='ltr'>venerabilis</span> <span class='ocrx_word' id='word_1_330' title='bbox 916 4549 1161 4601; x_wconf 90' lang='lat' dir='ltr'>Ecclesia</span> <span class='ocrx_word' id='word_1_331' title='bbox 1217 4549 1872 4619; x_wconf 87' lang='lat' dir='ltr'>Constantinopolitana,</span> 
     </span>
    </p>
   </div>
   <div class='ocr_carea' id='block_1_52' title="bbox 211 4636 1874 4707">
    <p class='ocr_par' dir='ltr' id='par_1_52' title="bbox 211 4636 1874 4707">
     <span class='ocr_line' id='line_1_52' title="bbox 211 4636 1874 4707; baseline 0.007 -26"><span class='ocrx_word' id='word_1_332' title='bbox 211 4646 289 4683; x_wconf 88' lang='lat' dir='ltr'>nec</span> <span class='ocrx_word' id='word_1_333' title='bbox 320 4650 423 4685; x_wconf 89' lang='lat' dir='ltr'>non</span> <span class='ocrx_word' id='word_1_334' title='bbox 456 4636 783 4703; x_wconf 86' lang='lat' dir='ltr'>complures</span> <span class='ocrx_word' id='word_1_335' title='bbox 823 4636 952 4688; x_wconf 71' lang='lat' dir='ltr'>alite</span> <span class='ocrx_word' id='word_1_336' title='bbox 991 4642 1121 4690; x_wconf 88' lang='lat' dir='ltr'>vota</span> <span class='ocrx_word' id='word_1_337' title='bbox 1154 4638 1481 4707; x_wconf 86' lang='lat' dir='ltr'>suscipiant,</span> <span class='ocrx_word' id='word_1_338' title='bbox 1519 4644 1723 4705; x_wconf 89' lang='lat' dir='ltr'>vestra,</span> <span class='ocrx_word' id='word_1_339' title='bbox 1759 4656 1874 4693; x_wconf 91' lang='lat' dir='ltr'>non</span> 
     </span>
    </p>
   </div>
   <div class='ocr_carea' id='block_1_53' title="bbox 211 4721 1877 4789">
    <p class='ocr_par' dir='ltr' id='par_1_53' title="bbox 211 4721 1877 4789">
     <span class='ocr_line' id='line_1_53' title="bbox 211 4721 1877 4789; baseline 0.007 -18"><span class='ocrx_word' id='word_1_340' title='bbox 211 4721 365 4773; x_wconf 81' lang='lat' dir='ltr'>solum</span> <span class='ocrx_word' id='word_1_341' title='bbox 397 4721 452 4775; x_wconf 91' lang='lat' dir='ltr'>in</span> <span class='ocrx_word' id='word_1_342' title='bbox 486 4722 726 4789; x_wconf 66' lang='lat' dir='ltr'>caeteris,</span> <span class='ocrx_word' id='word_1_343' title='bbox 760 4724 858 4777; x_wconf 89' lang='lat' dir='ltr'>sed</span> <span class='ocrx_word' id='word_1_344' title='bbox 885 4724 943 4776; x_wconf 89' lang='lat' dir='ltr'>in</span> <span class='ocrx_word' id='word_1_345' title='bbox 978 4725 1298 4778; x_wconf 78' lang='lat' dir='ltr'>auferendis</span> <span class='ocrx_word' id='word_1_346' title='bbox 1339 4727 1509 4780; x_wconf 86' lang='lat' dir='ltr'>etiam</span> <span class='ocrx_word' id='word_1_347' title='bbox 1543 4728 1877 4783; x_wconf 91' lang='lat' dir='ltr'>nominibus</span> 
     </span>
    </p>
   </div>
   <div class='ocr_carea' id='block_1_54' title="bbox 211 4811 1875 4888">
    <p class='ocr_par' dir='ltr' id='par_1_54' title="bbox 211 4811 1875 4888">
     <span class='ocr_line' id='line_1_54' title="bbox 211 4811 1875 4888; baseline 0.007 -28"><span class='ocrx_word' id='word_1_348' title='bbox 211 4823 262 4859; x_wconf 77' lang='lat' dir='ltr'>ex</span> <span class='ocrx_word' id='word_1_349' title='bbox 286 4811 448 4863; x_wconf 88' lang='lat' dir='ltr'>sacris</span> <span class='ocrx_word' id='word_1_350' title='bbox 487 4812 795 4883; x_wconf 74' lang='lat' dir='ltr'>diptychis,</span> <span class='ocrx_word' id='word_1_351' title='bbox 845 4830 973 4883; x_wconf 61' lang='lat' dir='ltr'>quae</span> <span class='ocrx_word' id='word_1_352' title='bbox 1012 4816 1363 4869; x_wconf 85' lang='lat' dir='ltr'>removenda</span> <span class='ocrx_word' id='word_1_353' title='bbox 1393 4817 1641 4871; x_wconf 79' lang='lat' dir='ltr'>maxime</span> <span class='ocrx_word' id='word_1_354' title='bbox 1672 4823 1875 4888; x_wconf 90' lang='lat' dir='ltr'>postu-</span> 
     </span>
    </p>
   </div>
   <div class='ocr_carea' id='block_1_55' title="bbox 212 4894 1875 4961">
    <p class='ocr_par' dir='ltr' id='par_1_55' title="bbox 212 4894 1875 4961">
     <span class='ocr_line' id='line_1_55' title="bbox 212 4894 1875 4961; baseline 0.009 -15"><span class='ocrx_word' id='word_1_355' title='bbox 212 4894 357 4950; x_wconf 81' lang='lat' dir='ltr'>lastis.</span> <span class='ocrx_word' id='word_1_356' title='bbox 405 4900 615 4955; x_wconf 75' lang='lat' dir='ltr'>V’crum</span> <span class='ocrx_word' id='word_1_357' title='bbox 672 4905 965 4957; x_wconf 75' lang='lat' dir='ltr'>nonnullae</span> <span class='ocrx_word' id='word_1_358' title='bbox 1016 4904 1249 4958; x_wconf 84' lang='lat' dir='ltr'>fuerunt</span> <span class='ocrx_word' id='word_1_359' title='bbox 1302 4906 1472 4959; x_wconf 91' lang='lat' dir='ltr'>urbes</span> <span class='ocrx_word' id='word_1_360' title='bbox 1527 4911 1582 4960; x_wconf 91' lang='lat' dir='ltr'>et</span> <span class='ocrx_word' id='word_1_361' title='bbox 1617 4907 1875 4961; x_wconf 69' lang='lat' dir='ltr'>Ecclesia:</span> 
     </span>
    </p>
   </div>
   <div class='ocr_carea' id='block_1_56' title="bbox 212 4983 1871 5064">
    <p class='ocr_par' dir='ltr' id='par_1_56' title="bbox 212 4983 1871 5064">
     <span class='ocr_line' id='line_1_56' title="bbox 212 4983 1871 5064; baseline 0.01 -31"><span class='ocrx_word' id='word_1_362' title='bbox 212 4983 317 5036; x_wconf 86' lang='lat' dir='ltr'>lum&#39;</span> <span class='ocrx_word' id='word_1_363' title='bbox 367 4988 631 5050; x_wconf 80' lang='lat' dir='ltr'>Ponticae,</span> <span class='ocrx_word' id='word_1_364' title='bbox 692 4999 815 5044; x_wconf 90' lang='lat' dir='ltr'>tum</span> <span class='ocrx_word' id='word_1_365' title='bbox 872 4992 1113 5057; x_wconf 69' lang='lat' dir='ltr'>Asianze,</span> <span class='ocrx_word' id='word_1_366' title='bbox 1179 4994 1484 5064; x_wconf 62' lang='lat' dir='ltr'>praecipuae</span> <span class='ocrx_word' id='word_1_367' title='bbox 1534 4995 1871 5062; x_wconf 84' lang='lat' dir='ltr'>Orientales,</span> 
     </span>
    </p>
   </div>
   <div class='ocr_carea' id='block_1_57' title="bbox 213 5078 1875 5151">
    <p class='ocr_par' dir='ltr' id='par_1_57' title="bbox 213 5078 1875 5151">
     <span class='ocr_line' id='line_1_57' title="bbox 213 5078 1875 5151; baseline 0.009 -27"><span class='ocrx_word' id='word_1_368' title='bbox 213 5087 425 5141; x_wconf 82' lang='lat' dir='ltr'>quarum</span> <span class='ocrx_word' id='word_1_369' title='bbox 453 5078 646 5133; x_wconf 89' lang='lat' dir='ltr'>clerici</span> <span class='ocrx_word' id='word_1_370' title='bbox 680 5080 769 5132; x_wconf 90' lang='lat' dir='ltr'>vel</span> <span class='ocrx_word' id='word_1_371' title='bbox 802 5081 1001 5150; x_wconf 91' lang='lat' dir='ltr'>populi</span> <span class='ocrx_word' id='word_1_372' title='bbox 1029 5083 1298 5135; x_wconf 87' lang='lat' dir='ltr'>omnibus</span> <span class='ocrx_word' id='word_1_373' title='bbox 1350 5085 1661 5151; x_wconf 88' lang='lat' dir='ltr'>pertentati</span> <span class='ocrx_word' id='word_1_374' title='bbox 1704 5084 1875 5139; x_wconf 89' lang='lat' dir='ltr'>minis</span> 
     </span>
    </p>
   </div>
   <div class='ocr_carea' id='block_1_58' title="bbox 272 5200 1875 5279">
    <p class='ocr_par' dir='ltr' id='par_1_58' title="bbox 272 5200 1875 5279">
     <span class='ocr_line' id='line_1_58' title="bbox 272 5200 1875 5279; baseline 0.011 -30"><span class='ocrx_word' id='word_1_375' title='bbox 272 5200 509 5279; x_wconf 30' lang='lat' dir='ltr'>(_a)&#39;Cod.</span> <span class='ocrx_word' id='word_1_376' title='bbox 554 5205 683 5279; x_wconf 79' lang='lat' dir='ltr'>Luc.</span> <span class='ocrx_word' id='word_1_377' title='bbox 725 5207 1273 5279; x_wconf 42' lang='grc' dir='ltr'>ηὔλεαιξταίὶεεὶτηο</span> <span class='ocrx_word' id='word_1_378' title='bbox 1302 5226 1372 5263; x_wconf 88' lang='lat' dir='ltr'>ac</span> <span class='ocrx_word' id='word_1_379' title='bbox 1429 5209 1755 5266; x_wconf 70' lang='lat' dir='ltr'>beatissimo</span> <span class='ocrx_word' id='word_1_380' title='bbox 1783 5229 1875 5266; x_wconf 85' lang='lat' dir='ltr'>ar-</span> 
     </span>
    </p>
   </div>
   <div class='ocr_carea' id='block_1_59' title="bbox 215 5274 1873 5350">
    <p class='ocr_par' dir='ltr' id='par_1_59' title="bbox 215 5274 1873 5350">
     <span class='ocr_line' id='line_1_59' title="bbox 215 5274 1873 5350; baseline 0.01 -28"><span class='ocrx_word' id='word_1_381' title='bbox 215 5274 538 5350; x_wconf 55' lang='lat' dir='ltr'>Citiepiscopo</span> <span class='ocrx_word' id='word_1_382' title='bbox 572 5276 738 5330; x_wconf 68' lang='lat' dir='ltr'>alma:</span> <span class='ocrx_word' id='word_1_383' title='bbox 766 5276 921 5331; x_wconf 85' lang='lat' dir='ltr'>urbis</span> <span class='ocrx_word' id='word_1_384' title='bbox 946 5278 1153 5350; x_wconf 72' lang='lat' dir='ltr'>Romae</span> <span class='ocrx_word' id='word_1_385' title='bbox 1173 5296 1240 5334; x_wconf 90' lang='lat' dir='ltr'>ac</span> <span class='ocrx_word' id='word_1_386' title='bbox 1255 5280 1606 5350; x_wconf 61' lang='lat' dir='ltr'>patriarcha</span> <span class='ocrx_word' id='word_1_387' title='bbox 1632 5284 1873 5339; x_wconf 82' lang='lat' dir='ltr'>Hormi-</span> 
     </span>
    </p>
   </div>
   <div class='ocr_carea' id='block_1_60' title="bbox 214 5340 1873 5422">
    <p class='ocr_par' dir='ltr' id='par_1_60' title="bbox 214 5340 1873 5422">
     <span class='ocr_line' id='line_1_60' title="bbox 214 5340 1873 5422; baseline 0.01 -31"><span class='ocrx_word' id='word_1_388' title='bbox 214 5340 323 5394; x_wconf 72' lang='lat' dir='ltr'>sdaz.</span> <span class='ocrx_word' id='word_1_389' title='bbox 374 5340 494 5422; x_wconf 58' lang='lat' dir='ltr'>Haec</span> <span class='ocrx_word' id='word_1_390' title='bbox 541 5352 730 5422; x_wconf 76' lang='lat' dir='ltr'>tamen</span> <span class='ocrx_word' id='word_1_391' title='bbox 787 5347 1083 5422; x_wconf 79' lang='lat' dir='ltr'>Inscriptio</span> <span class='ocrx_word' id='word_1_392' title='bbox 1145 5340 1405 5422; x_wconf 69' lang='lat' dir='ltr'>appbsita</span> <span class='ocrx_word' id='word_1_393' title='bbox 1453 5360 1538 5408; x_wconf 88' lang='lat' dir='ltr'>est</span> <span class='ocrx_word' id='word_1_394' title='bbox 1588 5355 1657 5408; x_wconf 89' lang='lat' dir='ltr'>ab</span> <span class='ocrx_word' id='word_1_395' title='bbox 1699 5357 1873 5409; x_wconf 89' lang='lat' dir='ltr'>altera</span> 
     </span>
    </p>
   </div>
   <div class='ocr_carea' id='block_1_61' title="bbox 218 5417 1874 5538">
    <p class='ocr_par' dir='ltr' id='par_1_61' title="bbox 218 5417 1874 5538">
     <span class='ocr_line' id='line_1_61' title="bbox 218 5417 1874 5538; baseline 0.01 -76"><span class='ocrx_word' id='word_1_396' title='bbox 218 5425 365 5531; x_wconf 45' lang='lat' dir='ltr'>{manu</span> <span class='ocrx_word' id='word_1_397' title='bbox 405 5417 523 5538; x_wconf 53' lang='lat' dir='ltr'>fere:</span> <span class='ocrx_word' id='word_1_398' title='bbox 554 5418 808 5487; x_wconf 86' lang='lat' dir='ltr'>ejusdem</span> <span class='ocrx_word' id='word_1_399' title='bbox 858 5417 1238 5491; x_wconf 68' lang='lat' dir='ltr'>antiquitatis,</span> <span class='ocrx_word' id='word_1_400' title='bbox 1270 5440 1400 5478; x_wconf 90' lang='lat' dir='ltr'>cum</span> <span class='ocrx_word' id='word_1_401' title='bbox 1431 5424 1590 5494; x_wconf 91' lang='lat' dir='ltr'>prius</span> <span class='ocrx_word' id='word_1_402' title='bbox 1636 5430 1781 5480; x_wconf 89' lang='lat' dir='ltr'>esset</span> <span class='ocrx_word' id='word_1_403' title='bbox 1812 5431 1874 5479; x_wconf 89' lang='lat' dir='ltr'>ut</span> 
     </span>
     <span class='ocr_line' id='line_1_62' title="bbox 254 5499 573 5538; baseline 0.022 -6"><span class='ocrx_word' id='word_1_404' title='bbox 254 5499 294 5533; x_wconf 85' lang='lat' dir='ltr'>lC</span> <span class='ocrx_word' id='word_1_405' title='bbox 320 5501 372 5536; x_wconf 84' lang='lat' dir='ltr'>1n</span> <span class='ocrx_word' id='word_1_406' title='bbox 428 5503 489 5538; x_wconf 80' lang='lat' dir='ltr'>ex</span> <span class='ocrx_word' id='word_1_407' title='bbox 522 5504 573 5538; x_wconf 93' lang='lat' dir='ltr'>u.</span> 
     </span>
    </p>
   </div>
   <div class='ocr_carea' id='block_1_62' title="bbox 254 5494 573 5542">
    <p class='ocr_par' dir='ltr' id='par_1_62' title="bbox 254 5494 573 5542">
     <span class='ocr_line' id='line_1_63' title="bbox 254 5494 573 5542; baseline 0.031 -10"><span class='ocrx_word' id='word_1_408' title='bbox 254 5499 294 5533; x_wconf 85' lang='lat' dir='ltr'>lC</span> <span class='ocrx_word' id='word_1_409' title='bbox 320 5501 372 5536; x_wconf 87' lang='lat' dir='ltr'>1n</span> <span class='ocrx_word' id='word_1_410' title='bbox 405 5494 573 5542; x_wconf 82' lang='lat' dir='ltr'>textu.</span> 
     </span>
    </p>
   </div>
   <div class='ocr_carea' id='block_1_63' title="bbox 282 5553 1200 5633">
    <p class='ocr_par' dir='ltr' id='par_1_63' title="bbox 282 5553 1200 5633">
     <span class='ocr_line' id='line_1_64' title="bbox 282 5553 1200 5633; baseline 0.013 -27"><span class='ocrx_word' id='word_1_411' title='bbox 282 5553 343 5633; x_wconf 72' lang='grc' dir='ltr'>(ὁ)</span> <span class='ocrx_word' id='word_1_412' title='bbox 384 5557 531 5633; x_wconf 69' lang='lat' dir='ltr'>idem</span> <span class='ocrx_word' id='word_1_413' title='bbox 561 5561 707 5626; x_wconf 90' lang='lat' dir='ltr'>cod.,</span> <span class='ocrx_word' id='word_1_414' title='bbox 740 5562 1200 5633; x_wconf 69' lang='lat' dir='ltr'>exspectabilem.</span> 
     </span>
    </p>
   </div>
   <div class='ocr_carea' id='block_1_64' title="bbox 281 5628 1125 5698">
    <p class='ocr_par' dir='ltr' id='par_1_64' title="bbox 281 5628 1125 5698">
     <span class='ocr_line' id='line_1_65' title="bbox 281 5628 1125 5698; baseline 0.005 -15"><span class='ocrx_word' id='word_1_415' title='bbox 281 5628 345 5693; x_wconf 80' lang='lat' dir='ltr'>lc)</span> <span class='ocrx_word' id='word_1_416' title='bbox 384 5628 533 5683; x_wconf 83' lang='lat' dir='ltr'>Idem</span> <span class='ocrx_word' id='word_1_417' title='bbox 567 5632 712 5698; x_wconf 89' lang='lat' dir='ltr'>cod.,</span> <span class='ocrx_word' id='word_1_418' title='bbox 746 5628 1125 5691; x_wconf 53' lang='lat' dir='ltr'>certantium.</span> 
     </span>
    </p>
   </div>
   <div class='ocr_carea' id='block_1_65' title="bbox 1981 548 3672 621">
    <p class='ocr_par' dir='ltr' id='par_1_65' title="bbox 1981 548 3672 621">
     <span class='ocr_line' id='line_1_66' title="bbox 1981 548 3672 621; baseline 0.002 -20"><span class='ocrx_word' id='word_1_419' title='bbox 1981 549 2183 601; x_wconf 90' lang='lat' dir='ltr'>tollant</span> <span class='ocrx_word' id='word_1_420' title='bbox 2211 548 2531 601; x_wconf 90' lang='lat' dir='ltr'>antistitum</span> <span class='ocrx_word' id='word_1_421' title='bbox 2570 553 2625 601; x_wconf 91' lang='lat' dir='ltr'>et</span> <span class='ocrx_word' id='word_1_422' title='bbox 2656 549 2936 618; x_wconf 88' lang='lat' dir='ltr'>repellant</span> <span class='ocrx_word' id='word_1_423' title='bbox 2968 550 3203 603; x_wconf 89' lang='lat' dir='ltr'>nomina</span> <span class='ocrx_word' id='word_1_424' title='bbox 3235 566 3483 621; x_wconf 86' lang='lat' dir='ltr'>quorum</span> <span class='ocrx_word' id='word_1_425' title='bbox 3519 551 3672 621; x_wconf 90' lang='lat' dir='ltr'>apud</span> 
     </span>
    </p>
   </div>
   <div class='ocr_carea' id='block_1_66' title="bbox 1982 638 3670 707">
    <p class='ocr_par' dir='ltr' id='par_1_66' title="bbox 1982 638 3670 707">
     <span class='ocr_line' id='line_1_67' title="bbox 1982 638 3670 707; baseline 0.001 -16"><span class='ocrx_word' id='word_1_426' title='bbox 1982 653 2075 691; x_wconf 91' lang='lat' dir='ltr'>eos</span> <span class='ocrx_word' id='word_1_427' title='bbox 2108 638 2303 707; x_wconf 89' lang='lat' dir='ltr'>opinio</span> <span class='ocrx_word' id='word_1_428' title='bbox 2345 638 2555 700; x_wconf 74' lang='lat' dir='ltr'>floruit,</span> <span class='ocrx_word' id='word_1_429' title='bbox 2593 638 2691 691; x_wconf 89' lang='lat' dir='ltr'>sed</span> <span class='ocrx_word' id='word_1_430' title='bbox 2743 643 2923 691; x_wconf 90' lang='lat' dir='ltr'>morte</span> <span class='ocrx_word' id='word_1_431' title='bbox 2969 639 3142 693; x_wconf 90' lang='lat' dir='ltr'>vitam</span> <span class='ocrx_word' id='word_1_432' title='bbox 3188 640 3483 695; x_wconf 88' lang='lat' dir='ltr'>duriorem</span> <span class='ocrx_word' id='word_1_433' title='bbox 3514 641 3670 695; x_wconf 65' lang='lat' dir='ltr'>msti-</span> 
     </span>
    </p>
   </div>
   <div class='ocr_carea' id='block_1_67' title="bbox 1979 728 3669 800">
    <p class='ocr_par' dir='ltr' id='par_1_67' title="bbox 1979 728 3669 800">
     <span class='ocr_line' id='line_1_68' title="bbox 1979 728 3669 800; baseline 0.001 -19"><span class='ocrx_word' id='word_1_434' title='bbox 1979 732 2159 793; x_wconf 90' lang='lat' dir='ltr'>mant,</span> <span class='ocrx_word' id='word_1_435' title='bbox 2213 728 2259 780; x_wconf 92' lang='lat' dir='ltr'>si</span> <span class='ocrx_word' id='word_1_436' title='bbox 2293 732 2547 781; x_wconf 86' lang='lat' dir='ltr'>mortuos</span> <span class='ocrx_word' id='word_1_437' title='bbox 2578 728 3105 796; x_wconf 87' lang='lat' dir='ltr'>condemnaverint,</span> <span class='ocrx_word' id='word_1_438' title='bbox 3160 746 3406 799; x_wconf 91' lang='lat' dir='ltr'>quorum</span> <span class='ocrx_word' id='word_1_439' title='bbox 3456 730 3669 800; x_wconf 87' lang='lat' dir='ltr'>gloria-</span> 
     </span>
    </p>
   </div>
   <div class='ocr_carea' id='block_1_68' title="bbox 1979 817 3673 890">
    <p class='ocr_par' dir='ltr' id='par_1_68' title="bbox 1979 817 3673 890">
     <span class='ocr_line' id='line_1_69' title="bbox 1979 817 3673 890; baseline 0.001 -20"><span class='ocrx_word' id='word_1_440' title='bbox 1979 817 2188 871; x_wconf 87' lang='lat' dir='ltr'>bantur</span> <span class='ocrx_word' id='word_1_441' title='bbox 2213 817 2327 870; x_wconf 88' lang='lat' dir='ltr'>vita</span> <span class='ocrx_word' id='word_1_442' title='bbox 2357 817 2748 886; x_wconf 88' lang='lat' dir='ltr'>superstitum.</span> <span class='ocrx_word' id='word_1_443' title='bbox 2785 818 2925 881; x_wconf 88' lang='lat' dir='ltr'>Quid</span> <span class='ocrx_word' id='word_1_444' title='bbox 2956 819 3132 887; x_wconf 89' lang='lat' dir='ltr'>igitur</span> <span class='ocrx_word' id='word_1_445' title='bbox 3172 818 3447 873; x_wconf 81' lang='lat' dir='ltr'>faciamus</span> <span class='ocrx_word' id='word_1_446' title='bbox 3477 820 3673 890; x_wconf 84' lang='lat' dir='ltr'>hujus-</span> 
     </span>
    </p>
   </div>
   <div class='ocr_carea' id='block_1_69' title="bbox 1979 906 3672 976">
    <p class='ocr_par' dir='ltr' id='par_1_69' title="bbox 1979 906 3672 976">
     <span class='ocr_line' id='line_1_70' title="bbox 1979 906 3672 976; baseline 0.002 -16"><span class='ocrx_word' id='word_1_447' title='bbox 1979 907 2127 960; x_wconf 90' lang='lat' dir='ltr'>modi</span> <span class='ocrx_word' id='word_1_448' title='bbox 2171 906 2523 976; x_wconf 59' lang='lat' dir='ltr'>pertinaciae,</span> <span class='ocrx_word' id='word_1_449' title='bbox 2568 923 2695 976; x_wconf 64' lang='lat' dir='ltr'>quae</span> <span class='ocrx_word' id='word_1_450' title='bbox 2747 923 2849 959; x_wconf 90' lang='lat' dir='ltr'>nec</span> <span class='ocrx_word' id='word_1_451' title='bbox 2882 907 3029 960; x_wconf 90' lang='lat' dir='ltr'>dicto</span> <span class='ocrx_word' id='word_1_452' title='bbox 3080 908 3320 961; x_wconf 89' lang='lat' dir='ltr'>audiens</span> <span class='ocrx_word' id='word_1_453' title='bbox 3364 908 3572 973; x_wconf 87' lang='lat' dir='ltr'>existit,</span> <span class='ocrx_word' id='word_1_454' title='bbox 3616 914 3672 963; x_wconf 91' lang='lat' dir='ltr'>et</span> 
     </span>
    </p>
   </div>
   <div class='ocr_carea' id='block_1_70' title="bbox 1978 994 3672 1066">
    <p class='ocr_par' dir='ltr' id='par_1_70' title="bbox 1978 994 3672 1066">
     <span class='ocr_line' id='line_1_71' title="bbox 1978 994 3672 1066; baseline 0.001 -17"><span class='ocrx_word' id='word_1_455' title='bbox 1978 1000 2265 1049; x_wconf 89' lang='lat' dir='ltr'>tormenta</span> <span class='ocrx_word' id='word_1_456' title='bbox 2300 995 2359 1047; x_wconf 91' lang='lat' dir='ltr'>in</span> <span class='ocrx_word' id='word_1_457' title='bbox 2397 999 2622 1047; x_wconf 90' lang='lat' dir='ltr'>tantum</span> <span class='ocrx_word' id='word_1_458' title='bbox 2659 994 2919 1063; x_wconf 88' lang='lat' dir='ltr'>despicit,</span> <span class='ocrx_word' id='word_1_459' title='bbox 2970 1000 3033 1048; x_wconf 92' lang='lat' dir='ltr'>ut</span> <span class='ocrx_word' id='word_1_460' title='bbox 3062 996 3319 1066; x_wconf 90' lang='lat' dir='ltr'>amplum</span> <span class='ocrx_word' id='word_1_461' title='bbox 3365 996 3472 1049; x_wconf 90' lang='lat' dir='ltr'>sibi</span> <span class='ocrx_word' id='word_1_462' title='bbox 3502 1013 3565 1049; x_wconf 89' lang='lat' dir='ltr'>ac</span> <span class='ocrx_word' id='word_1_463' title='bbox 3594 998 3672 1050; x_wconf 85' lang='lat' dir='ltr'>fe-</span> 
     </span>
    </p>
   </div>
   <div class='ocr_carea' id='block_1_71' title="bbox 1978 1082 3665 1153">
    <p class='ocr_par' dir='ltr' id='par_1_71' title="bbox 1978 1082 3665 1153">
     <span class='ocr_line' id='line_1_72' title="bbox 1978 1082 3665 1153; baseline 0.001 -20"><span class='ocrx_word' id='word_1_464' title='bbox 1978 1083 2182 1134; x_wconf 88' lang='lat' dir='ltr'>stivum</span> <span class='ocrx_word' id='word_1_465' title='bbox 2211 1082 2444 1150; x_wconf 87' lang='lat' dir='ltr'>judicet,</span> <span class='ocrx_word' id='word_1_466' title='bbox 2478 1082 2523 1133; x_wconf 91' lang='lat' dir='ltr'>si</span> <span class='ocrx_word' id='word_1_467' title='bbox 2560 1098 2796 1149; x_wconf 86' lang='lat' dir='ltr'>corpore</span> <span class='ocrx_word' id='word_1_468' title='bbox 2830 1082 2984 1151; x_wconf 90' lang='lat' dir='ltr'>prius</span> <span class='ocrx_word' id='word_1_469' title='bbox 3017 1100 3186 1151; x_wconf 83' lang='lat' dir='ltr'>quam</span> <span class='ocrx_word' id='word_1_470' title='bbox 3220 1083 3487 1153; x_wconf 89' lang='lat' dir='ltr'>religioso</span> <span class='ocrx_word' id='word_1_471' title='bbox 3519 1082 3665 1137; x_wconf 85' lang='lat' dir='ltr'>desi-</span> 
     </span>
    </p>
   </div>
   <div class='ocr_carea' id='block_1_72' title="bbox 1979 1170 3669 1242">
    <p class='ocr_par' dir='ltr' id='par_1_72' title="bbox 1979 1170 3669 1242">
     <span class='ocr_line' id='line_1_73' title="bbox 1979 1170 3669 1242; baseline 0.001 -19"><span class='ocrx_word' id='word_1_472' title='bbox 1979 1174 2088 1224; x_wconf 90' lang='lat' dir='ltr'>stat</span> <span class='ocrx_word' id='word_1_473' title='bbox 2120 1170 2402 1223; x_wconf 85' lang='lat' dir='ltr'>consilio?</span> <span class='ocrx_word' id='word_1_474' title='bbox 2438 1170 2609 1223; x_wconf 83' lang='lat' dir='ltr'>Nobis</span> <span class='ocrx_word' id='word_1_475' title='bbox 2650 1171 2881 1239; x_wconf 90' lang='lat' dir='ltr'>quidem</span> <span class='ocrx_word' id='word_1_476' title='bbox 2915 1171 3134 1224; x_wconf 89' lang='lat' dir='ltr'>videtur</span> <span class='ocrx_word' id='word_1_477' title='bbox 3185 1189 3327 1242; x_wconf 90' lang='lat' dir='ltr'>opus</span> <span class='ocrx_word' id='word_1_478' title='bbox 3368 1189 3485 1225; x_wconf 89' lang='lat' dir='ltr'>esse</span> <span class='ocrx_word' id='word_1_479' title='bbox 3528 1172 3669 1225; x_wconf 88' lang='lat' dir='ltr'>mol-</span> 
     </span>
    </p>
   </div>
   <div class='ocr_carea' id='block_1_73' title="bbox 1979 1259 3667 1329">
    <p class='ocr_par' dir='ltr' id='par_1_73' title="bbox 1979 1259 3667 1329">
     <span class='ocr_line' id='line_1_74' title="bbox 1979 1259 3667 1329; baseline 0.001 -18"><span class='ocrx_word' id='word_1_480' title='bbox 1979 1259 2089 1312; x_wconf 92' lang='lat' dir='ltr'>lius</span> <span class='ocrx_word' id='word_1_481' title='bbox 2120 1259 2325 1329; x_wconf 87' lang='lat' dir='ltr'>agendi</span> <span class='ocrx_word' id='word_1_482' title='bbox 2359 1263 2413 1312; x_wconf 91' lang='lat' dir='ltr'>et</span> <span class='ocrx_word' id='word_1_483' title='bbox 2446 1259 2781 1312; x_wconf 90' lang='lat' dir='ltr'>clementius</span> <span class='ocrx_word' id='word_1_484' title='bbox 2808 1276 2819 1311; x_wconf 93' lang='lat'>:</span> <span class='ocrx_word' id='word_1_485' title='bbox 2856 1276 2981 1329; x_wconf 72' lang='lat' dir='ltr'>quae</span> <span class='ocrx_word' id='word_1_486' title='bbox 3005 1260 3051 1312; x_wconf 91' lang='lat' dir='ltr'>si</span> <span class='ocrx_word' id='word_1_487' title='bbox 3083 1276 3198 1313; x_wconf 91' lang='lat' dir='ltr'>uno</span> <span class='ocrx_word' id='word_1_488' title='bbox 3230 1262 3291 1313; x_wconf 88' lang='lat' dir='ltr'>in</span> <span class='ocrx_word' id='word_1_489' title='bbox 3317 1266 3414 1314; x_wconf 90' lang='lat' dir='ltr'>tua</span> <span class='ocrx_word' id='word_1_490' title='bbox 3442 1261 3519 1329; x_wconf 90' lang='lat' dir='ltr'>(d)</span> <span class='ocrx_word' id='word_1_491' title='bbox 3543 1277 3667 1313; x_wconf 91' lang='lat' dir='ltr'>san-</span> 
     </span>
    </p>
   </div>
   <div class='ocr_carea' id='block_1_74' title="bbox 1978 1349 3664 1419">
    <p class='ocr_par' dir='ltr' id='par_1_74' title="bbox 1978 1349 3664 1419">
     <span class='ocr_line' id='line_1_75' title="bbox 1978 1349 3664 1419; baseline 0.001 -18"><span class='ocrx_word' id='word_1_492' title='bbox 1978 1350 2188 1414; x_wconf 88' lang='lat' dir='ltr'>ctitate,</span> <span class='ocrx_word' id='word_1_493' title='bbox 2216 1350 2336 1419; x_wconf 78' lang='lat' dir='ltr'>jam</span> <span class='ocrx_word' id='word_1_494' title='bbox 2370 1366 2473 1401; x_wconf 90' lang='lat' dir='ltr'>nec</span> <span class='ocrx_word' id='word_1_495' title='bbox 2522 1349 2579 1401; x_wconf 90' lang='lat' dir='ltr'>in</span> <span class='ocrx_word' id='word_1_496' title='bbox 2613 1349 2722 1401; x_wconf 89' lang='lat' dir='ltr'>alio</span> <span class='ocrx_word' id='word_1_497' title='bbox 2773 1353 3044 1419; x_wconf 88' lang='lat' dir='ltr'>poterunt</span> <span class='ocrx_word' id='word_1_498' title='bbox 3095 1350 3358 1417; x_wconf 87' lang='lat' dir='ltr'>inveniri,</span> <span class='ocrx_word' id='word_1_499' title='bbox 3403 1368 3533 1403; x_wconf 88' lang='lat' dir='ltr'>nam</span> <span class='ocrx_word' id='word_1_500' title='bbox 3566 1368 3664 1403; x_wconf 91' lang='lat' dir='ltr'>ne-</span> 
     </span>
    </p>
   </div>
   <div class='ocr_carea' id='block_1_75' title="bbox 1977 1437 3666 1509">
    <p class='ocr_par' dir='ltr' id='par_1_75' title="bbox 1977 1437 3666 1509">
     <span class='ocr_line' id='line_1_76' title="bbox 1977 1437 3666 1509; baseline 0.001 -20"><span class='ocrx_word' id='word_1_501' title='bbox 1977 1454 2088 1507; x_wconf 89' lang='lat' dir='ltr'>que</span> <span class='ocrx_word' id='word_1_502' title='bbox 2120 1437 2415 1506; x_wconf 85' lang='lat' dir='ltr'>sanguinis</span> <span class='ocrx_word' id='word_1_503' title='bbox 2461 1443 2515 1490; x_wconf 91' lang='lat' dir='ltr'>et</span> <span class='ocrx_word' id='word_1_504' title='bbox 2552 1438 2968 1508; x_wconf 88' lang='lat' dir='ltr'>suppliciorum</span> <span class='ocrx_word' id='word_1_505' title='bbox 3020 1440 3213 1508; x_wconf 89' lang='lat' dir='ltr'>cupidi</span> <span class='ocrx_word' id='word_1_506' title='bbox 3248 1440 3423 1509; x_wconf 85' lang='lat' dir='ltr'>(quod</span> <span class='ocrx_word' id='word_1_507' title='bbox 3451 1440 3666 1492; x_wconf 90' lang='lat' dir='ltr'>dictum</span> 
     </span>
    </p>
   </div>
   <div class='ocr_carea' id='block_1_76' title="bbox 1978 1526 3667 1597">
    <p class='ocr_par' dir='ltr' id='par_1_76' title="bbox 1978 1526 3667 1597">
     <span class='ocr_line' id='line_1_77' title="bbox 1978 1526 3667 1597; baseline 0.001 -19"><span class='ocrx_word' id='word_1_508' title='bbox 1978 1526 2149 1579; x_wconf 88' lang='lat' dir='ltr'>etiam</span> <span class='ocrx_word' id='word_1_509' title='bbox 2209 1543 2378 1595; x_wconf 86' lang='lat' dir='ltr'>grave</span> <span class='ocrx_word' id='word_1_510' title='bbox 2430 1526 2532 1597; x_wconf 88' lang='lat' dir='ltr'>est)</span> <span class='ocrx_word' id='word_1_511' title='bbox 2594 1528 2849 1580; x_wconf 90' lang='lat' dir='ltr'>libellum</span> <span class='ocrx_word' id='word_1_512' title='bbox 2916 1530 3291 1597; x_wconf 84' lang='lat' dir='ltr'>suscepimus,</span> <span class='ocrx_word' id='word_1_513' title='bbox 3361 1543 3545 1597; x_wconf 90' lang='lat' dir='ltr'>neque</span> <span class='ocrx_word' id='word_1_514' title='bbox 3603 1532 3667 1580; x_wconf 93' lang='lat' dir='ltr'>ut</span> 
     </span>
    </p>
   </div>
   <div class='ocr_carea' id='block_1_77' title="bbox 1971 1614 3667 1685">
    <p class='ocr_par' dir='ltr' id='par_1_77' title="bbox 1971 1614 3667 1685">
     <span class='ocr_line' id='line_1_78' title="bbox 1971 1614 3667 1685; baseline 0 -16"><span class='ocrx_word' id='word_1_515' title='bbox 1971 1629 2147 1685; x_wconf 87' lang='lat' dir='ltr'>pravo</span> <span class='ocrx_word' id='word_1_516' title='bbox 2189 1616 2517 1669; x_wconf 88' lang='lat' dir='ltr'>discrimine</span> <span class='ocrx_word' id='word_1_517' title='bbox 2572 1622 2908 1669; x_wconf 87' lang='lat' dir='ltr'>remaneant</span> <span class='ocrx_word' id='word_1_518' title='bbox 2962 1617 3289 1685; x_wconf 84' lang='lat' dir='ltr'>imperfecta</span> <span class='ocrx_word' id='word_1_519' title='bbox 3349 1614 3667 1669; x_wconf 67' lang='lat' dir='ltr'>concordiae</span> 
     </span>
    </p>
   </div>
   <div class='ocr_carea' id='block_1_78' title="bbox 1974 1704 3667 1775">
    <p class='ocr_par' dir='ltr' id='par_1_78' title="bbox 1974 1704 3667 1775">
     <span class='ocr_line' id='line_1_79' title="bbox 1974 1704 3667 1775; baseline -0.001 -18"><span class='ocrx_word' id='word_1_520' title='bbox 1974 1704 2277 1771; x_wconf 90' lang='lat' dir='ltr'>desideria,</span> <span class='ocrx_word' id='word_1_521' title='bbox 2329 1706 2423 1759; x_wconf 87' lang='lat' dir='ltr'>sed</span> <span class='ocrx_word' id='word_1_522' title='bbox 2474 1705 2542 1758; x_wconf 89' lang='lat' dir='ltr'>ad</span> <span class='ocrx_word' id='word_1_523' title='bbox 2596 1706 3027 1774; x_wconf 86' lang='lat' dir='ltr'>propagandam</span> <span class='ocrx_word' id='word_1_524' title='bbox 3085 1722 3197 1775; x_wconf 89' lang='lat' dir='ltr'>quo</span> <span class='ocrx_word' id='word_1_525' title='bbox 3246 1720 3549 1775; x_wconf 89' lang='lat' dir='ltr'>possumus</span> <span class='ocrx_word' id='word_1_526' title='bbox 3579 1720 3667 1757; x_wconf 93' lang='lat' dir='ltr'>or-</span> 
     </span>
    </p>
   </div>
   <div class='ocr_carea' id='block_1_79' title="bbox 1977 1793 3665 1863">
    <p class='ocr_par' dir='ltr' id='par_1_79' title="bbox 1977 1793 3665 1863">
     <span class='ocr_line' id='line_1_80' title="bbox 1977 1793 3665 1863; baseline 0 -17"><span class='ocrx_word' id='word_1_527' title='bbox 1977 1793 2107 1846; x_wconf 91' lang='lat' dir='ltr'>dine</span> <span class='ocrx_word' id='word_1_528' title='bbox 2163 1794 2629 1863; x_wconf 88' lang='lat' dir='ltr'>conjunctionem</span> <span class='ocrx_word' id='word_1_529' title='bbox 2690 1795 3083 1847; x_wconf 86' lang='lat' dir='ltr'>membrorum</span> <span class='ocrx_word' id='word_1_530' title='bbox 3140 1794 3416 1847; x_wconf 79' lang='lat' dir='ltr'>Ecclesiae.</span> <span class='ocrx_word' id='word_1_531' title='bbox 3468 1794 3665 1846; x_wconf 85' lang='lat' dir='ltr'>Utrum</span> 
     </span>
    </p>
   </div>
   <div class='ocr_carea' id='block_1_80' title="bbox 1975 1882 3665 1953">
    <p class='ocr_par' dir='ltr' id='par_1_80' title="bbox 1975 1882 3665 1953">
     <span class='ocr_line' id='line_1_81' title="bbox 1975 1882 3665 1953; baseline 0 -18"><span class='ocrx_word' id='word_1_532' title='bbox 1975 1883 2168 1953; x_wconf 90' lang='lat' dir='ltr'>itaque</span> <span class='ocrx_word' id='word_1_533' title='bbox 2227 1884 2590 1952; x_wconf 65' lang='lat' dir='ltr'>praestantius</span> <span class='ocrx_word' id='word_1_534' title='bbox 2653 1884 2758 1936; x_wconf 86' lang='lat' dir='ltr'>erit</span> <span class='ocrx_word' id='word_1_535' title='bbox 2816 1884 3104 1937; x_wconf 89' lang='lat' dir='ltr'>minorum</span> <span class='ocrx_word' id='word_1_536' title='bbox 3156 1882 3339 1953; x_wconf 89' lang='lat' dir='ltr'>gratia</span> <span class='ocrx_word' id='word_1_537' title='bbox 3389 1882 3447 1934; x_wconf 91' lang='lat' dir='ltr'>in</span> <span class='ocrx_word' id='word_1_538' title='bbox 3479 1886 3665 1935; x_wconf 90' lang='lat' dir='ltr'>totum</span> 
     </span>
    </p>
   </div>
   <div class='ocr_carea' id='block_1_81' title="bbox 1977 1972 3667 2042">
    <p class='ocr_par' dir='ltr' id='par_1_81' title="bbox 1977 1972 3667 2042">
     <span class='ocr_line' id='line_1_82' title="bbox 1977 1972 3667 2042; baseline 0 -18"><span class='ocrx_word' id='word_1_539' title='bbox 1977 1988 2094 2024; x_wconf 85' lang='lat' dir='ltr'>esse</span> <span class='ocrx_word' id='word_1_540' title='bbox 2127 1972 2290 2025; x_wconf 88' lang='lat' dir='ltr'>nobis</span> <span class='ocrx_word' id='word_1_541' title='bbox 2345 1975 2413 2037; x_wconf 76' lang='grc' dir='ltr'>(ρ)</span> <span class='ocrx_word' id='word_1_542' title='bbox 2455 1973 2704 2042; x_wconf 82' lang='lat' dir='ltr'>adjectas</span> <span class='ocrx_word' id='word_1_543' title='bbox 2736 1978 2922 2025; x_wconf 87' lang='lat' dir='ltr'>tantas</span> <span class='ocrx_word' id='word_1_544' title='bbox 2959 1972 3381 2039; x_wconf 86' lang='lat' dir='ltr'>multitudines,</span> <span class='ocrx_word' id='word_1_545' title='bbox 3415 1988 3507 2037; x_wconf 90' lang='lat' dir='ltr'>an,</span> <span class='ocrx_word' id='word_1_546' title='bbox 3540 1987 3667 2024; x_wconf 86' lang='lat' dir='ltr'>con-</span> 
     </span>
    </p>
   </div>
   <div class='ocr_carea' id='block_1_82' title="bbox 1976 2060 3666 2130">
    <p class='ocr_par' dir='ltr' id='par_1_82' title="bbox 1976 2060 3666 2130">
     <span class='ocr_line' id='line_1_83' title="bbox 1976 2060 3666 2130; baseline 0 -18"><span class='ocrx_word' id='word_1_547' title='bbox 1976 2060 2145 2113; x_wconf 89' lang='lat' dir='ltr'>cessis</span> <span class='ocrx_word' id='word_1_548' title='bbox 2189 2062 2407 2129; x_wconf 75' lang='lat' dir='ltr'>exiguis</span> <span class='ocrx_word' id='word_1_549' title='bbox 2454 2066 2507 2114; x_wconf 90' lang='lat' dir='ltr'>et</span> <span class='ocrx_word' id='word_1_550' title='bbox 2551 2061 2825 2125; x_wconf 85' lang='lat' dir='ltr'>remissis,</span> <span class='ocrx_word' id='word_1_551' title='bbox 2860 2061 3077 2130; x_wconf 88' lang='lat' dir='ltr'>majora</span> <span class='ocrx_word' id='word_1_552' title='bbox 3131 2066 3187 2113; x_wconf 93' lang='lat' dir='ltr'>et</span> <span class='ocrx_word' id='word_1_553' title='bbox 3241 2060 3398 2113; x_wconf 88' lang='lat' dir='ltr'>omni</span> <span class='ocrx_word' id='word_1_554' title='bbox 3446 2060 3666 2113; x_wconf 90' lang='lat' dir='ltr'>ratione</span> 
     </span>
    </p>
   </div>
   <div class='ocr_carea' id='block_1_83' title="bbox 1978 2148 3663 2219">
    <p class='ocr_par' dir='ltr' id='par_1_83' title="bbox 1978 2148 3663 2219">
     <span class='ocr_line' id='line_1_84' title="bbox 1978 2148 3663 2219; baseline 0 -18"><span class='ocrx_word' id='word_1_555' title='bbox 1978 2150 2287 2219; x_wconf 65' lang='lat' dir='ltr'>quterenda</span> <span class='ocrx_word' id='word_1_556' title='bbox 2319 2150 2547 2219; x_wconf 87' lang='lat' dir='ltr'>corrigi,</span> <span class='ocrx_word' id='word_1_557' title='bbox 2601 2156 2665 2203; x_wconf 91' lang='lat' dir='ltr'>ut</span> <span class='ocrx_word' id='word_1_558' title='bbox 2704 2166 2831 2219; x_wconf 77' lang='lat' dir='ltr'>quae</span> <span class='ocrx_word' id='word_1_559' title='bbox 2884 2166 2997 2202; x_wconf 90' lang='lat' dir='ltr'>non</span> <span class='ocrx_word' id='word_1_560' title='bbox 3032 2148 3190 2201; x_wconf 91' lang='lat' dir='ltr'>licuit</span> <span class='ocrx_word' id='word_1_561' title='bbox 3220 2150 3283 2218; x_wconf 70' lang='grc' dir='ltr'>(Γ)</span> <span class='ocrx_word' id='word_1_562' title='bbox 3314 2165 3418 2219; x_wconf 91' lang='lat' dir='ltr'>per</span> <span class='ocrx_word' id='word_1_563' title='bbox 3449 2149 3663 2214; x_wconf 80' lang='lat' dir='ltr'>omnia,</span> 
     </span>
    </p>
   </div>
   <div class='ocr_carea' id='block_1_84' title="bbox 1976 2238 3666 2309">
    <p class='ocr_par' dir='ltr' id='par_1_84' title="bbox 1976 2238 3666 2309">
     <span class='ocr_line' id='line_1_85' title="bbox 1976 2238 3666 2309; baseline -0.002 -16"><span class='ocrx_word' id='word_1_564' title='bbox 1976 2241 2178 2293; x_wconf 88' lang='lat' dir='ltr'>saltem</span> <span class='ocrx_word' id='word_1_565' title='bbox 2211 2256 2277 2291; x_wconf 84' lang='lat' dir='ltr'>ex</span> <span class='ocrx_word' id='word_1_566' title='bbox 2316 2239 2645 2292; x_wconf 85' lang='lat' dir='ltr'>necessariis</span> <span class='ocrx_word' id='word_1_567' title='bbox 2694 2238 2949 2309; x_wconf 91' lang='lat' dir='ltr'>partibus</span> <span class='ocrx_word' id='word_1_568' title='bbox 3004 2238 3371 2307; x_wconf 86' lang='lat' dir='ltr'>allegentur?</span> <span class='ocrx_word' id='word_1_569' title='bbox 3431 2238 3666 2290; x_wconf 90' lang='lat' dir='ltr'>Veniam</span> 
     </span>
    </p>
   </div>
   <div class='ocr_carea' id='block_1_85' title="bbox 1976 2326 3665 2398">
    <p class='ocr_par' dir='ltr' id='par_1_85' title="bbox 1976 2326 3665 2398">
     <span class='ocr_line' id='line_1_86' title="bbox 1976 2326 3665 2398; baseline -0.001 -18"><span class='ocrx_word' id='word_1_570' title='bbox 1976 2328 2170 2398; x_wconf 87' lang='lat' dir='ltr'>itaque</span> <span class='ocrx_word' id='word_1_571' title='bbox 2194 2328 2495 2381; x_wconf 90' lang='lat' dir='ltr'>nominum</span> <span class='ocrx_word' id='word_1_572' title='bbox 2520 2329 2903 2398; x_wconf 87' lang='lat' dir='ltr'>postulamus,</span> <span class='ocrx_word' id='word_1_573' title='bbox 2927 2343 3044 2381; x_wconf 91' lang='lat' dir='ltr'>non</span> <span class='ocrx_word' id='word_1_574' title='bbox 3073 2327 3278 2393; x_wconf 83' lang='lat' dir='ltr'>Acacii,</span> <span class='ocrx_word' id='word_1_575' title='bbox 3308 2343 3421 2380; x_wconf 91' lang='lat' dir='ltr'>non</span> <span class='ocrx_word' id='word_1_576' title='bbox 3454 2326 3665 2379; x_wconf 89' lang='lat' dir='ltr'>utrius-</span> 
     </span>
    </p>
   </div>
   <div class='ocr_carea' id='block_1_86' title="bbox 1976 2416 3668 2488">
    <p class='ocr_par' dir='ltr' id='par_1_86' title="bbox 1976 2416 3668 2488">
     <span class='ocr_line' id='line_1_87' title="bbox 1976 2416 3668 2488; baseline 0 -19"><span class='ocrx_word' id='word_1_577' title='bbox 1976 2435 2087 2488; x_wconf 90' lang='lat' dir='ltr'>que</span> <span class='ocrx_word' id='word_1_578' title='bbox 2118 2418 2289 2483; x_wconf 84' lang='lat' dir='ltr'>Petri,</span> <span class='ocrx_word' id='word_1_579' title='bbox 2324 2434 2436 2471; x_wconf 92' lang='lat' dir='ltr'>non</span> <span class='ocrx_word' id='word_1_580' title='bbox 2486 2417 2758 2481; x_wconf 91' lang='lat' dir='ltr'>Dioscori,</span> <span class='ocrx_word' id='word_1_581' title='bbox 2802 2418 2887 2469; x_wconf 91' lang='lat' dir='ltr'>vel</span> <span class='ocrx_word' id='word_1_582' title='bbox 2927 2416 3231 2482; x_wconf 90' lang='lat' dir='ltr'>Timothei,</span> <span class='ocrx_word' id='word_1_583' title='bbox 3273 2431 3518 2487; x_wconf 91' lang='lat' dir='ltr'>quorum</span> <span class='ocrx_word' id='word_1_584' title='bbox 3574 2432 3668 2469; x_wconf 89' lang='lat' dir='ltr'>vo-</span> 
     </span>
    </p>
   </div>
   <div class='ocr_carea' id='block_1_87' title="bbox 1976 2505 3667 2576">
    <p class='ocr_par' dir='ltr' id='par_1_87' title="bbox 1976 2505 3667 2576">
     <span class='ocr_line' id='line_1_88' title="bbox 1976 2505 3667 2576; baseline -0.001 -16"><span class='ocrx_word' id='word_1_585' title='bbox 1976 2508 2175 2560; x_wconf 90' lang='lat' dir='ltr'>cabula</span> <span class='ocrx_word' id='word_1_586' title='bbox 2210 2507 2282 2559; x_wconf 89' lang='lat' dir='ltr'>ad</span> <span class='ocrx_word' id='word_1_587' title='bbox 2312 2522 2415 2559; x_wconf 89' lang='lat' dir='ltr'>nos</span> <span class='ocrx_word' id='word_1_588' title='bbox 2448 2507 2594 2559; x_wconf 84' lang='lat' dir='ltr'>datae</span> <span class='ocrx_word' id='word_1_589' title='bbox 2632 2510 2742 2559; x_wconf 72' lang='lat' dir='ltr'>tuae</span> <span class='ocrx_word' id='word_1_590' title='bbox 2786 2506 3101 2560; x_wconf 87' lang='lat' dir='ltr'>sanctitatis</span> <span class='ocrx_word' id='word_1_591' title='bbox 3133 2505 3383 2576; x_wconf 55' lang='lat' dir='ltr'>epistola</span> <span class='ocrx_word' id='word_1_592' title='bbox 3409 2505 3667 2560; x_wconf 90' lang='lat' dir='ltr'>contine-</span> 
     </span>
    </p>
   </div>
   <div class='ocr_carea' id='block_1_88' title="bbox 1974 2594 3663 2665">
    <p class='ocr_par' dir='ltr' id='par_1_88' title="bbox 1974 2594 3663 2665">
     <span class='ocr_line' id='line_1_89' title="bbox 1974 2594 3663 2665; baseline 0 -17"><span class='ocrx_word' id='word_1_593' title='bbox 1974 2595 2132 2661; x_wconf 91' lang='lat' dir='ltr'>bant,</span> <span class='ocrx_word' id='word_1_594' title='bbox 2169 2596 2261 2648; x_wconf 91' lang='lat' dir='ltr'>sed</span> <span class='ocrx_word' id='word_1_595' title='bbox 2296 2612 2435 2665; x_wconf 90' lang='lat' dir='ltr'>quos</span> <span class='ocrx_word' id='word_1_596' title='bbox 2466 2595 2526 2648; x_wconf 91' lang='lat' dir='ltr'>in</span> <span class='ocrx_word' id='word_1_597' title='bbox 2557 2594 2682 2647; x_wconf 89' lang='lat' dir='ltr'>aliis</span> <span class='ocrx_word' id='word_1_598' title='bbox 2725 2596 3032 2649; x_wconf 83' lang='lat' dir='ltr'>celebravit</span> <span class='ocrx_word' id='word_1_599' title='bbox 3074 2594 3395 2649; x_wconf 90' lang='lat' dir='ltr'>civitatibus</span> <span class='ocrx_word' id='word_1_600' title='bbox 3439 2594 3663 2665; x_wconf 89' lang='lat' dir='ltr'>episco-</span> 
     </span>
    </p>
   </div>
   <div class='ocr_carea' id='block_1_89' title="bbox 1974 2684 3668 2755">
    <p class='ocr_par' dir='ltr' id='par_1_89' title="bbox 1974 2684 3668 2755">
     <span class='ocr_line' id='line_1_90' title="bbox 1974 2684 3668 2755; baseline 0 -18"><span class='ocrx_word' id='word_1_601' title='bbox 1974 2684 2120 2754; x_wconf 90' lang='lat' dir='ltr'>palis</span> <span class='ocrx_word' id='word_1_602' title='bbox 2156 2684 2491 2748; x_wconf 89' lang='lat' dir='ltr'>reverentia,</span> <span class='ocrx_word' id='word_1_603' title='bbox 2530 2689 2583 2736; x_wconf 90' lang='lat' dir='ltr'>et</span> <span class='ocrx_word' id='word_1_604' title='bbox 2613 2684 2720 2737; x_wconf 92' lang='lat' dir='ltr'>hoc</span> <span class='ocrx_word' id='word_1_605' title='bbox 2770 2684 3015 2755; x_wconf 83' lang='lat' dir='ltr'>exceptis</span> <span class='ocrx_word' id='word_1_606' title='bbox 3046 2684 3306 2750; x_wconf 88' lang='lat' dir='ltr'>urbibus,</span> <span class='ocrx_word' id='word_1_607' title='bbox 3340 2684 3437 2738; x_wconf 88' lang='lat' dir='ltr'>ubi</span> <span class='ocrx_word' id='word_1_608' title='bbox 3466 2689 3668 2738; x_wconf 78' lang='lat' dir='ltr'>vestrae</span> 
     </span>
    </p>
   </div>
   <div class='ocr_carea' id='block_1_90' title="bbox 1975 2773 3662 2843">
    <p class='ocr_par' dir='ltr' id='par_1_90' title="bbox 1975 2773 3662 2843">
     <span class='ocr_line' id='line_1_91' title="bbox 1975 2773 3662 2843; baseline -0.001 -16"><span class='ocrx_word' id='word_1_609' title='bbox 1975 2773 2348 2827; x_wconf 89' lang='lat' dir='ltr'>beatitudinis</span> <span class='ocrx_word' id='word_1_610' title='bbox 2404 2773 2626 2825; x_wconf 90' lang='lat' dir='ltr'>libellus</span> <span class='ocrx_word' id='word_1_611' title='bbox 2669 2775 2789 2842; x_wconf 86' lang='lat' dir='ltr'>jam</span> <span class='ocrx_word' id='word_1_612' title='bbox 2824 2774 2884 2827; x_wconf 91' lang='lat' dir='ltr'>in</span> <span class='ocrx_word' id='word_1_613' title='bbox 2929 2775 3167 2843; x_wconf 90' lang='lat' dir='ltr'>plenum</span> <span class='ocrx_word' id='word_1_614' title='bbox 3220 2773 3502 2826; x_wconf 89' lang='lat' dir='ltr'>admissus</span> <span class='ocrx_word' id='word_1_615' title='bbox 3560 2776 3662 2838; x_wconf 90' lang='lat' dir='ltr'>est,</span> 
     </span>
    </p>
   </div>
   <div class='ocr_carea' id='block_1_91' title="bbox 1975 2861 3663 2932">
    <p class='ocr_par' dir='ltr' id='par_1_91' title="bbox 1975 2861 3663 2932">
     <span class='ocr_line' id='line_1_92' title="bbox 1975 2861 3663 2932; baseline -0.001 -16"><span class='ocrx_word' id='word_1_616' title='bbox 1975 2863 2084 2916; x_wconf 75' lang='lat' dir='ltr'>nisi</span> <span class='ocrx_word' id='word_1_617' title='bbox 2112 2863 2256 2915; x_wconf 84' lang='lat' dir='ltr'>lianc</span> <span class='ocrx_word' id='word_1_618' title='bbox 2294 2878 2525 2932; x_wconf 90' lang='lat' dir='ltr'>quoque</span> <span class='ocrx_word' id='word_1_619' title='bbox 2556 2868 2779 2931; x_wconf 86' lang='lat' dir='ltr'>partem</span> <span class='ocrx_word' id='word_1_620' title='bbox 2826 2862 3226 2915; x_wconf 89' lang='lat' dir='ltr'>benevolentia</span> <span class='ocrx_word' id='word_1_621' title='bbox 3278 2861 3539 2915; x_wconf 87' lang='lat' dir='ltr'>statuerit</span> <span class='ocrx_word' id='word_1_622' title='bbox 3569 2878 3663 2914; x_wconf 88' lang='lat' dir='ltr'>ve-</span> 
     </span>
    </p>
   </div>
   <div class='ocr_carea' id='block_1_92' title="bbox 1976 2949 3668 3021">
    <p class='ocr_par' dir='ltr' id='par_1_92' title="bbox 1976 2949 3668 3021">
     <span class='ocr_line' id='line_1_93' title="bbox 1976 2949 3668 3021; baseline 0 -18"><span class='ocrx_word' id='word_1_623' title='bbox 1976 2956 2089 3004; x_wconf 90' lang='lat' dir='ltr'>stra</span> <span class='ocrx_word' id='word_1_624' title='bbox 2120 2950 2317 3004; x_wconf 89' lang='lat' dir='ltr'>mitius</span> <span class='ocrx_word' id='word_1_625' title='bbox 2366 2950 2781 3019; x_wconf 80' lang='lat' dir='ltr'>corrigendam.</span> <span class='ocrx_word' id='word_1_626' title='bbox 2818 2950 3023 3003; x_wconf 87' lang='lat' dir='ltr'>Verum</span> <span class='ocrx_word' id='word_1_627' title='bbox 3073 2967 3177 3003; x_wconf 92' lang='lat' dir='ltr'>nec</span> <span class='ocrx_word' id='word_1_628' title='bbox 3203 2950 3417 3019; x_wconf 87' lang='lat' dir='ltr'>judicio</span> <span class='ocrx_word' id='word_1_629' title='bbox 3466 2949 3551 3021; x_wconf 84' lang='lat' dir='ltr'>(g)</span> <span class='ocrx_word' id='word_1_630' title='bbox 3582 2966 3668 3003; x_wconf 90' lang='lat' dir='ltr'>ca-</span> 
     </span>
    </p>
   </div>
   <div class='ocr_carea' id='block_1_93' title="bbox 1975 3037 3667 3108">
    <p class='ocr_par' dir='ltr' id='par_1_93' title="bbox 1975 3037 3667 3108">
     <span class='ocr_line' id='line_1_94' title="bbox 1975 3037 3667 3108; baseline -0.001 -15"><span class='ocrx_word' id='word_1_631' title='bbox 1975 3045 2062 3093; x_wconf 87' lang='lat' dir='ltr'>ret</span> <span class='ocrx_word' id='word_1_632' title='bbox 2093 3040 2239 3092; x_wconf 86' lang='lat' dir='ltr'>sedis</span> <span class='ocrx_word' id='word_1_633' title='bbox 2271 3038 2615 3108; x_wconf 68' lang='lat' dir='ltr'>apostolicaa,</span> <span class='ocrx_word' id='word_1_634' title='bbox 2646 3042 2709 3090; x_wconf 91' lang='lat' dir='ltr'>ut</span> <span class='ocrx_word' id='word_1_635' title='bbox 2741 3054 2859 3090; x_wconf 91' lang='lat' dir='ltr'>non</span> <span class='ocrx_word' id='word_1_636' title='bbox 2906 3038 3089 3107; x_wconf 88' lang='lat' dir='ltr'>magis</span> <span class='ocrx_word' id='word_1_637' title='bbox 3119 3038 3285 3091; x_wconf 91' lang='lat' dir='ltr'>venia</span> <span class='ocrx_word' id='word_1_638' title='bbox 3324 3037 3563 3091; x_wconf 90' lang='lat' dir='ltr'>dicenda</span> <span class='ocrx_word' id='word_1_639' title='bbox 3594 3038 3667 3091; x_wconf 89' lang='lat' dir='ltr'>sit</span> 
     </span>
    </p>
   </div>
   <div class='ocr_carea' id='block_1_94' title="bbox 1978 3126 3666 3199">
    <p class='ocr_par' dir='ltr' id='par_1_94' title="bbox 1978 3126 3666 3199">
     <span class='ocr_line' id='line_1_95' title="bbox 1978 3126 3666 3199; baseline 0 -18"><span class='ocrx_word' id='word_1_640' title='bbox 1978 3146 2151 3199; x_wconf 85' lang='lat' dir='ltr'>quam</span> <span class='ocrx_word' id='word_1_641' title='bbox 2205 3128 2517 3181; x_wconf 86' lang='lat' dir='ltr'>deliberata</span> <span class='ocrx_word' id='word_1_642' title='bbox 2567 3128 2687 3196; x_wconf 88' lang='lat' dir='ltr'>jam</span> <span class='ocrx_word' id='word_1_643' title='bbox 2718 3142 2779 3179; x_wconf 92' lang='lat' dir='ltr'>ac</span> <span class='ocrx_word' id='word_1_644' title='bbox 2826 3131 3122 3197; x_wconf 89' lang='lat' dir='ltr'>perspecta</span> <span class='ocrx_word' id='word_1_645' title='bbox 3182 3126 3471 3180; x_wconf 82' lang='lat' dir='ltr'>difﬁnitio.</span> <span class='ocrx_word' id='word_1_646' title='bbox 3521 3132 3666 3182; x_wconf 85' lang='lat' dir='ltr'>Ana-</span> 
     </span>
    </p>
   </div>
   <div class='ocr_carea' id='block_1_95' title="bbox 1977 3215 3666 3287">
    <p class='ocr_par' dir='ltr' id='par_1_95' title="bbox 1977 3215 3666 3287">
     <span class='ocr_line' id='line_1_96' title="bbox 1977 3215 3666 3287; baseline -0.001 -17"><span class='ocrx_word' id='word_1_647' title='bbox 1977 3218 2180 3271; x_wconf 88' lang='lat' dir='ltr'>stasius</span> <span class='ocrx_word' id='word_1_648' title='bbox 2227 3218 2459 3287; x_wconf 90' lang='lat' dir='ltr'>quidem</span> <span class='ocrx_word' id='word_1_649' title='bbox 2508 3215 2953 3285; x_wconf 86' lang='lat' dir='ltr'>religiosissimae</span> <span class='ocrx_word' id='word_1_650' title='bbox 2996 3216 3289 3269; x_wconf 84' lang='lat' dir='ltr'>memoriae</span> <span class='ocrx_word' id='word_1_651' title='bbox 3322 3220 3521 3269; x_wconf 73' lang='lat' dir='ltr'>vestrae</span> <span class='ocrx_word' id='word_1_652' title='bbox 3552 3217 3666 3270; x_wconf 87' lang='lat' dir='ltr'>cul-</span> 
     </span>
    </p>
   </div>
   <div class='ocr_carea' id='block_1_96' title="bbox 1978 3304 3670 3375">
    <p class='ocr_par' dir='ltr' id='par_1_96' title="bbox 1978 3304 3670 3375">
     <span class='ocr_line' id='line_1_97' title="bbox 1978 3304 3670 3375; baseline -0.002 -14"><span class='ocrx_word' id='word_1_653' title='bbox 1978 3324 2111 3361; x_wconf 87' lang='lat' dir='ltr'>men</span> <span class='ocrx_word' id='word_1_654' title='bbox 2154 3306 2413 3359; x_wconf 71' lang='lat' dir='ltr'>Ecclesim</span> <span class='ocrx_word' id='word_1_655' title='bbox 2460 3305 2652 3374; x_wconf 87' lang='lat' dir='ltr'>palam</span> <span class='ocrx_word' id='word_1_656' title='bbox 2687 3309 2996 3375; x_wconf 76' lang='lat' dir='ltr'>aperteque</span> <span class='ocrx_word' id='word_1_657' title='bbox 3039 3304 3349 3370; x_wconf 89' lang='lat' dir='ltr'>constituit,</span> <span class='ocrx_word' id='word_1_658' title='bbox 3399 3320 3528 3358; x_wconf 91' lang='lat' dir='ltr'>cum</span> <span class='ocrx_word' id='word_1_659' title='bbox 3559 3306 3670 3358; x_wconf 88' lang='lat' dir='ltr'>hoc</span> 
     </span>
    </p>
   </div>
   <div class='ocr_carea' id='block_1_97' title="bbox 1980 3393 3668 3464">
    <p class='ocr_par' dir='ltr' id='par_1_97' title="bbox 1980 3393 3668 3464">
     <span class='ocr_line' id='line_1_98' title="bbox 1980 3393 3668 3464; baseline -0.002 -14"><span class='ocrx_word' id='word_1_660' title='bbox 1980 3398 2131 3451; x_wconf 92' lang='lat' dir='ltr'>idem</span> <span class='ocrx_word' id='word_1_661' title='bbox 2185 3395 2455 3448; x_wconf 88' lang='lat' dir='ltr'>scriberet</span> <span class='ocrx_word' id='word_1_662' title='bbox 2504 3393 2801 3463; x_wconf 87' lang='lat' dir='ltr'>negotium</span> <span class='ocrx_word' id='word_1_663' title='bbox 2849 3393 3255 3464; x_wconf 61' lang='lat' dir='ltr'>praedecessori</span> <span class='ocrx_word' id='word_1_664' title='bbox 3284 3399 3503 3460; x_wconf 89' lang='lat' dir='ltr'>nostro,</span> <span class='ocrx_word' id='word_1_665' title='bbox 3532 3394 3668 3448; x_wconf 89' lang='lat' dir='ltr'>satis</span> 
     </span>
    </p>
   </div>
   <div class='ocr_carea' id='block_1_98' title="bbox 1979 3482 3672 3556">
    <p class='ocr_par' dir='ltr' id='par_1_98' title="bbox 1979 3482 3672 3556">
     <span class='ocr_line' id='line_1_99' title="bbox 1979 3482 3672 3556; baseline -0.001 -17"><span class='ocrx_word' id='word_1_666' title='bbox 1979 3503 2098 3540; x_wconf 87' lang='lat' dir='ltr'>esse</span> <span class='ocrx_word' id='word_1_667' title='bbox 2130 3501 2330 3556; x_wconf 89' lang='lat' dir='ltr'>pacem</span> <span class='ocrx_word' id='word_1_668' title='bbox 2362 3482 2783 3549; x_wconf 76' lang='lat' dir='ltr'>aﬁ&#39;ectantibus,</span> <span class='ocrx_word' id='word_1_669' title='bbox 2835 3484 2881 3535; x_wconf 88' lang='lat' dir='ltr'>si</span> <span class='ocrx_word' id='word_1_670' title='bbox 2914 3500 3127 3536; x_wconf 90' lang='lat' dir='ltr'>nomen</span> <span class='ocrx_word' id='word_1_671' title='bbox 3170 3488 3397 3537; x_wconf 91' lang='lat' dir='ltr'>tantum</span> <span class='ocrx_word' id='word_1_672' title='bbox 3439 3484 3672 3538; x_wconf 88' lang='lat' dir='ltr'>reticea-</span> 
     </span>
    </p>
   </div>
   <div class='ocr_carea' id='block_1_99' title="bbox 1978 3573 3669 3643">
    <p class='ocr_par' dir='ltr' id='par_1_99' title="bbox 1978 3573 3669 3643">
     <span class='ocr_line' id='line_1_100' title="bbox 1978 3573 3669 3643; baseline -0.001 -13"><span class='ocrx_word' id='word_1_673' title='bbox 1978 3582 2072 3631; x_wconf 91' lang='lat' dir='ltr'>tur</span> <span class='ocrx_word' id='word_1_674' title='bbox 2102 3574 2303 3629; x_wconf 80' lang='lat' dir='ltr'>Acacii.</span> <span class='ocrx_word' id='word_1_675' title='bbox 2346 3575 2491 3643; x_wconf 90' lang='lat' dir='ltr'>Ergo</span> <span class='ocrx_word' id='word_1_676' title='bbox 2534 3574 2728 3643; x_wconf 88' lang='lat' dir='ltr'>priora</span> <span class='ocrx_word' id='word_1_677' title='bbox 2774 3578 2975 3627; x_wconf 86' lang='lat' dir='ltr'>vestrae</span> <span class='ocrx_word' id='word_1_678' title='bbox 3023 3573 3168 3627; x_wconf 91' lang='lat' dir='ltr'>sedis</span> <span class='ocrx_word' id='word_1_679' title='bbox 3224 3573 3528 3628; x_wconf 87' lang='lat' dir='ltr'>constituta</span> <span class='ocrx_word' id='word_1_680' title='bbox 3581 3592 3669 3628; x_wconf 86' lang='lat' dir='ltr'>se-</span> 
     </span>
    </p>
   </div>
   <div class='ocr_carea' id='block_1_100' title="bbox 1978 3662 3669 3736">
    <p class='ocr_par' dir='ltr' id='par_1_100' title="bbox 1978 3662 3669 3736">
     <span class='ocr_line' id='line_1_101' title="bbox 1978 3662 3669 3736; baseline 0 -19"><span class='ocrx_word' id='word_1_681' title='bbox 1978 3665 2175 3736; x_wconf 90' lang='lat' dir='ltr'>quitur</span> <span class='ocrx_word' id='word_1_682' title='bbox 2223 3663 2320 3734; x_wconf 91' lang='lat' dir='ltr'>qui</span> <span class='ocrx_word' id='word_1_683' title='bbox 2350 3679 2467 3715; x_wconf 91' lang='lat' dir='ltr'>non</span> <span class='ocrx_word' id='word_1_684' title='bbox 2504 3679 2703 3715; x_wconf 90' lang='lat' dir='ltr'>omnes</span> <span class='ocrx_word' id='word_1_685' title='bbox 2746 3662 3051 3716; x_wconf 90' lang='lat' dir='ltr'>memorias</span> <span class='ocrx_word' id='word_1_686' title='bbox 3099 3668 3463 3717; x_wconf 90' lang='lat' dir='ltr'>mortuorum</span> <span class='ocrx_word' id='word_1_687' title='bbox 3507 3663 3669 3732; x_wconf 89' lang='lat' dir='ltr'>judi-</span> 
     </span>
    </p>
   </div>
   <div class='ocr_carea' id='block_1_101' title="bbox 1979 3752 3670 3823">
    <p class='ocr_par' dir='ltr' id='par_1_101' title="bbox 1979 3752 3670 3823">
     <span class='ocr_line' id='line_1_102' title="bbox 1979 3752 3670 3823; baseline -0.001 -16"><span class='ocrx_word' id='word_1_688' title='bbox 1979 3759 2065 3807; x_wconf 89' lang='lat' dir='ltr'>cat</span> <span class='ocrx_word' id='word_1_689' title='bbox 2108 3752 2578 3817; x_wconf 87' lang='lat' dir='ltr'>contemnendas,</span> <span class='ocrx_word' id='word_1_690' title='bbox 2622 3757 2684 3805; x_wconf 90' lang='lat' dir='ltr'>ut</span> <span class='ocrx_word' id='word_1_691' title='bbox 2718 3752 3025 3823; x_wconf 85' lang='lat' dir='ltr'>indignum</span> <span class='ocrx_word' id='word_1_692' title='bbox 3059 3752 3336 3805; x_wconf 89' lang='lat' dir='ltr'>habeatur</span> <span class='ocrx_word' id='word_1_693' title='bbox 3384 3758 3439 3805; x_wconf 92' lang='lat' dir='ltr'>et</span> <span class='ocrx_word' id='word_1_694' title='bbox 3467 3752 3670 3805; x_wconf 90' lang='lat' dir='ltr'>incon-</span> 
     </span>
    </p>
   </div>
   <div class='ocr_carea' id='block_1_102' title="bbox 1980 3839 3671 3911">
    <p class='ocr_par' dir='ltr' id='par_1_102' title="bbox 1980 3839 3671 3911">
     <span class='ocr_line' id='line_1_103' title="bbox 1980 3839 3671 3911; baseline 0 -18"><span class='ocrx_word' id='word_1_695' title='bbox 1980 3856 2207 3911; x_wconf 90' lang='lat' dir='ltr'>gruum,</span> <span class='ocrx_word' id='word_1_696' title='bbox 2238 3839 2283 3891; x_wconf 88' lang='lat' dir='ltr'>si</span> <span class='ocrx_word' id='word_1_697' title='bbox 2310 3853 2427 3891; x_wconf 88' lang='lat' dir='ltr'>non</span> <span class='ocrx_word' id='word_1_698' title='bbox 2468 3839 2747 3908; x_wconf 90' lang='lat' dir='ltr'>placidior</span> <span class='ocrx_word' id='word_1_699' title='bbox 2794 3840 3061 3894; x_wconf 90' lang='lat' dir='ltr'>omnibus</span> <span class='ocrx_word' id='word_1_700' title='bbox 3092 3856 3209 3892; x_wconf 90' lang='lat' dir='ltr'>non</span> <span class='ocrx_word' id='word_1_701' title='bbox 3253 3841 3439 3892; x_wconf 90' lang='lat' dir='ltr'>solum</span> <span class='ocrx_word' id='word_1_702' title='bbox 3472 3840 3671 3893; x_wconf 86' lang='lat' dir='ltr'>defun-</span> 
     </span>
    </p>
   </div>
   <div class='ocr_carea' id='block_1_103' title="bbox 1980 3928 3669 3998">
    <p class='ocr_par' dir='ltr' id='par_1_103' title="bbox 1980 3928 3669 3998">
     <span class='ocr_line' id='line_1_104' title="bbox 1980 3928 3669 3998; baseline -0.001 -14"><span class='ocrx_word' id='word_1_703' title='bbox 1980 3930 2099 3991; x_wconf 89' lang='lat' dir='ltr'>ctis,</span> <span class='ocrx_word' id='word_1_704' title='bbox 2162 3928 2259 3981; x_wconf 91' lang='lat' dir='ltr'>sed</span> <span class='ocrx_word' id='word_1_705' title='bbox 2308 3928 2477 3981; x_wconf 90' lang='lat' dir='ltr'>etiam</span> <span class='ocrx_word' id='word_1_706' title='bbox 2546 3929 2946 3997; x_wconf 80' lang='lat' dir='ltr'>superstitibus</span> <span class='ocrx_word' id='word_1_707' title='bbox 3004 3934 3190 3982; x_wconf 86' lang='lat' dir='ltr'>vestra</span> <span class='ocrx_word' id='word_1_708' title='bbox 3237 3929 3563 3998; x_wconf 88' lang='lat' dir='ltr'>divulgetur</span> <span class='ocrx_word' id='word_1_709' title='bbox 3610 3930 3669 3982; x_wconf 92' lang='lat' dir='ltr'>in</span> 
     </span>
    </p>
   </div>
   <div class='ocr_carea' id='block_1_104' title="bbox 1982 4017 3669 4088">
    <p class='ocr_par' dir='ltr' id='par_1_104' title="bbox 1982 4017 3669 4088">
     <span class='ocr_line' id='line_1_105' title="bbox 1982 4017 3669 4088; baseline -0.001 -16"><span class='ocrx_word' id='word_1_710' title='bbox 1982 4017 2140 4072; x_wconf 91' lang='lat' dir='ltr'>omni</span> <span class='ocrx_word' id='word_1_711' title='bbox 2171 4018 2285 4070; x_wconf 89' lang='lat' dir='ltr'>ﬁne</span> <span class='ocrx_word' id='word_1_712' title='bbox 2334 4022 2619 4070; x_wconf 87' lang='lat' dir='ltr'>terrarum</span> <span class='ocrx_word' id='word_1_713' title='bbox 2650 4018 2874 4071; x_wconf 63' lang='lat' dir='ltr'>leuitas.</span> <span class='ocrx_word' id='word_1_714' title='bbox 2912 4019 2975 4071; x_wconf 88' lang='lat' dir='ltr'>Et</span> <span class='ocrx_word' id='word_1_715' title='bbox 3023 4019 3131 4072; x_wconf 88' lang='lat' dir='ltr'>hoc</span> <span class='ocrx_word' id='word_1_716' title='bbox 3158 4018 3395 4088; x_wconf 91' lang='lat' dir='ltr'>quidem</span> <span class='ocrx_word' id='word_1_717' title='bbox 3421 4034 3537 4071; x_wconf 92' lang='lat' dir='ltr'>non</span> <span class='ocrx_word' id='word_1_718' title='bbox 3569 4018 3669 4071; x_wconf 88' lang='lat' dir='ltr'>du-</span> 
     </span>
    </p>
   </div>
   <div class='ocr_carea' id='block_1_105' title="bbox 1979 4104 3669 4175">
    <p class='ocr_par' dir='ltr' id='par_1_105' title="bbox 1979 4104 3669 4175">
     <span class='ocr_line' id='line_1_106' title="bbox 1979 4104 3669 4175; baseline 0 -15"><span class='ocrx_word' id='word_1_719' title='bbox 1979 4106 2349 4161; x_wconf 84' lang='lat' dir='ltr'>bitaverimus</span> <span class='ocrx_word' id='word_1_720' title='bbox 2380 4104 2457 4157; x_wconf 87' lang='lat' dir='ltr'>ita</span> <span class='ocrx_word' id='word_1_721' title='bbox 2486 4105 2800 4173; x_wconf 60' lang='lat' dir='ltr'>gratiosum</span> <span class='ocrx_word' id='word_1_722' title='bbox 2826 4106 2987 4159; x_wconf 88' lang='lat' dir='ltr'>vobis</span> <span class='ocrx_word' id='word_1_723' title='bbox 3018 4107 3296 4171; x_wconf 83' lang='lat' dir='ltr'>futurum,</span> <span class='ocrx_word' id='word_1_724' title='bbox 3339 4111 3404 4159; x_wconf 88' lang='lat' dir='ltr'>ut</span> <span class='ocrx_word' id='word_1_725' title='bbox 3432 4107 3669 4175; x_wconf 86' lang='lat' dir='ltr'>paciﬁco</span> 
     </span>
    </p>
   </div>
   <div class='ocr_carea' id='block_1_106' title="bbox 1981 4195 3673 4263">
    <p class='ocr_par' dir='ltr' id='par_1_106' title="bbox 1981 4195 3673 4263">
     <span class='ocr_line' id='line_1_107' title="bbox 1981 4195 3673 4263; baseline -0.001 -14"><span class='ocrx_word' id='word_1_726' title='bbox 1981 4196 2171 4250; x_wconf 89' lang='lat' dir='ltr'>statim</span> <span class='ocrx_word' id='word_1_727' title='bbox 2233 4210 2506 4263; x_wconf 87' lang='lat' dir='ltr'>responso</span> <span class='ocrx_word' id='word_1_728' title='bbox 2566 4196 2751 4247; x_wconf 65' lang='lat' dir='ltr'>laetior</span> <span class='ocrx_word' id='word_1_729' title='bbox 2810 4196 3060 4249; x_wconf 90' lang='lat' dir='ltr'>mundus</span> <span class='ocrx_word' id='word_1_730' title='bbox 3106 4196 3394 4249; x_wconf 86' lang='lat' dir='ltr'>reddatur.</span> <span class='ocrx_word' id='word_1_731' title='bbox 3444 4195 3673 4248; x_wconf 83' lang='lat' dir='ltr'>Retinet</span> 
     </span>
    </p>
   </div>
   <div class='ocr_carea' id='block_1_107' title="bbox 1982 4281 3671 4353">
    <p class='ocr_par' dir='ltr' id='par_1_107' title="bbox 1982 4281 3671 4353">
     <span class='ocr_line' id='line_1_108' title="bbox 1982 4281 3671 4353; baseline -0.001 -17"><span class='ocrx_word' id='word_1_732' title='bbox 1982 4288 2173 4337; x_wconf 89' lang='lat' dir='ltr'>autem</span> <span class='ocrx_word' id='word_1_733' title='bbox 2204 4286 2388 4335; x_wconf 86' lang='lat' dir='ltr'>vestra</span> <span class='ocrx_word' id='word_1_734' title='bbox 2433 4281 2718 4349; x_wconf 87' lang='lat' dir='ltr'>sanctitas,</span> <span class='ocrx_word' id='word_1_735' title='bbox 2755 4283 2909 4353; x_wconf 88' lang='lat' dir='ltr'>quod</span> <span class='ocrx_word' id='word_1_736' title='bbox 2941 4282 3174 4352; x_wconf 42' lang='lat' dir='ltr'>,dudum</span> <span class='ocrx_word' id='word_1_737' title='bbox 3223 4282 3574 4352; x_wconf 89' lang='lat' dir='ltr'>scripsimus,</span> <span class='ocrx_word' id='word_1_738' title='bbox 3607 4299 3671 4335; x_wconf 84' lang='lat' dir='ltr'>ex</span> 
     </span>
    </p>
   </div>
   <div class='ocr_carea' id='block_1_108' title="bbox 1913 4370 3670 4454">
    <p class='ocr_par' dir='ltr' id='par_1_108' title="bbox 1913 4370 3670 4454">
     <span class='ocr_line' id='line_1_109' title="bbox 1913 4370 3670 4454; baseline -0.002 -27"><span class='ocrx_word' id='word_1_739' title='bbox 1913 4401 1955 4454; x_wconf 71' lang='grc' dir='ltr'>Ι)</span> <span class='ocrx_word' id='word_1_740' title='bbox 1984 4371 2211 4427; x_wconf 90' lang='lat' dir='ltr'>Oriente</span> <span class='ocrx_word' id='word_1_741' title='bbox 2243 4370 2692 4441; x_wconf 88' lang='lat' dir='ltr'>supplicationes</span> <span class='ocrx_word' id='word_1_742' title='bbox 2738 4371 2904 4424; x_wconf 88' lang='lat' dir='ltr'>nobis</span> <span class='ocrx_word' id='word_1_743' title='bbox 2937 4388 3057 4424; x_wconf 89' lang='lat' dir='ltr'>esse</span> <span class='ocrx_word' id='word_1_744' title='bbox 3105 4370 3435 4437; x_wconf 90' lang='lat' dir='ltr'>destinatas,</span> <span class='ocrx_word' id='word_1_745' title='bbox 3473 4371 3670 4424; x_wconf 87' lang='lat' dir='ltr'>volun-</span> 
     </span>
    </p>
   </div>
   <div class='ocr_carea' id='block_1_109' title="bbox 1983 4460 3672 4531">
    <p class='ocr_par' dir='ltr' id='par_1_109' title="bbox 1983 4460 3672 4531">
     <span class='ocr_line' id='line_1_110' title="bbox 1983 4460 3672 4531; baseline 0 -17"><span class='ocrx_word' id='word_1_746' title='bbox 1983 4466 2159 4515; x_wconf 89' lang='lat' dir='ltr'>tatem</span> <span class='ocrx_word' id='word_1_747' title='bbox 2202 4462 2457 4531; x_wconf 89' lang='lat' dir='ltr'>ipsorum</span> <span class='ocrx_word' id='word_1_748' title='bbox 2488 4460 2845 4514; x_wconf 88' lang='lat' dir='ltr'>continentes</span> <span class='ocrx_word' id='word_1_749' title='bbox 2879 4466 2932 4512; x_wconf 90' lang='lat' dir='ltr'>et</span> <span class='ocrx_word' id='word_1_750' title='bbox 2961 4460 3283 4525; x_wconf 86' lang='lat' dir='ltr'>arbitrium,</span> <span class='ocrx_word' id='word_1_751' title='bbox 3316 4460 3376 4513; x_wconf 92' lang='lat' dir='ltr'>in</span> <span class='ocrx_word' id='word_1_752' title='bbox 3404 4477 3517 4531; x_wconf 91' lang='lat' dir='ltr'>quo</span> <span class='ocrx_word' id='word_1_753' title='bbox 3550 4476 3672 4514; x_wconf 89' lang='lat' dir='ltr'>sese</span> 
     </span>
    </p>
   </div>
   <div class='ocr_carea' id='block_1_110' title="bbox 1985 4549 3672 4619">
    <p class='ocr_par' dir='ltr' id='par_1_110' title="bbox 1985 4549 3672 4619">
     <span class='ocr_line' id='line_1_111' title="bbox 1985 4549 3672 4619; baseline -0.002 -14"><span class='ocrx_word' id='word_1_754' title='bbox 1985 4552 2290 4605; x_wconf 89' lang='lat' dir='ltr'>duraturos</span> <span class='ocrx_word' id='word_1_755' title='bbox 2326 4551 2635 4603; x_wconf 90' lang='lat' dir='ltr'>ostendunt</span> <span class='ocrx_word' id='word_1_756' title='bbox 2682 4549 2944 4615; x_wconf 88' lang='lat' dir='ltr'>ﬁrmiter,</span> <span class='ocrx_word' id='word_1_757' title='bbox 2980 4554 3035 4603; x_wconf 92' lang='lat' dir='ltr'>et</span> <span class='ocrx_word' id='word_1_758' title='bbox 3082 4566 3200 4619; x_wconf 91' lang='lat' dir='ltr'>quo</span> <span class='ocrx_word' id='word_1_759' title='bbox 3256 4549 3411 4603; x_wconf 91' lang='lat' dir='ltr'>nulla</span> <span class='ocrx_word' id='word_1_760' title='bbox 3450 4550 3672 4603; x_wconf 87' lang='lat' dir='ltr'>ratione</span> 
     </span>
    </p>
   </div>
   <div class='ocr_carea' id='block_1_111' title="bbox 1985 4640 3669 4711">
    <p class='ocr_par' dir='ltr' id='par_1_111' title="bbox 1985 4640 3669 4711">
     <span class='ocr_line' id='line_1_112' title="bbox 1985 4640 3669 4711; baseline 0.001 -16"><span class='ocrx_word' id='word_1_761' title='bbox 1985 4641 2373 4696; x_wconf 88' lang='lat' dir='ltr'>desistendum</span> <span class='ocrx_word' id='word_1_762' title='bbox 2412 4640 2755 4694; x_wconf 81' lang='lat' dir='ltr'>existimant.</span> <span class='ocrx_word' id='word_1_763' title='bbox 2818 4641 2970 4694; x_wconf 88' lang='lat' dir='ltr'>Hanc</span> <span class='ocrx_word' id='word_1_764' title='bbox 3004 4641 3197 4711; x_wconf 90' lang='lat' dir='ltr'>itaque</span> <span class='ocrx_word' id='word_1_765' title='bbox 3231 4642 3552 4696; x_wconf 90' lang='lat' dir='ltr'>chartulam</span> <span class='ocrx_word' id='word_1_766' title='bbox 3582 4659 3669 4696; x_wconf 91' lang='lat' dir='ltr'>se-</span> 
     </span>
    </p>
   </div>
   <div class='ocr_carea' id='block_1_112' title="bbox 1984 4728 3673 4799">
    <p class='ocr_par' dir='ltr' id='par_1_112' title="bbox 1984 4728 3673 4799">
     <span class='ocr_line' id='line_1_113' title="bbox 1984 4728 3673 4799; baseline 0.001 -15"><span class='ocrx_word' id='word_1_767' title='bbox 1984 4731 2237 4784; x_wconf 91' lang='lat' dir='ltr'>cundum</span> <span class='ocrx_word' id='word_1_768' title='bbox 2270 4734 2464 4782; x_wconf 89' lang='lat' dir='ltr'>nostra</span> <span class='ocrx_word' id='word_1_769' title='bbox 2510 4728 2791 4799; x_wconf 90' lang='lat' dir='ltr'>promissa</span> <span class='ocrx_word' id='word_1_770' title='bbox 2835 4744 2940 4799; x_wconf 90' lang='lat' dir='ltr'>per</span> <span class='ocrx_word' id='word_1_771' title='bbox 2986 4731 3264 4784; x_wconf 83' lang='lat' dir='ltr'>Joannem</span> <span class='ocrx_word' id='word_1_772' title='bbox 3288 4731 3475 4785; x_wconf 90' lang='lat' dir='ltr'>virum</span> <span class='ocrx_word' id='word_1_773' title='bbox 3509 4748 3673 4786; x_wconf 92' lang='lat' dir='ltr'>reve-</span> 
     </span>
    </p>
   </div>
   <div class='ocr_carea' id='block_1_113' title="bbox 1982 4817 3673 4890">
    <p class='ocr_par' dir='ltr' id='par_1_113' title="bbox 1982 4817 3673 4890">
     <span class='ocr_line' id='line_1_114' title="bbox 1982 4817 3673 4890; baseline -0.001 -15"><span class='ocrx_word' id='word_1_774' title='bbox 1982 4819 2389 4874; x_wconf 89' lang='lat' dir='ltr'>rendissimum</span> <span class='ocrx_word' id='word_1_775' title='bbox 2440 4818 2770 4888; x_wconf 90' lang='lat' dir='ltr'>episcopum</span> <span class='ocrx_word' id='word_1_776' title='bbox 2818 4817 3179 4888; x_wconf 88' lang='lat' dir='ltr'>dirigendam</span> <span class='ocrx_word' id='word_1_777' title='bbox 3218 4819 3377 4873; x_wconf 88' lang='lat' dir='ltr'>vobis</span> <span class='ocrx_word' id='word_1_778' title='bbox 3433 4820 3493 4873; x_wconf 91' lang='lat' dir='ltr'>in</span> <span class='ocrx_word' id='word_1_779' title='bbox 3522 4837 3673 4890; x_wconf 66' lang='lat' dir='ltr'>prie-</span> 
     </span>
    </p>
   </div>
   <div class='ocr_carea' id='block_1_114' title="bbox 1984 4908 3672 4976">
    <p class='ocr_par' dir='ltr' id='par_1_114' title="bbox 1984 4908 3672 4976">
     <span class='ocr_line' id='line_1_115' title="bbox 1984 4908 3672 4976; baseline -0.001 -11"><span class='ocrx_word' id='word_1_780' title='bbox 1984 4912 2128 4967; x_wconf 88' lang='lat' dir='ltr'>senti</span> <span class='ocrx_word' id='word_1_781' title='bbox 2161 4910 2361 4965; x_wconf 90' lang='lat' dir='ltr'>merito</span> <span class='ocrx_word' id='word_1_782' title='bbox 2391 4908 2753 4976; x_wconf 89' lang='lat' dir='ltr'>credidimus,</span> <span class='ocrx_word' id='word_1_783' title='bbox 2799 4914 2913 4962; x_wconf 89' lang='lat' dir='ltr'>uta</span> <span class='ocrx_word' id='word_1_784' title='bbox 2942 4910 3268 4964; x_wconf 88' lang='lat' dir='ltr'>vestrasede</span> <span class='ocrx_word' id='word_1_785' title='bbox 3297 4910 3471 4964; x_wconf 86' lang='lat' dir='ltr'>etiam</span> <span class='ocrx_word' id='word_1_786' title='bbox 3506 4916 3672 4964; x_wconf 85' lang='lat' dir='ltr'>tenor</span> 
     </span>
    </p>
   </div>
   <div class='ocr_carea' id='block_1_115' title="bbox 1984 4998 3674 5071">
    <p class='ocr_par' dir='ltr' id='par_1_115' title="bbox 1984 4998 3674 5071">
     <span class='ocr_line' id='line_1_116' title="bbox 1984 4998 3674 5071; baseline 0 -18"><span class='ocrx_word' id='word_1_787' title='bbox 1984 5002 2105 5071; x_wconf 87' lang='lat' dir='ltr'>ejus</span> <span class='ocrx_word' id='word_1_788' title='bbox 2141 5000 2420 5053; x_wconf 85' lang='lat' dir='ltr'>admissus</span> <span class='ocrx_word' id='word_1_789' title='bbox 2450 4998 2521 5051; x_wconf 91' lang='lat' dir='ltr'>ad</span> <span class='ocrx_word' id='word_1_790' title='bbox 2578 4998 2925 5066; x_wconf 91' lang='lat' dir='ltr'>colligendas</span> <span class='ocrx_word' id='word_1_791' title='bbox 2955 4998 3216 5068; x_wconf 90' lang='lat' dir='ltr'>proﬁciat</span> <span class='ocrx_word' id='word_1_792' title='bbox 3246 5004 3303 5052; x_wconf 93' lang='lat' dir='ltr'>et</span> <span class='ocrx_word' id='word_1_793' title='bbox 3342 4999 3674 5053; x_wconf 89' lang='lat' dir='ltr'>adunandas</span> 
     </span>
    </p>
   </div>
   <div class='ocr_carea' id='block_1_116' title="bbox 1986 5086 3675 5159">
    <p class='ocr_par' dir='ltr' id='par_1_116' title="bbox 1986 5086 3675 5159">
     <span class='ocr_line' id='line_1_117' title="bbox 1986 5086 3675 5159; baseline 0 -17"><span class='ocrx_word' id='word_1_794' title='bbox 1986 5088 2195 5159; x_wconf 87' lang='lat' dir='ltr'>ubique</span> <span class='ocrx_word' id='word_1_795' title='bbox 2244 5086 2598 5141; x_wconf 87' lang='lat' dir='ltr'>venerabiles</span> <span class='ocrx_word' id='word_1_796' title='bbox 2654 5086 2949 5154; x_wconf 88' lang='lat' dir='ltr'>Ecclesias,</span> <span class='ocrx_word' id='word_1_797' title='bbox 3005 5092 3062 5141; x_wconf 91' lang='lat' dir='ltr'>et</span> <span class='ocrx_word' id='word_1_798' title='bbox 3098 5087 3675 5157; x_wconf 85' lang='lat' dir='ltr'>Hierosolymitanam</span> 
     </span>
    </p>
   </div>
   <div class='ocr_carea' id='block_1_117' title="bbox 2054 5208 2943 5281">
    <p class='ocr_par' dir='ltr' id='par_1_117' title="bbox 2054 5208 2943 5281">
     <span class='ocr_line' id='line_1_118' title="bbox 2054 5208 2943 5281; baseline 0.001 -17"><span class='ocrx_word' id='word_1_799' title='bbox 2054 5212 2128 5281; x_wconf 81' lang='grc' dir='ltr'>(ά)</span> <span class='ocrx_word' id='word_1_800' title='bbox 2171 5212 2323 5263; x_wconf 86' lang='lat' dir='ltr'>Idem</span> <span class='ocrx_word' id='word_1_801' title='bbox 2358 5211 2505 5275; x_wconf 91' lang='lat' dir='ltr'>cod.,</span> <span class='ocrx_word' id='word_1_802' title='bbox 2536 5208 2943 5265; x_wconf 76' lang='lat' dir='ltr'>sanctiludine.</span> 
     </span>
    </p>
   </div>
   <div class='ocr_carea' id='block_1_118' title="bbox 2056 5282 2811 5352">
    <p class='ocr_par' dir='ltr' id='par_1_118' title="bbox 2056 5282 2811 5352">
     <span class='ocr_line' id='line_1_119' title="bbox 2056 5282 2811 5352; baseline 0 -17"><span class='ocrx_word' id='word_1_803' title='bbox 2056 5287 2125 5351; x_wconf 78' lang='grc' dir='ltr'>(ε)</span> <span class='ocrx_word' id='word_1_804' title='bbox 2168 5283 2319 5335; x_wconf 83' lang='lat' dir='ltr'>Idem</span> <span class='ocrx_word' id='word_1_805' title='bbox 2342 5282 2486 5347; x_wconf 86' lang='lat' dir='ltr'>cod.,</span> <span class='ocrx_word' id='word_1_806' title='bbox 2523 5282 2811 5352; x_wconf 80' lang='lat' dir='ltr'>abseptas.</span> 
     </span>
    </p>
   </div>
   <div class='ocr_carea' id='block_1_119' title="bbox 2055 5353 3677 5426">
    <p class='ocr_par' dir='ltr' id='par_1_119' title="bbox 2055 5353 3677 5426">
     <span class='ocr_line' id='line_1_120' title="bbox 2055 5353 3677 5426; baseline 0.002 -20"><span class='ocrx_word' id='word_1_807' title='bbox 2055 5354 2125 5426; x_wconf 77' lang='lat' dir='ltr'>(f)</span> <span class='ocrx_word' id='word_1_808' title='bbox 2168 5357 2233 5406; x_wconf 92' lang='lat' dir='ltr'>In</span> <span class='ocrx_word' id='word_1_809' title='bbox 2261 5353 2467 5406; x_wconf 88' lang='lat' dir='ltr'>eodem</span> <span class='ocrx_word' id='word_1_810' title='bbox 2505 5354 2628 5426; x_wconf 90' lang='lat' dir='ltr'>cod.</span> <span class='ocrx_word' id='word_1_811' title='bbox 2668 5356 2745 5407; x_wconf 88' lang='lat' dir='ltr'>ita</span> <span class='ocrx_word' id='word_1_812' title='bbox 2791 5354 3060 5426; x_wconf 63' lang='lat' dir='ltr'>primaeva</span> <span class='ocrx_word' id='word_1_813' title='bbox 3090 5368 3331 5426; x_wconf 83' lang='lat' dir='ltr'>manus;</span> <span class='ocrx_word' id='word_1_814' title='bbox 3365 5354 3465 5407; x_wconf 88' lang='lat' dir='ltr'>sed</span> <span class='ocrx_word' id='word_1_815' title='bbox 3496 5355 3677 5409; x_wconf 89' lang='lat' dir='ltr'>altera</span> 
     </span>
    </p>
   </div>
   <div class='ocr_carea' id='block_1_120' title="bbox 1981 5424 3676 5497">
    <p class='ocr_par' dir='ltr' id='par_1_120' title="bbox 1981 5424 3676 5497">
     <span class='ocr_line' id='line_1_121' title="bbox 1981 5424 3676 5497; baseline 0.003 -20"><span class='ocrx_word' id='word_1_816' title='bbox 1981 5424 2121 5497; x_wconf 78' lang='lat' dir='ltr'>fere</span> <span class='ocrx_word' id='word_1_817' title='bbox 2162 5425 2418 5497; x_wconf 85' lang='lat' dir='ltr'>ejusdem</span> <span class='ocrx_word' id='word_1_818' title='bbox 2467 5425 2825 5497; x_wconf 89' lang='lat' dir='ltr'>antiquitatis</span> <span class='ocrx_word' id='word_1_819' title='bbox 2856 5425 2933 5497; x_wconf 84' lang='lat' dir='ltr'>ita</span> <span class='ocrx_word' id='word_1_820' title='bbox 2964 5425 3265 5497; x_wconf 81' lang='lat' dir='ltr'>emendat:</span> <span class='ocrx_word' id='word_1_821' title='bbox 3297 5428 3359 5479; x_wconf 82' lang='lat' dir='ltr'>ut</span> <span class='ocrx_word' id='word_1_822' title='bbox 3400 5441 3521 5497; x_wconf 64' lang='lat' dir='ltr'>quae</span> <span class='ocrx_word' id='word_1_823' title='bbox 3561 5443 3676 5482; x_wconf 86' lang='lat' dir='ltr'>non</span> 
     </span>
    </p>
   </div>
   <div class='ocr_carea' id='block_1_121' title="bbox 1984 5494 3617 5567">
    <p class='ocr_par' dir='ltr' id='par_1_121' title="bbox 1984 5494 3617 5567">
     <span class='ocr_line' id='line_1_122' title="bbox 1984 5494 3617 5567; baseline 0.002 -18"><span class='ocrx_word' id='word_1_824' title='bbox 1984 5494 2146 5549; x_wconf 81' lang='lat' dir='ltr'>licuit</span> <span class='ocrx_word' id='word_1_825' title='bbox 2165 5495 2379 5562; x_wconf 85' lang='lat' dir='ltr'>missis,</span> <span class='ocrx_word' id='word_1_826' title='bbox 2409 5494 2634 5564; x_wconf 84' lang='lat' dir='ltr'>majora</span> <span class='ocrx_word' id='word_1_827' title='bbox 2650 5513 2758 5567; x_wconf 83' lang='lat' dir='ltr'>per</span> <span class='ocrx_word' id='word_1_828' title='bbox 2771 5495 2965 5550; x_wconf 86' lang='lat' dir='ltr'>omnia</span> <span class='ocrx_word' id='word_1_829' title='bbox 2991 5495 3221 5567; x_wconf 74' lang='lat' dir='ltr'>saltem,</span> <span class='ocrx_word' id='word_1_830' title='bbox 3248 5501 3352 5551; x_wconf 90' lang='lat' dir='ltr'>etc.</span> <span class='ocrx_word' id='word_1_831' title='bbox 3408 5494 3427 5497; x_wconf 65' lang='grc'><em>”</em></span> <span class='ocrx_word' id='word_1_832' title='bbox 3614 5520 3617 5521; x_wconf 49' lang='grc' dir='ltr'><em>ν</em></span> 
     </span>
    </p>
   </div>
   <div class='ocr_carea' id='block_1_122' title="bbox 2056 5564 3248 5637">
    <p class='ocr_par' dir='ltr' id='par_1_122' title="bbox 2056 5564 3248 5637">
     <span class='ocr_line' id='line_1_123' title="bbox 2056 5564 3248 5637; baseline -0.003 -14"><span class='ocrx_word' id='word_1_833' title='bbox 2056 5568 2135 5637; x_wconf 80' lang='lat' dir='ltr'>(g)</span> <span class='ocrx_word' id='word_1_834' title='bbox 2177 5568 2334 5621; x_wconf 89' lang='lat' dir='ltr'>Idem</span> <span class='ocrx_word' id='word_1_835' title='bbox 2364 5567 2516 5633; x_wconf 92' lang='lat' dir='ltr'>cod.,</span> <span class='ocrx_word' id='word_1_836' title='bbox 2546 5564 2828 5623; x_wconf 46' lang='lat' dir='ltr'>res—caret</span> <span class='ocrx_word' id='word_1_837' title='bbox 2861 5569 2917 5620; x_wconf 83' lang='lat' dir='ltr'>et</span> <span class='ocrx_word' id='word_1_838' title='bbox 2945 5564 3114 5633; x_wconf 85' lang='lat' dir='ltr'>sedis,</span> <span class='ocrx_word' id='word_1_839' title='bbox 3140 5571 3248 5621; x_wconf 90' lang='lat' dir='ltr'>etc.</span> 
     </span>
    </p>
   </div>
  </div>
