4038 6170
327 293 430 347 503

1778 289 2155 344 ΗΟΒΜΙδΟΑΞ
2196 291 2393 344 ΡΑΡίΕ

3714 290 3826 342 505-

321 421 648 492 praecipue;
714 420 804 474 cui
861 425 1055 475 tamen
1107 435 1303 473 omnes
1350 421 1601 475 favorem
1662 421 2007 492 impendunt
2042 424 2089 475 A
2114 421 2332 477 tionem
2362 438 2395 476 a
2434 425 2627 475 sancta
2659 420 3108 475 Chalcedonensi
3136 421 3354 491 synodo
3390 421 3830 491 promulgatam

324 511 488 583 quasi
519 510 687 565 matri
719 509 1022 563 Christiani
1057 508 1325 575 nominis,
1372 514 1433 563 ut
1478 526 1648 563 nemo
1693 511 1903 564 audeat
1943 512 2013 565 ab

324 617 391 654 ea
443 616 563 653 sese
627 599 989 652 discernere:
1042 613 1387 652 consensum
1442 599 1637 670 itaque
1695 600 2013 670 propitium

324 694 481 744 tuam
502 687 943 741 sanctitudiuem
983 686 1276 756 epistolari
1308 704 1538 758 quoque
1572 688 1781 758 pagina
1810 705 2015 742 conve-

327 777 411 831 nit
441 778 726 830 declarare
754 793 766 842 ;
817 781 900 845 ut,
942 776 1171 845 cognito
1205 777 1473 830 omnibus
1502 782 1673 847 atque
1709 778 2012 847 patefacto,

324 872 585 920 tenorem
618 865 874 935 ejusdem
904 866 1177 918 chartulae
1206 882 1239 918 a
1268 865 1428 918 vobis
1460 866 1630 919 etiam
1674 865 1918 933 laudari,
1964 870 2019 919 et

324 955 597 1009 tenaciter
627 956 899 1009 custodiri
954 955 1139 1009 laetior
1179 956 1433 1009 mundus
1492 956 1708 1009 existat.
1765 958 1901 1010 Data
1938 956 2016 1025 (a)

328 1044 518 1098 idibus
589 1044 744 1114 Sept.
799 1044 1174 1109 Chalcedone,
1238 1044 1466 1099 Rustico
1526 1046 1642 1098 viro
1702 1045 2017 1100 clarissimo

324 1133 574 1187 consule.
608 1119 850 1204 Aecepta
880 1134 1065 1204 pridie
1107 1135 1370 1188 calendas
1406 1135 1753 1202 Decembris,
1789 1138 2018 1191 consule

326 1222 715 1293 suprascripto
749 1223 924 1293 (anno
957 1223 1186 1277 Domini
1219 1224 1361 1290 5'20).

828 1330 1193 1384 EXEMPLUM
1225 1330 1522 1384 PRECUM.

329 1418 464 1487 Ejus
480 1434 654 1490 Opera
681 1419 758 1474 ad
785 1420 1051 1473 Ecclesiae
1079 1417 1357 1472 unitatem
1389 1418 1622 1473 admitti
1645 1423 1869 1491 rogant.
1901 1420 2021 1472 Ca-

750 1491 1021 1544 tholicam
1044 1491 1221 1558 ﬁdem
1242 1491 1609 1561 proﬁtentur.

402 1580 515 1633 Deo
554 1579 788 1633 amabili
835 1596 899 1633 ac
958 1580 1214 1649 piissimo
1249 1579 1585 1648 imperatori
1633 1595 1696 1633 ex
1743 1580 1859 1632 Deo
1907 1582 2022 1633 Au-

2126 511 2507 581 intelligimus
2552 527 2786 581 quoque
2842 517 2897 564 et
2940 510 3303 580 suscipimus,
3362 510 3721 563 conﬁdentes
3775 514 3833 561 et

2128 601 2443 665 credentes,
2500 600 2635 671 quia
2686 616 2859 653 unam
2919 598 3295 653 substantiam
3351 599 3439 651 vel
3492 614 3832 668 personam,

2128 689 2281 759 quod
2310 689 2462 743 idem
2494 695 2598 754 est,
2633 689 2755 759 ipsa
2801 692 2993 742 sancta
3032 689 3283 758 synodus
3316 687 3375 740 in
3409 688 3626 741 duabus
3658 692 3835 740 natu-

2128 779 2228 848 ris,
2262 778 2319 831 id
2348 784 2431 831 est
2459 779 2517 832 in
2548 779 2759 832 deitate
2793 782 2847 831 et
2877 778 3230 831 humanitate
3258 776 3499 830 indivise
3531 781 3589 829 et
3622 776 3835 829 incon-

2128 868 2251 921 fuse
2288 868 2619 937 praeditavit
2649 869 2829 921 Deum
2872 866 3141 920 Verbum.
3192 866 3468 920 Dominus
3508 871 3711 920 noster
3740 865 3835 917 Je-

2130 974 2224 1010 sus
2256 956 2508 1011 Christus
2540 972 2687 1010 unus
2738 961 2822 1010 est
2877 972 2946 1009 ex
2990 960 3182 1008 sancta
3240 960 3297 1009 et
3350 955 3519 1008 unius
3565 955 3840 1008 essentia:

2129 1046 2443 1113 Trinitate;
2494 1046 2539 1099 si
2572 1046 2727 1099 enim
2773 1061 2953 1098 unum
2988 1046 3165 1098 Deum
3197 1044 3255 1098 in
3301 1044 3483 1097 tribus
3517 1044 3841 1097 subsisten-

2132 1135 2244 1201 tiis,
2276 1135 2420 1187 sicut
2450 1135 2665 1188 dictum
2726 1138 2829 1200 est,
2888 1134 3220 1203 accipimus,
3276 1135 3437 1187 Pater
3491 1139 3683 1186 autem
3720 1148 3843 1185 non

2132 1229 2218 1276 est
2246 1224 2600 1292 incarnatus,
2628 1238 2734 1276 nec
2783 1222 3028 1291 Spiritus
3075 1226 3341 1288 sanctus;
3392 1223 3540 1275 Deus
3581 1220 3841 1273 Verbum

2130 1311 2457 1365 incarnatus
2496 1315 2596 1378 est,
2631 1316 2687 1364 et
2730 1311 2901 1364 homo
2940 1311 3119 1362 factus
3152 1316 3235 1362 est
3267 1326 3416 1362 unus
3450 1325 3515 1362 ex
3548 1314 3751 1362 sancta
3782 1312 3840 1359 ct

2133 1400 2307 1452 unius
2351 1401 2611 1453 essentiaa
2666 1399 2966 1463 Triuitate,
3018 1398 3334 1451 secandum
3388 1398 3683 1451 ﬁliationis
3713 1413 3845 1467 pro-

2133 1487 2456 1557 prietatem.
2496 1488 2585 1541 Sic
2636 1488 2712 1540 ita
2761 1487 3073 1539 secundum
3109 1486 3406 1555 praedictas
3458 1491 3711 1556 quatuor
3758 1502 3845 1555 sy-

2134 1578 2315 1630 nodos
2362 1577 2673 1643 credentcs,
2721 1576 2789 1645 (j)
2836 1580 2891 1629 et
2938 1575 3243 1628 secundam
3289 1575 3389 1628 Dei
3424 1575 3595 1628 Verbi
3637 1574 3846 1627 nativi-

326 1672 493 1739 gusto
526 1673 583 1721 et
626 1667 872 1738 principi
906 1669 1127 1721 Iustino
1178 1668 1665 1722 Christianissimo
1699 1668 2023 1738 deprecatio
2067 1708 2106 1760 Β
2137 1670 2314 1719 tatem
2365 1666 2681 1725 secundum
2734 1680 2963 1717 carnem
3021 1664 3279 1717 confiteri
3334 1680 3449 1716 non
3507 1664 3840 1717 renuimus.

332 1763 389 1812 et
419 1756 758 1827 supplicatio
808 1757 877 1810 ab
930 1755 1479 1826 Hierosolymitanis,
1513 1759 1588 1824 get
1629 1757 2021 1822 Antiochenis,

333 1850 388 1899 et
418 1846 682 1899 secundas
712 1844 890 1916 Syriae
922 1844 1141 1899 clericis
1173 1850 1229 1899 et
1257 1845 1560 1899 abbatibus
1589 1852 1645 1899 et
1686 1846 2025 1915 possessori-

332 1935 439 1989 bus
467 1935 645 2005 Syriae
670 1934 1002 2004 provinciae.

407 2025 526 2077 Hau
536 2022 639 2075 rite
664 2038 877 2093 aquam
904 2038 1033 2076 cum
1054 2020 1257 2076 latitia
1275 2038 1343 2076 ex
1359 2022 1615 2087 fontibus
1636 2021 1842 2076 salutis
1865 2023 2023 2089 (Isai.

333 2110 465 2181 x11),
504 2111 839 2165 vociferator
869 2112 945 2180 (b)
1001 2112 1171 2166 Isaias
1210 2112 1493 2182 propheta
1519 2114 1815 2177 exclamat,
1842 2112 2030 2166 fontes

335 2200 534 2254 salutis
563 2204 637 2269 (ο)
683 2202 1024 2271 evangelicae
1075 2201 1329 2255 veritatis
1384 2200 1823 2271 praedicationes
1859 2200 2031 2254 mani-

329 2289 476 2343 feste
520 2290 844 2356 ostendens,
896 2306 964 2344 ex
995 2290 1205 2360 quibus
1249 2290 1401 2343 beati
1452 2290 1711 2359 Apostoli
1740 2294 1793 2343 et
1829 2306 2031 2343 eorum

337 2378 438 2448 qui
468 2393 570 2448 per
612 2378 871 2432 ordinem
902 2378 1137 2432 fuerunt
1183 2378 1449 2447 discipuli
1495 2384 1551 2431 et
1597 2379 1882 2448 sapientes
1931 2380 2031 2432 Ec-

310 2478 341 2517 c
371 2466 525 2520 lesize
574 2466 853 2533 doctores,
903 2467 1207 2519 salutarem
1259 2482 1469 2534 aquam
1513 2466 1645 2520 ﬁdei
1679 2468 2029 2531 haurientes,

339 2570 573 2609 omnem
608 2559 858 2607 sanctam
902 2552 1001 2608 Dei
1031 2552 1336 2607 Ecclesiam
1372 2552 1780 2622 irrigaverunt,
1815 2569 1944 2623 quae
1974 2554 2034 2606 in

339 2649 506 2714 petra
535 2644 746 2697 summi
774 2643 1164 2713 apostolorum
1196 2642 1438 2694 subnixa
1480 2647 1690 2695 rectam
1719 2647 1773 2695 et
1811 2642 2033 2695 inflexi-

340 2732 519 2786 bilem
560 2732 975 2786 confessionem
1029 2730 1375 2796 custodiens,
1426 2730 1767 2784 ﬁducialiter
1797 2729 1939 2794 lcum
1970 2748 2036 2785 eo

344 2821 416 2875 ad
448 2821 811 2893 unigenitum
844 2821 1051 2875 Filium
1097 2820 1197 2873 Dei
1241 2819 1516 2873 exclamat
1565 2821 1725 2873 omni
1754 2825 2033 2891 tempore,

347 2910 572 2964 dicens:
630 2909 715 2964 Tu
743 2927 804 2964 es
834 2909 1088 2966 Christus
1119 2907 1306 2962 Filius
1336 2908 1444 2961 Dei
1483 2908 1600 2963 vivi
1632 2910 1863 2979 (Matth.
1899 2910 2032 2978 xvx).

2140 1756 2297 1808 Unde
2336 1754 2565 1823 proprie
2620 1754 2716 1807 Dei
2746 1753 2820 1823 (Ic)
2878 1753 3037 1821 virgo
3088 1753 3331 1821 genitrix
3386 1768 3506 1805 esse
3562 1752 3845 1812 creditur,

2134 1848 2411 1914 tanquam
2446 1860 2573 1913 quae.
2608 1848 2812 1895 natura
2844 1847 2899 1895 et
2930 1841 3163 1895 veritate
3196 1841 3366 1893 unius
3388 1842 3650 1893 essentiae
3688 1840 3845 1893 Patri

2139 1933 2349 1987 Filium
2380 1935 2560 1987 Deum
2591 1932 2858 1997 Verbum,
2897 1936 3101 1983 natura
3136 1929 3577 1995 immutabilem,
3613 1946 3684 1983 ex
3721 1930 3849 1999 ipsa

2136 2022 2351 2075 factum
2382 2021 2702 2087 hominem,
2735 2021 2903 2073 enixa
2934 2026 3037 2085 est,
3074 2026 3130 2072 et
3160 2020 3298 2072 duas
3330 2025 3562 2072 naturas
3590 2019 3649 2071 in
3683 2018 3852 2073 Chri-

2140 2114 2224 2163 sto
2261 2126 2363 2180 per
2393 2110 2698 2162 essentiam
2748 2110 2831 2161 vel
2866 2109 3241 2162 substantiam
3282 2109 3467 2161 unitas
3497 2108 3845 2161 conﬁtentes

2139 2198 2285 2252 sicut
2322 2199 2383 2252 in
2416 2198 2584 2251 unius
2617 2215 2885 2268 persona,
2914 2199 3000 2250 vel
3029 2197 3369 2250 substantia.
3404 2200 3601 2267 Neque
3637 2197 3848 2250 harum

2140 2286 2524 2340 diversitatem
2554 2288 2639 2340 vel
2676 2287 3083 2356 proprietatem
3121 2290 3247 2356 post
3279 2284 3596 2337 unitionem
3637 2284 3850 2337 auferi-

2141 2392 2290 2442 mus,
2323 2392 2428 2429 nec
2462 2392 2555 2428 eas
2613 2375 2865 2429 dividere
2920 2376 2981 2428 in
3040 2375 3259 2428 duabus
3311 2374 3569 2444 personis
3612 2379 3671 2426 et
3715 2374 3849 2426 sub-

2142 2465 2362 2518 stantiis
2445 2480 2547 2532 per
2620 2464 2939 2517 unitionem
3020 2480 3218 2517 sumus
3291 2463 3512 2529 edocti;
3572 2478 3851 2532 eumque

2143 2555 2353 2607 scimus
2408 2553 2773 2623 unigenitum
2826 2553 3028 2607 Filium
3081 2553 3198 2619 Dei,
3235 2558 3291 2606 et
3334 2557 3462 2605 ante
3499 2552 3852 2605 incarnatio-

2141 2657 2275 2697 nem
2307 2641 2449 2711 ejus,
2482 2647 2533 2695 et
2564 2647 2720 2711 post:
2772 2642 3039 2695 eumdem
3076 2643 3256 2695 Deum
3303 2641 3535 2711 quidem
3579 2641 3759 2693 simul
3791 2646 3846 2693 et

2144 2730 2850 2799 hominem;fpassibilen1
2889 2746 3079 2795 carne,
3130 2730 3540 2800 impassibilem
3591 2729 3850 2794 deitate;

2146 2820 2641 2889 circumscriptum
2693 2836 2951 2889 corpore,
3010 2835 3124 2872 non
3173 2820 3675 2889 circumscriptum
3735 2820 3853 2888 spi-

2148 2911 2285 2972 ritu,
2319 2909 2585 2962 eumdem
2619 2913 2909 2963 terrenum
2944 2914 2999 2963 et
3042 2908 3347 2974 caelestem,
3382 2923 3553 2978 quem
3590 2908 3849 2960 mundus

348 3000 506 3054 lianc
548 3000 856 3054 salutarem
886 2998 1298 3052 confessionem
1347 2997 1431 3067 (d)
1475 3013 1508 3051 a
1538 2999 1745 3053 sanctis
1795 3003 2041 3069 quatuor
2079 3007 2118 3061 C
2150 3003 2213 3052 ut
2249 2999 2542 3051 hominem
2567 3000 2735 3067 cepit,
2766 3003 2822 3051 et
2853 3003 2913 3050 ut
2938 2999 3114 3051 Deum
3158 2997 3450 3051 continere
3485 3013 3599 3050 non
3635 2997 3851 3067 potuit,

345 3087 601 3157 synodis,
634 3102 765 3156 quas
816 3086 1160 3156 evangelicis
1215 3085 1513 3156 praeceptis
1547 3091 1680 3140 sunt
1720 3087 2038 3151 honoratae,

346 3176 743 3246 suscipientes,
777 3191 1078 3245 nunquam
1110 3190 1213 3244 per
1242 3174 1449 3229 Christi
1480 3175 1724 3243 gratiam
1758 3192 1788 3227 a
1821 3176 2042 3229 traditis

350 3264 514 3317 nobis
544 3264 711 3317 rectis
734 3264 1098 3334 dogmatibus
1130 3263 1503 3327 deviavimus,
1556 3264 1701 3317 sicut
1746 3280 1939 3317 rerum
1966 3270 2044 3317 te-

352 3357 532 3405 statur
578 3352 869 3421 probatio,
919 3359 976 3406 et
1025 3357 1284 3421 tempore
1338 3350 1686 3405 necessitatis
1734 3352 1865 3406 ﬁdei
1903 3369 2042 3405 con-

352 3440 563 3493 stantia
604 3441 973 3493 demonstrat.
1026 3441 1082 3495 Si
1124 3440 1303 3510 igitur
1354 3445 1412 3493 ut
1464 3440 1772 3494 Christiani
1807 3441 2044 3495 rationis

351 3530 487 3584 ﬁdei
519 3545 717 3583 sumus
748 3528 1075 3599 participes,
1126 3528 1356 3582 domine
1388 3528 1663 3599 piissime,
1696 3534 1749 3582 et
1780 3529 1848 3582 ad
1888 3544 2042 3581 com-

352 3634 590 3673 munem
621 3633 818 3688 pacem
873 3623 929 3671 et
956 3617 1237 3671 unitatem
1284 3617 1644 3683 festinamus,
1694 3622 1945 3671 nostram
1979 3618 2043 3670 ﬁ-

351 3710 506 3775 dem,
554 3724 727 3778 quam
760 3708 829 3760 ab
858 3707 1025 3760 initio
1080 3707 1458 3776 suscepimus,
1512 3723 1613 3777 per
1655 3707 1802 3761 hanc
1832 3706 2046 3760 satisfa-

352 3796 600 3850 ctionem
634 3800 892 3849 nostram
926 3794 1290 3847 manifestam
1315 3798 1513 3847 vestrae
1538 3795 1779 3848 facimus
1807 3794 2003 3864 pietati
2031 3814 2045 3859 ;

356 3889 420 3938 ut
448 3889 646 3938 notum
705 3883 776 3936 sit
807 3883 942 3954 quia
999 3888 1054 3937 et
1091 3882 1215 3953 paci
1265 3883 1677 3950 concurrimus,
1728 3889 1785 3936 et
1812 3888 1864 3949 ζει
1894 3888 2047 3936 recta

353 3990 484 4028 cum
517 3974 613 4027 Dei
644 3973 935 4044 juvamine
970 3988 1087 4025 non
1145 3972 1479 4025 divertimus
1522 3972 1654 4037 ﬁde,
1686 3972 1783 4026 sed
1815 3988 2047 4027 omnem

355 4080 423 4117 ex
465 4079 631 4133 aquo
675 4062 940 4115 hzeresim
972 4076 1354 4126 exsecramur,
1390 4077 1507 4114 non
1538 4061 1726 4114 solum
1753 4062 2051 4132 Eutychia—

354 4152 531 4207 nistas
561 4156 618 4205 et
659 4151 993 4221 Acephalos,
1028 4150 1123 4203 sed
1157 4154 1211 4202 et
1245 4150 1637 4217 Nestorianos,
1672 4156 1727 4204 et
1755 4151 2047 4206 hominem

353 4242 599 4295 colentes
641 4245 762 4294 toto
816 4240 1009 4293 animo
1040 4238 1117 4310 (e)
1174 4239 1451 4293 audentes
1478 4240 2046 4294 anathematizamus.

2152 3087 2450 3141 mortalem
2484 3093 2535 3141 et
2556 3087 2962 3152 immortalem,
2996 3103 3281 3157 nusquam
3306 3090 3643 3140 naturarum
3670 3087 3856 3140 diver-

2153 3176 2316 3231 sitate
2346 3177 2467 3245 ejus
2522 3176 2731 3240 ablata,
2792 3192 2981 3247 neque
3035 3175 3349 3229 dividentes
3394 3192 3495 3245 per
3541 3177 3852 3228 essentiam

2153 3266 2448 3319 unionem.
2480 3266 2596 3318 Hoc
2637 3265 2791 3318 enim
2836 3281 2985 3318 verae
3036 3280 3312 3334 magnum
3363 3264 3590 3334 pietatis
3646 3271 3855 3335 myste-

2151 3356 2325 3420 rium,
2355 3355 2491 3424 quia
2537 3371 2683 3408 unus
2730 3371 2791 3407 ex
2824 3358 3017 3407 sancta
3064 3355 3234 3407 unius
3280 3354 3527 3407 essentia
3554 3353 3852 3408 Trinitatis

2152 3445 2500 3509 incarnatus,
2535 3450 2591 3497 et
2626 3444 2798 3497 homo
2842 3444 3018 3497 factus
3052 3445 3199 3496 Deus
3230 3443 3475 3497 Verbum
3514 3444 3573 3495 in
3604 3448 3855 3512 utraque

2153 3539 2358 3587 natura
2398 3533 2623 3587 deitatis
2673 3537 2728 3585 et
2772 3532 3145 3586 humanitatis
3189 3532 3425 3586 indivise
3461 3537 3517 3585 et
3548 3532 3857 3585 inconfuse

2154 3622 2519 3693 cognoscitur
2550 3628 2605 3675 et
2635 3622 2921 3687 adoratur,
2977 3638 3096 3675 non
3144 3621 3576 3676 conversionem
3609 3623 3695 3673 vel
3732 3637 3885 3673 mu-.

2152 3713 2429 3766 tationem
2462 3712 2771 3775 sustinens,
2820 3711 2916 3764 sed
2947 3711 3360 3781 proprietatem
3405 3711 3703 3780 utriusque
3752 3726 3856 3763 na-

2155 3805 2297 3855 turae
2337 3801 2395 3853 in
2436 3816 2550 3853 una
2593 3816 2840 3869 persona
2890 3800 2945 3852 in
2993 3801 3298 3870 semetipso
3345 3816 3706 3853 conservans.
3764 3800 3849 3853 Ob

2156 3890 2302 3944 hanc
2334 3890 2509 3959 igitur
2539 3889 2713 3942 ﬁdem
2760 3889 3060 3958 praedictas
3116 3893 3338 3941 sanctas
3381 3888 3630 3958 synodos
3672 3888 3853 3940 susci-

2156 3980 2382 4049 pientes
2413 3983 2468 4031 et
2500 3978 2886 4032 custodientes
2937 3979 3489 4032 anathematizamus
3522 3994 3721 4031 omnes
3754 3978 3859 4047 qui

2159 4068 2428 4122 adversus
2456 4083 2549 4121 eas
2599 4083 2936 4138 quocunque
2983 4073 3242 4137 tempore
3291 4069 3378 4121 vel
3429 4066 3601 4121 modo
3635 4066 3857 4136 aliquid

2158 4155 2637 4227 conscripserunt,
2696 4156 2985 4226 praecipue
3042 4157 3321 4209 Joannem
3378 4159 3689 4225 .rEgeotam,
3750 4156 3855 4225 qui

2160 4246 2425 4299 adversus
2472 4250 2846 4298 memoratam
2901 4250 3152 4298 sanctam
3200 4245 3719 4298 Chalcedonensem
3762 4261 3855 4313 sy-

354 4331 465 4385 Nos
497 4334 710 4396 autem,
760 4328 989 4382 domine
1041 4328 1120 4397 (f)
1172 4327 1461 4381 carissime
1518 4328 1847 4399 imperator,
1907 4329 2052 4383 sicut
2090 4358 2134 4412 Ι)
2162 4334 2381 4387 nodum
2412 4333 2622 4386 multas
2643 4338 2703 4385 ut
2749 4333 3118 4386 Nestorianus
3148 4332 3533 4402 blasphemiae
3558 4333 3855 4397 evomuit;

355 4436 529 4491 supra
558 4419 776 4473 dictum
818 4422 920 4485 est,
975 4417 1036 4470 in
1068 4419 1294 4471 Patrem
1329 4421 1383 4470 et
1432 4416 1639 4471 Filium
1671 4422 1727 4471 et
1775 4418 2049 4488 Spiritum

355 4512 634 4576 sanctum,
666 4508 737 4561 ab
780 4507 943 4561 initio
975 4505 1248 4576 baptizati
1279 4522 1509 4577 quoque
1540 4511 1596 4559 et
1639 4508 1931 4561 credentes
1974 4509 2052 4582 (g)

357 4598 663 4651 essentiam
698 4596 799 4650 Dei
819 4596 879 4649 in
909 4595 1086 4649 tribus
1120 4596 1196 4666 (ἡ)
1247 4594 1649 4661 subsistentiis,
1707 4596 2049 4651 adoramus:

355 4686 669 4739 secundum
730 4690 1056 4739 sanctorum
1106 4686 1337 4739 Patrum
1394 4685 1716 4756 symbolum
1760 4687 2053 4741 credentes

356 4773 415 4827 in
463 4789 642 4828 unum
676 4774 857 4827 Deum
888 4775 1113 4828 Patrem
1147 4775 1624 4845 omnipotentem,
1659 4780 1715 4828 et
1760 4776 1817 4829 in
1872 4792 2051 4829 unum

354 4861 663 4917 Dominum
699 4866 956 4917 nostrum
1016 4864 1208 4918 Jesum
1252 4862 1538 4918 Christum
1590 4864 1953 4934 unigenitum
1977 4864 2052 4936 ΚΞ)

355 4953 537 5007 Deum
592 4951 863 5018 Verbum,
895 4952 1161 5007 similiter
1191 4957 1247 5007 et
1288 4953 1345 5006 in
1393 4968 1574 5007 unum
1608 4953 1884 5023 Spiritum
1925 4971 2052 5009 san-

355 5047 509 5096 ctum
536 5057 549 5108 ;
584 5045 641 5095 et
668 5042 982 5096 secundum
1026 5041 1133 5095 hoc
1163 5041 1422 5096 divinum
1454 5041 1475 5061 *
1501 5043 1815 5109 mathema,
1848 5043 2050 5097 deﬁni-

425 5199 517 5270 (a)
559 5200 720 5255 Idem
752 5199 902 5265 cod.,
932 5197 1133 5270 quinto
1156 5197 1372 5252 iduum.

422 5272 503 5340 (b)
541 5272 697 5326 Idem
726 5271 874 5338 cod.,
904 5269 1077 5323 Isaiae
1103 5270 1408 5340 praphetae.

445 5345 497 5411 ο)
538 5343 694 5397 Idem
725 5342 872 5407 cod.,
905 5339 1266 5412 evangelicas
1292 5343 1576 5412 veritates.

446 5409 505 5483 ἁ)
548 5415 700 5468 Idem
736 5414 880 5482 cod.,
906 5409 1107 5483 inserit
1136 5409 1454 5465 custodiens
1478 5411 1852 5481 fiducialiter.

449 5486 496 5551 e)
537 5485 696 5538 Idem
736 5484 883 5548 cod.,
910 5482 1183 5537 odientes.

449 5500 496 5551 e)
539 5500 696 5538 idem
736 5500 883 5548 coa.,
910 5500 1183 5537 acuentes.

426 5500 507 5683 ἓῖζ
549 5556 704 5610 Idem
734 5556 882 5622 cod.,
912 5552 1413 5633 christianissime.

448 5643 486 5683 ρ
548 5625 705 5681 Idem
735 5626 880 5683 cod..
917 5642 1096 5682 unam
1124 5627 1413 5681 essentmn

436 5622 507 5699 fg)
548 5625 705 5681 Idem
735 5626 880 5692 cod.,
917 5642 1096 5682 unam
1124 5622 1455 5681 essentiam.

2163 4422 2431 4475 similiter
2475 4424 2531 4475 et
2560 4421 3006 4475 condemnantes
3050 4420 3430 4482 Timotheum,
3463 4422 3727 4474 zElurum
3763 4437 3857 4473 co-

2165 4511 2586 4583 gnominatum,
2642 4511 2787 4563 sicut
2846 4510 3356 4579 Eutychianistam,
3416 4509 3683 4562 adversus
3728 4526 3858 4562 eam

2163 4617 2291 4653 cum
2315 4600 2431 4653 suis
2456 4599 2758 4652 latrantem
2792 4599 3149 4670 sequacibus.
3188 4600 3269 4651 Ita
3307 4614 3442 4668 ergo
3474 4613 3603 4651 cum
3650 4597 3861 4667 Deiju-

2162 4688 2387 4743 vamiue
2431 4703 2658 4759 semper
2706 4688 3010 4752 sensimus,
3070 4692 3127 4741 et
3171 4687 3295 4757 jam
3350 4702 3501 4740 nunc
3556 4686 3857 4741 sentimus.

2164 4778 2523 4848 Quapropter
2568 4778 2715 4830 hanc
2782 4777 3229 4831 satisfactionem
3278 4780 3476 4829 vestrm
3540 4776 3863 4829 obtulimus

2160 4864 2394 4936 pietati:
2430 4870 2486 4919 et
2515 4870 2579 4919 ut
2603 4865 2807 4935 jubere
2855 4865 3088 4936 dignata
3140 4870 3245 4931 est,
3298 4881 3401 4917 nos
3430 4865 3734 4936 proprium
3784 4865 3862 4919 in-

2158 4954 2471 5022 tellectum,
2505 4960 2560 5009 et
2600 4955 3088 5024 quemadmodum
3132 4956 3200 5008 de
3245 4970 3384 5008 sana
3418 4954 3530 5008 fide
3578 4954 3861 5009 sentimus

2162 5059 2486 5115 exponere:
2542 5045 2678 5115 quia
2717 5044 2951 5115 quidam
2986 5044 3258 5111 haeretici,
3291 5044 3429 5097 dum
3453 5059 3614 5098 suam
3640 5045 3857 5097 malam

2229 5200 2312 5269 (h)
2344 5202 2412 5254 In
2444 5201 2644 5255 eodem
2676 5202 2796 5255 cod.
2836 5203 2912 5255 ita
2934 5202 3200 5255 emendat
3221 5216 3426 5255 manus
3455 5200 3693 5270 antiqua
3718 5217 3733 5267 ;
3763 5200 3856 5255 sed

2157 5271 2317 5342 prior
2345 5276 2613 5342 posuerat
2643 5272 3000 5328 substantiis.

2229 5343 2300 5408 (ἱ)
2344 5344 2501 5397 Idem
2530 5344 2681 5409 cod.,
2710 5343 2836 5397 Dei.

2230 5414 2300 5483 (j)
2342 5416 2406 5467 In
2431 5414 2633 5467 eodem
2667 5414 2789 5469 cod.
2823 5414 2980 5469 deest
3008 5418 3064 5468 et
3093 5414 3424 5470 secundam.

2231 5485 2315 5550 (Ic)
2360 5485 2514 5540 Idem
2548 5485 2697 5557 cod.,
2726 5486 2977 5556 genitrz’a‘.
3003 5493 3209 5539 sancta
3262 5485 3462 5557 Virgo,
3493 5489 3599 5538 etc.

2229 5558 2254 5584 π
2294 5558 2409 5611 Hoc
2442 5562 2527 5610 est
2547 5556 2892 5626 symbolum,
2916 5558 3002 5611 vel
3029 5556 3379 5611 doctrinam.
3402 5559 3575 5613 Hann.
