3998 6172
157 366 244 415 305
1439 359 1797 415 EPISTOL/E
1838 361 1924 415 ET
1964 360 2312 415 DECRETA.
3522 368 3621 419 506

158 500 302 553 ﬁdem
329 497 602 551 occultare
642 495 933 561 festinant,
973 500 1230 549 nostram
1279 496 1337 549 in
1374 496 1592 550 Christo
1627 496 1797 549 liber-
1838 498 1885 549 Α
1986 498 2383 551 Benedicimus
2430 499 2736 552 Dominum
2796 500 3066 553 fraterna:
3100 502 3351 555 caritatis
3398 503 3623 568 affectu,

158 594 313 641 tatem
338 591 393 640 et
422 590 631 638 rectam
682 583 854 637 tidem
880 584 1191 637 detrectare
1242 589 1540 638 conantur.
1584 584 1815 653 Suppli—

157 691 326 729 camus
379 674 552 743 igitur
615 678 859 725 vestram
917 672 1300 738 clementiam,
1375 672 1815 726 sollicitudinem

158 764 442 834 perfectam
464 763 524 815 in
545 760 923 816 Ecclesiarum
953 760 1214 814 unitione
1248 766 1573 814 sanctarum
1606 762 1816 815 habere

155 854 363 920 debere;
394 858 455 905 ut
488 851 674 904 unitas
706 867 834 921 quas
866 866 995 903 cum
1028 850 1127 903 Dei
1152 848 1327 903 fuerit
1361 851 1677 918 juvamine,
1714 867 1817 903 nec

152 940 249 995 nllo
291 941 552 1009 deinceps
596 939 920 992 rationabili
953 943 1051 991 aut
1102 939 1482 993 irrationabili
1508 940 1817 993 occasionis

137 1031 333 1084 ‘fomite
375 1029 686 1099 inquietari
724 1044 828 1099 pax
875 1028 1073 1097 possit.
1133 1029 1282 1080 Deus
1319 1033 1509 1082 autem
1554 1029 1813 1082 omnium

152 1125 371 1171 vestrum
407 1118 570 1186 pium
614 1116 923 1185 adimpleat
971 1116 1321 1169 desiderium
1354 1117 1412 1170 in
1444 1117 1687 1185 gloriam
1728 1119 1815 1171 sui

153 1213 197 1262 et
216 1206 500 1276 reipublim
524 1206 905 1275 disciplinam.

696 1292 1032 1348 EPISTULA
1059 1293 1245 1347 LXXV.

303 1400 378 1437 AD
424 1396 733 1437 SYNODUM
782 1397 1636 1437 CONSTANTINOPOLITANAM.

260 1471 605 1524 Gratulatur
631 1470 1033 1541 Epiphaniam
1063 1469 1389 1538 ponii/icem
1418 1471 1677 1525 electum.

207 1560 501 1615 Hormisda
546 1560 761 1629 synodo
794 1558 1460 1628 Constantinopolitanae.

210 1650 446 1702 Fratrem
499 1653 555 1701 et
610 1647 1009 1717 coepiscopum
1090 1651 1347 1699 nostrum
1410 1646 1814 1716 Epiphaniam,

146 1739 272 1809 apud
300 1736 849 1805 felicissimam(Deo
883 1736 1125 1803 favente)
1152 1736 1713 1805 Constantinopolim
1747 1737 1815 1789 ad

148 1828 369 1880 oflicium
402 1826 665 1878 muneris
696 1825 1064 1878 sacerdotalis
1099 1830 1459 1894 assumptum
1494 1826 1816 1894 pervenisse

147 1917 200 1969 ad
229 1933 341 1981 nos,
377 1916 741 1968 fraternitate
766 1917 953 1966 vestra
988 1914 1285 1979 referente,
1320 1914 1653 1983 gaudemus,
1688 1914 1820 1983 quia

148 2003 331 2072 gratius
364 2001 799 2072 quodammodo
848 2001 1237 2071 suscipiuntur
1280 2001 1511 2067 indicia,
1566 2018 1693 2071 quae
1739 2003 1817 2055 εἰη

148 2092 470 2160 gnificaverit
507 2097 695 2144 amata
722 2107 988 2160 persona,
1018 2097 1073 2143 et
1096 2096 1253 2144 tanto
1285 2091 1468 2160 majus
1498 2107 1601 2160 pro
1623 2097 1817 2143 aucto-

148 2180 284 2233 ritate
306 2180 497 2233 nuntii
524 2180 776 2232 nascitur
805 2180 1103 2249 gaudium,
1141 2184 1353 2249 quanto
1386 2196 1503 2232 non
1535 2185 1619 2232 est
1665 2180 1819 2249 quod

149 2268 200 2321 de
227 2269 550 2321 testimonio
598 2269 938 2338 disputetur.
981 2268 1071 2322 Sic
1106 2274 1227 2321 erat
1270 2284 1612 2336 congruum,
1647 2270 1815 2321 caris-

146 2358 251 2409 simi
297 2357 480 2421 nobis,
522 2357 602 2410 sic
632 2373 689 2409 se
738 2358 887 2410 circa
926 2357 1233 2426 proximun
1285 2358 1604 2426 patefacere
1654 2358 1815 2410 dece-

147 2445 222 2497 bat
261 2446 551 2511 affectum,
584 2452 647 2498 ut
694 2462 797 2515 per
841 2462 940 2497 vos
971 2445 1091 2499 sedi
1143 2446 1465 2515 apostolicae
1502 2446 1820 2499 innotescat

148 2534 275 2602 quod
303 2533 565 2587 moribus
584 2538 638 2586 et
668 2534 963 2586 sanctitate
990 2532 1239 2600 fulgeret
1264 2553 1278 2598 ;
1303 2533 1455 2602 quod
1479 2550 1659 2603 usque
1678 2534 1818 2587 adeo

147 2623 460 2674 sebmnium
505 2622 671 2675 bonis
696 2622 861 2691 (sicut
893 2635 947 2675 et
980 2637 1076 2674 vos
1107 2622 1378 2691 asseritis)
1409 2622 1620 2675 imbuit
1649 2623 1817 2675 insti—

147 2711 273 2778 tutis,
312 2716 371 2764 ut
410 2728 541 2763 non
572 2711 645 2763 sit
691 2712 896 2764 fortius
928 2710 1148 2764 meritis
1195 2710 1609 2778 testimonium,
1645 2728 1817 2782 quam

150 2798 194 2850 in
220 2800 499 2853 honorem
532 2800 835 2853 sacerdotis
857 2798 1161 2853 adscitum.
1189 2800 1333 2863 Quid
1366 2804 1448 2852 est
1480 2800 1636 2853 enim
1667 2800 1819 2870 quod

149 2888 202 2940 de
226 2906 284 2941 eo
312 2890 600 2943 habeatur
628 2889 985 2959 ambiguum,
1020 2890 1081 2942 in
1123 2906 1234 2959 quo
1268 2889 1336 2942 de
1367 2890 1533 2942 bonis
1562 2890 1818 2943 moribus

154 2977 233 3029 sub
284 2976 627 3047 probatione
669 2979 831 3031 facta:
865 2978 1187 3031 concordiae
1244 2984 1628 3048 prazsnscepta
1685 2984 1820 3033 sunt

155 3065 330 3120 divina.
390 3069 763 3138 Quapropter
816 3067 1002 3120 facitis
1046 3070 1256 3129 sancte,
1296 3066 1477 3119 facitis
1527 3067 1814 3136 religiose,

156 3156 303 3209 facitis
338 3158 451 3227 pie,
503 3157 668 3227 quod
715 3156 935 3211 veritati
986 3155 1380 3209 testimonium
1413 3156 1659 3210 libenter
1706 3158 1823 3211 im-

156 3245 383 3314 penditis,
426 3246 595 3317 quod
626 3245 927 3316 praemium
978 3245 1124 3299 bene
1155 3245 1374 3298 meritis
1407 3262 1519 3298 non
1578 3248 1820 3316 negatis.

157 3334 267 3395 Quia
312 3336 463 3390 idem
509 3352 676 3389 error
727 3342 809 3388 est
836 3341 1021 3388 taeere
1052 3334 1368 3400 veritatem,
1408 3336 1505 3404 qui
1538 3341 1622 3388 est
1668 3335 1825 3389 falsis

158 3423 419 3491 assistere;
479 3430 540 3479 et
591 3424 792 3479 eadem
837 3424 1116 3493 injustitia
1142 3428 1228 3477 est
1266 3424 1313 3475 si
1358 3429 1597 3492 negetur
1640 3424 1826 3478 honor

156 3514 373 3567 moribus
416 3514 676 3584 placitis,
733 3529 861 3583 quae
911 3517 993 3566 est
1042 3513 1089 3565 si
1147 3513 1489 3566 concedatur
1548 3513 1819 3583 indignis.

156 3600 350 3657 Certum
410 3611 521 3672 est,
556 3602 964 3669 amantissimi,
1017 3602 1345 3672 participari
1398 3618 1494 3654 vos
1560 3618 1690 3655 cuni
1737 3620 1825 3656 sa-

155 3692 665 3747 cerdotislaudibus
716 3691 1016 3758 intimatis,
1069 3691 1204 3761 quia
1235 3690 1393 3744 omni
1450 3692 1825 3746 fraternitatis

156 3786 319 3835 vestrae
362 3783 552 3836 ordini
616 3780 1035 3848 transcribitur,
1085 3781 1237 3850 quod
1266 3780 1326 3833 in
1357 3796 1493 3844 uno,
1534 3796 1708 3850 quem
1760 3796 1825 3835 ex

156 3870 281 3923 vobis
310 3872 585 3942 elegistis,
634 3886 757 3924 esse
788 3870 1074 3923 laudatur.
1109 3870 1259 3923 Deus
1290 3868 1655 3940 omnipotens
1692 3870 1826 3923 ﬁdei

157 3972 247 4011 suae
292 3976 483 4031 pacem
514 3959 624 4013 sub
652 3959 1056 4029 'perpetuitate
1091 3975 1431 4012 conservans
1488 3958 1826 4012 electionem

158 4048 663 4119 ordinationemque
706 4054 976 4113 vestram,
1026 4064 1199 4118 quam
1250 4047 1655 4101 insinuandam
1706 4048 1827 4101 sedi

157 4141 445 4206 apostolica;
504 4156 616 4211 per
688 4141 967 4194 Joannem
1016 4142 1248 4193 fratrem
1316 4146 1372 4192 et
1415 4141 1817 4209 coepiscopum

158 4232 397 4296 nostrum,
435 4246 545 4284 nec
598 4245 713 4282 non
746 4234 801 4282 et
831 4230 1229 4283 Heraclianum
1264 4230 1682 4299 presbyterum,
1739 4234 1824 4282 at-

160 4328 245 4380 que
279 4316 716 4371 Constantinum
755 4316 1059 4369 diaconum
1092 4316 1238 4369 filios
1274 4320 1495 4369 nostros
1558 4316 1821 4385 religiose

158 4406 457 4472 credidistis,
509 4411 670 4459 tanta
704 4405 973 4459 ﬁrmitate
1009 4406 1298 4471 corfortet,
1340 4406 1419 4459 ita
1460 4411 1516 4458 et
1564 4406 1824 4459 omnium

160 4492 582 4548 discordantium
613 4495 924 4548 luctamina
986 4493 1251 4564 disjiciat,
1301 4495 1381 4547 ita
1425 4494 1823 4549 dissidentium

159 4584 299 4637 corda
347 4589 712 4654 compescat;
769 4590 825 4637 et
874 4584 1366 4653 quemadmodum
1416 4584 1521 4636 sub
1551 4584 1725 4637 fratre
1768 4590 1824 4637 et

161 4673 457 4741 coepiscopo
521 4678 717 4727 nostro
770 4672 1095 4741 Epiphanio
1158 4672 1572 4742 pacificationis
1625 4673 1821 4725 datum

161 4764 223 4811 est
254 4761 549 4828 indicium,
580 4762 936 4831 gratulemur
959 4761 1245 4815 effectum.
1283 4763 1423 4815 Data
1452 4778 1523 4814 vn
1558 4762 1822 4814 calendas

162 4850 357 4915 Aprilis,
410 4850 638 4905 Valerio
675 4849 793 4903 viro
834 4849 1150 4904 clarissimo
1189 4852 1421 4905 consule
1468 4853 1635 4919 (anno
1706 4851 1822 4904 Do-

165 4936 279 4991 mini
302 4940 443 5009 521).

215 5026 359 5081 Gesta
381 5029 440 5082 in
469 5044 640 5082 causa
668 5028 1017 5083 Abundantii
1046 5026 1301 5099 episcopi
1332 5026 1823 5098 Trajanopolitani

164 5112 210 5166 in
231 5116 424 5172 scrinio
448 5118 749 5172 habemus.

700 5224 1029 5279 EPISTOLA
1059 5225 1250 5279 LXXVI

237 5327 295 5365 AD
324 5330 649 5368 EPIPHANIUH
678 5330 975 5369 EPISCOPUM
1026 5330 1725 5369 CONSTANTINOPOLITANUH.

167 5398 305 5475 Quod
341 5402 671 5475 quaidecuit
694 5402 789 5457 via
826 5404 903 5458 ad
938 5404 1323 5458 sacerdolium
1360 5402 1715 5475 pervenerit.
1751 5405 1825 5458 In

423 5473 701 5530 Ecclesia?
710 5475 1214 5546 perseverandum.
1234 5477 1311 5531 Et
1333 5471 1402 5529 de
1426 5474 1680 5546 acceptis
1695 5490 1822 5528 mu-

222 5558 330 5597 neri
367 5561 451 5598 us.

224 5647 509 5705 Hormisda
530 5653 846 5725 Epiphanio
863 5654 1133 5725 episcopo
1166 5653 1817 5725 Constantinopolitano.

1928 584 2061 652 quia
2103 601 2213 637 non
2247 586 2428 638 solum
2490 587 2760 656 synodica
2804 589 3077 641 relatione
3125 590 3191 643 ad
3240 591 3622 645 sacerdotium

1925 672 2095 743 digne
2134 676 2458 744 pervenisse
2495 676 2888 744 cognovimus,
2914 677 3011 730 sed
3046 678 3208 731 factis
3251 684 3422 749 atque
3453 682 3625 735 mori-

1926 762 2030 816 bus
2061 764 2501 832 comprobamus
2534 782 2546 817 :
2582 770 2638 818 et
2667 766 2744 817 ita
2772 781 2829 819 se
2862 766 3151 820 merilitui
3180 768 3390 837 gradus
3414 770 3624 837 patefe-

1926 851 2002 903 cit
2030 852 2343 915 affectibus,
2381 860 2441 906 ut
2472 858 2599 907 ante
2632 854 2873 908 fratrum
2902 862 2959 908 et
2991 855 3456 926 coepiscoporum
3515 875 3621 911 no-

1926 946 2172 993 strorum
2205 942 2600 995 testimonium
2632 948 2833 995 cuncta
2864 944 3247 998 crederemus.
3275 946 3433 1009 Quod
3467 946 3623 1000 enim

1926 1028 2010 1082 illi
2059 1032 2505 1099 te,promittunt
2536 1048 2702 1100 posse
2734 1032 2929 1085 omnia
2958 1049 3150 1101 agere,
3205 1050 3310 1087 nos
3361 1035 3624 1089 videmus

1926 1117 2224 1187 implesse;
2277 1125 2331 1172 et
2362 1125 2638 1189 tanquam
2687 1120 2968 1185 ﬁdeiZtuaa
3002 1128 3221 1175 servata
3242 1123 3396 1191 pacis
3452 1124 3627 1177 fuerit

1927 1207 2128 1277 gratia,
2182 1208 2260 1260 sic
2282 1210 2515 1261 unitatis
2547 1210 2821 1261 hactenus
2852 1210 3027 1263 dilata
3074 1216 3209 1264 sunt
3236 1216 3361 1264 vota
3411 1212 3622 1266 divina.

1928 1298 2132 1349 Eorum
2167 1296 2661 1365 praedestinationi
2693 1297 2943 1349 caritatis
2974 1303 3088 1351 tua:
3119 1299 3459 1352 vocabulum
3510 1318 3624 1370 quo

1926 1386 2275 1454 nuncuparis
2314 1388 2562 1446 accessit,
2615 1385 2719 1438 sub
2753 1402 2865 1454 quo
2898 1386 3101 1455 spiritu
3150 1393 3463 1456 apparente
3494 1406 3622 1442 con-

1928 1474 2141 1535 cordia,
2175 1474 2387 1526 factum
2418 1480 2501 1527 est
2534 1480 2594 1527 ut
2625 1475 2880 1527 dicamus
2920 1491 2932 1527 :
2960 1476 3108 1528 Ecce
3139 1492 3309 1545 quam
3343 1477 3544 1529 bonum
3574 1484 3625 1529 et

1925 1562 2693 1631 quamjucundumhabifare
2712 1564 2912 1631 [ia/res
2942 1562 3003 1615 in
3022 1580 3195 1616 unum
3210 1566 3381 1633 (Psal.
3404 1567 3626 1632 cxxxn).

1928 1652 2285 1720 Quapropter
2317 1651 2373 1702 in
2405 1652 2628 1704 Christo
2661 1652 2906 1704 Domino
2940 1658 3135 1704 nostro
3170 1653 3474 1706 reddentes
3510 1654 3630 1706 offi-

1929 1741 2013 1793 cia
2046 1740 2419 1803 salutationis,
2446 1740 2744 1793 hortamur
2769 1745 2827 1792 ut
2860 1741 2995 1793 boni
3024 1740 3215 1809 operis
3242 1741 3470 1794 initium
3499 1744 3627 1795 lau-

1931 1829 2116 1881 dabile
2143 1830 2437 1882 continuet
2468 1829 2815 1895 institutum,
2843 1830 3155 1881 secundum
3178 1835 3435 1883 sanctum
3458 1832 3631 1883 Evan-

1930 1918 2166 1986 gelium,
2201 1934 2312 1987 quo
2334 1934 2634 1970 monemur
2668 1934 2679 1971 :
2711 1918 2815 1982 Qui
2839 1917 3291 1988 perseveraverit
3306 1918 3520 1987 inﬁne,
3540 1919 3632 1972 hic

1925 2004 2122 2058 salvus
2149 2006 2258 2057 erit
2302 2006 2535 2075 (Matth.
2565 2010 2640 2071 Χ).
2688 2008 3091 2059 Adhortamini
3141 2007 3315 2077 igitur
3356 2008 3627 2077 reliquos,

1928 2092 2167 2147 invitate
2201 2094 2449 2159 monitis,
2486 2096 2733 2163 colligite
2766 2096 3172 2149 blandimentis
3208 2113 3219 2148 :
3264 2097 3400 2166 quia
3431 2097 3631 2149 talenti

1928 2182 2129 2235 crediti
2166 2183 2539 2251 multiplicata
2563 2185 2902 2254 compendia
2943 2185 3217 2237 sacrificia
3250 2190 3383 2238 sunt
3414 2186 3624 2239 divina.

1928 2273 2211 2325 Praeterea
2234 2272 2555 2342 gratissime
2586 2275 2821 2326 tulimus
2848 2274 3001 2343 quod
3030 2274 3233 2327 Joanni
3266 2274 3426 2326 fratri
3453 2283 3512 2327 et
3535 2290 3629 2326 eo-

1928 2360 2197 2429 episcopo
2218 2366 2441 2423 nostro,
2469 2377 2692 2415 necnon
2715 2362 3046 2415 Heracliano
3068 2362 3424 2431 presbytero,
3456 2367 3626 2432 atque

1927 2448 2302 2502 Constantino
2361 2451 2494 2503 filiis
2548 2451 2755 2503 nostris
2785 2450 3151 2503 internuntiis
3196 2450 3623 2520 promotioncm

1928 2536 2178 2591 caritatis
2204 2544 2316 2591 tuae
2339 2539 2728 2607 cognovimus,
2751 2556 2864 2608 qua
2881 2556 3003 2593 esse
3020 2539 3235 2609 aliquid
3261 2540 3487 2593 dulcius
3514 2556 3631 2594 non

1927 2631 2215 2695 putamus.
2252 2628 2470 2679 Etcum
2522 2633 2573 2679 te
2604 2628 2857 2697 praedicti
2900 2628 3023 2694 viri,
3059 2630 3164 2681 etsi
3198 2645 3301 2697 pro
3349 2629 3628 2699 obsequio

1927 2719 2186 2783 suscepto
2212 2716 2477 2782 facerent,
2510 2733 2623 2768 non
2649 2723 2867 2769 tamtan
2892 2718 3111 2769 ratione
3133 2718 3455 2782 laudarent,
3482 2718 3630 2771 beati

1928 2804 2187 2856 omnium
2214 2820 2429 2868 sumus,
2478 2806 2631 2874 quod
2666 2806 2853 2873 dignae
2896 2806 2977 2858 rei
3006 2807 3241 2858 nuntius
3282 2806 3497 2859 relator
3542 2807 3626 2859 di-

1927 2908 2075 2961 gnus
2130 2893 2404 2957 exstabat,
2458 2899 2521 2945 ut
2564 2893 2667 2946 tibi
2728 2895 3143 2947 absolutissime
3188 2896 3255 2948 de
3305 2896 3629 2963 legatorum

1928 2980 2150 3033 meritis
2182 2978 2441 3049 probatio
2461 2980 2534 3033 sit
2562 2981 2814 3035 honoris.
2842 2983 3198 3052 Manupapae
3231 2998 3243 3035 :
3270 2982 3627 3050 Suscepimus

1858 3089 1897 3143 ρ
1929 3069 2160 3122 calicem
2195 3085 2432 3122 aureum
2479 3076 2857 3145 geminatum,
2894 3076 3163 3139 patenam
3197 3076 3551 3139 argenteam,
3573 3076 3630 3124 et

1935 3157 2111 3209 alium
2141 3157 2375 3209 calicem
2402 3164 2759 3226 argenteum,
2790 3165 2846 3212 et
2876 3159 2999 3211 vela
3032 3160 3144 3212 duo
3178 3158 3496 3213 ministerio
3528 3161 3626 3214 ba-

1932 3246 2104 3301 silicae
2136 3246 2285 3299 beati
2323 3246 2474 3299 Petri
2519 3248 2767 3316 apostoli
2826 3249 3141 3318 profutura,
3183 3265 3215 3301 a
3245 3248 3475 3302 caritate
3530 3256 3629 3302 tua

1933 3335 2165 3389 directa.
2216 3338 2353 3388 Data
2410 3352 2503 3389 vni
2524 3336 2786 3389 calendas
2817 3338 3044 3406 Aprilis,
3082 3336 3300 3391 Valerio
3331 3337 3454 3391 viro
3517 3339 3630 3391 cla-

1932 3424 2158 3478 rissimo
2194 3426 2425 3478 consule
2456 3427 2628 3495 (anno
2660 3426 2887 3479 Domini
2912 3426 3056 3495 521).

2611 3516 2949 3569 EPISTOLA

2309 3619 2653 3658 EPIPHANII
2700 3620 2778 3657 AD
2828 3619 3236 3659 IIORMISDAM.

1934 3692 2025 3745 Ab
2045 3691 2427 3747 Orientalibus
2454 3692 2794 3763 imperatori
2813 3709 2999 3763 preces
3039 3694 3265 3747 oblatas
3289 3709 3350 3746 se
3374 3692 3450 3747 ad
3480 3710 3611 3749 eum

2666 3781 2906 3837 misisse.

2006 3869 2249 3923 Domino
2268 3886 2396 3922 meo
2420 3886 2521 3939 per
2540 3872 2733 3923 omnia
2757 3872 2991 3924 amabili
3023 3873 3134 3925 Deo
3155 3873 3631 3943 sanctissimoque

1934 3959 2095 4012 fratri
2151 3963 2205 4011 et
2235 3959 2744 4012 comministratori
2778 3960 3088 4014 Hormisdre
3116 3962 3471 4031 Epiphanius
3509 3962 3629 4032 epi—

1935 4064 2141 4117 sc0pus
2170 4049 2229 4100 in
2258 4048 2498 4101 Domino
2529 4049 2789 4103 salutem.

2004 4138 2286 4200 Quantam
2333 4136 2685 4190 alacritatem
2720 4143 2815 4190 aut
2854 4138 3021 4207 quale
3052 4138 3403 4191 desiderium
3434 4139 3631 4207 piissi-

1935 4242 2062 4279 mus
2094 4232 2149 4279 et
2178 4226 2697 4280 Christianissimus
2730 4226 3041 4295 imperator
3089 4242 3276 4278 caram
3321 4227 3625 4296 perfectam

1935 4314 2214 4367 unionem
2266 4314 2658 4367 universarum
2691 4315 3069 4367 Ecclesiarnm
3100 4313 3327 4377 habeat,
3386 4330 3503 4367 non
3535 4331 3629 4367 vo-

1863 4394 1905 4447 υ
1938 4405 2155 4458 luutate
2216 4408 2462 4473 tantum,
2503 4404 2601 4457 sed
2637 4404 2907 4473 operibus
2951 4404 3088 4473 ipsis
3114 4401 3526 4468 habitantibus,
3569 4402 3631 4456 in

1935 4493 2041 4547 hac
2073 4493 2231 4563 regia
2260 4494 2420 4561 urbe,
2464 4499 2849 4562 etantequam
2894 4492 2964 4546 ad
3025 4507 3268 4561 regnum
3313 4510 3345 4544 a
3376 4492 3491 4545 Deo
3523 4492 3631 4546 sibi

1933 4582 2128 4635 datum
2160 4582 2501 4649 perveniret,
2554 4582 2822 4635 ostendit.
2868 4580 3162 4633 Sanctitati
3210 4585 3403 4634 autem
3429 4587 3629 4635 vestras

1932 4688 1996 4724 ex
2039 4671 2307 4724 correctis
2340 4673 2409 4725 ab
2441 4672 2604 4724 initio
2639 4672 2795 4739 regni
2828 4672 2968 4740 ejus,
2995 4675 3050 4722 et
3081 4686 3259 4739 usque
3288 4687 3439 4724 nunc
3472 4670 3630 4724 labo-

1936 4761 2091 4813 ribus
2126 4761 2370 4813 maxime
2403 4760 2805 4825 manifestavit,
2836 4774 2938 4829 per
2959 4775 3101 4828 quos
3131 4759 3325 4811 omnia
3343 4758 3631 4812 catholicae

1932 4849 2191 4903 Ecclesiae
2236 4849 2492 4903 membra
2522 4848 2580 4901 in
2612 4864 2791 4901 unum
2828 4847 3053 4902 Domini
3092 4852 3148 4901 et
3185 4847 3494 4902 Salvatoris
3528 4862 3629 4901 no-

1932 4938 2033 4992 stri
2061 4940 2191 4992 Jesu
2224 4937 2430 4992 Christi
2466 4953 2670 5006 corpus
2709 4953 2839 4991 cum
2866 4942 3135 5006 prompto
3183 4937 3383 4991 nititur
3439 4934 3632 4989 animo

1932 5028 2282 5097 conjungere
2314 5043 2326 5080 :
2361 5032 2418 5080 et
2447 5026 2589 5097 quid
2618 5042 2763 5096 opus
2806 5033 2890 5080 est
2920 5025 3104 5080 verbis
3137 5025 3219 5079 uti
3242 5025 3497 5095 prolixis,
3535 5024 3635 5094 qui

1931 5117 2100 5170 rebus
2138 5117 2296 5186 ipsis,
2356 5132 2685 5187 quanquam
2720 5132 2823 5170 nos
2853 5116 2971 5170 veri
3016 5121 3205 5177 testes,
3242 5116 3485 5168 existere
3540 5129 3632 5165 va-

1932 5206 2169 5260 leamus.
2233 5205 2411 5259 Habet
2442 5216 2631 5259 tamen
2679 5212 2735 5259 et
2766 5212 2950 5259 vestra
2981 5205 3250 5259 sanctitas
3272 5203 3631 5272 experimen-

1933 5301 2057 5349 tnm
2085 5294 2239 5365 quod
2270 5302 2325 5348 et
2347 5311 2449 5364 per
2478 5296 2688 5364 scripta
2720 5296 2991 5365 cognovit
3019 5312 3031 5349 :
3058 5294 3365 5348 confirmat
3395 5292 3629 5362 quidem

1931 5386 2052 5440 haec
2084 5386 2236 5455 quod
2262 5401 2414 5438 nunc
2443 5385 2690 5439 additur.
2726 5387 2866 5439 Nam
2896 5385 3133 5455 quidam
3168 5384 3265 5454 qui
3298 5382 3403 5436 sub
3436 5387 3635 5453 poten-

1932 5475 2150 5529 tissima
2198 5475 2319 5543 ejus
2352 5490 2528 5528 manu
2568 5480 2722 5539 sunt,
2767 5474 3331 5545 religiosissimorum
3367 5472 3629 5527 sacerdo-

1931 5570 2055 5619 tum
2085 5582 2152 5619 ex
2182 5564 2557 5619 Orientalium
2587 5565 2838 5635 partium
2874 5562 3226 5633 regionibus,
3264 5578 3462 5631 preces
3495 5579 3628 5633 por-

1933 5657 2222 5719 rexerunt,
2282 5653 2549 5709 docentes
2609 5654 2677 5706 de
2706 5654 2793 5707 his
2824 5668 2951 5722 qua:
2998 5651 3327 5704 voluerunt.
3380 5650 3493 5705 Nec
3525 5651 3634 5704 hoc
