4038 6170
356 360 458 410 507

1797 356 2174 414 ΗΟΗΜΙΒΒᾹΞ
2215 358 2409 412 ΡΑΡίΕ

3749 365 3850 417 508

356 499 533 552 latere
583 500 823 549 vestram
873 495 1064 548 volens
1095 499 1468 556 sanctitatem,
1506 496 1648 549 bene
1706 494 2042 548 deliberavit
2077 494 2125 547 A
2154 494 2304 547 ﬁlius
2326 500 2506 548 vester
2535 496 2816 566 regnavit,
2840 497 3198 567 cognoscitis.
3233 500 3294 552 lu
3325 500 3592 568 praesenti
3615 516 3852 570 quoque

359 594 420 641 ut
445 586 595 656 quod
621 585 742 654 jam
779 585 989 638 factum
1023 589 1102 638 est
1131 584 1190 636 in
1221 585 1490 654 prwsenti
1519 584 1811 638 nuntiaret
1841 590 2046 638 vestrm

359 674 664 730 sanctitati.
700 674 874 727 Paulo
904 678 1030 743 post
1069 673 1138 726 de
1169 689 1236 726 ea
1262 672 1350 726 his
1379 673 1737 727 manifestius
1769 673 2047 744 signiﬁca-

360 781 456 831 re;
497 771 577 832 ut,
625 763 915 817 communi
949 762 1185 816 concilio
1222 764 1579 833 praecedente
1613 763 1894 829 omnium,
1932 763 2044 816 Do-

361 854 517 908 mino
577 858 631 907 et
652 852 927 907 Salvatori
973 857 1163 905 nostro
1215 853 1349 906 Jesu
1398 851 1620 905 Christo
1671 868 1738 905 ea
1794 867 1919 922 quae
1975 851 2046 905 ad

363 943 665 997 utilitatem
720 957 1084 995 communem
1116 941 1482 1007 conveniunt,
1517 946 1573 995 et
1612 940 1866 1010 undique
1918 944 2050 994 sunt

361 1031 902 1101 irreprehensibilia,
933 1030 1223 1084 catholica:
1257 1029 1383 1083 ﬁdei
1427 1031 1896 1098 correctionibus,
1929 1031 2044 1083 cla-

359 1126 600 1175 rescant.
652 1121 983 1190 Opportune
1012 1120 1186 1188 igitur
1221 1119 1608 1172 existimantes
1651 1119 1916 1173 fraternis
1947 1119 2048 1172 lit-

360 1210 493 1263 teris
525 1213 767 1263 vestram
821 1207 1179 1261 sanctitatem
1218 1213 1270 1260 et
1307 1207 1611 1260 carissimis
1647 1207 1911 1277 alloquiis
1956 1223 2042 1260 ro-

360 1315 562 1369 gamus
593 1303 656 1352 ut
690 1298 874 1366 majus
924 1301 978 1350 et
1007 1295 1310 1349 instantius
1356 1313 1458 1366 pro
1503 1296 1758 1365 piissimo
1791 1296 2048 1366 principe

361 1393 554 1441 nostro
604 1387 864 1440 omnium
917 1385 1218 1439 Dominum
1275 1387 1455 1439 Deum
1499 1403 1660 1439 orare
1707 1385 2045 1455 dignemini.

363 1478 603 1532 Omnem
631 1477 689 1529 in
739 1475 959 1530 Christo
995 1476 1409 1528 fraternitatem
1435 1491 1557 1544 quae
1589 1490 1718 1528 cum
1751 1481 1931 1527 vestra
1965 1478 2051 1527 est

361 1566 659 1619 sanctitate
708 1581 814 1633 ego
861 1581 1090 1634 quoque
1141 1570 1196 1616 et
1227 1566 1338 1616 mei
1371 1565 1686 1634 plurimum
1736 1565 2048 1617 salutamus

362 1656 500 1712 Alia
521 1671 714 1708 manu.
750 1654 1060 1707 Incolumis
1091 1655 1150 1706 in
1176 1655 1418 1707 Domino
1446 1671 1543 1708 ora
1558 1670 1661 1724 pro
1687 1653 1874 1719 nobis,
1899 1670 2051 1707 ama-

361 1745 489 1799 bilis
517 1746 627 1797 Deo
659 1749 714 1797 et
745 1745 1099 1796 sanctissime
1122 1749 1300 1814 pater.

1053 1850 1349 1904 RELATIO

455 1957 799 1996 EPIPHANII
845 1955 1134 1995 EPISCOPI
1181 1953 1964 1994 CONSTANTINOPOLITANI.

715 2028 949 2083 Paulini
984 2029 1435 2084 sollicitudinem
1482 2027 1702 2081 laudat.

439 2119 678 2172 Domino
717 2136 842 2172 meo
875 2134 976 2189 per
1009 2118 1201 2171 omnia
1248 2117 1482 2170 amabili
1513 2118 1627 2169 Deo
1661 2113 2052 2168 sanctissimo-

363 2224 474 2276 que
529 2207 690 2262 fratri
721 2214 778 2261 et
818 2205 1326 2260 comministratori
1360 2205 1672 2258 Hormisdze
1707 2203 2053 2274 Epiphanius

363 2298 420 2351 in
460 2299 705 2352 Domino
736 2299 997 2350 salutem.

435 2387 702 2438 Paulinus
729 2391 929 2438 vestrae
977 2385 1124 2438 sedis
1157 2386 1442 2448 defensor,
1479 2384 1577 2453 qui
1609 2387 1855 2436 vestram
1900 2385 2052 2433 retu-

363 2473 429 2526 lit
475 2474 798 2542 epistolam,
859 2478 1175 2542 vestrasque
1225 2472 1536 2525 sanctitatis
1579 2472 1846 2524 virtutem
1905 2470 1962 2521 in
1996 2484 2053 2520 se

366 2562 688 2627 ostendens,
728 2577 857 2613 cum
891 2561 1100 2630 gaudio
1131 2561 1425 2614 nobiscum
1471 2565 1856 2624 conversatus,
1891 2573 2053 2610 suam

355 2650 811 2730 sollicitudinem
851 2650 1250 2703 communibus
1281 2649 1532 2703 consiliis
1564 2648 1895 2716 actibusque
1917 2662 2052 2699 con-

363 2741 510 2794 tulit.
544 2740 652 2794 Sed
687 2739 960 2810 qubniam
989 2740 1056 2792 ad
1090 2755 1186 2792 vos
1213 2739 1578 2792 festinantem
1612 2753 1729 2790 non
1756 2736 2056 2806 oportebat

364 2849 496 2887 eum
531 2832 838 2901 prolixiore
860 2837 1121 2900 tempore
1155 2831 1453 2896 remorari,
1488 2830 1727 2900 ideoque
1752 2827 2054 2897 reciprocis

364 2923 721 2992 alloquentes
758 2927 1004 2974 vestram
1063 2921 1438 2985 sanctitatem,
1491 2917 1713 2989 protegi
1754 2917 2054 2988 praefatum

362 3012 549 3064 virum
582 3015 636 3064 et
666 3010 844 3064 nostri
879 3010 1119 3079 dignum
1145 3009 1356 3063 amoris
1385 3008 1613 3062 ﬁdelem
1645 3023 1872 3060 servum
1921 3006 2052 3059 sub-

363 3101 653 3154 sistentem
701 3100 1186 3153 commendamus.
1223 3099 1341 3152 Erit
1369 3104 1563 3151 autem
1608 3097 1675 3151 de
1717 3095 1806 3149 his
1847 3111 1974 3165 quas
2023 3110 2057 3147 a

363 3190 530 3243 nobis
564 3194 724 3257 gesta
754 3193 888 3240 sunt
917 3204 1020 3256 pro
1055 3201 1241 3240 vestro
1290 3187 1503 3251 animo,
1544 3190 1598 3239 et
1642 3187 1790 3238 circa
1837 3188 2056 3237 sanctas

365 3277 638 3330 Ecclesias
655 3275 1099 3328 sollicitudinem
1129 3291 1301 3344 quam
1342 3275 1865 3345 gerimus,vigilare
1898 3273 2057 3325 nobis

367 3366 575 3435 dignus
630 3365 742 3418 ﬁde
775 3370 1090 3418 enarrator.
1125 3367 1266 3418 Nam
1323 3381 1424 3418 nos
1455 3365 1812 3417 orationibus
1854 3367 2057 3416 vestrae

367 3462 695 3525 sanctitatis,
731 3468 794 3513 ut
824 3463 1142 3514 naturalem
1195 3461 1512 3515 bonitatem
1545 3461 1714 3530 hujus
1746 3459 1826 3512 rei
1874 3459 2058 3528 respi-

368 3550 600 3615 cientes,
642 3550 1141 3618 vigilantissimum
1174 3549 1478 3602 habeniem
1533 3549 1807 3613 studium,
1841 3552 1896 3600 et
1947 3549 2059 3600 Deo

369 3644 712 3709 cooperante
744 3639 802 3691 in
834 3639 1098 3709 plurimis
1119 3638 1358 3691 verbum
1382 3637 1581 3708 gratiae
1610 3637 1916 3690 decurrens
1938 3636 2060 3688 sine

371 3728 564 3798 aliqua
612 3728 946 3781 obsistentia
987 3729 1055 3780 ad
1090 3727 1350 3780 effectum
1387 3732 1646 3780 nostrum
1681 3726 1833 3779 ducit
1866 3731 1923 3778 et
1971 3726 2058 3778 in-

371 3817 706 3870 tentionem.
741 3816 847 3869 Sed
883 3815 1015 3884 quia
1038 3815 1397 3869 difﬁcultates
1428 3816 1635 3885 aliqua:
1684 3817 2060 3877 accesserunt,

373 3904 788 3976 gubernatione
820 3905 1020 3974 utique
1048 3909 1103 3958 et
1131 3905 1301 3957 inniti
1328 3904 1700 3973 dispositione
1733 3918 1798 3956 ea
1825 3919 1954 3972 qua
1971 3901 2064 3954 hic

374 3996 634 4047 movetur
662 3999 904 4062 oportet,
938 3997 992 4047 et
1016 3998 1405 4063 competenter
1447 3992 1676 4061 exponi,
1712 3992 1856 4044 sicut
1885 3996 1940 4044 et
1967 4007 2062 4044 ve-

373 4087 491 4134 stra
521 4082 810 4149 cognoscit
843 4098 1016 4151 super
1039 4082 1229 4134 omnia
1277 4081 1562 4134 sanctitas.
1596 4082 1664 4135 Et
1689 4080 2063 4151 quemadmo-

375 4171 512 4224 dum
547 4176 773 4240 oportet
801 4187 897 4223 eos
951 4172 1050 4240 qui
1085 4171 1180 4224 Dei
1210 4186 1410 4240 greges
1443 4185 1670 4240 pascere
1703 4169 1888 4223 sortiti
1932 4173 2066 4221 sunt

299 4260 314 4274 '
373 4260 636 4312 universa
697 4260 764 4312 ad
813 4259 1054 4329 gloriam
1101 4259 1195 4312 Dei
1249 4265 1304 4312 et
1349 4275 1517 4328 agere
1567 4265 1624 4312 et
1658 4259 1870 4324 moliri,
1904 4273 2063 4328 spem

2157 584 2346 638 debito
2379 584 2596 654 pudore
2637 586 2945 640 salutantes
2977 591 3134 641 tuam
3165 588 3546 655 sanctitatem,
3599 590 3856 658 postula-

2157 690 2284 728 mus
2316 674 2542 728 enixius
2595 679 2656 728 ut
2687 675 2934 729 assiduis
2973 677 3238 746 precibus
3270 683 3324 731 et
3370 678 3856 748 frequentissimis

2157 764 2510 817 orationibus
2556 780 2660 834 pro
2704 765 3006 818 concordia
3039 765 3316 820 laboretis
3345 766 3729 820 Ecclesiarum
3776 765 3855 835 (a)

2154 858 2494 917 vestrarum,
2539 853 2818 925 nobisque
2849 854 3016 924 (sicut
3039 871 3140 925 per
3167 857 3385 926 legatos
3415 856 3588 910 etiam
3630 861 3858 910 vestros

2158 948 2288 1013 post
2328 943 2524 996 omnia
2544 942 2896 1012 scripsimus)
2929 950 3045 996 tam
3081 944 3150 998 de
3181 961 3444 999 sermone
3473 946 3542 999 de
3569 961 3682 1015 quo
3726 959 3858 998 ver-

2154 1032 2295 1086 titur
2325 1033 2723 1099 controversia,
2772 1048 2944 1102 quam
2978 1035 3046 1087 de
3085 1034 3414 1088 nominibus
3444 1035 3860 1104 episcoporum

2155 1121 2258 1175 sub
2291 1121 2490 1174 Acacio
2520 1121 2940 1186 defunctorum,
2986 1139 3086 1192 per
3116 1123 3419 1192 Eulogium
3451 1123 3637 1177 virum
3669 1123 3858 1177 subli-

2155 1226 2309 1263 mem
2343 1209 2637 1263 tribunum
2661 1217 2717 1264 et
2751 1211 3040 1264 notarium
3072 1211 3343 1280 dignetur
3374 1214 3729 1282 apostolatus
3762 1229 3860 1266 ve-

2156 1309 2272 1354 ster
2300 1300 2589 1369 integrum
2619 1300 3126 1371 indubitatumque
3159 1302 3442 1355 destinare
3477 1319 3856 1372 responsum;

2156 1390 2420 1443 omnibus
2466 1391 2726 1444 videliCet
2775 1407 2903 1460 quae
2950 1391 3327 1460 praesentibus
3381 1393 3584 1461 legatis
3649 1392 3862 1446 vestris

2157 1478 2419 1532 ordinata
2462 1485 2595 1532 sunt
2649 1479 2704 1531 in
2765 1483 3042 1549 perpetuo
3082 1479 3326 1534 ﬁrmiter
3382 1480 3694 1535 duraturis.
3765 1482 3862 1534 Vir

2155 1584 2406 1638 namque
2453 1568 2754 1637 religiosis
2795 1570 3040 1622 Joannes
3069 1569 3388 1639 episcopus,
3436 1570 3536 1639 qui
3574 1575 3861 1623 venturus

2158 1664 2241 1711 est
2268 1658 2532 1724 Romam,
2593 1658 2880 1710 dominetur
2925 1658 3265 1727 aegritudine
3321 1658 3651 1728 corporali:
3712 1659 3863 1713 nihil

2161 1747 2316 1800 enim
2361 1746 2626 1816 prohibet
2657 1753 2788 1798 ante
2815 1747 2937 1815 ejus
2969 1762 3198 1816 quoque
3245 1748 3553 1800 adventum
3611 1764 3865 1802 concor—

2161 1835 2314 1890 diam
2374 1835 2708 1906 prsevenire,
2769 1835 2992 1888 sublata
3035 1835 3388 1889 dubitatione
3421 1837 3747 1904 religionis,
3810 1843 3868 1892 et

2161 1941 2292 1978 eum
2325 1931 2518 1977 tamen
2539 1940 2670 1977 mox
2707 1925 3058 1976 xiimittemus
3090 1924 3310 1978 favente
3359 1926 3678 1992 divinitate,
3730 1927 3871 1995 quia

2155 2014 2273 2084 jam
2311 2014 2514 2066 melius
2552 2013 2715 2066 habet
2750 2030 2760 2065 :
2819 2013 3092 2082 quoniam
3130 2029 3234 2066 nec
3273 2014 3526 2068 difﬁcilia
3558 2022 3698 2068 sunt
3734 2031 3868 2084 quze

2160 2103 2488 2156 ceciderunt
2518 2102 2574 2155 in
2607 2101 3074 2170 ambiguitatem;
3109 2118 3213 2156 nec
3243 2103 3471 2172 expedit
3498 2103 3723 2156 diutius
3746 2118 3877 2155 cau-

2160 2210 2280 2245 sam
2323 2192 2451 2245 vitae
2481 2190 2738 2261 protrahi
2764 2191 3143 2260 sempiternae,
3172 2207 3244 2244 ne
3279 2191 3467 2245 dilatis
3499 2193 3869 2261 temporibus

2161 2281 2376 2350 aliquid
2409 2286 2674 2333 nascatur
2705 2279 2997 2332 incertius.
3027 2278 3351 2334 Eternitatis
3387 2279 3563 2347 igitur
3595 2297 3869 2350 supernas

2161 2367 2559 2438 tremendique
2593 2367 2796 2437 judicii
2848 2385 2965 2420 non
2994 2368 3300 2422 immemor
3338 2369 3605 2421 sanctitas
3649 2376 3866 2434 vestra,

2162 2473 2291 2527 quas
2323 2456 2431 2510 sibi
2476 2458 2776 2509 commissa
2819 2461 2954 2510 sunt
3002 2457 3265 2510 efﬁcaciae
3298 2457 3444 2510 tradi
3486 2459 3867 2527 deproperet.

2164 2547 2233 2616 (b)
2261 2551 2320 2599 ut
2351 2545 2674 2615 intelligant
2705 2547 2896 2600 cuncti
2925 2551 3075 2600 recte
3094 2563 3193 2600 vos
3224 2547 3546 2615 apostolicae
3562 2547 3721 2600 sedis
3746 2565 3869 2601 esse

2161 2636 2474 2706 primatum
2506 2635 2755 2688 sortitos.
2800 2637 2927 2689 Haec
2957 2635 3135 2706 igitur
3177 2653 3306 2706 quas
3336 2636 3670 2690 scribuntur
3701 2654 3735 2690 a
3765 2653 3867 2690 no-

2159 2725 2247 2778 bis
2279 2724 2480 2777 afl'ectu
2509 2729 2748 2794 paterno
2765 2725 2962 2793 jubele
2985 2726 3327 2794 quantocius
3345 2725 3673 2796 adimpleri.
3698 2726 3870 2780 Scitis

2159 2828 2410 2882 namque
2441 2829 2613 2881 quam
2648 2813 2720 2865 sit
2750 2812 3107 2867 admirabilis
3135 2812 3330 2883 gloria;
3359 2819 3652 2868 tantorum
3701 2831 3870 2868 erro-

2161 2917 2252 2953 res
2313 2916 2597 2953 annorum
2648 2901 2818 2955 vestri
2865 2901 3227 2970 pontiﬁcatus
3280 2906 3541 2973 tempore
3593 2904 3871 2974 stirpitus

2161 2989 2398 3044 aboleri.

2633 3061 2995 3116 EXEMPLUM
3027 3062 3380 3116 EPISTOLE

2449 3148 2828 3188 JUSTINIANI
2877 3147 3005 3187 COS.
3055 3151 3130 3188 AD
3182 3149 3566 3190 HORMISDAM

2166 3221 2321 3289 Conﬁ
2326 3225 2433 3275 tem
2441 3238 2511 3274 ur
2525 3221 2813 3275 Christum
2837 3224 2974 3275 Dom
2982 3222 3039 3275 in
3047 3224 3302 3277 um'recte
3315 3240 3485 3276 unum
3497 3223 3556 3277 in
3576 3225 3875 3282 Trinitate

2235 3292 2376 3359 dici,
2409 3309 2570 3368 secus
2588 3309 2852 3368 (munies:
2885 3293 3279 3368 TrytitateJn
3311 3295 3874 3368 nominibus-episco-

2234 3380 2440 3434 porum
2460 3364 2808 3418 damnandis
2819 3381 2930 3419 non
2954 3365 3040 3418 ita
3059 3382 3250 3418 severe
3273 3366 3570 3438 agendum.

2240 3453 2483 3507 Domino
2507 3455 2625 3507 viro
2659 3454 2986 3508 beatissimo
3009 3459 3316 3524 sanctoque
3357 3454 3506 3523 patri
3545 3452 3873 3506 Hormisdw

2168 3541 2325 3596 urbis
2353 3544 2546 3597 Romae
2578 3542 2835 3612 pontiﬁci
2858 3543 3240 3597 Justinianus'
3266 3559 3378 3596 cos.

2241 3633 2516 3694 Quantam
2551 3633 2976 3686 venerationem
2990 3632 3284 3702 religionis
3302 3632 3630 3698 habeamus,
3660 3647 3872 3701 quam-

2173 3737 2283 3790 que
2316 3722 2539 3776 solliciti
2562 3737 2788 3791 semper
2817 3722 3095 3793 fuerimus
3121 3727 3358 3792 propter
3406 3722 3688 3775 uniendas
3737 3737 3875 3775 san-

2171 3818 2286 3864 ctas
2335 3810 2630 3875 Ecclesias,
2691 3811 2851 3864 testis
2902 3815 2986 3863 est
3034 3827 3263 3880 quoque
3315 3814 3499 3862 vestra
3549 3810 3869 3864 beatitudo.

2171 3901 2481 3969 Postquam
2536 3901 2796 3967 regnavit
2840 3899 2995 3953 enim
3045 3899 3312 3952 dominus
3359 3905 3554 3952 noster
3615 3900 3875 3968 inclytus

2172 3987 2489 4057 imperator
2508 4003 2613 4056 per
2639 4003 2841 4040 omnes
2872 3988 2941 4040 ad
2973 3989 3194 4040 Italiam
3218 3988 3509 4040 venientes
3549 3987 3875 4040 direximus

2172 4075 2406 4137 litteras,
2455 4078 2832 4146 apostolatum
2882 4082 3042 4130 tuum
3105 4083 3370 4145 rogantes
3409 4076 3554 4129 sicut
3606 4075 3874 4129 decebat.

2175 4166 2335 4218 Nunc
2360 4166 2533 4219 etiam
2576 4181 2647 4218 ne
2679 4166 2816 4236 quid
2856 4181 3053 4218 eorum
3076 4181 3204 4236 qua:
3235 4167 3362 4218 ﬁeri
3413 4165 3684 4217 convenit
3715 4181 3875 4233 prae-

2174 4255 2546 4321 termittatur,
2612 4256 2859 4308 Joannes
2909 4255 2992 4306 vir
3048 4252 3550 4307 reverendissimus
3607 4253 3877 4317 antistes,

374 4349 569 4401 salutis
592 4350 650 4402 in
680 4365 809 4402 eum
857 4348 1131 4402 habentes
1160 4365 1172 4401 :
1209 4353 1264 4401 et
1293 4348 1436 4400 sicut
1458 4348 1732 4415 scriptum
1762 4352 1848 4399 est
1879 4363 1918 4399 :-
1953 4345 2062 4398 Di-
2102 4375 2145 4428 D
2179 4344 2540 4397 Heraclianus
2581 4344 2893 4414 presbyter,
2928 4348 2984 4397 et
3004 4343 3653 4397 Constantiusdiaconus
3682 4358 3876 4396 sacro-

372 4437 680 4508 ligentibus
707 4441 881 4492 Deum
927 4437 1120 4490 omnia
1147 4440 1525 4508 cooperantur
1553 4435 1611 4489 in
1649 4436 1847 4489 bonum
1880 4435 2059 4504 (Rom.

373 4527 520 4594 vni).
557 4527 634 4579 Ea
670 4526 822 4580 enim
873 4543 1002 4594 quae
1032 4526 1191 4580 vobis
1223 4528 1504 4595 placeant,
1538 4526 1684 4578 sicut
1721 4526 1936 4578 dictum
1959 4530 2061 4590 est,

373 4614 585 4667 sentire
618 4630 846 4683 quoque
870 4621 926 4667 et
947 4631 1114 4683 agere
1145 4615 1401 4679 nitimur,
1423 4612 1797 4666 sanctissime.
1823 4613 2066 4666 Omnem

371 4702 431 4754 in
459 4701 682 4756 Christo
709 4702 1141 4766 fraternitatem,
1175 4719 1302 4772 qua:
1343 4717 1473 4755 cum
1511 4707 1692 4755 vestra
1723 4706 1808 4754 est
1865 4701 2066 4754 sancti-

373 4795 507 4856 tate,
543 4807 648 4859 ego
681 4807 909 4862 quoque
933 4798 988 4845 et
1019 4793 1132 4845 mei
1163 4792 1476 4862 plurimum
1507 4793 1842 4844 salutamus.
1882 4785 1885 4788 ’

846 4900 1215 4955 EXEMPLUM
1252 4899 1605 4953 EPISTOLAS

422 5002 805 5042 JUSTINIANI
855 5004 998 5043 VIBI
1047 5004 1426 5044 CLARISSIMI
1475 5004 1552 5043 AD
1600 5002 2010 5042 HORMISDAM.

374 5076 533 5130 Petit
563 5080 623 5129 ut
651 5094 754 5146 pro
774 5077 1162 5134 Ecclesiarum
1187 5077 1394 5132 unione
1416 5077 1658 5139 laboret,
1691 5079 1746 5129 et
1771 5075 1883 5130 sibi
1909 5075 1986 5130 ad
2001 5093 2070 5130 ea

601 5149 949 5220 respondeat
979 5165 1104 5219 qua
1121 5165 1226 5219 per
1257 5149 1474 5219 legatos
1500 5147 1833 5218 scripserat.

449 5238 692 5292 Domino
725 5238 1050 5292 beatissimo
1079 5242 1248 5307 atque
1282 5237 1591 5308 apostolico
1623 5238 1772 5307 patri
1815 5237 2066 5291 Hormis-

377 5328 461 5380 da:
495 5343 659 5397 papas
689 5326 846 5381 urbis
879 5327 1073 5380 Romae
1098 5326 1470 5380 Justinianus.

448 5416 673 5480 Quanta
725 5415 1045 5469 reverentia
1084 5419 1328 5467 vestram
1368 5414 1778 5470 beatitudinem
1834 5430 2069 5469 venere-

376 5519 526 5571 mur,
562 5504 756 5558 mnltis
790 5502 1065 5573 epistolis,
1102 5518 1170 5555 ex
1201 5519 1315 5575 quo
1347 5503 2074 5574 serenissimusimperator

452 5646 533 5718 (a)
563 5647 705 5702 Edit.
743 5648 937 5716 Rom.,
959 5648 1434 5705 venerandamm.

453 5718 528 5790 (b)
552 5719 638 5774 Al.
671 5719 822 5787 ﬁliis.

2176 4438 2378 4486 sancta»
2410 4433 2672 4486 Ecclesiae
2701 4433 2872 4503 hujus
2897 4433 3122 4503 inclyte.
3149 4432 3390 4486 civitatis
3421 4432 3691 4486 destinati
3738 4438 3882 4485 sunt

2175 4521 2247 4575 ad
2287 4523 2487 4576 urbem
2517 4523 2775 4584 feliciter,
2839 4527 2902 4576 ut
2941 4538 3114 4592 super
3144 4521 3410 4575 omnibus
3459 4537 3587 4591 quae
3645 4521 3882 4591 scripsit

2175 4611 2327 4664 ﬁlius
2360 4617 2540 4665 vester
2561 4612 2956 4665 serenissimus
2987 4613 3301 4680 imperator
3329 4611 3618 4679 integrum
3638 4625 3882 4679 respon-

2177 4717 2301 4754 sum
2335 4702 2632 4770 accipiant.
2677 4702 2952 4770 Uignetur
2973 4707 3107 4770 ergo
3131 4699 3396 4753 sanctitas
3427 4705 3521 4751 tua
3580 4700 3881 4767 suscipere

2176 4797 2524 4844 memoratos
2574 4791 2725 4843 viros
2776 4791 3234 4860 religiosissimos
3262 4790 3530 4855 libenter,
3575 4793 3630 4841 et
3659 4789 3883 4842 habitis

2179 4880 2553 4947 orationibus,
2594 4880 2927 4950 placataque
2951 4880 3280 4946 Divinitate,
3335 4880 3413 4932 sic
3443 4879 3637 4932 omnia
3669 4878 3885 4931 debeat

2179 4969 2446 5022 ordinare
2492 4968 2914 5035 venerabiliter,
2980 4974 3041 5021 ut
3079 4969 3222 5021 nihil
3277 4969 3428 5020 ultra
3478 4971 3780 5020 remaneat
3822 4966 3884 5019 in

2179 5058 2535 5127 ambiguum.
2564 5057 2736 5110 Nobis
2766 5058 2977 5110 etenim
3007 5057 3234 5110 videtur
3256 5056 3531 5127 quoniam
3568 5051 3748 5108 Filius
3779 5055 3885 5110 Dei

2179 5145 2289 5198 vivi
2321 5145 2600 5199 Dominus
2634 5149 2829 5198 noster
2856 5146 3016 5198 Jesus
3057 5144 3310 5199 Christus
3341 5161 3408 5197 ex
3435 5143 3658 5213 virgine
3707 5143 3889 5197 Maria

2179 5239 2368 5302 natus,
2404 5250 2574 5304 quem
2610 5234 2883 5302 przedicat
2939 5249 3200 5287 summus
3256 5233 3650 5302 apostolorum
3709 5247 3887 5284 carne

2179 5340 2434 5393 passum,
2461 5329 2611 5377 recte
2637 5323 2843 5376 dicitur
2859 5338 3011 5376 unus
3033 5324 3092 5376 in
3122 5322 3396 5377 Trinitate
3420 5337 3548 5375 cum
3582 5322 3747 5375 Patre
3764 5322 3890 5391 Spi-

2180 5412 2412 5482 rituque
2434 5418 2628 5466 sancto
2659 5428 2924 5479 regnare,
2958 5411 3387 5481 majestatisque
3421 5411 3544 5480 ejus
3573 5425 3886 5480 personam

2181 5501 2240 5554 in
2259 5501 2552 5567 Trinitate,
2588 5505 2642 5554 et
2689 5516 2752 5553 ex
2783 5500 3054 5554 Trinitate
3085 5516 3202 5554 non
3235 5499 3542 5554 inﬁdeliter
3566 5499 3880 5552 credimus.

2254 5646 2274 5666 *
2312 5647 2391 5699 Ita
2443 5645 2655 5716 legitur
2698 5644 2756 5698 in
2806 5645 3022 5699 collect.
3070 5645 3364 5716 Avellana,
3421 5660 3552 5700 cum
3605 5648 3776 5700 antea
3823 5644 3888 5696 in

2188 5715 2356 5772 editis
2379 5715 2706 5782 haberetur,
2740 5716 2828 5772 vir
2855 5715 3236 5774 clarissimus.
