4038 6170
165 375 256 427 δοθ

1457 365 1809 421 ΕΡΙδΤΟῙΑΕ
1849 365 1935 418 ET
1972 362 2290 418 DECRETA
2304 400 2316 414 .

3534 352 3637 403 510

163 511 228 562 De
250 505 568 560 nominibus
601 512 792 557 autem
840 502 1239 556 defunctorum
1269 502 1671 572 episcoporum
1711 501 1822 553 cle-
1860 504 1907 554 A
1937 514 2065 552 mus
2095 498 2373 551 brevitate
2416 494 2693 556 sufﬁcere,
2744 490 2971 559 plenius
3003 487 3333 541 disserenda
3363 501 3493 539 cum
3522 485 3641 539 ﬂo-

163 600 379 658 menter,
412 599 465 647 et
495 598 556 646 ut
586 593 746 647 decet
767 592 1068 661 paciﬁcum
1094 596 1313 661 patrem
1339 591 1628 661 disponite
1655 606 1665 642 :
1700 590 1835 658 quia

161 688 321 738 vester
373 696 602 753 quoque
661 681 1047 751 praedecessor
1104 680 1284 734 beatae
1321 678 1730 733 recordationis
1765 676 1836 730 ad

166 772 433 827 memoriae
453 769 785 840 principalis
805 768 1168 823 Anastasium
1189 768 1433 838 scripsit,
1458 772 1524 821 ut
1548 767 1595 821 si
1624 782 1837 821 nomen

163 860 321 916 Acacii
349 859 747 913 tantummodo
788 858 1107 923 tolleretur,
1145 873 1260 910 una
1290 856 1451 911 nobis
1500 860 1644 909 esset
1686 871 1838 908 com-

167 950 354 1004 munio.
388 950 589 1001 Nonne
620 947 796 1016 igitur
836 945 1013 999 suasit
1040 949 1226 998 vestra
1266 944 1451 1010 sedes,
1497 950 1562 998 nt
1606 948 1838 1014 prtestet

165 1038 351 1093 imitari
376 1037 773 1090 beatissimum
810 1040 866 1087 et
904 1034 1328 1088 sanctissimum
1362 1036 1608 1087 Leonem
1640 1035 1839 1089 Roma-

169 1144 284 1182 num
312 1126 664 1197 pontiﬁcem,
694 1139 759 1178 ac
787 1123 932 1177 sicut
959 1124 1052 1177 ille
1084 1124 1309 1193 scripsit
1330 1123 1521 1189 Leoni,
1554 1123 1633 1176 ita
1658 1131 1712 1176 et
1743 1139 1839 1175 vos

171 1216 406 1270 omnibus
426 1214 738 1285 amputatis
768 1212 1226 1267 dubitationibus
1257 1212 1533 1281 perfectas
1556 1212 1841 1281 paciﬁcas-

171 1322 262 1376 que
290 1305 527 1374 paginas
570 1304 641 1357 ad
676 1302 1117 1355 invictissimum
1152 1302 1468 1371 principem
1498 1300 1682 1354 ﬁlium
1738 1317 1837 1353 ve-

172 1402 325 1448 strum
367 1393 683 1445 rescribere
717 1392 995 1455 Ecclesiae,
1048 1396 1110 1444 ut
1155 1396 1285 1443 ante
1316 1390 1569 1443 tribunal
1618 1388 1841 1443 venturi

166 1484 345 1554 judicis
376 1482 690 1551 participes
721 1498 923 1534 eorum
954 1481 1076 1533 sitis
1099 1496 1345 1550 quorum
1377 1479 1567 1532 sedem
1593 1479 1724 1549 jure
1756 1494 1839 1530 sa-

169 1545 411 1625 cerdotali
438 1545 662 1624 tenet-is.
700 1571 975 1625 Ostendat
995 1545 1134 1639 ergo
1164 1575 1295 1622 tuus
1315 1545 1663 1637 apostolatus
1686 1545 1840 1637 quod

172 1662 312 1714 Petro
342 1659 616 1712 successit
644 1660 941 1727 apostolo;
986 1658 1263 1728 quoniam
1299 1657 1575 1710 Dominus
1606 1673 1638 1709 a
1682 1655 1841 1708 vobis

172 1753 337 1818 utpote
367 1748 613 1801 summis
635 1748 957 1817 pastoribus
986 1752 1285 1800 exacturus
1328 1752 1411 1797 est
1444 1746 1839 1797 universorum

173 1838 408 1899 salutem,
457 1837 564 1906 qui
610 1839 881 1905 poterunt
914 1852 1034 1888 esse
1084 1833 1221 1887 salvi
1264 1835 1490 1887 firmata
1519 1832 1840 1887 concordia.

177 1928 267 1979 .‘ios
293 1926 504 1978 etenim
538 1925 718 1977 finitis
749 1925 1032 1994 capitulis,
1067 1925 1135 1976 de
1166 1924 1373 1993 quibus
1412 1923 1620 1993 scripta
1658 1938 1845 1975 susce-

176 2014 332 2084 pistis,
357 2015 512 2067 ultra
548 2030 661 2067 non
696 2014 981 2083 patiemur
1011 2030 1040 2064 a
1073 2028 1362 2083 quoquam
1400 2012 1844 2065 controversiam

176 2104 435 2173 religionis
465 2105 533 2155 in
582 2102 877 2171 republica
916 2107 1113 2154 nostra
1164 2102 1399 2165 moveri,
1454 2117 1556 2154 nec
1604 2106 1847 2153 vestram

177 2192 505 2247 sanctitatem
555 2191 820 2244 convenit
862 2189 1061 2243 audire
1110 2190 1398 2259 superflua
1438 2194 1846 2243 concertantes.

727 2296 1064 2351 EPISTOLA
1100 2296 1341 2350 LXXVII.

711 2402 789 2439 AD
831 2400 1306 2440 JUSTINIANUM.

179 2473 940 2529 CommendatJustinianum
977 2473 1046 2525 de
1070 2471 1387 2526 reverentia
1428 2471 1540 2526 sibi
1565 2471 1849 2526 exhibita.

236 2550 575 2626 {remissam
617 2546 958 2626 legationem
984 2561 1048 2626 se
1076 2547 1423 2626 caspectare.
1466 2544 1857 2600 Sanctissimae

241 2617 536 2673 Trinitatis
556 2616 830 2688 mysteria
861 2615 1135 2685 explicat.

240 2723 537 2777 Hormisda
563 2721 886 2777 Iustiniano
918 2722 1036 2775 viro
1067 2720 1304 2774 illustri.

240 2813 383 2876 Quod
427 2811 719 2866 celsitudo
764 2816 952 2864 vestra
982 2810 1159 2863 animi
1188 2810 1333 2864 circa
1364 2825 1454 2863 me
1492 2808 1579 2862 sui
1609 2813 1857 2863 benevo-

184 2902 333 2955 lentia
363 2902 647 2972 dignatur
677 2901 999 2968 ostendere,
1033 2900 1217 2953 tacitis
1258 2916 1377 2953 rem
1426 2900 1538 2952 Deo
1571 2899 1855 2968 placitam,

186 2997 229 3043 et
268 2996 424 3045 rectae
472 2990 847 3044 conscientiae
896 2994 1346 3058 congruentem;
1393 2989 1490 3042 sed
1537 3004 1655 3041 non
1686 3002 1860 3057 parva

1949 591 2111 640 rente
2144 584 2388 655 imperio
2428 579 2857 635 clementissimi
2892 576 3187 647 principis,
3223 575 3269 627 si
3301 574 3639 645 promissam

1952 675 2302 745 legationem
2334 677 2391 727 et
2422 687 2525 724 nos
2551 668 2837 737 suscipere
2874 668 2987 719 Deo
3042 663 3412 734 propitiante,
3468 663 3622 716 conti

1947 764 2114 835 gerit,
2144 768 2200 817 et
2232 761 2477 833 cognitis
2517 758 2788 812 omnibus
2821 771 2949 809 cum
2982 753 3267 823 adjutorio
3310 752 3409 805 Dei
3458 751 3633 805 nostri

1958 870 2232 924 responso
2262 850 2487 905 reddito
2520 864 2623 918 pro
2670 844 3056 900 universitatis
3109 841 3516 896 informatione
3564 857 3643 894 re-

1953 943 2203 997 mittere.

2640 1022 2974 1077 EPISTULA

2019 1115 2397 1157 JUSTINIANI
2446 1113 2585 1151 VIBI
2635 1108 2978 1149 ILLUSTRIS
3041 1108 3115 1145 AD
3164 1105 3571 1145 HORMISDAM.

1947 1173 2105 1229 Petit
2128 1176 2186 1226 ut
2209 1173 2427 1242 legatos
2446 1170 2611 1223 rebus
2639 1168 2774 1220 bene
2792 1164 2970 1303 {gestis
3004 1162 3191 1216 redire
3224 1160 3644 1232 quamprimum

2662 1254 2795 1291 cure
2858 1240 2914 1300 (av
2945 1275 2955 1288 .

2662 1253 2819 1291 curet
2858 1253 2955 1300 ίαν).

2023 1333 2332 1401 Diligenter
2364 1328 2716 1398 apostolatus
2750 1330 2933 1378 vester
2963 1321 3225 1391 cognovit
3259 1326 3474 1391 quanto
3516 1318 3650 1371 fidei

1948 1423 2135 1476 calore
2187 1421 2338 1474 titius
2387 1424 2572 1471 vester
2621 1413 3015 1467 serenissimus
3066 1412 3379 1479 imperator
3433 1424 3651 1477 nosque

1948 1513 2162 1565 fuimus
2194 1510 2263 1562 ab
2319 1508 2503 1560 initio.
2559 1505 2865 1573 Nunquam
2908 1499 3254 1554 cessavimus
3305 1511 3473 1566 agere
3519 1512 3646 1564 quae

1950 1598 2315 1670 pertinebant
2361 1595 2429 1647 ad
2480 1594 2912 1646 firmamentum
2944 1586 3240 1656 religionis
3271 1586 3495 1639 divinze.
3545 1586 3651 1637 Pro

1951 1704 2063 1759 qua
2092 1703 2151 1739 re
2186 1699 2369 1754 nuper
2418 1684 2590 1734 etiam
2634 1677 3137 1731 reverendissimos
3184 1674 3502 1726 sacerdotes
3546 1673 3655 1724 Ro-

1884 1799 1923 1851 B
1956 1792 2107 1830 mam
2139 1774 2474 1834 direximus,
2514 1775 2574 1822 ut
2603 1769 2892 1835 integrum
2926 1766 3373 1832 componeretur
3402 1760 3470 1813 de
3498 1758 3656 1829 capi—

1954 1865 2110 1929 tulis,
2147 1863 2356 1932 quibus
2389 1860 2457 1912 ad
2492 1874 2556 1910 ea
2608 1855 2865 1909 dubietas
2899 1852 3243 1905 vertebatur.
3279 1847 3384 1901 Sed
3420 1846 3658 1916 ignora—

1955 1969 2084 2007 mus
2114 1966 2242 2021 quae
2267 1948 2572 2002 difficultas
2606 1941 2935 2013 provenerit
2964 1944 3027 1992 ut
3059 1938 3297 1991 minime
3330 1934 3658 2003 sopirentur

1956 2042 2231 2095 hactenus
2260 2055 2325 2090 ea
2361 2053 2487 2106 quae
2522 2034 2788 2086 videntur
2828 2045 2947 2081 esse
2983 2027 3288 2080 levissima.
3333 2023 3659 2077 Salutantes

1957 2145 2092 2199 ergo
2112 2132 2354 2180 vestram
2384 2122 2762 2177 reverentiam
2785 2120 3028 2189 petimus
3053 2121 3116 2170 ut
3150 2116 3306 2168 nulla
3328 2112 3661 2182 praebeatur

1959 2216 2199 2281 occasio,
2229 2231 2343 2285 qua
2374 2214 2441 2266 de
2474 2218 2571 2264 tua
2602 2210 2904 2280 quisquam
2934 2206 3111 2276 possit
3133 2203 3426 2271 ambigere
3457 2200 3655 2252 volun-

1959 2312 2110 2371 tate;
2164 2304 2264 2358 sed
2304 2303 2581 2356 habentes
2632 2315 2750 2369 prae
2800 2297 2979 2351 oculis
3004 2293 3291 2364 judicium
3340 2286 3654 2359 majestatis

1962 2410 2247 2467 supernae,
2280 2392 2460 2446 modis
2484 2389 2753 2442 omnibus
2799 2386 3068 2439 festinare
3104 2379 3445 2451 dignemini.

2488 2477 2827 2537 EPISTOLA
2866 2472 3137 2527 LXXVIII.

2372 2582 2450 2622 AD
2495 2578 2823 2620 JUSTINUM
2875 2572 3242 2615 AUGUSTUM.

1966 2665 2017 2715 Α
2026 2660 2061 2715 d
2077 2658 2409 2714 evitandum
2431 2653 2776 2709 discordiam
2800 2650 2953 2705 nihil
2973 2646 3358 2703 innovandum
3384 2660 3396 2697 :
3421 2642 3560 2715 etde
3580 2639 3669 2715 his

2038 2712 2241 2853 quiald
2276 2712 2736 2783 communionem
2789 2721 3021 2777 admitti
3047 2723 3288 2790 possunt
3345 2712 3667 2786 Epiphanio

2038 2820 2193 2872 SCTZp
2223 2818 2337 2855 um.

2041 2890 2343 2946 IIormisda
2370 2886 2591 2941 Justino
2629 2885 2904 2951 Augusto.

2042 2981 2165 3035 Scio
2210 2977 2462 3048 quidem,
2519 2970 2860 3026 venerabilis
2912 2966 3245 3036 imperator,
3306 2960 3667 3015 clementiam

187 3086 295 3133 sunt
323 3080 486 3133 nobis
526 3080 705 3149 hujus
721 3080 1110 3133 emolumenta
1140 3078 1433 3149 propositi.
1471 3078 1647 3146 Major
1678 3078 1738 3128 in
1768 3092 1863 3129 vos
1901 3104 1941 3155 ρ
1971 3076 2129 3125 tuam
2166 3064 2513 3121 conscientia
2561 3061 2696 3115 boni
2748 3057 2935 3128 operis
2988 3059 3210 3108 tantum
3264 3066 3384 3104 esse
3432 3054 3667 3103 conten-

186 3168 372 3223 fructus
402 3171 472 3224 de
507 3171 618 3223 tali
642 3169 898 3223 bonitate
929 3168 1253 3235 revertitur,
1291 3183 1474 3237 neque
1503 3166 1659 3219 enim
1688 3181 1866 3218 vacua

188 3258 521 3313 honoriticen
536 3260 614 3313 tia
636 3264 718 3313 est
746 3274 877 3329 quas
905 3248 1157 3311 defertur
1180 3256 1443 3309 antistiti.
1471 3254 1864 3309 Indubitatum

186 3348 439 3418 siquidem
469 3355 568 3403 est
595 3348 729 3418 quia
760 3348 943 3400 honor
976 3345 1225 3399 ministri
1263 3346 1447 3398 cultus
1485 3351 1567 3397 est
1622 3343 1862 3409 domini,

189 3442 234 3488 et
258 3439 347 3506 qui
387 3453 712 3508 personam
762 3434 1075 3489 sacerdotis
1126 3435 1320 3503 magni
1354 3433 1549 3498 habet,
1587 3434 1866 3502 majorem

188 3527 702 3579 remunerationem
734 3525 803 3579 ab
845 3542 911 3577 eo
944 3524 1034 3576 cui
1068 3523 1331 3576 sacerdos
1378 3523 1689 3575 famulatur
1721 3521 1867 3574 acci-

187 3614 303 3681 piet,
334 3616 567 3669 dicente
599 3615 842 3669 Domino
889 3614 1019 3667 Iesu
1064 3612 1131 3665 iis
1168 3612 1266 3681 qui
1313 3612 1630 3681 prophetas
1660 3609 1720 3662 in
1751 3610 1868 3677 ,bo-

189 3717 304 3756 nore
332 3704 686 3773 suscipiunt,
724 3719 886 3756 suam
940 3702 1260 3755 mercedem
1307 3717 1425 3754 esse
1474 3700 1867 3753 reddendam:

189 3798 235 3845 et
261 3794 403 3862 apud
438 3810 533 3846 me
573 3793 803 3863 quidem
827 3792 1020 3862 magni
1052 3796 1135 3843 est
1152 3789 1339 3860 gratia
1363 3794 1548 3842 vestra
1566 3786 1869 3852 momenti,

194 3895 246 3932 eo
298 3886 485 3935 tamen
544 3882 869 3950 pretiosior,
925 3880 1061 3950 quia
1120 3878 1401 3949 quidquid
1469 3877 1612 3931 mihi
1674 3874 1873 3946 gratiae

195 3968 475 4039 dignanter
546 3970 901 4040 impenditis,
971 3969 1028 4022 in
1100 3969 1477 4021 Ecclesiarum
1542 3966 1873 4019 defensione

198 4060 524 4113 monstratis.
567 4059 675 4113 Sed
710 4063 770 4111 ut
802 4058 871 4111 ad
903 4057 957 4110 id
1004 4057 1155 4127 quod
1186 4057 1461 4109 celsitudo
1506 4060 1689 4108 vestra
1728 4054 1875 4106 desi-

196 4147 336 4202 derat
366 4154 569 4202 noster
616 4162 803 4200 sermo
853 4146 1153 4215 dirigatur,
1190 4161 1517 4215 quanquam
1553 4150 1607 4197 et
1637 4144 1879 4196 clemen-

198 4234 427 4289 tissimus
477 4238 819 4305 imperator,
870 4241 927 4288 et
982 4252 1077 4288 vos
1120 4234 1464 4303 promittatis
1533 4232 1879 4302 legationem

196 4338 297 4376 esse
328 4330 656 4387 venturam,
691 4328 748 4377 et
778 4323 834 4376 id
868 4339 998 4377 cum
1037 4322 1255 4375 ratione
1289 4321 1637 4387 convenerit,
1673 4325 1730 4372 ut
1783 4336 1849 4371 eo

1973 3166 2128 3223 tam;
2164 3172 2267 3210 nec
2292 3156 2350 3208 in
2392 3153 2479 3207 bis
2506 3166 2633 3222 quae
2684 3164 2787 3218 pro
2823 3144 3119 3199 catholicae
3157 3139 3415 3195 Ecclesia:
3449 3138 3663 3191 unitate

1973 3246 2294 3317 disponitis,
2328 3240 2596 3295 humanis
2628 3236 2893 3290 laudibus
2924 3232 3200 3301 indigere,
3236 3234 3291 3283 et
3321 3228 3432 3297 (ne)
3478 3224 3670 3295 magni

1974 3335 2147 3391 studii
2215 3332 2399 3403 gloria
2458 3346 2571 3383 non
2654 3327 2829 3395 digna
2892 3320 3359 3375 remuneratione
3418 3316 3668 3368 vilescat.

1976 3423 2200 3487 Quanta
2227 3426 2312 3473 est
2344 3416 2498 3471 enim
2531 3414 2677 3467 circa
2697 3428 2828 3465 eum
2860 3408 3100 3463 humani
3122 3420 3347 3459 summa
3370 3400 3663 3472 praeconii,

1977 3511 2067 3564 cui
2098 3509 2336 3578 contigit
2369 3514 2649 3559 terrarum
2677 3517 2852 3571 regna
2874 3494 3205 3551 committi?
3238 3495 3380 3548 Cum
3413 3508 3479 3544 eo
3510 3488 3675 3543 noxia

1978 3600 2091 3652 sint
2122 3597 2514 3651 blandimenta
2560 3587 2905 3644 adulationis
2938 3583 3268 3655 suspicioni,
3303 3596 3431 3651 (1118’,
3481 3576 3673 3631 humi-

1978 3688 2111 3741 litas
2144 3683 2413 3740 detulerit
2450 3679 2780 3750 imperanti.
2818 3678 2878 3730 Et
2910 3676 3049 3727 alias
3083 3671 3397 3726 secundum
3432 3683 3675 3737 evange-

1980 3777 2147 3829 licam
2178 3773 2547 3827 traditionem
2590 3783 2821 3820 necesse
2856 3770 2938 3817 est
2970 3768 3031 3815 ut
3075 3762 3261 3815 fructu
3293 3773 3556 3827 superum
3590 3770 3676 3807 re-

1980 3861 2401 3918 munerationis
2458 3864 2669 3921 careat,
2729 3854 2827 3925 qui
2872 3849 3264 3905 retributionis
3315 3847 3544 3901 laudem
3591 3860 3681 3899 ex-

1986 3956 2224 4023 spectat.
2254 3950 2392 4001 Hiue
2413 3945 2915 4001 mansuetudinem
2950 3945 3193 3992 vestram
3219 3936 3377 3990 omni
3409 3932 3681 3988 bonitatis

1982 4040 2334 4112 perfectione
2377 4037 2710 4106 pollentem,
2764 4032 2833 4085 ad
2883 4033 3057 4085 Deum
3108 4027 3376 4081 universa
3406 4040 3536 4095 quae
3568 4038 3681 4075 me-

1968 4127 2342 4184 rmorabiliter
2395 4122 2580 4178 facitis
2615 4122 2825 4174 referre
2884 4134 2997 4172 non
3048 4116 3294 4184 ambigo,
3330 4128 3432 4166 nec
3472 4111 3683 4163 caduca

1986 4218 2321 4287 cogitantes,
2356 4214 2424 4267 ab
2461 4213 2558 4265 illo
2592 4208 2923 4280 exspectatis
2955 4223 3059 4276 pro
3094 4210 3324 4257 actuum
3360 4205 3680 4253 vestrorum

1989 4304 2369 4361 retributione
2392 4301 2733 4365 mercedem,
2759 4314 2929 4368 quam
2955 4296 3239 4349 bonorum
3271 4289 3530 4343 omnium
3556 4302 3683 4339 con-

197 4426 303 4465 rum
335 4414 434 4483 qui
460 4412 759 4481 dirigendi
787 4418 920 4465 sunt
962 4427 1134 4481 super
1167 4410 1432 4463 omnibus
1483 4426 1584 4463 nos
1619 4408 1871 4461 decuerit
1912 4401 1952 4453 D
1986 4402 2094 4452 stat
2139 4399 2451 4449 auctorem.
2490 4393 2555 4445 Et
2601 4394 2794 4443 tamen
2835 4402 2938 4453 ego
2987 4382 3210 4447 divinis,
3264 4379 3470 4450 quibus
3521 4376 3680 4429 obse-

197 4508 504 4571 exspectare
552 4502 965 4573 praesentiam;
1014 4506 1208 4554 tamen
1260 4500 1393 4570 quia
1437 4504 1664 4568 gratum
1714 4497 1875 4550 nobis

198 4595 266 4642 est
292 4593 546 4646 studium
582 4593 735 4662 quod
763 4592 912 4645 circa
942 4590 1278 4661 religionem
1306 4606 1403 4642 vos
1434 4588 1645 4641 habere
1676 4586 1867 4640 decla-

201 4679 360 4745 rastis,
394 4696 511 4733 non
559 4685 759 4749 gravat
781 4678 1116 4747 praelibare,
1164 4676 1406 4729 dicendo
1462 4690 1577 4727 non
1624 4689 1767 4743 opus
1817 4678 1879 4726 ut

200 4766 555 4822 stabilitatem
606 4767 741 4821 tidei
799 4773 997 4820 vestrae
1053 4766 1387 4819 intentionis
1443 4762 1876 4830 (contentionis)

202 4856 363 4922 potius
386 4872 569 4927 quam
592 4855 828 4909 rationis
859 4870 1131 4925 sequaces
1160 4852 1386 4924 procaci
1430 4851 1733 4904 verborum
1771 4866 1874 4903 no-

202 4944 345 4999 vitate
401 4946 781 5000 confundant.
833 4945 1035 4999 Sancta
1064 4944 1309 4997 Trinitas
1350 4943 1534 5005 Pater,
1590 4945 1647 4993 et
1677 4938 1873 5005 Filius,

197 5037 241 5085 rt
266 5034 501 5103 Spiritus
532 5041 758 5088 sanctus
788 5050 938 5088 unus
970 5039 1054 5087 est
1087 5034 1274 5099 Deus;
1306 5032 1453 5084 hanc
1486 5030 1651 5083 Israel
1679 5029 1876 5098 jussus

196 5122 432 5189 adorare,
466 5126 633 5193 cujus
674 5122 1072 5193 inseparabilis
1118 5127 1173 5176 et
1202 5121 1508 5175 indiscreta
1554 5118 1871 5171 substantia

201 5226 294 5264 non
322 5218 512 5282 potest
565 5212 762 5279 dividi,
813 5229 931 5266 non
967 5216 1157 5281 potest
1187 5211 1461 5279 sacrilega
1508 5206 1875 5261 distinctione

198 5304 450 5369 separari,
502 5307 726 5355 servata
778 5306 971 5354 tamen
1017 5301 1363 5369 proprietate
1410 5313 1513 5349 sua
1565 5296 1874 5365 unicuique

201 5404 455 5453 personae.
493 5393 623 5444 Hazc
670 5389 903 5444 interim
950 5387 1407 5442 commendanda
1459 5385 1591 5438 fidei
1650 5389 1870 5451 vestrm,

199 5476 498 5545 epistolaris
546 5478 676 5548 styli
704 5478 1018 5533 terminum
1050 5478 1378 5548 cogitantes,
1402 5490 1654 5544 congrua
1685 5472 1875 5526 credi-

261 5615 335 5684 (α)
377 5619 493 5672 Hoc
518 5617 772 5688 epistolae
797 5620 1207 5688 argumentum
1237 5632 1305 5669 ex
1332 5614 1585 5669 editione
1619 5614 1876 5688 Romana

205 5682 576 5757 desumptum—
603 5689 787 5745 eidem
838 5682 1091 5759 epistola:
1133 5688 1305 5758 plane
1362 5702 1477 5740 non
1520 5682 1867 5753 respondet;

1984 4487 2195 4554 eundo,
2229 4482 2505 4537 convenio
2536 4477 2832 4541 institutis,
2884 4491 2953 4527 ne
2990 4470 3268 4541 religiosae
3321 4465 3682 4520 conscientiae

1983 4581 2183 4630 vestrae.
2215 4571 2493 4627 beneficia
2530 4568 2783 4621 conferta
2810 4561 3186 4625 dissimulem,
3216 4574 3287 4611 ne
3330 4555 3687 4609 taciturnitas

1990 4681 2137 4729 mea,
2169 4679 2297 4733 quas
2330 4660 2489 4713 vobis
2521 4657 2719 4711 crescit
2752 4656 2819 4708 ad
2852 4653 3116 4724 gloriam,
3147 4648 3306 4713 mihi,
3338 4646 3487 4715 quod
3519 4644 3683 4710 absit,

1986 4759 2238 4807 vertatur
2268 4751 2328 4803 in
2363 4750 2610 4817 culpam.
2644 4744 2784 4798 Novi
2808 4743 2964 4796 enim
2997 4741 3064 4793 de
3097 4738 3211 4791 illis
3236 4737 3432 4790 decem
3457 4733 3687 4787 Domini

1983 4846 2039 4896 et
2066 4839 2366 4896 Salvatoris
2394 4835 2577 4890 nostri
2615 4834 2829 4904 pietate
2864 4828 3170 4894 mundatis,
3206 4826 3341 4897 quia
3392 4827 3447 4876 et
3483 4837 3689 4875 novem

1983 4936 2116 4985 sunt
2146 4935 2279 4983 nota
2326 4923 2758 4998 ingratitudinis
2791 4918 3120 4991 improbati,
3152 4921 3208 4969 et
3248 4930 3398 4968 unus
3436 4912 3687 4966 testimo-

1983 5021 2145 5075 nium
2181 5017 2308 5073 tidei
2339 5023 2395 5073 et
2430 5014 2631 5068 merita
2662 5018 2905 5079 receptae
2939 5006 3133 5060 salutis
3159 5004 3374 5062 retulit,
3410 5002 3511 5073 qui
3558 5016 3688 5069 gra-

1982 5109 2195 5164 tiarum
2226 5106 2511 5160 actionem
2548 5107 2778 5155 sanatus
2806 5097 3062 5152 exsolvit.
3102 5096 3388 5163 Exsequor
3419 5088 3681 5157 exempla

1982 5214 2111 5268 quas
2137 5195 2330 5259 didici,
2366 5198 2423 5246 et
2451 5191 2605 5262 quod
2637 5206 2739 5260 per
2763 5186 2934 5241 olticii
2976 5184 3121 5239 mihi
3151 5181 3353 5237 crediti
3385 5178 3685 5232 materiam

1982 5284 2253 5357 praedico,
2303 5283 2407 5335 sub
2452 5279 2746 5334 occasione
2780 5273 3043 5330 litterarii
3090 5270 3373 5325 sermonis
3424 5264 3683 5319 exhibeo.

1979 5355 2101 5445 Ago
2136 5372 2344 5443 gratias
2366 5374 2578 5441 quanto
2615 5367 2689 5438 (a)
2717 5365 2961 5435 amplius
2985 5376 3238 5432 possum,
3280 5362 3333 5410 et
3363 5355 3409 5409 si
3444 5358 3690 5425 quantas

1982 5443 2161 5520 debeo
2192 5477 2307 5514 non
2340 5473 2611 5529 possum:
2646 5456 2742 5509 sed
2792 5453 3059 5507 solatium
3113 5447 3251 5501 mihi
3286 5450 3369 5498 est
3394 5443 3575 5515 ‘quod
3621 5443 3690 5496 de

1983 5624 2088 5677 ego
2111 5604 2264 5659 istud
2297 5601 2701 5657 substituerem
2729 5614 2741 5651 :
2764 5595 2919 5677 Quod
2936 5589 3210 5677 capitulis
3224 5591 3541 5677 propositis
3563 5603 3694 5677 non

1984 5658 2125 5733 eihi
2142 5658 2389 5747 congruo
2416 5686 2687 5744 responso
2726 5658 3094 5735 satisfecerit,
3128 5658 3376 5718 modeste
3409 5658 3687 5732 queritur.
