4038 6170
423 361 517 410 511

1862 359 2237 416 ΗΟΗΜιδῡΑε
2276 364 2475 417 ΡΑΡΛΞ

3783 374 3806 417 5
3817 374 3860 422 1‘2

421 489 711 560 beneﬁciis
743 507 966 545 mecum
1012 493 1206 546 vestris
1255 494 1504 546 mundus
1557 494 1819 558 exsultat,
1872 497 1928 545 et
1959 493 2106 544 lace-
2146 495 2192 546 Α
2221 492 2324 546 hoc
2353 493 2532 561 possit
2575 494 2898 562 admittere,
2937 498 2998 547 ut
3027 494 3096 546 ad
3127 493 3224 546 illa
3253 509 3356 563 per
3379 510 3571 562 pacem
3609 498 3864 553 credamur

427 584 559 633 rata:
590 580 858 633 hactenus
886 581 1141 634 Ecclesia:
1186 583 1444 636 membra
1475 582 1543 635 ad
1576 597 1914 650 compagem
1948 597 2110 633 suam

425 672 686 722 revocata
725 668 1064 737 gloriantur.
1100 670 1397 724 Reduxisti
1429 671 1656 740 populis
1689 671 1882 736 ﬁdem,
1916 687 2112 740 perse-

426 761 588 810 cutus
619 773 869 811 errorem
893 799 906 824 ,
932 758 1204 812 inclinata
1224 764 1307 813 est
1324 759 1592 830 superbia
1616 759 1985 813 inimicorum
2011 762 2113 815 Ec-

427 847 609 900 clesiae
660 847 780 912 Dei,
832 853 887 900 et
919 847 1212 901 humilitas
1255 853 1441 902 erecta
1486 849 1764 902 ﬁdelium.
1802 850 2002 920 Magna
2026 865 2114 903 res
2160 878 2165 883 ο

428 936 530 989 tibi
563 936 818 1003 contigit,
851 936 1200 1007 imperator:
1252 954 1460 1009 magna
1516 938 1577 991 in
1628 943 1684 992 te
1729 938 2116 992 emolumenta

426 1039 552 1077 cum
587 1028 868 1092 potestate
901 1024 1174 1092 coierunt,
1209 1041 1334 1096 quae
1369 1026 1641 1079 merearis
1670 1026 1948 1095 intellige.
1993 1027 2118 1079 Non

427 1112 693 1182 exiguam
724 1112 782 1166 in
814 1117 868 1166 te
891 1119 1113 1182 partem
1145 1114 1282 1168 boni
1315 1115 1502 1185 operis
1524 1116 1680 1168 illius
1705 1115 1859 1185 quod
1907 1115 2116 1168 vadens

426 1202 495 1254 ad
545 1202 713 1255 caelos
768 1202 1047 1256 Dominus
1109 1210 1300 1257 noster
1352 1205 1512 1258 Jesus
1564 1204 1820 1259 Christus
1879 1205 2121 1258 contulit

426 1290 798 1343 transtulisti:
838 1308 971 1345 nam
1023 1309 1220 1362 pacem
1273 1309 1445 1363 quam
1495 1293 1590 1346 ille
1632 1293 1922 1363 discipulis
1961 1294 2121 1347 dedit

425 1395 529 1450 per
581 1384 636 1432 te
692 1381 940 1434 mundus
992 1382 1239 1436 invenit:
1298 1399 1413 1435 non
1448 1381 1688 1435 dubium
1732 1381 2119 1452 congratulari

431 1468 528 1521 tibi
557 1469 790 1537 angelos
824 1470 984 1523 cceli:
1021 1487 1151 1524 nam
1184 1471 1230 1523 si
1268 1471 1428 1540 juxta
1461 1470 1839 1523 assertionem
1872 1485 2118 1538 evange-

428 1574 551 1610 cam
611 1558 809 1611 laetitia
861 1565 944 1612 est
999 1560 1080 1612 eis
1130 1576 1303 1630 super
1361 1577 1473 1613 uno
1533 1565 1827 1630 peccatore
1882 1560 2117 1623 salvato,

429 1664 553 1718 quae
586 1647 773 1717 potest
821 1664 942 1702 esse
974 1651 1185 1719 populo
1205 1652 1232 1702 ‘P
1289 1649 1448 1703 Salve
1506 1649 1764 1702 Ezechias
1825 1648 2121 1718 prmsentis

430 1737 630 1789 aetatis.
665 1738 802 1790 Nam
835 1738 939 1791 etsi
970 1739 1200 1792 fuerunt
1224 1743 1353 1792 ante
1388 1755 1520 1791 eum
1553 1754 1712 1807 reges
1741 1738 1880 1792 Juda
1909 1737 1983 1807 (b)
2018 1737 2114 1791 bo-

430 1842 569 1879 num
602 1826 701 1895 qui
753 1828 1022 1895 facerent,
1059 1828 1248 1881 nullus
1307 1835 1499 1882 tamen
1559 1844 1760 1881 eorum
1821 1827 2120 1895 dissipavit

431 1917 683 1980 excelsa;
719 1919 781 1968 tu
812 1932 1039 1987 quoque
1070 1917 1439 1970 schismatum
1475 1921 1530 1970 et
1568 1917 1849 1987 superbia:
1879 1915 2118 1986 dissipa-

433 2011 539 2070 tor,
573 2006 847 2070 et_cultus
876 2006 1080 2059 veteris
1109 2007 1422 2072 restitutor,
1456 2022 1740 2075 pra'sume
1773 2006 1874 2059 tibi
1918 2004 2120 2058 simili-

433 2093 631 2146 tudine
661 2094 816 2147 illius
838 2111 1116 2148 annorum
1147 2096 1407 2164 augenda
1436 2096 1738 2161 curricula,
1765 2096 1863 2165 qui
1881 2111 2120 2163 operum

433 2183 552 2252 ejus
596 2183 837 2237 imitaris
868 2186 1145 2256 exempla.
1184 2186 1311 2238 llaec
1358 2185 1571 2252 omnia,
1629 2201 1756 2255 quae
1813 2184 1884 2238 ad
1924 2185 2122 2254 imajus

432 2271 631 2341 glorise
662 2278 774 2326 tua:
802 2279 1060 2342 spectant
1082 2280 1479 2344 augmentum,
1515 2290 1625 2328 non
1655 2274 1886 2327 stimulo
1921 2273 2124 2327 adhor-

434 2360 664 2414 tationis
695 2362 916 2427 aliene,
946 2379 1059 2416 non
1093 2365 1221 2417 ullis
1252 2364 1516 2433 precibus
1549 2364 1820 2416 excitatus
1855 2363 2125 2432 aggrede-

433 2451 507 2504 ris
535 2468 547 2504 :
575 2452 729 2505 solus
775 2453 880 2505 tibi
911 2452 972 2505 in
1020 2453 1258 2506 consilio
1298 2455 1479 2506 Deus:
1535 2469 1646 2506 non
1679 2458 1763 2505 est
1815 2453 1912 2522 qui
1963 2469 2020 2504 se
2051 2453 2123 2506 ad

432 2540 928 2611 participationem
960 2541 1104 2594 tanti
1145 2541 1332 2610 Operis
1375 2545 1554 2594 tentet
1580 2541 1864 2595 inserere:
1898 2541 1999 2594 tibi
2031 2541 2153 2594 de-‘

432 2629 529 2682 bes
560 2629 796 2683 actionis
850 2631 1021 2699 hujus
1068 2630 1341 2695 studium,
1393 2630 1497 2683 tibi
1523 2631 1688 2683 bonae
1720 2629 1962 2683 actionis
1993 2631 2123 2684 etle-

431 2724 604 2772 ctum.
655 2720 735 2771 Tu
787 2735 876 2772 me
935 2719 1275 2772 venerabilis
1306 2719 1643 2788 imperator,
1692 2719 1952 2772 Ecclesiae
2001 2719 2121 2772 vul-

432 2824 570 2861 nera
593 2812 710 2861 tam
733 2810 904 2879 longa
937 2813 1271 2862 maerentem
1303 2809 1370 2861 ad
1401 2824 1560 2878 spem
1591 2809 1896 2862 reddendas
1924 2807 2123 2861 salutis

433 2898 718 2951 auimasti.
764 2899 847 2952 Tu
889 2914 977 2950 me
1027 2902 1158 2966 post
1204 2902 1320 2950 tam
1371 2898 1674 2950 continuos
1721 2898 1978 2950 turbines
2001 2897 2124 2967 jam

433 3003 579 3057 pene
611 2987 1008 3056 desperatione
1037 2993 1349 3039 cessantem
1384 2986 1454 3040 ad
1504 3002 1709 3040 novam
1741 2986 2123 3057 tranquillita-

431 3081 547 3129 tem
575 3076 803 3128 directis
843 3076 993 3128 ultro
1023 3074 1152 3144 {piis
1185 3075 1389 3128 litteris
1423 3075 1680 3129 excitasti
1707 3091 1720 3128 :
1755 3076 1864 3128 hoc
1895 3091 2124 3145 quoque

433 3165 631 3234 procul
658 3165 830 3217 dubio
856 3164 1048 3217 divina
1077 3164 1461 3231 intelligentia
1504 3163 1853 3230 conferente,
1881 3170 1942 3217 ut
1973 3165 2123 3217 inter

433 3254 555 3322 ipsa
585 3253 667 3305 tui
705 3253 1056 3322 principatus
1091 3253 1319 3306 exordia
1357 3252 1492 3306 ﬁdei
1546 3254 1668 3322 ejus
1714 3254 1931 3306 dicares
1962 3254 2122 3307 obse-

433 3341 656 3410 quium,
703 3341 792 3393 cui
823 3348 1119 3411 acceptum
1153 3341 1397 3396 debebas
1429 3342 1760 3410 imperium,
1808 3342 1905 3394 sed
1940 3342 2037 3411 qui
2070 3349 2123 3394 te

434 3429 504 3482 ad
538 3429 862 3498 incipienda
891 3431 1012 3484 huic
1036 3447 1148 3484 non
1173 3431 1332 3501 potui
1361 3431 1583 3500 primus
1613 3430 1944 3500 impellere;
1970 3446 2124 3484 nunc

434 3519 652 3588 majore
683 3518 891 3572 ﬁducia
920 3521 1091 3573 tantis
1115 3519 1404 3573 beneﬁciis
1442 3520 1758 3589 compellor
1785 3524 2124 3589 provocatus

436 3623 618 3672 orare,
644 3623 712 3660 ne
740 3608 975 3678 patiaris
991 3609 1048 3662 in
1073 3625 1130 3661 re
1154 3614 1270 3661 tam
1297 3608 1434 3661 boni
1458 3608 1647 3677 operis
1661 3624 1782 3661 esse
1800 3608 2083 3661 defectum
2109 3625 2122 3674 ;

437 3713 508 3750 ne
539 3712 758 3761 manus,
793 3713 932 3767 quas
959 3698 1028 3750 ad
1062 3699 1240 3751 Deum
1283 3697 1474 3766 erigis,
1506 3698 1722 3766 accepti
1774 3697 1962 3766 operis
1990 3713 2125 3766 per-

437 3783 682 3839 fectione
714 3787 1043 3856 suspendas.
1078 3787 1296 3856 Negare
1339 3801 1452 3838 non
1505 3801 1738 3855 possum
1771 3801 1876 3855 pro
1909 3785 2128 3839 domini

438 3873 615 3927 nostri
660 3874 780 3927 haec
831 3890 919 3927 me
979 3875 1181 3928 affectu
1231 3880 1288 3927 et
1343 3874 1575 3927 unitatis
1632 3890 1974 3945 exposcere:
2032 3875 2129 3928 sed

440 3963 620 4016 fateor
652 3968 706 4015 et
750 3963 916 4016 saluti
971 3969 1081 4016 tuas
1107 3981 1212 4033 pro
1246 3969 1404 4017 tanta
1458 3964 1916 4018 mansuetudinis
1945 3965 2128 4033 gratia

437 4052 555 4105 haec
593 4051 777 4105 studia
815 4068 905 4105 me
937 4052 1162 4106 debere.
1195 4051 1480 4123 Scriptum
1520 4058 1604 4106 est
1648 4053 1801 4106 enim
1833 4051 1971 4122 quia
2027 4050 2130 4122 'qui

441 4141 888 4211 perseveraverit
919 4156 1099 4212 usque
1126 4141 1202 4195 ad
1230 4142 1405 4211 ﬁnem
1431 4141 1628 4195 salvus
1668 4141 1777 4195 erit
1803 4141 2028 4209 (Matth.
2053 4140 2125 4208 Χ).

441 4230 550 4283 Nec
595 4245 693 4282 vos
749 4229 1073 4300 aliquorum
1129 4231 1439 4284 obstinatio
1491 4231 1692 4284 reddat
1748 4248 1778 4282 a
1835 4230 2127 4299 proposito

437 4321 732 4391 pigriores.
761 4321 977 4373 Durum
1010 4327 1114 4386 est,
1151 4325 1209 4373 ut
1230 4320 1514 4373 efﬁcacior
1551 4321 1625 4373 sit
1656 4335 1854 4372 eorum
1886 4319 2131 4388 pertina-

439 4411 525 4463 cia
566 4409 665 4478 qui
721 4409 981 4462 dividunt
1028 4425 1248 4478 pacem,
1282 4424 1456 4478 quam
1503 4424 1698 4461 eorum
1742 4408 1840 4477 qui
1871 4411 2132 4460 asserunt

440 4499 738 4552 unitatem.
789 4502 1067 4551 Amentur
1115 4499 1352 4550 vulnera
1409 4513 1541 4550 cum
1583 4497 1998 4566 provideantur
2026 4511 2129 4565 pro

439 4587 620 4640 salute
651 4587 922 4653 remedia,
957 4591 1012 4639 et
1035 4586 1496 4656 praeoptabile....
1524 4589 1760 4655 putetur
1798 4601 1946 4639 se....
1984 4599 2132 4638 mor—

439 4675 552 4727 tuis
599 4690 769 4744 quam
805 4675 1083 4728 inhaerere
1137 4691 1264 4728 cum
1308 4675 1465 4729 vivis.
1501 4676 1586 4728 An
1610 4690 1724 4727 non
1757 4689 1986 4744 aequum
2025 4677 2128 4738 est,

442 4767 506 4817 nt
529 4762 784 4830 religiosi
817 4762 1088 4833 principis
1120 4763 1436 4817 subdantur
1467 4763 1713 4832 imperio
1745 4761 1842 4832 qui
1872 4777 1985 4814 non
2016 4776 2133 4814 mo-

441 4855 648 4905 ventur
683 4853 940 4922 exemplo
965 4852 993 4906 ‘2‘
1033 4853 1154 4906 Non
1189 4851 1376 4905 omnis
1414 4867 1566 4921 aeger
1594 4851 1864 4905 remediis
1894 4849 2133 4904 salubri-

444 4941 546 4994 bus
576 4939 905 5010 acquiescit,
939 4951 993 4994 et
1025 4941 1292 4995 medendi
1315 4941 1571 4994 studium
1593 4957 1737 5011 saepe
1760 4939 1899 5010 ipsis
1925 4939 2132 5009 quibus

443 5029 748 5084 adhibetur
775 5029 1066 5100 ingratum
1097 5034 1180 5084 est
1211 5046 1222 5084 :
1256 5035 1312 5082 et
1333 5036 1525 5084 tamen
1545 5035 1708 5099 grata
1728 5031 1814 5083 est
1831 5043 1935 5098 pro
1953 5027 2132 5080 salute

443 5118 766 5184 necessitas,
801 5135 904 5172 nec
935 5119 1043 5189 ipsi
1094 5124 1226 5189 post
1257 5119 1685 5188 respirationem
1728 5133 1844 5171 non
1873 5122 2007 5170 sunt
2033 5115 2132 5169 be-

443 5207 660 5262 neficiis
691 5208 915 5262 obnoxii
958 5209 1056 5278 qui
1085 5213 1358 5261 curantur
1389 5208 1576 5261 inviti.
1607 5208 1865 5261 Cavenda
1895 5210 1978 5260 est
2007 5204 2135 5258 sub—

444 5297 630 5351 tilium
648 5313 852 5367 magna
869 5297 1376 5366 circumspectione
1398 5295 1698 5364 calliditas,
1725 5295 1825 5366 qui
1864 5295 2136 5364 ingerunt

444 5386 716 5448 difﬁcilia.
741 5387 878 5441 dum
909 5386 1170 5439 nituntur
1197 5384 1533 5438 labefactare
1562 5384 1892 5455 composita.
1919 5383 1984 5436 Et
2007 5385 2134 5452 quis

521 5547 601 5616 (α)
642 5546 728 5599 Al.
761 5545 1054 5600 humilius.

519 5617 588 5688 (ὁ)
629 5617 713 5672 Al.
747 5617 906 5671 deest
933 5619 1157 5672 bonum.

2224 581 2451 646 adduci,
2487 582 2558 635 ad
2591 598 2718 652 qua:
2763 598 2878 635 non
2927 582 3219 652 potuimus
3248 583 3546 636 discordia
3579 588 3865 641 necessitate

2223 671 2544 740 compelli?
2571 673 2636 724 Et
2658 676 2890 741 putetur
2921 688 3172 742 aequum,
3194 676 3256 724 ut
3279 677 3477 724 contra
3505 674 3727 727 salutem
3749 678 3867 745 prin-

2224 775 2356 830 ceps
2382 760 2772 830 subjectorum
2799 762 3151 814 voluntatem
3181 765 3478 830 sequatur,
3503 778 3666 831 quam
3687 779 3776 832 pro
3790 781 3868 818 sua

2226 849 2405 902 salute
2452 849 2717 919 subjecti,
2762 849 3040 920 principis
3086 865 3202 903 non
3240 849 3591 902 famulentur
3631 852 3868 921 imperio?

2225 938 2413 1008 lpsam
2444 937 2548 992 tibi
2584 954 2829 1004 mecum,
2878 939 3221 992 venerabilis
3261 938 3365 1005 ﬁli,
3400 939 3564 992 crede
3614 941 3869 996 Ecclesiam

2229 1026 2329 1080 Dei
2361 1028 2701 1098 supplicare,
2736 1034 2800 1082 ut
2826 1044 2951 1082 eam
2974 1029 3095 1081 sine
3124 1029 3348 1081 macula
3371 1034 3428 1081 et
3451 1043 3608 1094 ruga,
3637 1029 3765 1082 sicut
3790 1032 3870 1084 scis

2230 1115 2470 1169 Domino
2502 1116 2744 1186 placere,
2797 1117 3123 1182 custodias;
3171 1132 3276 1169 nec
3329 1117 3387 1169 in
3436 1133 3559 1170 eam
3598 1119 3774 1171 oculus
3797 1120 3870 1172 ille

2227 1205 2328 1274 qui
2357 1205 2656 1275 pervigilat
2689 1222 2914 1260 Πωνιλω
2953 1206 3204 1276 aliquem
3241 1221 3415 1275 quem
3453 1209 3726 1258 aversetur
3752 1208 3870 1275 aspi-

2229 1295 2355 1348 ciat.
2392 1299 2531 1350 Ama
2565 1297 2714 1366 quod
2750 1312 2782 1348 a
2808 1297 2922 1349 Deo
2981 1301 3358 1364 compunctus
3390 1293 3625 1363 elegisti,
3676 1300 3725 1347 et
3758 1297 3870 1348 inte-

2228 1390 2514 1438 meratum
2543 1402 2701 1438 serva
2735 1385 2875 1438 illud
2920 1384 3082 1454 cujus
3112 1399 3244 1454 pars
3275 1399 3398 1436 esse
3430 1383 3670 1436 voluisti.
3721 1383 3874 1436 Fuerit

2229 1477 2359 1526 ante
2391 1474 2709 1527 sollicitudo
2743 1479 2964 1527 tantum
3007 1489 3153 1538 mea,
3187 1488 3341 1526 nunc
3386 1487 3559 1525 unam
3588 1471 3735 1525 nobis
3775 1489 3873 1525 cau-

2230 1578 2348 1615 sam
2391 1568 2487 1615 tua
2517 1563 2651 1616 fecit
2691 1580 2734 1615 e~
2761 1579 2811 1616 se
2863 1563 3186 1616 clementia.
3246 1561 3360 1614 Nec
3408 1561 3758 1613 austeriorem
3804 1577 3873 1613 me

2231 1653 2536 1722 quisquam
2567 1654 2716 1706 dicat
2751 1669 2868 1705 r-sse
2903 1652 3213 1722 prioribus,
3243 1667 3349 1705 nec
3391 1650 3700 1704 adhortatio
3725 1649 3871 1702 alicu-

2225 1741 2320 1811 jus
2345 1757 2446 1811 pro
2471 1742 2765 1795 sententizu
2803 1741 3136 1795 auctoritate
3170 1745 3458 1794 teneatur.
3495 1738 3875 1807 Diligentiorern

2229 1846 2319 1883 me
2349 1846 2466 1883 non
2495 1831 2823 1899 pertinaI-ire
2855 1830 3132 1894 studium,
3170 1829 3266 1882 sed
3321 1828 3584 1881 scandala
3613 1832 3783 1881 secuta
3812 1829 3873 1880 fe-

2229 1923 2448 1972 cerunt.
2486 1921 2649 1973 Forte
2678 1919 2830 1972 ini:~r
2871 1918 3038 1972 initia
3088 1920 3242 1971 locus
3274 1933 3396 1971 esse
3439 1917 3619 1985 potuit
3653 1916 3869 1968 lenitati:

2230 2011 2377 2062 male
2421 2009 2588 2078 (sicut
2628 2014 2827 2061 notum
2887 2008 2992 2078 est)
3026 2024 3128 2076 per
3172 2023 3433 2060 accessus
3478 2005 3872 2074 przecedeutium

2230 2103 2554 2166 temporum
2582 2113 2840 2150 errorum
2877 2101 3185 2166 augmenta
3233 2100 3556 2149 creverunt.
3606 2096 3718 2147 Non
3750 2094 3875 2163 parvi

2232 2187 2460 2252 habeas,
2525 2187 2607 2239 ﬁli
2659 2186 3034 2253 sanctissime,
3079 2185 3233 2255 quod
3295 2184 3532 2248 curasti,
3591 2183 3679 2235 ubi
3723 2186 3875 2234 sancta

2232 2275 2707 2330 Chalcedonensis
2741 2275 3007 2345 synodus,
3045 2279 3100 2327 et
3131 2274 3283 2326 inter
3337 2277 3558 2326 sanctos
3615 2272 3872 2324 venerandi

2232 2381 2394 2434 papa:
2430 2364 2630 2418 Leonis
2661 2363 3091 2432 religiosissima
3121 2362 3434 2415 constituta
3464 2363 3646 2414 locum
3677 2359 3873 2427 alicujus

2235 2454 2470 2506 honoris
2525 2453 2896 2506 habuerunt?
2943 2451 3048 2505 Ubi
3081 2467 3195 2504 non
3255 2452 3559 2504 adversum
3593 2457 3732 2502 tanta
3768 2447 3870 2500 lidei

2233 2543 2607 2596 fundamenta
2642 2541 2802 2612 quasi
2831 2541 3083 2610 quodam
3115 2540 3390 2593 bellicum
3419 2539 3660 2592 hostium
3704 2537 3783 2589 Dei
3809 2537 3874 2587 iu-

2231 2632 2425 2684 sonuit
2481 2629 2798 2684 exercitus?
2853 2629 3074 2692 Quanto
3127 2628 3447 2682 acrioribus
3498 2629 3613 2681 hzec
3652 2625 3870 2694 impetita

2233 2725 2364 2772 sunt
2390 2718 2614 2789 jaculis,
2643 2722 2802 2770 tanto
2827 2717 3198 2770 validioribus
3237 2722 3373 2770 sunt
3401 2716 3699 2770 munienda
3724 2711 3871 2764 subsi-

2234 2809 2361 2862 diis.
2399 2809 2580 2878 Rogo,
2628 2807 3072 2861 clementissime
3113 2806 3452 2875 imperator,
3494 2821 3561 2858 ne
3604 2819 3684 2857 me
3715 2807 3796 2854 aut
3821 2799 3872 2852 ad

2232 2897 2474 2951 delenda
2505 2894 2675 2962 (Edit.
2705 2897 2869 2949 Rom.
2894 2893 3226 2961 deserenda)
3260 2894 3386 2946 haec
3417 2909 3543 2963 quas
3569 2893 3764 2945 dudum
3793 2890 3872 2941 be-

2236 2985 2522 3055 neplacita
2552 2990 2705 3048 sunt,
2740 2989 2839 3038 aut
2870 2984 3146 3038 mutanda
3167 2984 3498 3052 compellas.
3522 2984 3628 3034 Vox
3653 2977 3876 3033 enimilla

2166 3091 2204 3144 ρ
2237 3073 2474 3126 auribus
2515 3073 2657 3125 meis
2688 3071 3081 3125 indesinenter
3106 3071 3517 3123 immurmurat
3548 3085 3561 3121 :
3591 3068 3719 3131 Quia
3745 3079 3875 3119 nemo

2236 3177 2468 3214 manum
2490 3161 2567 3214 ad
2588 3164 2855 3213 aratrum
2873 3159 3126 3224 mittens,
3149 3161 3203 3211 et
3213 3162 3341 3229 post
3354 3176 3417 3212 se
3435 3155 3730 3228 respiciens
3741 3155 3876 3223 aptus

2232 3255 2316 3304 est
2337 3266 2511 3320 regno
2551 3248 2675 3316 (Dei
2705 3250 2839 3303 Luc.
2875 3249 2983 3317 Ix),
3009 3264 3139 3300 cum
3175 3248 3235 3299 in
3266 3247 3514 3300 evidenti
3544 3247 3632 3309 sit,
3659 3243 3774 3313 quia
3789 3255 3876 3309 poe-

2231 3339 2473 3393 nitentia
2523 3339 2804 3391 malorum
2837 3341 2922 3390 est
2973 3352 3231 3406 operum,
3289 3353 3405 3389 non
3465 3336 3746 3388 bonorum.
3791 3326 3871 3381 Sed

2234 3442 2563 3497 quanquam
2591 3426 2677 3479 his
2700 3441 2976 3494 urgemur
2995 3424 3294 3493 angustiis,
3315 3429 3511 3477 tamen
3529 3427 3742 3492 propter
3757 3432 3874 3471 man-

2231 3516 2548 3568 suetudinis
2579 3520 2688 3567 tuaa
2723 3513 3257 3578 considerationem,
3294 3518 3351 3565 et
3391 3510 3780 3567 venerabilium
3811 3505 3871 3557 le-

2239 3612 2506 3674 gatorum
2542 3604 2775 3659 Joannis
2798 3601 3071 3672 episcopi,
3123 3599 3452 3655 Heracliani
3498 3593 3804 3669 presbyteri,
3835 3593 3875 3641 et

2237 3694 2595 3748 Constantini
2625 3691 2851 3746 diaconi
2882 3690 3147 3759 allegatio
3178 3705 3281 3742 nos
3313 3705 3435 3742 non
3457 3689 3751 3741 inhumana
3775 3693 3873 3749 per-

2235 3784 2432 3847 movit,
2465 3783 2564 3852 qui
2597 3781 3000 3835 innocentibus
3043 3784 3144 3832 ant
3188 3778 3408 3847 ignaris
3455 3791 3634 3830 causae
3669 3766 3876 3825 remedia

2237 3871 2477 3924 credidit
2508 3887 2628 3923 esse
2660 3867 2987 3939 poscenda:
3037 3867 3106 3921 ad
3149 3866 3386 3920 fratrem
3427 3871 3483 3918 et
3529 3863 3874 3932 coepiscopum

2235 3965 2495 4014 nostrum
2516 3957 2902 4028 Epiphanium
2925 3955 3134 4025 scripta
3152 3954 3595 4018 transmisimus,
3623 3955 3677 4003 ut
3696 3957 3875 4002 memor

2238 4049 2392 4116 ﬁdei,
2429 4063 2648 4101 memor
2676 4045 2989 4116 religionis,
3026 4061 3166 4116 quos
3199 4045 3403 4113 dignos
3423 4043 3758 4111 susceptione
3783 4047 3876 4086 esse

2238 4136 2561 4202 crediderit,
2599 4139 2654 4189 et
2677 4136 2892 4190 alienos
2911 4151 2940 4186 a
2957 4133 3362 4187 communione
3387 4148 3559 4202 quam
3582 4125 3874 4196 respuimus,

2239 4226 2383 4280 sicut
2439 4226 2731 4289 asseritur,
2787 4225 3120 4276 innocentes
3173 4237 3268 4274 eos
3316 4222 3387 4274 ad
3436 4220 3744 4273 societatem
3787 4223 3877 4262 sua:

2239 4315 2667 4369 communionis
2697 4312 2983 4377 admittat,
3019 4310 3196 4364 libelli
3225 4313 3421 4362 tamen
3448 4308 3545 4378 qui
3585 4323 3614 4359 a
3634 4301 3778 4357 nobis
3804 4298 3876 4348 in-

2172 4389 2213 4441 ί)
2242 4405 2551 4472 terpositus
2577 4408 2663 4455 est
2690 4406 2886 4454 tenore
2919 4405 3161 4454 servato.
3193 4398 3390 4453 Melius
3421 4401 3508 4450 est
3536 4393 3681 4448 enim
3708 4395 3756 4441 et
3779 4399 3875 4473 mas

2242 4491 2329 4562 gis
2361 4493 2475 4546 Deo
2526 4490 2818 4561 placitum,
2857 4490 2903 4542 si
2942 4489 3096 4542 salva
3133 4488 3246 4540 ﬁde
3289 4483 3661 4539 ecclesiastico
3696 4485 3878 4564 corpori

2235 4581 2554 4651 jungantur
2585 4579 2836 4644 abscissi,
2873 4591 3044 4647 quam
3080 4577 3139 4628 in
3167 4574 3446 4628 abscissos
3485 4571 3774 4640 transeant,
3802 4573 3878 4629 qm

2241 4670 2301 4724 in
2331 4669 2481 4723 beati
2535 4667 2687 4722 Petri
2737 4666 3106 4719 immaculata
3138 4663 3544 4718 communione
3573 4653 3876 4713 manserunt.

2244 4760 2382 4813 Data
2419 4757 2659 4825 septimo
2715 4755 2979 4810 calendas
3020 4753 3253 4824 Aprilis,
3307 4753 3528 4806 Valerio
3566 4748 3678 4802 viro
3713 4737 3878 4796 claris-

2243 4848 2386 4901 simo
2416 4847 2648 4900 consule
2683 4847 2851 4915 (anno
2887 4843 3114 4898 Domini
3146 4843 3293 4910 521).

2793 4932 3129 4988 EPISTOLA
3169 4931 3376 4985 LXXIX.

2604 5039 2681 5077 AD
2724 5036 3048 5077 JUSTINUM
3098 5033 3540 5076 AUGUSTINUM.

2282 5111 2623 5168 Divinitatis
2651 5114 2704 5165 et
2737 5107 3160 5164 incarnationis
3186 5111 3527 5179 mysterium
3557 5094 3844 5172 exponitur.

2316 5202 2382 5271 (ο)
2418 5201 2718 5255 Hormisda
2743 5198 2964 5253 Justino
2997 5201 3277 5268 Augusto.
3845 5265 3850 5272 _

2315 5292 2470 5344 Inter
2527 5305 2594 5342 ea
2648 5305 2777 5358 quae
2835 5287 2902 5340 ad
2954 5287 3234 5340 unitatem
3289 5283 3544 5338 Ecclesia:
3581 5272 3882 5351 pertinentia

2247 5379 2597 5450 (pertinent),
2655 5381 2886 5447 propter
2933 5391 3108 5446 quam
3160 5376 3306 5428 Deus
3354 5370 3663 5428 clementiae
3717 5363 3876 5414 vestr“?

2319 5548 2388 5617 (ο)
2435 5546 2567 5600 Cod.
2603 5545 2738 5617 Luc.
2783 5547 2897 5611 125,
2931 5540 3361 5598 Gtoriosissimo
3400 5544 3567 5610 atque
3602 5525 3872 5589 clementis

2246 5615 2394 5672 sima
2414 5617 2543 5687 ﬁlio
2569 5616 2804 5668 Justino
2833 5617 3110 5686 Augusto.
