4038 6170
174 200 260 250 513

1445 195 1799 251 EPISTOLzE
1833 198 1920 254 ET
1956 197 2295 253 DECRETA.

3516 206 3617 258 514

156 341 633 415 elegitimperium,
664 342 725 396 in
753 342 973 399 litteras
1005 345 1326 399 contulistis
1359 362 1370 399 :
1397 345 1516 400 haec
1545 363 1793 418 quoque,
1836 353 1884 408 A
1912 349 2103 417 habet,
2137 365 2363 404 necesse
2394 355 2477 404 est
2508 354 2606 405 aut
2626 348 3014 407 divinitatem
3061 353 3120 407 in
3171 355 3350 409 multa
3382 355 3614 411 dividen

155 432 454 487 venerabilis
484 432 819 502 imperator,
843 450 979 487 cura
1010 434 1167 496 ﬁdei,
1203 435 1812 506 cuimultiplicitervos

155 524 349 577 studere
388 521 699 589 declaratis,
750 522 976 591 adjecit,
1004 529 1069 576 ut
1099 524 1430 594 aliquorum
1461 542 1655 595 preces
1682 543 1811 596 per-

158 611 368 666 ferenda
401 610 465 663 ad
494 610 831 663 humilitatis
862 611 939 681 (a)
964 611 1229 665 notitiam
1255 614 1660 683 jungerentur,
1694 615 1816 686 qui-

158 703 239 756 bus
267 699 345 751 veI
373 697 504 768 quid
535 699 868 768 quaestionis
899 701 1147 753 oriretur
1177 718 1572 771 agnoscerem;
1628 705 1713 757 vel
1745 705 1814 759 ad

162 788 577 843 submovendum
641 788 951 857 propositae
1010 791 1444 847 consultationis
1475 793 1815 863 ambiguum

164 892 461 947 responsum
495 893 526 928 a
577 892 666 929 me
706 877 989 945 religiosas
1029 879 1103 947 (ὁ)
1154 879 1407 934 scientia:
1465 883 1815 936 conveniens

162 966 469 1020 redderetur.
524 966 659 1035 Legi
711 966 905 1019 omnia
944 966 1327 1022 sollicitudine
1360 986 1472 1039 qua
1530 971 1811 1025 decebat:

162 1069 206 1115 et
226 1062 340 1114 licet
368 1060 430 1113 ad
478 1062 737 1130 responsi
781 1062 1198 1131 plenitudinem
1231 1065 1491 1119 sufficere
1538 1071 1817 1136 potuisset

163 1153 198 1203 si
221 1152 301 1203 illa
329 1154 551 1203 tantum
607 1167 735 1221 quae
768 1167 799 1204 a
828 1151 1117 1206 veteribus
1153 1154 1243 1222 (ab
1275 1156 1622 1225 auctoribus)
1684 1163 1817 1211 sunt

161 1239 363 1292 difﬁnita
417 1238 811 1305 rescriberem,
864 1244 1055 1294 tamen
1114 1246 1174 1295 ut
1219 1243 1473 1312 religiosi
1531 1247 1815 1314 propositi

156 1328 292 1380 vestri
349 1343 778 1380 remunerarem
833 1328 1120 1395 affectum,
1180 1347 1295 1384 non
1355 1333 1810 1388 subtrahendum

157 1417 331 1469 credidi
361 1416 467 1468 mei
502 1432 731 1486 quoque
763 1419 1043 1471 sermonis
1076 1419 1439 1489 obsequium.
1474 1421 1621 1484 Quid
1654 1422 1809 1475 enim

156 1512 217 1558 est
247 1506 383 1575 quod
406 1506 837 1575 emergentibus
869 1507 1109 1561 Nestorii
1141 1513 1195 1561 et
1226 1510 1553 1579 Eutychetis
1580 1511 1817 1564 venenis

154 1599 352 1663 paterna
376 1593 581 1646 ‘omisit
638 1595 977 1649 instructio?
1046 1599 1197 1651 Pcne
1247 1614 1445 1651 omnes
1491 1598 1814 1669 impietates

154 1698 255 1736 cum
285 1682 672 1735 inventoribus
703 1689 818 1735 tam
853 1684 1229 1739 nefandorum
1261 1687 1597 1756 dogmatum
1620 1705 1815 1743 conve-

155 1774 329 1825 nientia
373 1773 427 1825 in
480 1788 664 1825 unum
722 1774 995 1843 synodica
1018 1774 1242 1828 decreta
1274 1783 1644 1845 presserunt:
1710 1794 1813 1831 nec

156 1862 353 1914 ulterius
375 1861 653 1914 remansit
680 1862 839 1914 locus
866 1863 1015 1914 ullus
1047 1869 1161 1916 tam
1193 1863 1329 1917 diris
1361 1864 1619 1934 perﬁdiae
1646 1868 1813 1920 semi-

156 1951 288 2003 nibus
333 1950 668 2020 amputatis,
732 1955 827 2003 aut
852 1951 1141 2005 Christum
1195 1954 1505 2007 Dominum
1550 1961 1813 2011 nostrum

154 2040 342 2091 credere
383 2040 512 2091 sine
544 2040 733 2093 carnis
762 2040 936 2093 fuisse
968 2041 1225 2107 veritate,
1258 2048 1357 2095 aut
1388 2045 1653 2097 eumdem
1696 2062 1811 2099 non

158 2129 297 2179 Deum
318 2134 369 2180 et
396 2128 698 2181 hominem
722 2130 790 2181 de
811 2130 1050 2182 materni
1074 2131 1219 2183 uteri
1250 2131 1815 2204 intemerata'jecun-

155 2217 292 2269 ditate
336 2218 637 2285 prodiisse,
696 2218 844 2285 cum‘,
871 2219 1016 2271 alter
1054 2236 1253 2273 eorum
1302 2220 1809 2292 dispensationem,

153 2322 239 2375 qua
262 2306 443 2359 salvati
476 2322 683 2359 sumus
714 2308 999 2377 negando,
1024 2314 1307 2378 quantum
1340 2310 1397 2364 in
1432 2328 1488 2364 se
1522 2318 1625 2379 est,
1677 2313 1813 2366 irri—

154 2398 241 2445 tam
267 2396 499 2461 faceret;
541 2395 685 2448 alter
724 2396 995 2466 opinione
1026 2398 1330 2463 contraria,
1375 2400 1472 2453 sed
1517 2400 1811 2471 impietate

153 2483 415 2551 consimili,
448 2485 514 2538 in
558 2485 762 2537 eodem
796 2485 1038 2538 Domino
1068 2492 1264 2541 nostro
1288 2490 1419 2541 Jcsu
1448 2490 1673 2543 Christo
1705 2508 1814 2561 po-

151 2575 371 2625 testatem
402 2573 664 2626 divinam
696 2591 728 2626 a
756 2590 890 2627 vera
922 2574 1279 2628 humanitate
1312 2578 1669 2631 secluderet:
1707 2594 1813 2631 ne-

153 2674 238 2728 que
286 2661 373 2715 ille
436 2663 775 2716 recordatus
806 2663 940 2732 quia
988 2664 1334 2733 palpandam
1384 2682 1617 2719 carnem
1653 2683 1814 2721 suam

154 2748 365 2803 Christus
408 2753 662 2806 ostendit
700 2769 803 2806 nec
838 2754 934 2807 ille
966 2755 1251 2823 Evangelii
1307 2771 1530 2809 memor
1565 2758 1811 2810 Verbum

152 2852 335 2891 carnem
388 2840 607 2894 factum
649 2858 769 2896 esse
804 2843 1045 2896 dicentis
1073 2844 1281 2912 (Joan.)
1313 2844 1403 2897 cui
1445 2862 1551 2898 vox
1588 2846 1816 2899 Domini

159 2927 516 2982 indeticienter
546 2930 809 2984 insonare
842 2932 1140 2999 debuerat,
1177 2949 1289 3002 qua
1314 2934 1457 2987 dixit
1481 2940 1538 2987 et
1571 2935 1764 2989 docuit
1798 2952 1811 2989 :

155 3014 301 3068 Nemo
327 3018 588 3071 ascendit
619 3017 677 3071 in
719 3019 944 3085 caelum,
976 3019 1091 3073 nisi
1118 3020 1217 3091 qui
1244 3021 1311 3076 de
1341 3022 1475 3076 cwlo
1523 3023 1815 3077 descendit

162 3104 309 3158 Filius
330 3106 584 3160 hominis
619 3107 718 3177 qui
739 3112 818 3161 est
850 3108 1061 3163 inccelo
1090 3110 1271 3175 (Joan.
1306 3111 1407 3175 in).
1439 3112 1599 3182 Saepe
1630 3115 1748 3167 haec
1767 3119 1822 3167 et

160 3195 314 3246 multis
352 3196 811 3269 praecedentium
851 3204 984 3250 sunt
1020 3200 1435 3268 comprehensa
1486 3204 1815 3269 sententiis;

160 3283 232 3334 sed
259 3300 347 3337 nec
384 3286 699 3338 clementia
746 3292 931 3339 vestra
950 3287 1098 3354 ilicet
1126 3289 1245 3357 jam
1281 3289 1427 3342 dicta
1458 3290 1589 3357 sint,
1660 3292 1820 3344 fasti-

158 3370 276 3423 diose
320 3376 531 3442 poterit
581 3376 824 3443 repetita
868 3392 1241 3445 cognoscere:
1290 3394 1394 3431 nec
1438 3380 1603 3432 nobis
1634 3381 1821 3449 pudor

158 3466 217 3511 est
243 3478 298 3514 ea
317 3479 439 3532 quae
470 3470 610 3516 sunt
641 3481 673 3516 a
712 3465 1103 3518 decessoribus
1139 3467 1348 3519 nostris
1379 3468 1649 3536 pret-dicta
1676 3485 1821 3538 prae-

159 3548 322 3616 dicata)
390 3553 703 3605 revolvere.
758 3554 949 3623 Neque
1005 3555 1154 3607 enim
1204 3555 1471 3624 possibile
1531 3562 1610 3609 est
1658 3562 1721 3610 ut
1745 3559 1815 3611 sit

156 3636 404 3692 diversitas
435 3640 892 3710 praedicationis,
929 3643 1028 3696 ubi
1062 3659 1175 3696 una
1207 3650 1293 3697 est
1317 3645 1503 3698 forma
1534 3646 1817 3713 veritatis;

160 3739 233 3777 nec
261 3728 401 3781 abire
427 3730 791 3798 judicabitur
817 3731 1092 3796 alienum,
1133 3733 1178 3785 si
1206 3748 1335 3785 cum
1363 3733 1467 3799 bis,
1503 3750 1634 3786 cum
1686 3735 1822 3804 qui-

158 3812 233 3865 bus
258 3816 835 3885 conveniemuslﬁde,
871 3837 1256 3889 congruamus
1278 3826 1335 3875 et
1365 3823 1652 3889 dogmate.
1707 3824 1821 3877 Ite-

156 3904 409 3959 votvantnr
438 3909 555 3978 piis
587 3910 1046 3962 mansuetudinis
1072 3916 1272 3963 vestrae
1312 3911 1549 3964 auribus
1597 3912 1823 3966 decreta

162 3994 407 4061 synodica,
456 4004 512 4050 et
552 3998 701 4051 beati
757 4015 921 4068 papae
948 4000 1146 4051 Leonis
1194 4000 1592 4054 convenientia
1649 4018 1820 4056 sacrae

159 4078 261 4133 tidei
284 4088 591 4139 constituta
620 4075 636 4139 Ξ
672 4088 869 4141 eadem
897 4088 1194 4141 invenietis
1228 4088 1288 4141 in
1314 4088 1427 4141 illis
1459 4105 1588 4159 quae
1616 4106 1822 4144 recen—

160 4172 345 4224 sueritis
391 4176 774 4243 (inveneritis)
824 4176 879 4229 in
914 4177 1140 4229 nostris.
1196 4177 1340 4240 Quid
1387 4194 1521 4248 ergo
1556 4184 1639 4233 est
1696 4185 1822 4249 post

159 4256 286 4312 illum
313 4264 529 4317 fontem
572 4264 833 4318 fidelium
884 4270 1229 4319 statutorum
1278 4266 1653 4337 (statutum)?
1685 4269 1821 4339 quid

160 4349 364 4415 amplius
392 4353 458 4421 (si
507 4358 704 4407 tamen
752 4354 887 4408 ﬁdei
914 4356 1226 4409 terminum
1252 4357 1459 4426 servat)
1503 4358 1822 4428 quamlibet

160 4437 373 4491 Furiosus
400 4448 688 4495 scrutator
722 4444 993 4513 inquirat,
1014 4445 1082 4515 (c)
1111 4450 1209 4499 aut
1238 4462 1411 4515 opere
1443 4452 1542 4500 aut
1588 4448 1820 4502 institu-

161 4524 279 4578 tione
309 4530 611 4595 perfectius
641 4532 777 4599 (non
812 4550 953 4603 Opus
976 4541 1074 4587 aut
1104 4536 1421 4604 adjectione
1444 4536 1672 4605 plenius
1724 4542 1823 4592 aut

162 4611 477 4672 institutione
513 4622 889 4690 perfectiuS)?
920 4623 1026 4675 nisi
1074 4625 1215 4678 forte
1248 4626 1461 4678 mavult
1510 4626 1817 4695 quisquam

161 4700 377 4759 dubitare
428 4725 607 4778 quam
644 4712 895 4777 credere,
948 4718 1164 4765 certare
1215 4730 1389 4783 quam
1420 4731 1607 4779 nosse,
1652 4716 1813 4785 sequi

162 4790 297 4843 dubia
335 4812 507 4865 quam
551 4814 777 4851 servare
823 4800 1069 4853 decreta.
1112 4802 1253 4853 Nam
1285 4802 1330 4854 si
1356 4802 1601 4855 Trinitas
1651 4804 1818 4871 Deus,

162 4875 241 4929 hoc
264 4888 340 4935 est
392 4886 561 4939 Pater
590 4893 647 4940 et
678 4888 853 4940 Filius
896 4894 949 4941 et
970 4890 1211 4959 Spiritus
1251 4897 1500 4955 sanctus,
1547 4894 1693 4945 Deus
1720 4910 1820 4947 au-

162 4968 249 5019 tem
265 4986 399 5024 unus
421 4976 747 5043 specialiter
774 4978 1093 5046 legislature
1110 4980 1332 5033 dicente
1360 4996 1373 5033 :
1416 4980 1590 5046 Audi,
1614 4982 1819 5050 Israel,

164 5056 395 5114 Dominus
424 5066 574 5117 Deus
604 5068 732 5118 tuus
759 5067 1071 5121 Deusunus
1095 5071 1180 5121 est
1202 5069 1394 5137 (Deut.
1412 5072 1508 5139 vr),
1527 5070 1626 5141 qui
1661 5072 1825 5125 aliter

214 5208 280 5283 ta;
311 5214 462 5268 Idem
506 5218 655 5283 cod.,
688 5235 841 5273 meae.

218 5280 276 5357 tbi
300 5284 451 5357 Idem
494 5280 650 5357 cod.,
674 5290 989 5346 sententiae.

169 5354 446 5437 Ligniti-em
475 5354 951 5437 cod.,—.Nonopus
979 5370 1081 5418 aut
1117 5365 1439 5434 adjectione
1474 5365 1678 5437 plebis,
1724 5369 1826 5420 aut

161 5424 483 5503 mstitutione
506 5432 785 5500 perfectis
806 5424 942 5501 nisi,
969 5442 1075 5489 etc.

216 5490 403 5575 (ᾀΗῐιΔ
439 5490 641 5575 eodem
682 5506 805 5558 cod.
864 5490 1217 5575 primigenia
1268 5524 1473 5562 manus
1536 5508 1615 5561 ita
1675 5508 1825 5561 hunc

165 5562 346 5650 [iitum
380 5569 603 5650 ferebat
629 5590 641 5626 :
677 5562 904 5631 Notum
918 5562 1098 5650 etiam
1117 5578 1265 5650 quod
1287 5578 1368 5650 sit
1380 5578 1681 5650 proprium
1696 5579 1825 5648 Spi-

162 5635 283 5687 ritus
308 5638 366 5690 s.
397 5643 698 5711 proprium
723 5651 919 5703 autem
943 5647 1084 5706 Filii
1121 5635 1233 5703 Dei
1260 5652 1321 5703 ut
1332 5635 1514 5717 jam;
1539 5648 1621 5717 id,
1676 5635 1820 5715 etis;

1925 438 2204 509 (dividat),
2240 444 2336 493 aut
2364 440 2686 509 specialiter
2715 442 3040 511 passionem
3075 443 3182 513 ipsi
3209 444 3466 499 essentias
3496 446 3617 499 Tri-

1922 526 2117 581 nitatis
2146 528 2448 599 impingat,
2484 536 2539 583 et
2569 530 2741 600 (quod
2777 522 2924 585 absit
2945 549 2977 585 a
3008 532 3265 587 fidelium
3306 534 3618 605 mentibus)

1922 616 2027 670 hoc
2060 623 2162 683 est,
2189 624 2285 671 aut
2308 621 2501 687 plures
2533 620 2665 673 deos
2704 637 2863 674 more
2893 622 3134 691 profano
3156 623 3490 692 gentilitatis
3528 624 3620 678 in-

1923 705 2150 772 ducere,
2174 712 2271 761 aut
2298 709 2627 763 sensibilem
2663 726 2891 780 poenam
2926 711 2998 765 ad
3025 728 3150 765 eam
3177 719 3443 766 naturam
3490 731 3617 784 quin

1924 796 2109 849 aliena
2158 802 2243 849 est
2295 798 2363 850 ab
2396 799 2552 851 omni
2605 799 2866 867 passione
2904 801 3233 854 transferre.
3268 803 3453 855 Unum
3514 808 3616 870 est,

1924 886 2117 934 sancta
2158 882 2402 936 Trinitas
2434 900 2547 936 non
2578 885 2991 954 multiplicatur
3040 902 3297 953 numero,
3332 903 3449 940 non
3499 903 3619 941 cre-

1924 971 2024 1022 scit
2046 975 2387 1041 augmento;
2420 988 2523 1025 nec
2563 978 2751 1043 potest
2790 978 2889 1027 aut
2937 974 3320 1044 intelligentia
3352 992 3615 1045 compre-

1924 1059 2116 1125 hendi,
2164 1065 2261 1113 aut
2293 1061 2396 1114 hoc
2453 1063 2606 1131 quod
2661 1064 2806 1115 Deus
2848 1068 2933 1115 est
2979 1064 3318 1117 discretione
3375 1064 3617 1134 sejungi.

1924 1148 2060 1212 Quis
2091 1164 2226 1219 ergo
2261 1150 2345 1202 illi
2366 1156 2582 1205 secreto
2626 1156 2852 1204 aeterna!
2884 1152 3455 1223 impenetrabilisque
3487 1154 3619 1206 sub-

1924 1238 2165 1303 stantive,
2228 1240 2380 1307 quod
2429 1240 2589 1292 nulla
2618 1241 2701 1292 vel
2743 1248 2953 1309 (neque
3009 1243 3123 1294 ulla
3150 1242 3479 1299 visibilium.
3512 1242 3622 1310 vel)

1924 1325 2297 1379 invisibilium
2360 1335 2697 1381 naturarum
2768 1330 2954 1397 potuit
3000 1330 3344 1399 investigare
3390 1338 3619 1400 natura,

1922 1418 2223 1483 profanam
2256 1416 2587 1470 divisionem
2612 1422 2791 1471 tentet
2822 1417 3104 1487 ingerere,
3130 1424 3186 1471 et
3210 1420 3387 1473 divini
3420 1436 3623 1473 arcana

1925 1505 2185 1574 mysterii
2210 1505 2423 1573 (arcani
2465 1506 2877 1575 ministerium)
2912 1523 3177 1560 revocare
3211 1509 3279 1561 ad
3337 1508 3621 1562 calculum

1927 1594 2101 1646 moris
2133 1594 2408 1647 humani?
2434 1595 2751 1649 Adoremus
2788 1598 3032 1662 Patrem,
3060 1600 3113 1650 et
3153 1598 3378 1661 Filium,
3405 1603 3460 1651 et
3489 1597 3618 1667 Spi-

1928 1681 2100 1735 ritum
2175 1689 2456 1750 sanctum,
2534 1684 2919 1737 indistinctam
2982 1685 3321 1753 (indivisam)
3356 1687 3621 1739 distincte

1925 1772 2175 1841 (Dionys.
2224 1772 2579 1827 indistincta.
2630 1774 2845 1843 Hann),
2882 1774 3519 1844 incomprehensibilem
3569 1779 3624 1829 et

1922 1861 2367 1916 inenarrabilem
2399 1863 2777 1915 substantiam
2804 1864 3115 1927 Trinitatis,
3134 1864 3230 1917 ubi
3254 1864 3356 1917 etsi
3375 1863 3623 1919 admittit

1922 1966 2231 2005 numerum
2281 1952 2426 2005 ratio
2470 1968 2867 2021 personarum,
2924 1951 3111 2005 unitas
3150 1957 3343 2006 tamen
3372 1969 3488 2006 non
3517 1953 3620 2007 ad-

1924 2040 2100 2093 mittit
2145 2042 2399 2095 essentia.‘
2434 2041 2875 2111 separationem,
2900 2040 2975 2093 ita
3006 2045 3197 2094 tamen
3237 2048 3301 2095 ut
3335 2059 3623 2096 servemus

1924 2130 2136 2183 divina)
2167 2131 2398 2200 propria
2431 2140 2667 2196 naturai,
2705 2146 2994 2183 servemus
3029 2131 3259 2199 propria
3309 2132 3620 2202 unicuique

1924 2235 2199 2289 persona»,
2256 2236 2357 2271 nec
2390 2223 2646 2288 personis
2676 2219 2989 2271 divinitatis
3024 2220 3390 2288 singularitas
3449 2221 3621 2274 dene-

1923 2312 2089 2376 getur
2140 2324 2243 2361 nec
2282 2307 2348 2359 ad
2382 2308 2688 2359 essentiam
2724 2308 2826 2359 hoc
2859 2307 3011 2376 quod
3040 2313 3124 2359 est
3158 2307 3454 2377 proprium
3508 2323 3618 2360 no-

1922 2397 2145 2450 minum
2197 2397 2589 2449 transferatur.
2631 2396 2893 2464 Magnum
2928 2401 3011 2448 est
3033 2402 3235 2449 sanctae
3290 2400 3345 2448 et
3403 2397 3618 2449 incom-

1922 2485 2309 2555 prehensibile
2342 2485 2678 2555 mysterium
2710 2486 3021 2551 Trinitatis,
3059 2488 3205 2539 Deus
3247 2487 3432 2549 Pater,
3475 2487 3621 2539 Deus

1924 2576 2117 2639 Filius,
2154 2577 2301 2629 Deus
2340 2575 2584 2644 Spiritus
2626 2580 2871 2639 sanctus,
2931 2575 3176 2628 Trinitas
3230 2576 3475 2629 indivisa
3509 2593 3521 2628 :
3567 2580 3623 2627 et

1923 2670 2115 2717 tamen
2167 2669 2370 2717 notum
2402 2670 2487 2717 est
2534 2664 2669 2733 quia
2692 2664 2986 2733 proprium
3016 2669 3099 2716 est
3130 2664 3309 2716 Patris
3334 2669 3397 2717 ut
3446 2678 3620 2733 gene-

1924 2759 2078 2807 raret
2129 2754 2359 2821 Filium,
2390 2753 2692 2823 proprium
2743 2754 2865 2805 Filii
2899 2752 2995 2805 Dei
3037 2756 3099 2804 ut
3141 2769 3206 2805 ex
3262 2755 3426 2807 Patre
3468 2753 3621 2806 Patri

1925 2848 2253 2897 nasceretur
2285 2842 2541 2912 requalis,
2605 2841 2686 2909 (d)
2719 2840 3019 2909 proprium
3068 2840 3311 2910 Spiritus
3343 2841 3523 2894 sancti
3557 2844 3622 2894 ut

1855 2964 1895 3017 ρ
1927 2933 1995 2986 de
2029 2934 2194 2986 Patre
2216 2937 2270 2985 et
2304 2933 2442 2985 Filio
2476 2930 2812 3000 procederet
2846 2929 2949 2981 sub
2991 2945 3103 2981 una
3129 2929 3445 2982 substantia
3493 2929 3618 2982 Dei-

1928 3022 2077 3076 tatis.
2135 3021 2437 3091 Proprium
2476 3034 2707 3089 quoque
2756 3016 2877 3071 Filii
2918 3018 3039 3082 Dei,
3084 3018 3329 3086 utjuxta
3382 3018 3438 3070 id
3469 3018 3619 3087 quod

1928 3112 2201 3181 scriptum
2221 3115 2306 3163 est
2339 3127 2350 3162 :
2387 3110 2457 3161 In
2480 3106 2805 3161 novissimis
2826 3105 3171 3175 temporibus
3201 3106 3449 3159 Verbum
3486 3122 3619 3160 caro

1924 3202 2109 3265 fieret,
2138 3202 2192 3253 et
2215 3197 2498 3252 habitaret
2524 3196 2582 3250 in
2613 3196 2770 3249 nobis
2798 3196 3048 3265 (Joan.1)
3087 3210 3099 3247 :
3132 3195 3209 3249 ita
3232 3195 3384 3248 intra
3409 3196 3622 3249 viscera

1929 3295 2134 3343 sancta:
2162 3290 2347 3343 Mariae
2381 3285 2627 3354 Virginis
2657 3285 2951 3355 genitricis
2982 3284 3081 3336 Dei
3110 3283 3286 3337 unitis
3317 3284 3619 3353 utriusque

1930 3379 2053 3432 sine
2086 3380 2275 3447 aliqua
2304 3376 2639 3429 confusione
2673 3374 2911 3441 naturis,
2948 3380 3008 3426 ut
3053 3374 3153 3442 qui
3182 3378 3312 3426 ante
3360 3378 3623 3442 tempora

1931 3474 2053 3522 erat
2088 3468 2259 3521 Filius
2306 3465 2423 3529 Dei,
2457 3464 2617 3517 ﬁeret
2655 3463 2807 3516 tilius
2834 3462 3124 3527 hominis;
3182 3466 3236 3514 et
3296 3468 3626 3516 nasceretur

1930 3575 1994 3611 ex
2024 3557 2123 3628 (in)
2166 3562 2426 3624 tempore
2456 3553 2702 3607 hominis
2737 3569 2913 3619 more,
2950 3552 3149 3605 matris
3181 3552 3407 3605 vulvam
3456 3557 3625 3606 natus

1930 3664 2046 3701 non
2078 3647 2361 3716 aperiens,
2396 3649 2447 3697 et
2480 3643 2873 3713 virginitatem
2903 3642 3101 3696 matris
3136 3641 3363 3695 deitatis
3415 3642 3624 3695 virtute

1930 3754 2045 3791 non
2077 3737 2318 3789 solvens.
2356 3734 2600 3802 Dignum
2621 3733 2789 3802 plane
2827 3733 2937 3785 Deo
2968 3736 3233 3784 nascente
3267 3732 3621 3801 mysterium,

1934 3830 1995 3877 ut
2026 3829 2273 3878 servaret
2298 3827 2527 3892 partum
2561 3822 2681 3875 sine
2720 3821 3107 3890 corruptione,
3146 3821 3245 3892 qui
3287 3828 3624 3891 conceptum

1932 3914 2060 3967 fecit
2098 3930 2219 3966 esse
2247 3912 2368 3965 sine
2415 3912 2651 3975 semine,
2705 3926 2933 3964 servans
2975 3911 3126 3980 quod
3155 3926 3222 3963 ex
3274 3912 3433 3963 Patre
3487 3914 3622 3975 erat,

1933 4010 1986 4057 et
2017 4008 2429 4074 repraisentans
2479 4002 2631 4071 quod
2653 4016 2719 4053 ex
2752 4004 2929 4053 matre
2963 4000 3224 4069 suscepit.
3257 4001 3396 4053 Nam
3430 4000 3626 4067 jacens

1930 4093 1989 4145 in
2021 4091 2299 4162 praesepio
2324 4090 2629 4143 videbatur
2660 4090 2717 4142 in
2754 4091 2917 4152 coelo,
2942 4088 3231 4141 involutus
3252 4089 3459 4157 pannis
3490 4088 3625 4140 ado-

1933 4181 2165 4233 rabatur
2212 4198 2244 4232 a
2301 4178 2506 4247 magis,
2568 4178 2717 4230 inter
2746 4178 3017 4229 animalia
3050 4175 3239 4228 editus
3287 4175 3356 4227 ab
3410 4174 3627 4242 angelis

1934 4270 2002 4340 (e)
2030 4268 2419 4334 nuntiabatur,
2442 4268 2533 4319 vix
2554 4282 2815 4337 egressus
2848 4264 3168 4323 infantiam,
3193 4268 3247 4316 et
3278 4262 3625 4315 annuntians

1858 4332 1901 4384 Ι)
1934 4358 2228 4428 mysticam
2251 4358 2372 4410 sine
2393 4356 2724 4409 institueute
2758 4353 3097 4419 doctrinam,
3122 4352 3271 4405 inter
3301 4351 3626 4404 rudimenta

1933 4463 2218 4503 annorum
2254 4444 2565 4516 puerilium
2614 4445 2785 4497 edens
2833 4442 3082 4496 cmlestia
3120 4442 3282 4511 signa
3325 4440 3620 4493 virtutum.

1932 4538 2087 4591 Idem
2145 4537 2297 4589 enim
2352 4537 2501 4589 Deus
2556 4538 2610 4587 et
2656 4534 2850 4599 homo,
2888 4548 3004 4585 non
3038 4531 3127 4598 (ut
3183 4530 3252 4583 ab
3298 4527 3626 4582 inﬁdelibus

1932 4627 2159 4694 dicitur)
2184 4626 2286 4679 sub
2311 4629 2526 4695 quartm
2558 4622 2984 4677 introductione
3009 4636 3264 4691 personae
3294 4640 3305 4673 :
3361 4618 3455 4671 sed
3505 4617 3625 4687 ipse

1932 4717 2033 4769 Dei
2064 4717 2235 4769 Filius
2271 4717 2417 4769 Deus
2449 4720 2505 4769 et
2544 4714 2736 4779 homo,
2771 4713 2843 4782 (Γ)
2872 4712 2928 4765 id
2961 4716 3043 4765 est
3083 4710 3258 4764 virtus
3290 4714 3346 4763 et
3374 4708 3625 4762 inﬁrmi-

1932 4812 2034 4871 tas,
2064 4806 2359 4860 humilitas
2396 4811 2451 4858 et
2475 4804 2759 4873 majestas,
2798 4803 3084 4855 redimens
3132 4806 3189 4854 et
3226 4799 3512 4862 venditus,
3568 4796 3627 4850 in

1933 4912 2095 4949 cruce
2128 4897 2346 4965 positus
2378 4899 2450 4963 det
2476 4894 2601 4946 caeli
2644 4908 2821 4961 regna
2851 4890 3117 4960 largitus;
3160 4890 3241 4943 ita
3280 4894 3489 4942 nostra:
3535 4887 3625 4940 in-

1933 4985 2219 5039 firmitatis
2250 4984 2553 5054 particeps,
2582 4988 2644 5035 ut
2674 4986 2864 5051 posset
2898 4979 3170 5045 interimi,
3219 4980 3300 5033 ita
3350 4976 3624 5047 ingenitas

1932 5076 2202 5145 potentia
2234 5072 2520 5135 dominus,
2556 5089 2624 5124 ne
2665 5075 2857 5141 posset
2879 5074 3059 5123 morte
3080 5068 3347 5122 consumi
3381 5085 3393 5122 :
3433 5065 3623 5137 sepul-

1933 5171 2023 5219 tus
2054 5172 2137 5218 est
2160 5165 2326 5234 juxta
2357 5162 2411 5216 id
2452 5162 2606 5231 quod
2637 5162 2808 5214 homo
2842 5160 3016 5213 voluit
3047 5158 3222 5226 nasci,
3272 5162 3327 5210 et
3352 5157 3515 5225 juxta
3572 5154 3625 5207 id

1856 1660 1893 1712 B

1934 5308 2107 5360 quam
2142 5290 2443 5343 lectionem
2480 5287 2552 5361 ita
2584 5288 2856 5361 reformat
2894 5302 3096 5361 manus
3129 5284 3382 5361 antiqpa.
3407 5286 3463 5361 et
3507 5280 3623 5361 fere

1934 5352 2170 5431 aequalis
2199 5378 2210 5414 :
2250 5363 2459 5431 notum
2472 5358 2648 5431 etiam
2676 5358 2825 5431 quod
2851 5356 2928 5410 sit
2952 5354 3251 5431 proprium
3277 5352 3543 5431 Spiritui

1932 5437 1995 5486 ut
2004 5422 2093 5486 ‘de
2124 5434 2303 5486 Patre
2323 5435 2376 5483 et
2390 5430 2537 5483 Filio
2548 5422 2991 5499 procederetsut)
3006 5422 3128 5481 una
3150 5422 3474 5479 substantia
3498 5422 3623 5474 Dei-

1934 5503 2093 5559 tatis.
2126 5501 2438 5571 Proprium
2459 5498 2679 5572 quoque
2709 5498 2867 5566 Filii,
2892 5504 2997 5552 etc.

2006 5576 2073 5643 (e)
2098 5576 2253 5628 Idem
2284 5574 2430 5641 cod.,
2472 5571 2793 5628 nuntiatus.

2006 5643 2080 5717 (f)
2109 5646 2267 5700 Idem
2296 5644 2449 5713 cod.,
2480 5643 2657 5699 idem.
