3996 6170
365 198 467 248 515

1808 195 2188 253 ΗΟΗΜΙΞΙΠΕ
2228 198 2426 253 ΡΑΡᾸΞ

3753 203 3854 255 516

362 324 513 394 quod
543 324 694 378 Patri
728 328 848 378 erat
875 324 1078 377 similis
1104 325 1429 392 resurrexit,
1464 325 1689 395 patiens
1718 328 2044 393 vulnerum,
2085 331 2133 383 A
2162 334 2218 382 et
2279 329 2545 397 omnibus
2619 327 2939 399 prophetis,
2999 327 3317 399 oportuisse
3373 328 3491 399 pati
3548 328 3853 399 Christum,

363 419 420 466 et
447 415 693 467 salvator
720 430 1028 483 aegrorum,
1047 430 1192 467 unus
1213 413 1633 483 defunctorum,
1657 416 2059 481 etviviﬁcator,

366 502 733 567 obeuntium;
764 503 831 555 ad
860 502 1082 554 inferna
1114 500 1460 555 descendens
1489 508 1543 555 et
1564 520 1594 556 a
1622 506 1801 557 Patris
1834 506 2054 572 gremio

364 608 478 645 non
512 592 783 644 recedens
819 608 830 643 :
878 592 1024 644 unde
1056 598 1111 644 et
1143 591 1412 659 animam,
1440 609 1611 662 quam
1647 610 1747 663 pro
1765 595 2060 647 communi

361 681 691 735 conditione
724 680 933 749 posuit,
969 696 1071 748 pro
1107 679 1382 749 singulari
1406 681 1613 734 virtute
1650 687 1703 735 et
1732 683 2058 737 admirabili

362 771 444 838 (a)
478 770 751 839 patientia
784 785 911 821 mox
935 769 1260 837 resumpsit.
1296 769 1427 822 Haec
1460 770 1540 823 ita
1568 787 1711 837 esse,
1749 788 1853 823 nec
1878 773 2056 824 ullam

361 858 777 911 dubitationem
829 863 1092 927 oportere
1144 858 1420 927 recipere,
1457 858 1529 926 (b)
1577 860 1729 912 idem
1782 860 2056 913 Dominus

362 953 558 1000 noster
606 948 766 999 Jesus
824 946 1080 1000 Christus
1140 962 1210 999 ne
1266 947 1413 999 inter
1470 949 1725 1017 corporis
1766 950 2059 1018 passiones

364 1038 508 1089 Deus
542 1051 655 1087 non
687 1052 805 1088 esse
840 1036 1184 1100 crederetur,
1210 1040 1306 1087 aut
1335 1052 1403 1089 ne
1438 1037 1584 1089 Deus
1606 1041 1846 1101 tantum,
1872 1043 1925 1091 et
1946 1054 2057 1090 non

358 1125 531 1178 homo
580 1125 731 1176 inter
788 1140 961 1193 opera
1014 1124 1365 1177 mirabilium
1421 1126 1703 1194 stupenda
1752 1126 2051 1192 virtutum,

360 1216 656 1283 proposito
678 1231 782 1266 nos
814 1214 1056 1266 duorum
1088 1214 1484 1282 apostolorum
1521 1215 1847 1268 informavit
1869 1232 2054 1269 exem-

359 1304 473 1371 plo,
510 1304 685 1356 Deum
739 1318 858 1355 esse
902 1303 1190 1356 Christum
1240 1303 1545 1356 Dominum
1584 1309 1843 1357 nostrum
1906 1304 2055 1357 Petri

358 1392 500 1456 ﬁde;
546 1392 834 1444 hominem
870 1392 1099 1445 Thomas
1137 1392 1495 1445 dubitatione
1547 1394 1860 1447 declarans.
1912 1394 2057 1457 Quid

360 1480 513 1534 enim
549 1481 841 1545 intererat,
880 1488 939 1533 ut
986 1498 1156 1551 quem
1193 1498 1250 1533 se
1284 1482 1544 1534 homines
1576 1483 1851 1547 dicerent,
1887 1483 2052 1536 disci-

354 1572 523 1640 pulos
555 1586 685 1622 suos
738 1570 905 1622 vellet
938 1570 1247 1639 inquirere,
1288 1570 1393 1623 nisi
1433 1576 1491 1623 ut
1527 1572 1905 1641 respondente
1951 1574 2055 1625 Pe-

359 1665 445 1711 tro
482 1675 493 1711 :
534 1659 615 1712 Tu
628 1675 687 1710 es
715 1658 978 1711 Christus
1000 1657 1184 1710 Filius
1210 1658 1435 1711 Deivivi
1453 1660 1824 1728 (Matth.xv1),
1851 1666 2051 1712 notum

358 1748 566 1801 faceret
596 1748 700 1800 hoc
732 1763 846 1800 non
886 1748 953 1799 de
985 1763 1153 1799 carne
1188 1752 1243 1799 et
1274 1749 1550 1816 sanguine
1596 1749 1905 1817 proditum,
1960 1749 2057 1802 sed

359 1854 391 1889 a
435 1839 599 1890 Patre
657 1838 769 1889 Deo
820 1835 1133 1904 inspirante
1170 1839 1501 1901 revelatum,
1563 1842 1617 1889 et
1655 1853 1759 1906 per
1804 1837 2058 1890 testimo-

358 1926 517 1979 nium
542 1926 784 1978 laudatae
827 1924 1217 1994 responsionis
1248 1925 1387 1977 tidcs
1428 1916 1724 1995 patefactae
1750 1925 1913 1978 ﬁeret
1960 1941 2053 1979 ve-

358 2015 585 2067 ritatis?
627 2014 771 2078 Quid
811 2014 1101 2078 intererat,
1155 2021 1215 2066 ut
1274 2020 1586 2084 apparente
1616 2020 1743 2083 post
1795 2030 2057 2068 resurre-

358 2103 604 2157 ctionem
651 2104 913 2169 Domino,
946 2104 1192 2156 Thomas
1231 2108 1425 2156 tamen
1456 2108 1553 2156 aut
1598 2105 1786 2157 desset
1840 2104 2056 2157 caeteris

358 2198 448 2247 aut
487 2194 637 2245 solus
689 2193 1028 2261 ambigeret,
1067 2193 1170 2244 nisi
1210 2199 1269 2244 ut
1302 2192 1549 2245 mundus
1590 2193 1864 2260 crederet,
1901 2193 2056 2263 quod

357 2283 654 2352 ambigens
684 2282 997 2351 discipulus
1028 2284 1345 2351 exploraret
1377 2284 1794 2351 (explorasset),
1824 2288 1887 2334 ut
1919 2282 2057 2335 dum

358 2373 527 2425 unius
571 2371 834 2423 manibus
866 2387 922 2422 se
966 2376 1258 2438 pateretur
1291 2371 1468 2439 tangi,
1503 2370 1573 2423 ad
1623 2370 2053 2423 universitatem

356 2462 448 2529 (ab
477 2459 867 2525 universitate)
914 2459 1169 2511 ﬁdelium
1201 2460 1336 2527 quid
1389 2464 1553 2521 esset,
1584 2460 1763 2528 possit
1813 2459 2053 2527 (posset)

358 2549 589 2619 agnosci
614 2549 639 2601 Ὺ
666 2550 789 2601 Non
822 2564 960 2615 ergo
993 2547 1059 2599 ad
1094 2545 1161 2616 (c)
1213 2546 1661 2615 improbandum
1707 2547 2053 2617 discipulum

360 2637 703 2707 interposita
735 2642 817 2689 est
852 2635 1157 2699 dubitatio,
1205 2635 1299 2687 sed
1336 2636 1558 2707 quasita
1588 2636 1936 2703 posteritatis
1969 2637 2057 2689 in-

354 2727 612 2781 structio.
676 2729 837 2779 Anne
904 2723 975 2776 ad
1039 2724 1195 2776 aliud
1247 2729 1459 2793 spectat
1502 2724 1677 2789 (aliud
1718 2726 2054 2797 exspectat),

362 2817 516 2887 quod
552 2831 608 2868 se
638 2815 787 2867 idem
825 2813 1101 2867 Dominus
1134 2813 1394 2882 Cleophaa
1430 2829 1560 2866 cum
1596 2814 1705 2865 alio
1750 2814 2053 2883 discipulo,

2173 425 2229 473 et
2264 419 2342 472 ita
2374 419 2586 472 intrare
2632 419 2690 471 in
2724 418 2965 487 gloriam
3022 433 3205 485 suam,
3253 418 3661 487 interpretatus
3712 420 3857 473 Scri-

2172 514 2369 579 pturas
2402 507 2672 571 ostendit,
2726 512 2782 560 et
2821 523 2924 576 per
2960 508 3283 576 passionem
3335 506 3649 560 humanam
3695 514 3857 561 natu-

2169 614 2313 661 ram,
2370 603 2427 651 et
2478 597 2729 649 divinam
2762 597 2820 649 in
2874 613 2940 650 eo
2973 613 3091 649 esse
3117 612 3219 666 per
3264 595 3528 664 gloriam,
3579 594 3657 663 (d)
3717 598 3857 650 mul-

2169 688 2416 757 ipliciter
2482 686 2603 739 hanc
2662 691 2983 739 sanctarum
3042 686 3466 755 Scripturarum
3531 684 3860 739 testiﬁcatus

2170 777 2465 846 exemplis.
2503 777 2597 829 Has
2660 776 2811 845 apud
2843 775 3171 844 religiosam
3206 774 3617 828 conscientiam
3674 779 3853 839 tuam,

2169 866 2508 919 venerabilis
2536 866 2867 933 imperator,
2922 865 3431 934 tanquam'ignota
3466 863 3715 917 dicatur.
3778 864 3855 916 Fi-

2169 955 2267 1008 des
2322 954 2475 1008 cnim
2535 954 2678 1024 ipsa,
2712 970 2837 1025 qum
2872 958 2984 1007 ate
3031 956 3359 1006 constanter
3415 952 3714 1019 asseritur,
3760 952 3859 1005 tibi

2170 1042 2352 1096 reddit
2381 1043 2488 1096 hoc
2519 1043 2795 1107 muneris,
2835 1048 2898 1096 ut
2939 1041 3197 1095 sensibus
3245 1040 3358 1094 tuis
3390 1045 3447 1093 et
3476 1040 3748 1094 affectum
3778 1042 3857 1093 sui

2170 1131 2241 1201 (e)
2278 1132 2527 1197 miserat,
2553 1137 2610 1185 et
2658 1131 2974 1205 scientiam,
3002 1146 3105 1200 per
3132 1146 3305 1199 quam
3340 1128 3677 1199 diligentius
3708 1146 3856 1183 asse-

2166 1227 2344 1287 ratur,
2403 1221 2687 1273 infundat.
2734 1221 2798 1272 Et
2846 1225 3091 1273 tamtum
3135 1220 3373 1273 interest
3420 1219 3858 1289 dispensationis

2168 1310 2310 1363 mihi
2341 1309 2589 1375 creditae,
2636 1315 2700 1361 ut
2726 1325 2829 1379 ego
2861 1324 3088 1379 quoque
3134 1310 3217 1361 vel
3247 1308 3399 1378 apud
3434 1308 3677 1361 scientes
3730 1315 3858 1362 nota

2166 1415 2283 1451 non
2312 1404 2561 1463 taceam;
2613 1404 2675 1451 ut
2707 1398 3041 1451 succedente
3076 1397 3184 1450 sibi
3215 1414 3318 1466 per
3338 1398 3484 1450 vices
3530 1402 3860 1467 temporum

2164 1487 2573 1539 catholicorum
2595 1486 3004 1555 praedicatione
3035 1501 3308 1538 sensuum
3339 1485 3493 1554 quod
3523 1484 3858 1539 indeﬁcien-

2164 1580 2251 1628 ter
2276 1575 2548 1627 asseritur
2578 1575 2699 1628 sine
2740 1576 2849 1629 (ide
2881 1576 3163 1628 credatur.
3204 1576 3399 1628 Latius
3436 1574 3555 1628 haec
3601 1590 3738 1644 quae
3794 1576 3861 1628 ad

2168 1664 2437 1717 deitatem
2466 1666 2999 1734 humanitatemque
3035 1664 3266 1718 Domini
3296 1663 3473 1717 nostri
3502 1665 3632 1717 Jesu
3655 1663 3861 1717 Christi

2167 1755 2475 1826 pertinent,
2510 1756 2633 1808 etin
2666 1772 2733 1808 eo
2768 1754 2956 1807 unitas
2976 1754 3116 1808 duas
3148 1754 3271 1806 sine
3293 1752 3624 1806 confusione
3688 1758 3860 1807 natu-

2167 1863 2258 1900 ras
2299 1846 2458 1917 potui
2500 1845 2813 1898 secundum
2863 1849 3117 1897 veterum
3151 1842 3386 1896 deﬁnita
3443 1842 3747 1906 disserere,
3816 1842 3858 1894 si

2168 1942 2315 1990 esset
2340 1936 2641 1989 adversum
2674 1950 2768 1986 eos
2796 1933 2892 2002 qui
2926 1933 3012 1985 his
3038 1932 3377 1986 dissentiunt
3406 1930 3814 2001 disputandum
3843 1948 3855 1995 ;

2168 2026 2261 2079 sed
2285 2041 2412 2078 cum
2441 2024 2500 2077 in
2533 2022 2795 2076 manibus
2833 2021 3093 2075 omnium
3126 2021 3238 2074 sint
3268 2025 3323 2073 et
3347 2021 3617 2089 synodica
3648 2020 3859 2073 consti-

2166 2120 2288 2168 tuta
2308 2120 2365 2168 et
2395 2113 2545 2167 beati
2576 2128 2738 2182 papas
2768 2111 2971 2165 Leonis
2994 2110 3281 2180 dogmata,
3304 2109 3709 2179 perstrinxisse
3758 2125 3855 2177 po-

2167 2205 2279 2258 tius
2310 2219 2488 2274 pauca
2520 2218 2692 2272 quam
2720 2200 2981 2253 evolvere
3012 2198 3225 2252 credidi
3257 2198 3694 2251 convenientius
3730 2197 3859 2250 uni-

2167 2309 2348 2346 versa.
2385 2293 2542 2345 Nunc
2569 2305 2702 2343 vero
2732 2304 3034 2358 agnoscere
3082 2287 3216 2341 satis
3260 2293 3363 2351 est,
3391 2293 3447 2339 et
3475 2303 3678 2340 cavere
3742 2302 3858 2357 pro-

2168 2382 2490 2452 prietatem,
2523 2383 2579 2431 et
2608 2377 2916 2431 essentiam
2945 2375 3329 2446 cogitandam,
3366 2380 3427 2428 ut
3458 2374 3673 2428 sciatur
3725 2375 3855 2445 quid

2166 2486 2447 2542 personae,
2482 2468 2617 2538 quid
2652 2484 2755 2520 nos
2779 2470 3040 2536 oporteat
3074 2465 3295 2519 deferre
3326 2464 3665 2519 substantia
3703 2481 3860 2536 :quae

2168 2560 2264 2631 qui
2295 2560 2623 2612 indecenter
2648 2556 3018 2627 (indigenter)
3052 2555 3343 2625 ignorant,
3377 2559 3474 2609 aut
3495 2555 3707 2607 callida
3765 2558 3861 2608 im-

2166 2649 2376 2720 pietate
2403 2647 2792 2708 dissimulant;
2826 2644 2962 2697 dum
2994 2645 3270 2698 omittunt
3298 2644 3436 2714 quid
3465 2644 3536 2697 sit
3557 2643 3858 2714 proprium

2165 2738 2289 2803 ﬁlii,
2336 2736 2499 2791 trinae
2533 2735 2627 2799 (al.
2652 2736 2712 2787 in
2765 2733 3056 2788 Trinitate.
3094 2733 3289 2802 Hann.)
3340 2733 3589 2787 tendunt
3618 2731 3855 2786 insidias

2168 2827 2374 2881 unitati
2399 2824 2745 2896 (divinitati).
2789 2823 2895 2876 Sed
2918 2822 2966 2875 si
2995 2838 3122 2892 qua:
3168 2822 3436 2892 prmdicta
3466 2828 3623 2885 sunt,
3658 2821 3858 2875 validis

358 2921 489 2959 cum
530 2905 600 2957 ad
642 2905 907 2957 Emmaus
938 2903 1235 2955 tendentes
1269 2902 1338 2956 de
1376 2918 1431 2954 se
1463 2903 1866 2971 loquerentur,
1899 2904 2050 2957 iDSe'
2094 2918 2134 2973 C
2163 2920 2468 2971 teneantur
2492 2914 2605 2968 ﬁxa
2627 2912 2934 2978 radicibus,
2969 2926 3072 2964 nec
3094 2928 3125 2964 a
3155 2916 3397 2980 paterna
3430 2911 3743 2965 traditione
3774 2926 3856 2964 re-

352 2998 499 3061 ruit;
537 2997 591 3046 et
622 3008 954 3063 quanquam
978 2991 1047 3045 de
1079 2992 1498 3044 resurrectione
1533 2992 1762 3045 Domini
1794 3008 1897 3061 per
1918 3009 2054 3047 mu-

351 3082 539 3145 lieres,
600 3097 727 3149 qum
771 3081 972 3149 primae
1040 3080 1108 3132 ad
1152 3086 1593 3132 monumentum
1648 3086 2050 3145 convenerant,

355 3170 749 3239 agnovissent;
771 3175 959 3221 tamen
997 3175 1061 3221 ut
1084 3184 1184 3236 per
1223 3184 1422 3221 eorum
1454 3168 1870 3223 dubitationem
1895 3170 2055 3225 daret

353 3258 607 3311 credenti
638 3257 845 3310 futuris
877 3257 1098 3310 saeculis
1125 3255 1481 3323 ﬁrmitatem,
1516 3257 1797 3328 incipiens
1820 3260 2054 3330 aMoyse

921 3361 1256 3416 EPISTOLA
1296 3364 1481 3417 LXXX.

739 3465 1087 3504 HORMISDIE
1140 3467 1215 3504 AD
1262 3467 1695 3506 EPIPHANIUM.

351 3539 479 3613 Ipsi
489 3539 765 3594 vicariam
778 3538 899 3593 sedi
906 3538 1276 3613 {apostolicae
1285 3540 1520 3613 pra/eet
1527 3556 1689 3593 uram
1701 3540 1763 3594 in
1777 3540 2052 3613 recipien-

909 3610 1001 3664 dis
1028 3610 1212 3680 lapsis
1241 3610 1486 3681 delegat.

422 3700 730 3754 Hormisda
800 3698 1117 3768 Epiphanio
1192 3698 1459 3770 episcopo
1530 3701 2048 3773 Constantinopoli-

352 3797 507 3845 tano.

426 3880 599 3933 Multo
633 3878 844 3948 gaudio
896 3893 1020 3930 sum
1072 3879 1348 3946 repletus,
1383 3879 1530 3948 quod
1590 3880 1737 3934 circa
1784 3880 2047 3934 Ecclesiae

348 3984 572 4037 pacem,
599 3973 654 4020 et
686 3966 1027 4020 sanctissimi
1060 3966 1442 4037 imperatoris,
1488 3974 1544 4021 et
1571 3968 1892 4022 dilectionis
1932 3974 2045 4023 tuae

342 4058 461 4117 ,tale
493 4056 765 4122 studium,
797 4056 966 4126 quale
1006 4055 1210 4109 litteris
1243 4056 1523 4121 indicasti,
1551 4057 1871 4127 legatorum
1908 4075 2047 4128 quo-

350 4163 461 4216 que
492 4159 749 4200 meorum
769 4144 1078 4198 assertione
1106 4148 1369 4215 cognovi.
1392 4146 1687 4200 Manifesta
1719 4148 1873 4201 enim
1908 4148 2040 4201 hinc

345 4250 611 4304 supernae
636 4234 1039 4287 misericordiae
1070 4235 1412 4287 documenta
1447 4236 1791 4305 produntur,
1811 4237 2039 4305 quando
2078 4212 2121 4264 Β

345 4329 402 4377 et
419 4324 656 4377 humani
679 4323 966 4393 principes
995 4339 1220 4377 causam
1241 4324 1376 4377 ﬁdei
1392 4340 1521 4377 cum
1542 4324 1874 4394 reipublicae
1896 4326 2043 4379 ordi-

346 4413 579 4467 natione
620 4413 999 4482 conjungunt,
1050 4413 1427 4467 Ecclesiarum
1450 4415 1737 4483 praasules,
1775 4415 1922 4484 quod
1974 4416 2044 4470 ad

346 4501 835 4571 dispensationem
887 4517 1048 4554 suam
1088 4502 1354 4571 pertinet,
1419 4502 1591 4555 ofﬁcii
1634 4518 1917 4556 memores
1948 4520 2043 4557 ex-

342 4596 680 4660 sequuntur.
715 4590 945 4643 Talibus
991 4590 1285 4659 indigebat
1316 4596 1440 4659 post
1471 4589 1785 4657 fdiscordiae
1815 4592 2043 4660 procel-

346 4679 428 4730 las
485 4678 687 4747 religio
764 4678 1088 4732 Christiana
1139 4680 1476 4743 rectoribus,
1550 4679 1646 4749 qui
1707 4681 2045 4751 compressis

345 4766 583 4835 provida
630 4766 1053 4835 dispensatione
1112 4767 1461 4836 turbinibus,
1494 4768 1592 4822 diu
1623 4769 2042 4839 peregrinatam

349 4868 571 4923 pacem,
608 4855 847 4924 depulsa
876 4860 1215 4925 tempestate
1253 4857 1611 4925 reducerent,
1645 4862 1701 4911 et
1758 4858 1816 4910 in
1854 4857 2044 4911 futura

344 4944 555 4997 saecula
585 4944 863 5014 propositi
922 4945 1008 4998 sui
1044 4946 1308 5017 exempla
1338 4947 1658 5011 tendentes,
1700 4946 1806 4999 sibi
1866 4945 2042 5000 ascri-

343 5031 599 5087 bendum
655 5031 1053 5087 indubitanter
1108 5035 1498 5100 ostenderent,
1558 5034 1843 5105 quidquid
1926 5037 2041 5091 Deo

415 5174 486 5245 (a)
512 5175 668 5228 Idem
692 5175 839 5241 cod.,
869 5173 1151 5245 potentia.

408 5246 489 5315 (d)
514 5248 669 5300 Idem
700 5248 822 5299 cod.
837 5286 849 5310 ,
882 5246 947 5299 id
965 5250 1050 5300 est
1065 5262 1137 5299 ne
1160 5246 1434 5302 Dominus
1462 5249 1660 5302 noster
1680 5249 1842 5302 Iesus
1863 5249 2026 5303 Chri-

339 5322 461 5374 stus
488 5322 590 5372 aut
631 5318 809 5381 inter,
835 5324 940 5370 etc.

412 5391 484 5460 (c)
513 5391 667 5445 Idem
694 5388 846 5457 cod.,
874 5385 1319 5458 explorandum.

413 5476 486 5546 (b)
519 5477 676 5531 Idem
714 5479 864 5544 cod.,
906 5472 1336 5545 Multiplicibu:
1374 5476 1486 5531 haec
1519 5480 1857 5534 sanctarum
1882 5475 2043 5533 Scri-

2162 3006 2405 3071 ceditur,
2434 3009 2489 3058 et
2545 3007 2873 3057 constanter
2916 3000 3327 3071 quaestionibus
3378 3000 3660 3053 obviatur.
3725 3000 3858 3053 Data

2164 3096 2229 3166 (Γ)
2258 3111 2332 3148 v11
2364 3093 2626 3147 calendas
2656 3091 2888 3161 Aprilis,
2936 3089 3155 3144 Valerio
3201 3089 3323 3143 viro
3364 3088 3686 3143 clarissimo
3717 3106 3855 3143 con—

2162 3186 2282 3238 sule
2305 3184 2479 3253 (anno
2510 3181 2737 3236 Domini
2761 3181 2909 3249 Sili).

2780 3358 3112 3407 ΕΠΙΣΤΟΑΗ
3153 3359 3230 3405 ῘΓ.

2610 3439 2904 3518 Ὀρμίσδου
2941 3442 3042 3515 πρό
3053 3463 3073 3503 ς
3108 3442 3402 3512 Ἐπιφάνιον

2228 3531 2517 3609 Ὀρμίσδας
2582 3537 2864 3604 Ἐπιφανίῳ
2926 3530 3190 3602 ἐπισκόπῳ
3248 3530 3853 3591 Κωνσταντινουπόλεως.

2228 3625 2429 3686 Πολλῆς
2457 3623 2719 3681 ἐπλήσθην
2753 3628 2947 3695 χαρᾶς,
2984 3626 3063 3672 ὅτι
3114 3625 3230 3694 περὶ
3287 3625 3376 3677 τὴν
3408 3622 3614 3695 εἰρήνην
3660 3630 3755 3683 τῆς
3784 3619 3857 3671 ἐκ-

2156 3714 2398 3779 κλησίας,
2432 3716 2519 3764 καὶ
2563 3719 2653 3764 τοῦ
2685 3712 2977 3781 ἁγιωτάτου
3029 3708 3307 3781 βασιλέως,
3346 3713 3432 3760 καὶ
3475 3717 3566 3769 τῆς
3603 3718 3704 3769 σῆς
3737 3708 3861 3779 ἀγά-

2154 3824 2257 3865 πης
2288 3805 2501 3859 τοιαύτη
2547 3796 2776 3867 σπουδὴ,
2815 3800 2925 3851 οἵαν
2963 3796 3054 3850 διὰ
3083 3807 3181 3850 τῶν
3209 3798 3530 3872 γραμμάτων
3568 3796 3855 3869 ἐμήνυσας,

2155 3898 2241 3945 καὶ
2273 3890 2365 3944 διὰ
2400 3899 2492 3952 τῆς
2528 3898 2626 3942 τῶν
2656 3888 2787 3961 ἐμῶν
2822 3886 3084 3962 πρεσϐέων
3124 3890 3446 3949 καταθέσεως
3477 3886 3654 3958 ἔγνων.
3689 3893 3857 3958 Σαφὴς

2153 3985 2251 4056 γὰρ
2283 3982 2505 4033 ἐντεῦθεν
2531 3987 2622 4042 τῆς
2655 3977 2894 4055 οὐρανίου
2934 3976 3329 4049 εὐσπλαγχνίας
3372 3973 3641 4037 ἀπόδειξις
3688 3995 3855 4049 προει-

2156 4092 2255 4136 σιν,
2289 4073 2411 4123 ὅταν
2447 4074 2534 4122 καὶ
2564 4072 2612 4123 οἱ
2645 4075 2737 4124 τοῦ
2779 4074 2977 4141 κόσμου
3021 4067 3258 4141 βασιλεῖς
3310 4068 3405 4127 τὰς
3454 4067 3732 4126 ὑποθέσεις
3766 4064 3853 4126 τὰς

2154 4165 2268 4235 περὶ
2296 4169 2387 4222 τῆς
2417 4163 2639 4223 πίστεως
2687 4160 2817 4234 μετὰ
2852 4168 2944 4221 τῆς
2980 4156 3293 4241 διοικήσεως
3328 4164 3421 4216 τῆς
3469 4154 3737 4216 πολιτείας
3770 4174 3853 4206 σνο

2156 4253 2460 4321 ζευγνὺωσι,
2493 4254 2580 4301 καὶ
2603 4252 2651 4301 οἱ
2680 4258 2779 4301 τῶν
2800 4247 3087 4305 ἐκκλησιῶν
3118 4246 3391 4318 ἡγούμενοι
3422 4246 3485 4296 τὰ
3517 4250 3850 4296 συντείνοντα

2156 4340 2227 4400 εἰς
2260 4344 2351 4397 τὴν
2386 4336 2523 4391 ἰδίαν
2558 4340 2853 4411 οἰκονομίαν
2885 4339 3196 4410 μεμνημένοι
3229 4342 3320 4386 τοῦ
3370 4335 3690 4395 καθήκοντος
3716 4332 3849 4385 ἐκτε-

2156 4427 2301 4481 λῶσι.
2334 4427 2593 4479 Τοιούτων
2636 4429 2834 4501 ἔχρησε
2866 4427 2997 4497 μετὰ
3039 4426 3132 4485 τὰς
3172 4431 3264 4483 τῆς
3308 4419 3580 4492 διχονοίας
3613 4424 3851 4491 καταιγί-

2155 4512 2250 4577 δας
2286 4519 2315 4573 ἡ
2355 4517 2700 4589 Χριστιανικῆ
2756 4518 3008 4589 θρησκεία
3054 4512 3352 4585 ἰθυντὴρων,
3401 4511 3449 4561 οἰ
3495 4529 3627 4571 τινες
3674 4528 3849 4561 κατεν-

2151 4608 2434 4657 νασθεισῶν
2463 4605 2918 4678 προνοητικωτάτη
2968 4599 3291 4654 διατυπώσει
3337 4606 3437 4650 τῶν
3469 4598 3712 4663 θυελλών,
3756 4604 3848 4656 τὴν

2151 4692 2367 4746 ἐπιπολὺ
2420 4694 2721 4755 ξενωθεῐσαν
2781 4692 3003 4765 εἰρήνην,
3066 4690 3375 4754 ἐξωσθὴτος
3433 4691 3526 4739 τοῦ
3584 4696 3848 4759 χειμῶνος

2152 4782 2467 4852 ἐπανάξωσι,
2494 4787 2579 4835 καὶ
2609 4782 2679 4845 εἰς
2712 4785 2832 4843 τοὺς
2861 4781 3136 4853 μέλλοντας
3170 4780 3299 4852 μετά
3328 4784 3493 4830 ταῦτα
3532 4778 3725 4838 αἰῶνας
3754 4782 3848 4838 τῆς

2155 4869 2294 4934 ἰδίας
2338 4876 2629 4947 προθέσεως
2663 4873 2729 4924 τὰ
2773 4869 3137 4943 ὑποδείγματα
3194 4868 3579 4936 ἐπεκτείνοντες,
3642 4868 3848 4927 ἑαυτοῖς

2152 4961 2524 5035 ἐπι-γεγράφθαι
2584 4961 2946 5035 ἀναμφιϐόλως
2988 4957 3359 5021 ἐπιδείξουσιν,
3411 4959 3456 5008 εἴ
3508 4975 3559 5007 τι
3602 4964 3676 5026 τῷ
3734 4964 3849 5025 Θεῷ

2150 5050 2364 5124 ἀρέσκον
2431 5053 2480 5103 οἱ
2549 5055 2966 5125 μεταγενέστεροι
3025 5048 3126 5101 ἀπὸ
3196 5054 3290 5110 τῆς
3349 5043 3517 5100 αὐτῶν
3573 5050 3851 5118 μιμήσεως

2147 5195 2455 5265 pturarum
2481 5194 2871 5260 insinuantur,
2898 5198 3007 5250 etc.
3030 5194 3225 5249 Nec...

2220 5265 2295 5406 (c)
2325 5266 2481 5320 Idem
2507 5267 2655 5334 cod.,
2688 5266 2930 5334 inferat.

2244 5336 2295 5406 f)
2326 5337 2483 5391 ldem
2508 5338 2655 5405 cod.,
2683 5354 2801 5391 vni.

2244 5336 2295 5407 f)
2326 5337 2483 5391 ldem
2508 5338 2655 5405 cod.,
2683 5354 2801 5391 vni.

2222 5404 2438 5533 ῌῖγξξ.
2498 5408 2624 5462 cod.
2684 5409 2857 5463 Vatic.
2898 5407 2960 5463 in
2997 5405 3251 5463 editione
3304 5404 3471 5461 Rom.
3526 5418 3620 5459 an.
3685 5405 3846 5471 1491,

2150 5492 2274 5549 epis
2306 5519 2319 5531 .
2433 5520 2444 5531 .
