3996 6170
182 231 272 281 517
1479 220 1760 278 EPISTOI

1479 220 1840 278 EPISTOLIE
1877 221 1966 276 ET
2005 219 2357 278 DECRETA.

3563 223 3664 276 518

176 356 442 430 placitum
468 353 678 426 posteri
717 369 821 426 pro
852 370 954 408 sua
985 353 1305 408 imitatione
1344 352 1631 407 fecissent.
1673 355 1754 408 Bc:

2093 371 2293 404 σουσιν.
2346 349 2724 424 Εύλογήσωμεν
2765 355 2851 403 τὸν
2900 353 3048 416 Θεὸν,
3086 349 3322 424 ἀδελφοὶ,
3364 359 3478 413 ταῖς
3520 354 3663 424 ἡμῶν

177 449 422 502 dicamus
451 445 651 511 Deum,
695 444 872 498 frater
909 442 1222 510 carissime,
1264 442 1474 496 nostris
1518 442 1622 496 hoc
1653 443 1854 496 diebus

176 536 338 590 fuisse
369 549 719 600 concessum,
759 538 814 586 et
845 533 979 587 totis
1017 531 1344 586 orationum
1384 538 1440 586 et
1473 548 1742 586 curarum
1772 531 1856 584 vi-

176 626 324 679 ribus
354 623 706 691 annilamur,
739 628 800 676 ut
833 638 959 693 quae
1004 639 1106 692 per
1146 623 1245 676 Dei
1277 623 1459 675 nostri
1508 639 1677 692 opem
1710 622 1855 675 bene

178 717 416 769 correcta
448 717 599 778 sunt,
630 712 755 782 ipso
798 712 1103 782 adjuvante
1138 727 1240 780 per
1283 712 1476 765 omnia
1521 713 1854 782 complean-

177 809 276 857 tur.
309 803 669 871 Sperandum
703 801 858 855 enim
893 807 977 855 est
1019 806 1082 854 ut
1123 802 1192 854 ad
1224 818 1558 872 compagem
1603 800 1855 870 corporis

177 893 254 946 sui
290 892 513 961 reliqua
542 907 772 961 quoque
804 907 932 960 quae
986 891 1168 944 adhuc
1199 889 1375 944 divisa
1418 897 1550 944 sunt
1597 891 1856 943 membra

177 982 449 1048 festinent,
485 986 543 1034 et
571 997 603 1034 a
633 979 952 1051 potioribus
977 979 1205 1034 minora
1237 996 1350 1034 non
1381 979 1703 1049 discrepent
1734 995 1746 1032 :
1786 978 1856 1032 ad

177 1072 309 1143 quod
359 1085 492 1124 cum
551 1070 778 1124 dilectio
826 1074 926 1123 tua
974 1069 1308 1124 Christianae
1359 1070 1549 1124 studio
1603 1068 1854 1122 caritatis

176 1162 435 1224 hortetur,
491 1159 656 1213 debet
695 1159 750 1212 id
798 1159 868 1212 ad
915 1157 1075 1228 quod
1120 1158 1322 1212 incitat
1369 1158 1552 1229 sequi,
1605 1163 1662 1212 et
1703 1156 1854 1228 quod

174 1250 468 1303 amandum
503 1248 705 1302 suadet
748 1247 1034 1317 amplecti.
1071 1248 1324 1302 Similem
1371 1249 1526 1301 enim
1553 1249 1676 1318 jam
1721 1246 1854 1300 fidei

172 1355 346 1392 curam
377 1344 662 1408 gerentes,
695 1353 798 1406 per
823 1337 1153 1407 religiosam
1176 1337 1531 1407 patientiam,
1555 1353 1660 1407 par
1681 1336 1852 1390 etiam

169 1427 457 1498 pra'mium
514 1427 582 1481 de
629 1427 764 1480 boni
796 1427 984 1497 operis
1017 1442 1314 1496 speramus
1356 1425 1561 1479 eliectu
1595 1443 1605 1479 :
1662 1440 1851 1496 neque

171 1517 306 1570 enim
367 1515 806 1570 difﬁcultatibus
863 1522 948 1570 est
1003 1517 1343 1570 cedendum.
1397 1517 1518 1569 Non
1578 1515 1850 1584 fatigatur

1965 448 2116 493 τοῦτο
2176 444 2391 516 ἡμέραις
2460 445 2923 516 συγκεχωρημένον
2985 446 3258 513 γεγονέναι,
3320 446 3407 494 καὶ
3462 445 3661 504 πάσαις

1965 529 2136 600 εύχῶν
2180 537 2266 582 καὶ
2332 540 2585 606 μεριμνῶν
2637 529 2919 602 δυνάμεσιν
2967 531 3355 605 ἐπερεισθῶμεν,
3406 533 3485 584 ἵνα
3533 532 3661 606 άπερ

1966 618 2058 672 διὰ
2101 627 2189 682 τῆς
2221 628 2309 672 τοῦ
2351 626 2482 673 Θεοῦ
2537 623 2678 693 ἡμῶν
2725 622 2993 695 συνεργίας
3043 630 3211 683 καλῶς
3253 625 3452 696 ἦρχθη,
3496 620 3658 674 αὐτοῦ

1966 710 2283 783 βοηθοῦντος
2333 710 2380 762 ἐν
2429 717 2561 763 πᾶσι
2602 711 2966 785 πληρωθῶσιν.
3016 711 3188 773 Ἐλπὶς
3232 715 3333 785 γάρ
3373 712 3532 781 ἐστιν,
3580 714 3660 764 ὅτι

1963 820 2055 874 περ
2095 801 2163 861 εἰς
2207 802 2297 857 τὴν
2334 800 2584 874 ἁρμονίαν
2631 809 2721 853 τοῦ
2760 801 2950 852 οἰκείου
2990 807 3230 873 σώματος
3269 805 3354 853 καὶ
3403 807 3467 854 τά
3504 802 3660 854 λοιπά

1962 891 2050 938 καὶ
2092 890 2165 938 ἔτι
2213 896 2298 939 νῦν
2345 887 2634 962 διῃρημένα
2667 887 2793 960 μέλη
2837 887 3226 953 σπουδάσουσι,
3274 894 3357 941 καὶ
3410 889 3511 942 ἀπὸ
3560 899 3660 942 τῶν

1959 982 2269 1050 κρεισσόνων
2316 981 2381 1030 τὰ
2426 982 2616 1037 ἥττονα
2661 979 2718 1030 ού
2771 976 3213 1050 διαφωνησουσιν·
3265 981 3335 1041 εἰς
3383 980 3408 1031 ὃ
3451 979 3658 1054 ἐπείπερ

1963 1085 2024 1138 με
2063 1069 2092 1124 ἡ
2129 1072 2192 1124 σὴ
2249 1065 2486 1130 διάθεσις
2534 1078 2596 1141 τῇ
2647 1065 2852 1140 σπουδῇ
2897 1076 2987 1129 τῆς
3031 1075 3402 1142 Χριστιανικῆς
3451 1069 3658 1140 ἀγάπης

1962 1161 2322 1230 προτρέπεται,
2380 1158 2594 1230 ὀφείλεις
2644 1159 2714 1219 εἰς
2765 1159 2790 1208 ὁ
2848 1153 3085 1230 διεγείρει
3139 1157 3513 1223 ἀκολουθῆσαι,
3567 1164 3654 1210 καί

1963 1246 2082 1318 ὅπερ
2139 1246 2442 1317 ἀγαπᾶσθαι
2509 1247 2876 1319 συμϐουλεύει,
2931 1248 3364 1320 περιπτύξασθαι.
3442 1253 3658 1319 Ὀμοίαν

1961 1336 2061 1406 γὰρ
2099 1334 2277 1386 λοιπὸν
2325 1345 2417 1396 τῆς
2461 1340 2684 1398 πιστέως
2734 1331 2986 1409 φροντίδα
3028 1339 3378 1409 χειρίζοντες,
3431 1333 3522 1387 διὰ
3565 1344 3658 1398 τῆς

1962 1421 2201 1485 εὐσεϐοῦς
2233 1427 2513 1497 ὑπομονῆς,
2557 1424 2665 1477 ἴσον
2695 1429 2782 1476 καί
2811 1428 2866 1478 τό
2911 1425 3130 1478 ἔπαθλον
3163 1429 3252 1476 τοῦ
3285 1423 3476 1486 άθαςοῦ
3510 1429 3657 1499 ἔργου

1962 1511 2170 1564 ἐκϐάσει
2220 1513 2509 1586 ἐλπίζομεν.
2558 1518 2692 1566 Ούτε
2730 1519 2827 1590 γάρ
2873 1524 2985 1578 ταῖς
3033 1513 3372 1589 δυσχερείαις
3405 1513 3515 1566 ἐστὶ
3554 1535 3659 1568 πα-

169 1606 366 1677 asperis
408 1605 598 1659 ﬁdes:
647 1622 751 1659 nec
799 1605 866 1659 ad
917 1605 1192 1659 cmlorum
1235 1605 1409 1659 ardua
1447 1621 1550 1674 per
1597 1606 1747 1674 procl

2077 1607 2317 1677 ωρητέον·
2378 1607 2436 1655 οὺ
2483 1613 2845 1657 καταπονεῖται
2892 1614 3001 1668 τοῖς
3060 1609 3312 1678 τραχέσιν
3371 1608 3398 1663 ἡ
3452 1610 3655 1673 πίστις,

170 1695 563 1749 contenditur:
633 1711 739 1748 nec
817 1695 1340 1748 remunerationem
1419 1695 1569 1748 circa
1641 1693 1853 1747 laboris

169 1785 415 1837 exercitia
446 1783 581 1854 quis
625 1788 898 1837 meretur.
935 1783 1091 1838 Unde
1132 1799 1200 1836 ne
1249 1783 1518 1839 facientes
1544 1783 1712 1850 bona,
1756 1783 1855 1836 de-

171 1873 429 1940 ﬁciamus,
466 1873 792 1944 specialiter
823 1873 1202 1927 admonemur
1234 1889 1247 1926 :
1283 1871 1451 1926 Beati
1481 1873 1677 1940 etiam,
1709 1877 1851 1925 teste

173 1964 471 2029 Psalmista,
507 1962 609 2034 qui
651 1961 980 2017 custodiunt
994 1961 1312 2030 judicium,
1337 1964 1392 2015 et
1405 1961 1646 2029 faciunt
1673 1960 1850 2028 justi-

171 2050 293 2106 tiam
311 2051 372 2105 in
401 2053 568 2106 omni
608 2055 864 2122 tempore
894 2051 1077 2123 (Psal.
1112 2051 1198 2121 cv)
1235 2068 1246 2104 :
1295 2052 1430 2121 quia
1476 2068 1593 2105 non
1621 2051 1851 2104 initium

168 2141 358 2195 laboris
398 2141 933 2195 remunerationem
973 2141 1198 2212 prmmii
1231 2139 1523 2193 consuevit
1571 2140 1848 2208 invenire,

169 2231 248 2283 sed
278 2231 579 2285 terminus.
614 2232 760 2300 Ergo
806 2246 910 2300 par
941 2230 1192 2283 studium
1238 2218 1850 2283 sollicitudinis'assu-

167 2327 386 2386 mentes,
438 2320 656 2390 quibus
695 2323 778 2373 est
827 2336 943 2372 una
975 2319 1032 2371 in
1065 2320 1472 2373 communione
1521 2323 1574 2372 et
1605 2318 1850 2372 creduli-

168 2413 265 2462 tate
309 2410 577 2474 societas,
626 2409 1122 2480 quemadmodum
1164 2410 1232 2462 de
1276 2409 1525 2462 adunata
1560 2408 1678 2461 sedi
1711 2425 1849 2477 apo-

167 2499 356 2552 stolicae
405 2499 1052 2569 Constantinopolitana
1098 2499 1343 2552 Ecclesia
1405 2499 1624 2567 pariter
1662 2497 1849 2551 exsul-

166 2591 329 2640 tamus
358 2589 418 2641 in
454 2589 711 2642 Domino
746 2605 759 2641 :
793 2589 874 2642 ita
913 2589 984 2641 de
1029 2588 1384 2657 reliquarum
1417 2604 1647 2657 quoque
1686 2587 1852 2657 (sicut

167 2676 444 2730 affectuose
480 2678 782 2743 admones)
814 2677 1262 2747 reintegratione
1285 2693 1551 2729 curemus
1573 2677 1845 2745 primum,

169 2771 219 2818 ut
237 2766 398 2821 ﬁdem
441 2767 956 2837 integritatemque
1003 2772 1255 2819 nostram
1303 2765 1729 2819 immaculatam
1779 2767 1850 2820 ab

171 2856 306 2908 omni
339 2856 693 2927 contagione
738 2871 1047 2910 servemus.
1098 2854 1256 2908 Nosti
1290 2854 1465 2921 enim,
1500 2853 1672 2907 frater
1715 2871 1849 2908 san-

173 2944 417 3004 ctissime,
469 2961 611 3015 qua:
675 2944 1113 2998 ecclesiasticam
1172 2948 1399 2997 servent
1443 2944 1670 2997 vincula
1717 2960 1850 2997 con-

172 3033 419 3097 cordiam,
455 3049 596 3104 qua:
627 3050 728 3086 nos
762 3033 832 3086 ab
865 3033 1266 3086 haereticorum
1300 3037 1574 3086 tueantur
1607 3034 1848 3101 insidiis,

172 3138 258 3190 per
281 3141 403 3194 quae
440 3124 627 3178 etiam
677 3139 962 3176 canonum
990 3139 1019 3185 Γ
1045 3123 1342 3176 ‘.-todiatur
1391 3123 1712 3177 auctoritas.
1758 3124 1852 3177 His

173 3211 218 3264 in
243 3213 431 3266 robore
456 3229 571 3265 suo
594 3212 752 3265 omni
783 3211 1290 3281 circumspectione
1311 3212 1565 3278 servatis,
1599 3212 1852 3264 remedia

171 3303 519 3368 sperantibus
547 3301 931 3355 conferentur.
983 3302 1160 3355 Habet
1207 3299 1358 3353 enim
1410 3305 1463 3354 et
1512 3301 1847 3354 ecclesiasti-

172 3404 337 3443 carum
370 3392 521 3444 ordo
575 3391 926 3460 regulurum,
964 3396 1020 3442 et
1064 3389 1245 3458 ipsius
1278 3391 1465 3443 forma
1490 3391 1753 3459 justitize,
1790 3395 1852 3444 ut

173 3479 425 3532 medicina
454 3478 824 3531 rationabilis
855 3478 1100 3546 benigne
1131 3484 1187 3531 et
1217 3479 1464 3531 ﬁdeliter
1487 3479 1850 3548 sperantibus

171 3583 264 3618 non
296 3573 548 3637 negetur
578 3585 589 3620 :
635 3584 738 3620 nec
791 3567 1098 3637 quisquam
1149 3567 1225 3619 ita
1257 3573 1343 3620 est
1375 3567 1444 3620 ab
1485 3567 1844 3621 humanitate

170 3654 435 3724 discretus,
469 3673 652 3726 quem
689 3672 804 3709 non
839 3674 868 3708 a
897 3656 1086 3724 rigore
1113 3655 1468 3709 discretionis
1500 3656 1735 3710 inclinet
1766 3657 1850 3711 in—

169 3753 310 3797 cauta
339 3746 706 3816 simplicitas.
757 3745 863 3799 Sed
905 3751 965 3798 ut
1006 3750 1168 3798 caute
1221 3745 1328 3797 hoc
1367 3744 1506 3798 citra
1537 3747 1848 3815 querelam,

170 3840 251 3886 aut
279 3837 486 3888 erroris
528 3835 767 3904 alicujus
800 3851 1024 3887 naevum
1073 3834 1258 3887 valeat
1288 3834 1567 3902 expediri,
1609 3833 1846 3888 dilectis-

173 3923 292 3976 sime
322 3925 527 3991 frater,
567 3940 871 3992 personam
906 3941 1090 3977 meam
1148 3928 1198 3976 te
1247 3924 1308 3976 in
1358 3924 1464 3977 hoc
1510 3929 1731 3994 oportet
1764 3926 1850 3978 in-

176 4011 346 4079 duere,
380 4014 666 4066 scientem
701 4013 759 4065 in
807 4012 1141 4082 hujusmodi
1179 4011 1385 4077 causis,
1418 4012 1562 4065 sicut
1607 4013 1847 4082 prasdic-

173 4103 278 4153 tum
301 4107 400 4169 est,
442 4102 592 4172 quid
649 4102 975 4156 faciendum
1025 4103 1114 4166 sit,
1163 4102 1296 4172 quid
1357 4102 1717 4155 cavendum:
1777 4104 1854 4156 ita

1963 1689 2084 1744 οὐδὲ
2133 1693 2202 1753 εἰς
2248 1693 2313 1744 τὰ
2355 1703 2454 1745 τῶν
2494 1693 2720 1769 οὐρανῶν
2768 1695 3028 1767 ὑψώματα
3074 1692 3166 1746 διά
3213 1703 3535 1768 κατωφεροῡς
3580 1716 3660 1756 τις

1963 1781 2313 1851 ἐπεκτείνεται,
2357 1787 2472 1837 οὔτε
2511 1791 2602 1846 τῆς
2651 1785 3027 1857 ἀνταμείψεως,
3063 1787 3179 1836 οἶνευ
3222 1791 3316 1844 τῆς
3354 1792 3445 1835 τοῦ
3486 1785 3658 1857 καμά-

1960 1891 2051 1923 του
2099 1878 2391 1944 γυμνασίας
2444 1895 2521 1936 τις
2569 1873 2829 1936 ἀξιοῦται.
2882 1876 2968 1925 Διό
3022 1876 3100 1925 ἵνα
3147 1877 3217 1944 μὴ
3258 1871 3550 1946 ἐκκακῶμεν
3599 1875 3658 1926 τὸ

1960 1958 2151 2032 ἀγαθόν
2183 1967 2465 2026 ποιοῦντες,
2502 1960 2680 2025 ἰδικῶς
2720 1965 3252 2036 ύπομιμνησκὼμεθα.
3291 1966 3390 2014 Καὶ
3432 1965 3531 2038 γὰρ
3565 1984 3660 2035 μα-

1961 2051 2152 2123 κάριοι,
2187 2052 2253 2112 ὡς
2291 2059 2542 2126 μαρτυρεῖ
2589 2055 2612 2104 ό
2661 2050 2968 2125 ψαλμῳδός,
3021 2054 3068 2103 οἱ
3099 2052 3450 2123 φυλάσσοντες
3477 2057 3651 2125 κρίσιν

1960 2143 2044 2190 καὶ
2077 2149 2338 2202 ποιοῦντες
2374 2139 2712 2201 δικαιοσύνην
2753 2142 2800 2195 έν
2832 2146 2988 2194 παντὶ
3014 2151 3194 2216 καιρῷ)
3237 2143 3316 2193 ὅτι
3349 2139 3478 2211 οὐχὶ
3508 2141 3653 2215 ἀρχὴ

1959 2236 2050 2280 τοῦ
2075 2231 2310 2301 καμάτου
2336 2234 2427 2288 τὴν
2461 2231 2772 2303 ἀντάμειψιν
2794 2239 2884 2283 τοῦ
2921 2230 3146 2283 ἐπάθλου
3170 2232 3340 2282 εἴωθεν
3377 2233 3652 2304 εὑρίσκειν,

1961 2308 2093 2363 ἀλλά
2145 2319 2202 2366 τὸ
2244 2319 2403 2381 τέλος.
2467 2325 2750 2396 Τοιγαροῦν
2794 2325 2914 2379 ’ἴσην
2973 2317 3210 2378 σπουδὴν
3260 2329 3353 2382 τῆς
3405 2327 3656 2396 μερίμνης

1959 2398 2347 2476 ἀναλαϐόμενοι,
2380 2410 2453 2471 οἷς
2486 2409 2597 2462 ἔστι
2627 2417 2720 2483 μία
2760 2409 2810 2462 ἐν
2840 2421 2901 2484 τῇ
2937 2416 3171 2483 κοινωνίᾳ
3200 2415 3286 2462 καὶ
3318 2420 3379 2483 τῇ
3413 2414 3585 2462 πίστει
3623 2417 3653 2468 ἠ

1961 2489 2182 2565 ἑταιρίαο
2224 2495 2277 2547 ὃν
2318 2504 2503 2571 τρόπον
2543 2505 2657 2574 περὶ
2696 2507 2786 2562 τῆς
2828 2501 3102 2562 ἑνωθείσης
3140 2504 3256 2574 περὶ
3295 2509 3366 2570 τῷ
3409 2501 3659 2555 Ἀποστο-

1960 2578 2086 2651 λικῷ
2137 2585 2296 2657 θρόνῳ
2348 2597 2441 2650 τῆς
2494 2591 3074 2651 Κωνσταντινουπόλεως
3125 2589 3420 2654 ἐκκλησίας,
3473 2589 3656 2650 ἐπίσης

1959 2669 2282 2745 ἀγαλλιῶμεν
2337 2676 2384 2728 ἐν
2431 2684 2611 2752 κυρίῳ·
2669 2679 2802 2731 οὕτω
2852 2684 2939 2731 καὶ
2986 2683 3103 2753 περὶ
3150 2687 3242 2740 τῆς
3295 2688 3394 2730 τῶν
3441 2678 3653 2743 λοιπῶν,

1958 2761 2126 2820 καθὼς
2167 2759 2472 2827 ἔνδιαθέτως
2513 2775 2797 2840 παραινεῖς,
2848 2767 3326 2827 ἀποκαταστάσεως
3369 2769 3654 2841 φροντίσω-

1960 2867 2048 2918 μεν
2096 2860 2317 2924 πρῶτον,
2373 2854 2450 2905 ἵνα
2505 2857 2595 2912 τὴν
2652 2861 2828 2908 πίστιν
2875 2861 2961 2908 καὶ
3010 2858 3099 2914 τὴν
3148 2855 3443 2912 τελειότητα
3491 2858 3652 2927 ἡμῶν,

1891 2925 2180 2989 αοῖσπιλον
2243 2938 2350 2992 ἀπὸ
2406 2947 2593 3005 παντὸς
2652 2947 2950 3017 μιάσματος
3006 2944 3331 3017 φυλάξωμεν.
3399 2949 3496 2995 Καὶ
3554 2948 3654 3018 γὰρ

1963 3024 2134 3091 οἶσθα,
2171 3023 2360 3099 ἀδελφῖε
2391 3036 2688 3102 τιμιώτατε,
2731 3040 2870 3085 ποῖοι
2911 3035 3000 3090 τὴν
3041 3032 3478 3090 ἐκκλησιαστικὴν
3526 3035 3653 3104 ὀμό-

1959 3132 2098 3164 νοιαν
2139 3116 2460 3187 φυλάττουσι
2512 3119 2814 3193 σύνδεσμοι,
2881 3129 2993 3174 τίνα
3051 3125 3187 3194 ἡμᾶς
3228 3122 3327 3190 ἀπὸ
3387 3130 3486 3173 τῶν
3526 3123 3658 3196 αἰρε-

1959 3212 2113 3254 τικῶν
2154 3205 2502 3276 φυλάττουσιν
2541 3208 2840 3278 ἐπιϐουλῶν,
2885 3216 2971 3261 καὶ
3013 3208 3104 3263 διὰ
3144 3216 3304 3263 ποίων
3357 3213 3384 3268 ἡ
3428 3219 3527 3262 τῶν
3565 3228 3657 3260 κα-

1959 3295 2112 3343 νόνων
2162 3295 2474 3365 φυλάττεται
2541 3299 2800 3352 αύθεντία.
2861 3304 3066 3352 Τούτων
3117 3299 3167 3352 ἐν
3218 3309 3278 3372 τῇ
3341 3297 3453 3370 ἰδίᾳ
3504 3299 3656 3369 ἰσχύι

1959 3382 2105 3454 πάσῃ
2179 3395 2422 3457 προσοχῇ
2501 3386 2909 3458 φυλαττομένων,
2988 3391 3128 3448 ἴασις
3203 3394 3310 3448 τοῖς
3388 3386 3657 3449 ἐλπίζουσι

1959 3476 2460 3543 προσενεχθήσεταιο
2501 3481 2652 3545 Ἔχει
2679 3477 2777 3548 γάρ
2817 3485 2916 3529 τῶν
2958 3475 3398 3533 ἑκκλησιαστικῶν
3438 3481 3658 3527 κανόνων

1957 3570 1988 3624 ἡ
2029 3563 2196 3625 τάξις,
2230 3569 2317 3614 καὶ
2348 3564 2508 3626 αὐτῆς
2538 3573 2629 3626 τῆς
2673 3562 3010 3627 δικαιοσύνης
3051 3568 3075 3616 ό
3116 3569 3294 3631 τύπος,
3339 3566 3474 3626 ὅπως
3516 3566 3655 3617 εὔλο-

1957 3676 2046 3726 γος
2097 3657 2340 3728 θεραπεία
2379 3661 2497 3704 τοῐσ
2542 3653 2827 3715 καλοθελὼς
2879 3660 2964 3705 καὶ
3011 3664 3210 3716 πιστῶς
3263 3654 3554 3718 ἐλπίζουσι,
3586 3674 3655 3726 μη

1958 3743 2221 3818 άρνηθείη.
2285 3739 2425 3793 Ούδέ
2463 3746 2539 3802 τίς
2599 3742 2736 3794 ἐστιν
2787 3744 2948 3804 οὕτως
2996 3742 3096 3795 ἀπὸ
3137 3753 3230 3804 τῆς
3277 3744 3658 3817 φιλανθρωπίας

1962 3830 2292 3905 διηρημένος,
2329 3831 2382 3881 ὃν
2432 3830 2558 3900 ούχὶ
2622 3830 2723 3882 ἀπὸ
2764 3840 2855 3892 τῆς
2918 3833 3272 3905 σκληρότητος
3304 3837 3396 3884 τοῦ
3458 3830 3656 3903 δεσμοῦ

1961 3920 2240 3992 ἐπικάμψει
2264 3921 2291 3975 ἡ
2328 3918 2670 3992 ἀπάνουργος,
2704 3919 2954 3989 ἀπλότης,
2990 3920 3102 3972 ἀλλ’
3132 3924 3211 3972 ἕνα
3240 3921 3485 3993 ἀσφαλῶς
3507 3928 3658 3972 τούτο

1961 4013 2047 4060 καὶ
2080 4013 2246 4082 χωρὶς
2287 4007 2550 4079 μέμῲεως,
2591 4008 2618 4064 ἦ
2685 4011 2819 4070 τινὸς
2859 4007 3120 4080 νεφώδους
3176 4009 3375 4072 πλάνης
3419 4012 3660 4080 ἰσχύσειε

1960 4099 2240 4172 προελθεῖν,
2279 4095 2514 4167 ἀγαπητε
2550 4093 2758 4169 άδελφῖε,
2790 4098 2849 4149 τὸ
2881 4098 2998 4169 ἐμὸν
3030 4104 3307 4171 πρόσωπόν
3336 4119 3392 4151 σε
3421 4099 3470 4150 ἐν
3493 4099 3660 4169 τούτῳ

175 4191 346 4244 omnia
395 4191 779 4262 providenda,
826 4197 889 4245 ut
947 4208 1062 4245 non
1107 4191 1365 4261 ambigas
1410 4191 1696 4245 rationem
1745 4210 1753 4242 ι

2112 4186 2344 4238 ὑπελθεῖν
2384 4183 2723 4257 ἐπιστάμενον
2763 4185 2810 4236 ἐν
2867 4194 2980 4247 ταῖς
3033 4191 3300 4249 τοιαύταις
3357 4190 3656 4255 ὑποθέσεσι,

173 4282 507 4346 pensationis
541 4281 714 4346 hujus
763 4281 875 4333 Deo
924 4298 1045 4334 esse
1081 4281 1480 4335 reddendam:
1534 4280 1614 4334 ita
1661 4285 1852 4335 tamen

175 4372 224 4420 ut
266 4385 353 4423 eos
397 4371 499 4440 qui
559 4369 717 4423 vobis
763 4370 995 4423 fuerunt
1052 4370 1453 4422 communione
1497 4369 1714 4434 sociati,
1766 4371 1854 4423 vel

176 4472 260 4525 per
302 4475 397 4512 vos
442 4458 567 4513 sedi
621 4458 945 4529 apostolicae
992 4464 1175 4512 vestra
1219 4458 1384 4511 nobis
1435 4458 1647 4528 scripta
1673 4459 1856 4512 decla-

174 4552 300 4611 rent,
333 4548 544 4617 quibus
575 4549 750 4602 etiam
789 4548 1140 4602 continentia
1171 4547 1523 4616 libellorum,
1578 4564 1721 4618 quos
1761 4548 1857 4602 ob-

177 4636 413 4705 tulerint,
446 4638 756 4692 inseratur.
813 4637 902 4691 Sic
950 4639 1105 4691 enim
1150 4642 1206 4691 et
1232 4637 1443 4704 Severi,
1479 4638 1492 4669 ¹
1538 4644 1590 4690 et
1621 4637 1857 4707 compli-

179 4739 286 4777 cum
317 4727 459 4796 ejus,
497 4732 598 4781 aut
629 4727 902 4780 similium
945 4727 1302 4782 absolvemus
1332 4743 1572 4792 errores,
1608 4743 1712 4780 nec
1758 4743 1853 4780 eo-

181 4828 288 4867 rum
321 4817 417 4886 qui
451 4817 644 4870 sanari
670 4814 988 4887 potuerint,
1022 4817 1321 4888 dispendia
1358 4817 1666 4887 patiemur.
1697 4817 1855 4880 Quod

181 4899 288 4956 ideo
315 4905 472 4958 vobis
515 4906 841 4976 specialiter
871 4906 1154 4960 credimus
1182 4906 1623 4975 imponendum,
1660 4906 1730 4959 ad
1763 4905 1854 4959 di-

180 4989 454 5060 ligentiam
491 5001 736 5050 vestram
778 5000 972 5049 nostra
1021 5012 1198 5050 onera
1240 4995 1669 5065 transferentes,
1722 4993 1857 5066 quia

181 5093 280 5132 non
306 5098 481 5150 prava
505 5084 628 5153 jam
659 5084 1006 5138 documenta
1032 5085 1364 5137 resistentes
1394 5083 1680 5137 haereticis
1735 5083 1854 5137 edi-

181 5168 338 5236 distis,
370 5189 478 5226 nec
509 5174 676 5227 debet
713 5174 780 5227 de
811 5190 878 5227 eo
909 5173 1125 5244 ambigi
1157 5189 1330 5244 quem
1364 5173 1509 5226 bene
1553 5172 1858 5242 contigerit

182 5260 467 5328 explorari.
523 5261 703 5316 Simul
759 5279 982 5317 assume
1031 5262 1284 5316 remedia
1327 5260 1651 5328 medicinae,
1685 5260 1856 5314 simul

182 5349 456 5421 accingere
496 5352 829 5407 auctoritate
875 5352 1132 5424 justitiaz,
1178 5358 1232 5407 et
1261 5353 1342 5406 sic
1398 5352 1545 5406 circa
1575 5351 1857 5422 supplices

1964 4279 2134 4338 καθὼς
2177 4281 2498 4351 προείρηται,
2543 4281 2592 4326 τί
2631 4279 2868 4332 ποιητέον
2919 4279 3015 4340 εἴη,
3064 4282 3115 4326 τί
3169 4276 3464 4347 φυλακτέον,
3525 4276 3659 4328 οὕτω

1963 4369 2166 4419 πάντων
2205 4368 2592 4440 προνοούμενον,
2637 4367 2704 4426 ὡς
2753 4367 2822 4436 μή
2863 4364 3251 4436 ἀμφιϐάλλοντα
3289 4365 3436 4435 λόγον
3465 4368 3658 4425 ταύτης

1963 4465 2056 4517 τῆς
2098 4453 2470 4516 διατυπώσεως
2509 4455 2581 4524 τῷ
2633 4456 2727 4525 θεῷ
2767 4451 3129 4521 ἀποδώσοντα,
3167 4452 3306 4505 σῦτω
3346 4456 3536 4525 μέντοι,
3581 4453 3660 4504 ἵνα

1963 4548 2177 4606 τούτους
2235 4545 2284 4596 οἵ
2338 4564 2466 4605 τινες
2526 4545 2646 4616 ὑμῖν
2698 4553 2759 4616 τῇ
2803 4549 3040 4615 κοινωνίᾳ
3089 4545 3406 4614 συναφθεῐεν,
3447 4546 3533 4593 καὶ
3586 4539 3660 4594 δι’

1963 4633 2105 4704 ὑμῶν
2157 4641 2228 4703 τῷ
2303 4631 2655 4702 Ἀποστολικῷ
2729 4633 2908 4705 θρόνῳ,
2979 4633 3043 4681 τά
3100 4632 3320 4705 ὑμέτερα
3375 4631 3661 4705 γράμματα

1964 4724 2086 4794 ἡμῖν
2127 4718 2478 4788 δηλώσουσιν,
2513 4718 2588 4782 οἷς
2628 4724 2714 4771 καὶ
2753 4723 2819 4771 τά
2860 4724 3204 4793 περιεχόμενα
3243 4728 3349 4782 τοῖς
3389 4719 3657 4787 λιϐἐλλοις,

1964 4814 2051 4872 ούς
2081 4809 2141 4860 ἂν
2171 4814 2573 4884 προσενέγκοιεν,
2623 4809 2938 4882 ἐμφερέσθω.
2974 4808 3124 4859 Ούτω
3155 4811 3253 4882 γὰρ
3292 4813 3386 4860 τοῦ
3417 4812 3659 4885 Σευὴρου,

1965 4904 2051 4951 καὶ
2100 4908 2198 4951 τῶν
2247 4902 2412 4970 τούτῳ
2456 4897 2902 4969 συμπλεκομένων,
2946 4901 3033 4948 καὶ
3094 4905 3194 4948 τῶν
3245 4899 3433 4968 ὁμοίων
3471 4897 3664 4950 ἀπολυ-

1967 4992 2214 5046 θησονται
2239 4986 2457 5054 πλάνης,
2489 4990 2574 5036 καὶ
2607 4983 2730 5037 οὐδὲ
2763 4989 2979 5051 τούτων,
3015 4983 3067 5038 οἵ
3101 5005 3232 5047 τινες
3267 4987 3474 5059 ἰαθῇναι
3509 4985 3662 5045 δυνη-

1968 5096 2144 5129 σονται
2204 5079 2295 5133 τὴν
2355 5079 2545 5147 ζημίαν
2585 5077 2956 5148 ὑπομείνωμεν.
2997 5082 3158 5150 Ὅπερ
3201 5073 3293 5128 διὰ
3349 5084 3500 5127 τοῦτο
3540 5078 3660 5147 ύμῖν

1968 5163 2147 5226 ἰδικῶς
2202 5166 2438 5236 ᾠήθημεν
2474 5162 2722 5216 ἐπιθεῖναι
2761 5165 2887 5239 πρὸς
2925 5167 3016 5222 τὴν
3055 5168 3302 5239 ὑμετέραν
3350 5164 3657 5237 ἐπιμέλειαν,

1964 5253 2030 5306 τά
2067 5257 2288 5328 ἡμέτερα
2337 5257 2700 5329 μεταφέροντες
2752 5253 2912 5329 βάρη,
2964 5253 3168 5329 ἐπείπερ
3209 5254 3266 5305 ού
3316 5255 3507 5326 μικράς
3552 5249 3657 5310 ἤδη

1964 5339 2256 5403 ἀποδείξεις
2287 5347 2394 5401 τοῖς
2433 5342 2704 5415 αἱρετικοῖς
2739 5340 3109 5415 άνθιστάμενοι
3149 5338 3434 5405 δεδώκατε,
3475 5343 3562 5391 καὶ
3601 5339 3660 5392 ού

1966 5435 2074 5508 χρὴ
2125 5451 2241 5506 περι
2284 5433 2469 5483 τούτου
2530 5428 2822 5500 διστάζειν,
2882 5431 2936 5482 ὃν
2984 5431 3151 5492 καλῶς
3209 5429 3395 5488 συνέϐη
3443 5427 3662 5504 δόκιμον

245 5559 362 5616 ‘Hic
388 5577 497 5619 ms.
533 5562 686 5619 addit
708 5563 801 5618 vel
823 5562 1109 5635 Supplicii
1143 5577 1250 5634 pro
1276 5561 1528 5636 Szdpicii
1554 5561 1814 5620 Sorensis
1841 5579 1855 5618 :
1895 5563 1994 5620 sed
2020 5561 2360 5618 utrumlibet
2386 5559 2634 5616 ridiculo
2665 5575 2874 5616 errore.
2907 5561 3076 5613 HARD.

3755 4958 3784 4976 ν
