3996 6170
403 196 506 249 519

1858 192 2241 250 ΗΟΗΜΙΞΒΕ
2280 193 2475 249 ΡΑΡᾸΞ
3754 203 3835 259 520

403 325 759 380 humanitate
810 326 1050 393 mollire,
1096 331 1159 380 ut
1201 326 1261 380 in
1304 325 1705 380 haereticorum
1757 326 1981 397 contegi

2259 325 2623 398 ποδειχθῆναι.
2683 334 2823 401 ’Ἅμα
2877 327 3266 403 προσλαϐέσθαι
3331 331 3424 392 τὰς
3483 334 3722 406 θεραπείας
3766 349 3837 402 τῆς

404 415 804 484 perdurantes,
856 419 953 468 aut
1001 432 1093 469 eos
1137 415 1234 486 qui
1287 416 1675 469 innocentiam
1718 415 2012 483 simulant,
2045 420 2102 471 ct

404 519 532 557 cum
593 505 803 557 nostris
850 505 970 557 sola
1016 521 1148 558 voce
1197 504 1587 571 consentiunt,
1633 507 1704 558 ab
1753 506 1839 558 his
1889 505 2099 576 quibus

401 607 508 662 pro
537 593 801 646 Ecclesiae
841 593 1330 662 redintegratione
1377 593 1701 648 consulitur
1749 600 1804 648 et
1840 595 2102 665 provide-

403 686 516 746 tur,
548 681 812 747 excludas
846 697 858 734 :
887 698 989 734 nec
1019 682 1174 734 enim
1206 682 1434 752 expedit
1473 684 1620 736 circa
1663 684 1767 737 hos
1805 684 2097 738 ecclesias-

403 769 572 822 ticam
607 775 924 839 temperare
955 787 1273 824 censuram.
1313 773 1435 824 Non
1470 772 1624 825 enim
1660 778 1829 826 erunt
1856 774 2085 827 misera—

402 858 574 910 tionis
605 859 756 911 bona
789 875 890 927 pro
932 875 1156 923 eorum,
1203 859 1408 930 quibus
1451 861 1667 913 consuli
1699 866 1944 932 oportet,
1995 879 2096 915 ne-

402 947 658 1000 cessitate
681 947 906 1013 collata,
940 948 984 999 si
1017 948 1320 1001 indiscrete
1357 949 1572 1002 fuerint
1604 950 1770 1003 bonis
1816 951 2096 1020 malisque

401 1036 750 1089 communia.
789 1037 852 1090 Et
886 1037 1022 1107 quia
1057 1037 1702 1107 Hierosolymitanorum
1747 1055 1977 1110 quoque
2013 1039 2095 1092 fa-

400 1125 582 1178 ciebat
612 1125 670 1177 in
703 1125 817 1178 tuis
863 1125 1068 1178 litteris
1121 1132 1218 1180 tua
1266 1127 1492 1180 dilectio
1539 1127 1910 1192 mentionem,
1953 1144 2095 1198 quo-

399 1229 524 1266 rum
560 1214 733 1266 etiam
785 1215 854 1266 ad
914 1231 1015 1268 nos
1061 1216 1322 1285 quaedam
1365 1216 1548 1269 delata
1582 1216 1874 1286 professio,
1911 1233 2098 1270 neces-

399 1303 615 1355 sarium
653 1302 921 1355 duximus
955 1303 1042 1355 vel
1076 1320 1368 1357 recensere
1404 1321 1532 1374 qua:
1562 1305 1772 1374 scripta
1816 1309 1969 1371 sunt,
2007 1306 2092 1358 vel

401 1391 748 1460 respondere
791 1407 918 1460 quae
952 1406 1226 1460 congrua.
1280 1391 1386 1454 Qui
1418 1393 1464 1444 si
1498 1398 1825 1445 sanctorum
1861 1394 2093 1445 Patrum

399 1479 706 1533 constituta
745 1480 1099 1547 custodiunt,
1156 1480 1202 1532 si
1255 1481 1349 1533 illa
1393 1481 1524 1534 ﬁdei
1577 1481 1949 1535 fundamenta
1998 1498 2093 1534 ve-

397 1572 672 1620 nerantur
701 1568 772 1620 ab
828 1569 916 1620 his
965 1585 1092 1637 quae
1141 1584 1242 1637 per
1285 1585 1376 1621 eos
1423 1574 1618 1622 sancto
1668 1570 1888 1638 Spiritu
1931 1585 2090 1623 com-

394 1661 688 1726 pungente
721 1655 954 1710 deﬁnita
988 1661 1136 1723 sunt,
1164 1674 1279 1710 non
1317 1657 1601 1711 recedent.
1633 1659 1746 1711 Aut
1778 1659 1931 1711 enim
1963 1675 2089 1728 per-

395 1747 542 1799 fecta
581 1751 734 1810 sunt,
766 1746 845 1798 ita
876 1751 939 1798 ut
969 1752 1124 1812 sunt,
1176 1751 1230 1798 et
1265 1746 1584 1815 adjectione
1629 1763 1740 1799 non
1777 1747 2039 1817 indigent
2073 1765 2085 1801 :

394 1839 492 1888 aut
514 1835 658 1888 bene
691 1834 894 1895 valida.
929 1841 986 1888 et
1018 1835 1144 1887 ideo
1175 1851 1292 1888 non
1328 1836 1602 1888 mutanda
1637 1853 1647 1889 :
1705 1837 1935 1921 quando
1987 1852 2089 1905 per

394 1940 458 1976 ea
509 1924 705 1976 omnia
746 1923 1144 1976 haereticorum
1187 1940 1403 1976 venena
1435 1941 1756 1994 compressa
1793 1929 1941 1978 sunt.
1979 1927 2090 1979 Nec

393 2013 710 2083 quidquam
740 2012 1214 2066 Chalcedonensis
1247 2013 1518 2082 synodus,
1553 2014 1705 2083 quod
1739 2015 1878 2066 utile
1923 2030 2088 2084 qua?-

392 2101 528 2154 libet
557 2101 852 2171 diligentia
884 2102 1163 2170 potuisset
1218 2103 1536 2171 excogitare
1591 2103 1870 2172 praeteriit
1904 2119 1915 2155 :
1960 2119 2084 2173 quae

388 2189 836 2260 praecedentium
869 2207 1100 2259 quoque
1146 2191 1412 2261 dogmata
1456 2191 1540 2244 vel
1587 2191 1796 2244 clarius
1841 2192 2083 2245 manife-

389 2281 573 2342 stavit,
638 2280 726 2332 vel
793 2279 1029 2348 repetita
1097 2281 1432 2332 auctoritate
1499 2280 1762 2345 ﬁrmavit,
1844 2281 2086 2349 speciale

387 2365 674 2437 quoddam
701 2367 970 2419 adversus
1020 2367 1344 2419 Nestorium
1385 2373 1440 2419 et
1478 2368 1784 2436 Eutychem
1818 2384 2086 2438 aggressa

389 2459 700 2520 certamen,
734 2457 975 2507 alterum
1019 2455 1290 2508 deitatem
1341 2455 1434 2508 Dei
1482 2457 1659 2508 nostri
1693 2457 1824 2510 Jesu
1875 2457 2083 2510 Christi

386 2560 419 2596 a
459 2560 626 2598 carne
677 2550 1063 2614 separantem,
1119 2549 1175 2596 et
1218 2545 1345 2598 ideo
1391 2551 1646 2598 sanctam
1693 2546 1923 2599 Mariam
1987 2545 2082 2598 Dei

391 2633 724 2702 genitricem
760 2632 1133 2702 pronuntiare
1159 2633 1432 2686 vitantem
1463 2650 1474 2686 :
1512 2635 1755 2687 alterum
1787 2635 2082 2687 veritatem

392 2723 579 2777 carnis
600 2723 658 2774 in
686 2722 928 2775 Domino
955 2727 1309 2775 renuentem.
1335 2723 1572 2786 Quando
1598 2724 1872 2780 Dominus
1892 2729 2084 2777 noster

383 2813 544 2864 Jesus
575 2811 834 2865 Christus
875 2812 1020 2864 idem
1068 2811 1239 2864 Filius
1274 2812 1394 2879 Dei,
1432 2812 1583 2866 idem
1615 2812 1767 2865 filius
1808 2812 2077 2876 hominis,

2214 418 2421 481 ἰάσεως,
2467 415 2841 480 ἀναζώσασθαι
2871 422 2963 476 τὴν
3003 419 3270 472 αῦθεντίαν
3301 427 3391 481 τῆς
3422 419 3744 494 δικαιοσύνης,
3771 434 3838 480 καὶ

2209 507 2343 559 οὕτω
2381 512 2498 582 περὶ
2536 511 2654 568 τοὺς
2698 509 2866 569 ἱκέτας
2913 517 2974 580 τῇ
3019 508 3374 582 φιλανθρωπίᾳ
3410 509 3743 578 άπαλύνεσθαι,
3779 519 3839 568 ἶνα

2208 599 2326 657 τοὺς
2367 596 2414 647 ἐν
2445 605 2515 666 τῷ
2554 605 2653 648 τῶν
2711 598 2980 671 αἱρετικῶν
3026 597 3290 670 μιάσματι
3331 597 3655 670 ἐπιμένοντας,
3694 603 3840 660 ing-3-

2207 705 2346 749 τους,
2393 686 2440 736 οῖ
2480 690 2536 737 τὸ
2578 684 2849 738 ἀνεύθυνον
2897 685 3282 761 ἀποκρίνονται,
3334 691 3418 738 καὶ
3465 692 3586 760 μετα
3629 700 3715 743 τῶν
3749 697 3842 765 ips-

2205 777 2362 846 τέρων
2401 778 2526 846 μόνη
2577 783 2638 847 τῇ
2691 783 2826 846 φωνῇ
2871 783 3237 846 συμφωνοῦσιν
3277 773 3378 826 ἀπὸ
3416 779 3615 844 τούτων,
3647 779 3704 828 ὧν
3737 782 3834 856 ὑπέρ

2207 870 2299 922 τῆς
2355 861 2834 924 ἀποκαταστάσεως
2872 871 2966 924 τῆς
3012 862 3286 925 ἐκκλησίας
3319 868 3513 936 φροντὶς
3551 872 3630 917 καί
3668 874 3839 941 πρόνοιά

2206 949 2345 1002 ἐστιν
2383 950 2488 1002 ἀπὸ
2514 960 2606 1013 τῆς
2646 951 2943 1014 ἐκκλησὶας.
2979 951 3119 1005 Οὐδὲ
3146 956 3250 1027 γὰρ
3283 953 3507 1004 συντελεῖ
3534 958 3637 1027 περὶ
3664 960 3835 1018 τούτους

2206 1037 2640 1098 ἐκκλησιαστικὴν
2670 1043 2886 1116 κεράσαι
2933 1041 3241 1116 αὐστηρίαν.
3296 1041 3372 1093 Οὐ
3402 1044 3496 1116 γὰρ
3535 1045 3666 1095 ἔσται
3701 1045 3839 1098 λοιπὸν

2204 1136 2294 1180 τοῦ
2330 1127 2498 1192 ἐλέους
2520 1133 2587 1183 τά
2618 1132 2792 1202 ἀγαθά
2835 1128 2926 1182 διὰ
2956 1132 3051 1189 τὴν
3081 1140 3181 1182 τῶν
3221 1134 3565 1205 προνοηθῆναι
3592 1133 3839 1204 ὀφειλόντων

2206 1217 2436 1289 ἀνάγκην
2477 1222 2826 1290 συναχθέντα,
2866 1219 2954 1271 ἐάν
2987 1217 3266 1294 διακρίτως
3307 1223 3506 1272 ἔσονται
3545 1226 3675 1273 κοινά
3701 1224 3837 1285 καλοῖς

2205 1311 2291 1358 καὶ
2331 1315 2524 1369 κακοῖς.
2575 1313 2671 1360 Καὶ
2719 1306 2895 1367 ἐπειδὴ
2939 1318 3039 1360 τῶν
3077 1310 3497 1384 Ἱεροσολυμιτῶν
3533 1313 3701 1381 ὁμοίως
3726 1320 3840 1371 miri-

2205 1398 2400 1447 σασθαι
2450 1397 2593 1466 ᾠήθη
2649 1394 2697 1446 ἓν
2751 1403 2859 1457 τοῖς
2907 1397 3114 1458 οἰκείοις
3157 1400 3435 1471 γράμμασι
3489 1404 3676 1470 μνήμην
3722 1403 3745 1456 ἡ
3788 1406 3836 1457 σὴ

2201 1486 2402 1555 ἀγάπη,
2439 1487 2505 1535 ὧν
2542 1489 2628 1536 καὶ
2658 1487 2784 1558 πρὸς
2818 1488 2952 1558 ἡμᾶς
2985 1487 3180 1557 ηνεχθη
3216 1492 3295 1548 τὶς
3324 1486 3582 1558 ὁμολογία,
3613 1486 3839 1558 αναγκαῖον

2203 1574 2516 1646 ἡγησάμεθα
2555 1577 2641 1624 καὶ
2681 1573 2968 1644 ἀναγνῶναι
2995 1577 3063 1626 τὰ
3089 1560 3367 1649 διραφέντα,
3398 1580 3482 1626 καὶ
3521 1575 3838 1648 ἀποκρίνασθαι

2201 1664 2268 1712 τα
2307 1668 2597 1736 πρόσφορα.
2642 1664 2707 1713 Οἳ
2745 1663 2876 1724 τινες
2918 1663 2960 1714 εἰ
3001 1666 3093 1724 τὰς
3134 1672 3235 1714 τῶν
3257 1663 3417 1734 ἁγίων
3453 1669 3667 1736 πατέρων
3702 1661 3840 1716 διατυ-

2198 1755 2390 1811 πώσεις
2433 1749 2802 1821 φυλάττουσιν,
2845 1753 2892 1802 οὶ
2951 1750 3146 1813 ἐκείνης
3187 1760 3281 1813 τῆς
3321 1754 3539 1812 πίστεως
3584 1752 3688 1813 τοῦς
3732 1756 3840 1824 θεμε-

2198 1838 2337 1899 λίους
2380 1838 2634 1902 σέϐονται,
2660 1843 2746 1890 καὶ
2794 1839 2896 1890 ἀπὸ
2931 1844 3128 1892 τούτων
3165 1848 3265 1892 τῶν
3307 1838 3380 1893 δι’
3426 1840 3586 1892 αὐτῶν
3618 1846 3696 1892 τοῦ
3722 1842 3838 1911 ἁγίου

2197 1929 2485 1999 πνεύματος
2537 1928 2952 1991 κατανύσσοντος
3002 1931 3331 2003 ὸρισθέντων,
3385 1929 3474 1981 οῦκ
3520 1929 3840 2002 ἀναχωρήσου-

2199 2036 2297 2068 σιν.
2343 2017 2403 2068 Εἰ
2453 2019 2555 2090 γάρ
2596 2017 2697 2068 εἰσι
2735 2018 2919 2081 τέλεια,
2974 2019 3146 2092 ὥσπερ
3189 2019 3312 2086 εἰσὶ,
3356 2023 3442 2070 καὶ
3497 2022 3763 2093 προσθήκης
3794 2020 3838 2070 ον

2198 2103 2420 2172 δέονται,
2447 2106 2474 2161 ἡ
2518 2104 2684 2166 καλῶς
2728 2104 2935 2176 βέϐαια,
2980 2112 3066 2157 καὶ
3107 2104 3201 2158 διά
3235 2115 3386 2159 τοῦτο
3410 2106 3498 2158 ουκ
3526 2110 3836 2177 ανταμειπτέα,

2195 2195 2347 2244 ὁπότε
2387 2190 2460 2244 δι’
2486 2193 2655 2244 αὐτῶν
2684 2196 2853 2245 πάντα
2880 2197 2944 2245 τά
2985 2204 3083 2245 τῶν
3121 2195 3391 2269 αἰρετικῶν
3424 2192 3694 2267 δηλητηρια
3717 2213 3837 2245 κατα-

2192 2284 2403 2353 πιεσθῇ,
2447 2278 2570 2332 οὐδέ
2608 2301 2657 2332 τι
2689 2284 2718 2339 η
2760 2281 2808 2333 ἐν
2839 2280 3140 2340 Χαλκηδόνι
3178 2280 3422 2352 σύνοδος,
3447 2285 3561 2356 ὅπερ
3592 2289 3831 2356 χρήσιμον,

2194 2367 2479 2427 οἰαὸηποτε
2535 2369 2797 2441 ἐπιμέλεια
2837 2368 3066 2428 ἠδύνατο
3124 2371 3416 2441 ἐπινοῆσαι,
3471 2369 3832 2445 παρέδραμεδ,ἡ

2193 2478 2270 2519 τις
2309 2467 2408 2509 τῶν
2448 2457 2817 2531 προλαϐουσὼν
2857 2461 3047 2532 ὁμοίως
3087 2461 3152 2512 τά
3195 2459 3511 2535 δόγματα,ἡ
3550 2461 3833 2530 τηλαυγέστε-

2192 2566 2278 2621 ρον
2319 2546 2649 2619 ἐφανέρωσεν,
2692 2545 2721 2604 ἣ
2757 2546 3176 2621 ἐπαναληφθεῖσα
3221 2560 3281 2624 τῇ
3311 2551 3547 2622 αὐθεντία
3582 2549 3834 2600 ἐϐεϐαίωσεν

2196 2633 2360 2686 ide/.69
2402 2656 2514 2687 τινα
2562 2639 2693 2688 κατὰ
2742 2639 3046 2710 Νεστορίου,
3095 2643 3182 2689 καὶ
3221 2639 3495 2710 Εὐτυχοῦς
3541 2636 3830 2708 άνοὸεξαμεδη

2189 2723 2382 2794 ἀγῶνα,
2439 2733 2528 2776 τοῦ
2587 2729 2676 2796 μέν
2735 2725 2909 2799 ἐτέρου
2970 2729 3059 2783 τὴν
3116 2735 3207 2778 τοῦ
3277 2733 3455 2800 κυρίου
3519 2730 3649 2800 ἡμῶν
3697 2730 3832 2781 Ἰησοῦ

2191 2818 2423 2885 Χριστοῦ
2466 2816 2683 2871 θεότητα
2737 2813 2842 2865 ἀπὸ
2892 2823 2983 2876 τῆς
3041 2819 3230 2889 σαρκὸς
3283 2821 3612 2890 χωρίζοντος,
3650 2819 3723 2864 καὶ
3763 2810 3833 2864 διὰ

381 2916 497 2954 una
527 2901 587 2953 in
616 2900 835 2954 duabus
867 2917 1113 2970 persona
1142 2901 1362 2954 naturis
1393 2901 1704 2954 divinitatis
1735 2906 1791 2954 et
1823 2901 1958 2953 lium

2253 2910 2342 2953 ῦτο
2382 2907 2473 2958 τὴν
2517 2903 2668 2972 ἁγίαν
2707 2907 2910 2972 Μαρίαν
2933 2909 3179 2955 Θεοτόκον
3214 2905 3525 2976 ἐξαῃέλλειν
3553 2903 3827 2963 ἐκκλίνοντος,

382 2989 514 3043 tatis
561 2990 767 3055 carnis,
819 3006 921 3043 nec
971 2990 1191 3044 naturis
1240 2990 1590 3043 adunatione
1644 2990 1915 3055 confusis,
1967 3006 2079 3043 non

382 3081 534 3131 velut
568 3084 771 3147 quarta
797 3096 1040 3146 persona
1062 3079 1256 3132 addita
1280 3078 1564 3143 Trinitati,
1595 3079 1690 3130 sed
1731 3077 1853 3146 ipse
1906 3078 2079 3130 Filius

382 3168 482 3221 Dei
505 3167 838 3221 exinaniens
851 3167 1244 3238 semetipsum,
1265 3171 1318 3220 et
1337 3167 1588 3230 formam
1609 3165 1758 3219 servi
1789 3165 2080 3237 accipiens

383 3255 626 3325 (Philip.
676 3258 732 3324 ι).
787 3262 1022 3324 propter
1056 3257 1206 3326 quod
1257 3261 1312 3308 et
1362 3272 1534 3308 unam
1583 3271 1687 3308 nec
1735 3255 2079 3308 divisibilem

387 3345 729 3412 prolitemur
762 3343 1063 3396 essentiam
1104 3343 1414 3409 Trinitatis,
1459 3350 1516 3397 et
1547 3343 1960 3414 proprietatem
2001 3349 2081 3396 ta-

388 3448 520 3485 men
559 3449 719 3486 suam
773 3432 980 3485 scimus
1021 3434 1204 3486 inesse
1258 3434 1538 3503 personis,
1586 3449 1762 3485 unam
1810 3433 1936 3486 Filii
1979 3433 2080 3486 Dei

384 3536 514 3574 cum
546 3524 838 3590 assumpta
865 3536 1054 3586 carne,
1092 3537 1265 3574 unam
1296 3521 1542 3590 Spiritus
1584 3521 1760 3574 sancti
1799 3539 1810 3574 :
1857 3527 1912 3573 et
1956 3538 2080 3591 per-

385 3626 554 3664 sonas
607 3609 1058 3679 proprietatibus
1099 3610 1488 3680 designantes,
1537 3615 1589 3663 et
1645 3627 1748 3680 per
1797 3611 2077 3664 unitatem

386 3699 645 3752 essentia:
693 3699 1070 3768 inseparabile
1139 3699 1434 3752 Trinitatis
1480 3701 1816 3769 mysterium
1868 3700 2076 3753 conﬁr-

388 3792 625 3840 mantes.
661 3787 853 3857 Neque
884 3786 1040 3840 enim
1073 3788 1284 3857 ambigi
1318 3792 1505 3858 potest
1523 3789 1766 3841 Verbum
1802 3789 1901 3841 Dei
1932 3789 2079 3842 intra

385 3877 581 3930 matris
630 3876 843 3929 viscera
895 3892 995 3946 per
1039 3893 1289 3943 carnem,
1340 3877 1653 3930 humanam
1703 3879 2078 3947 assumpsisse

384 3971 674 4029 naturam,
720 3980 821 4017 nec
850 3970 1039 4035 posta
1069 3983 1127 4018 se
1167 3965 1369 4018 factam
1408 3967 1558 4018 intra
1596 3967 1819 4020 vulvam
1854 3973 2078 4020 natura-

383 4069 513 4108 rum
537 4054 854 4107 unitionem
888 4053 1152 4108 divisum.
1200 4056 1338 4108 Nam
1365 4062 1425 4108 ut
1459 4055 1787 4109 humanitas
1819 4057 1939 4110 sine
1963 4058 2076 4110 Deo

385 4160 495 4196 non
528 4148 614 4196 est
655 4143 828 4209 edita,
880 4143 959 4196 sic
993 4142 1048 4196 in
1099 4160 1264 4197 cruce
1299 4160 1414 4197 non
1459 4149 1541 4196 est
1570 4144 1939 4214 impassibilis
1989 4145 2074 4199 di-

383 4232 587 4285 vinitas
633 4248 666 4284 a
694 4232 880 4285 carnis
911 4232 1175 4302 passione
1225 4233 1404 4286 divisa
1438 4249 1450 4285 :
1486 4235 1638 4303 quod
1682 4233 1918 4304 virginis
1955 4250 2081 4304 par-

379 4326 470 4374 tus
503 4327 560 4374 et
593 4321 934 4374 intemerata
965 4321 1302 4387 fecunditas,
1353 4326 1407 4375 et
1436 4321 1743 4392 singularis
1777 4339 1810 4375 a
1842 4324 2080 4377 mortuis

380 4409 742 4475 resurrectio,
792 4414 848 4462 et
889 4409 957 4462 ad
1022 4410 1192 4463 caelos
1234 4411 1484 4464 declarat
1528 4411 1798 4464 ascensio.
1854 4412 1981 4466 Haec
2028 4414 2075 4466 si

379 4498 869 4568 quemadmodum
914 4513 946 4550 a
988 4499 1251 4551 Patribus
1291 4498 1597 4552 constituta
1650 4505 1783 4552 sunt
1825 4508 2072 4571 servant,

378 4587 635 4651 credant,
693 4603 794 4639 nec
839 4585 1076 4639 deﬁnita
1115 4590 1563 4640 transcendant:
1613 4604 1646 4640 a
1695 4605 1806 4658 quo
1850 4591 2074 4644 tramite

378 4675 479 4743 qui
519 4674 827 4738 declinant,
881 4674 990 4743 ipsi
1023 4675 1132 4728 sibi
1172 4675 1441 4728 nebulam
1474 4676 1850 4730 dubitationis
1894 4679 2075 4732 oﬁ‘un-

378 4763 540 4815 dunt.
606 4761 780 4814 Nobis
827 4767 1021 4816 autem
1089 4763 1231 4816 illud
1283 4765 1657 4833 apostolicum
1700 4768 2074 4821 contentiosis

377 4847 719 4918 respondere
744 4864 973 4902 necesse
1011 4855 1113 4916 est,
1149 4867 1253 4904 nos
1289 4851 1437 4906 hanc
1465 4853 1927 4908 consuetudinem
1964 4872 2074 4910 non

375 4936 668 5003 habemus,
691 4954 792 4991 nec
820 4937 1086 4993 Ecclesia
1128 4940 1234 4994 Dei
1264 4942 1320 5008 (Ι
1336 4942 1457 4996 Cor.
1491 4942 1576 5012 ιι).
1624 4944 1750 4996 Haec
1781 4943 1908 4997 ideo
1941 4944 2072 4998 bre-

376 5025 544 5091 viter,
579 5027 714 5097 quia
741 5043 844 5080 nec
874 5027 1087 5098 ambigi
1119 5031 1386 5083 convenit
1418 5032 1486 5084 de
1515 5032 1683 5084 rebus
1703 5033 1868 5101 juxta
1898 5034 2072 5088 ﬁdem

377 5115 589 5186 saepius
618 5115 908 5171 deﬁnitis:
954 5124 1012 5171 et
1057 5135 1204 5188 pene
1253 5135 1603 5189 supervacua
1652 5127 1737 5174 est
1782 5122 2070 5194 allegatio,

377 5220 505 5276 quae
536 5203 843 5260 adhibetur
885 5206 1217 5277 instructis,
1252 5223 1380 5260 cum
1435 5225 1605 5280 super
1648 5210 1753 5263 hac
1793 5227 1853 5264 re
1901 5218 1960 5266 et
2001 5213 2073 5267 ad

373 5295 888 5348 clementissimum
917 5295 1238 5366 principem
1269 5297 1449 5350 ﬁlium
1478 5307 1736 5353 nostrum
1755 5316 1869 5354 non
1891 5318 2074 5371 pauca

377 5383 834 5453 perstrinxerim.
881 5384 950 5438 Et
998 5385 1133 5454 quia
1158 5385 1226 5439 de
1259 5385 1908 5457 Hierosolymitanorum
1934 5407 2070 5461 pro-

374 5471 658 5542 positione
705 5472 1128 5543 respondimus,
1192 5473 1295 5528 hoc
1356 5492 1586 5547 quoque
1633 5479 2068 5548 aestimavimus,

2191 2993 2280 3040 τοῦ
2323 2987 2382 3042 δέ
2421 2990 2590 3064 ἐτέρου
2626 2994 2718 3047 την
2756 2989 2998 3048 ἀλήθειαν
3030 2999 3123 3052 τῆς
3165 2997 3357 3066 σαρκὸς
3388 2992 3435 3044 ἐν
3466 3001 3534 3062 τῷ
3564 2993 3704 3065 κυρίῳ
3725 2989 3827 3040 απα-

2188 3082 2504 3150 ναινομένου,
2557 3080 2708 3129 ὁπότε
2756 3080 2780 3128 6
2828 3083 3000 3152 κύριος
3041 3083 3184 3152 ἡμῶν
3231 3082 3433 3143 Ἰησοῦς
3471 3087 3677 3155 Χριστος
3712 3078 3827 3134 οὗτος

2189 3171 2298 3230 υἱὸς
2339 3176 2491 3236 Θεοῦ,
2516 3171 2540 3220 6
2563 3167 2716 3229 αὐτὸς
2757 3170 3044 3242 ἄνθρωπος,
3070 3169 3118 3220 ἓν
3157 3177 3438 3242 πρόσωπον
3468 3171 3513 3222 ἐν
3537 3167 3625 3221 δύο
3658 3171 3825 3239 φύσεσι.

2187 3263 2273 3308 καὶ
2315 3259 2552 3317 θεότητος
2593 3261 2680 3308 καὶ
2725 3262 2934 3331 σαρκὸς,
2979 3256 3100 3310 οὐδὲ
3138 3267 3240 3310 τῶν
3283 3263 3479 3330 φύσεων
3515 3257 3560 3310 ἔν
3598 3267 3651 3329 τῇ
3690 3256 3826 3307 ἐνὼσει

2191 3349 2613 3417 συγκυσθεισῶν,
2657 3345 2762 3416 οὐχ
2801 3349 2869 3408 ὡς
2909 3349 3155 3422 τετάρτου
3194 3355 3478 3423 προσώπου
3515 3348 3827 3421 προστεθέντος

2187 3444 2249 3506 τῇ
2292 3433 2493 3510 τριάδι,
2535 3435 2644 3486 ἀλλ’
2699 3434 2854 3496 αὐτὸς
2903 3438 2928 3487 ὁ
2977 3439 3085 3497 υἱὸς
3124 3445 3216 3488 τοῦ
3261 3445 3394 3489 Θεοῦ
3434 3437 3655 3488 ἐκένωσεν
3690 3434 3830 3485 ἑαυτὸν

2188 3530 2274 3576 καὶ
2314 3531 2514 3600 μορφὴν
2544 3523 2733 3576 δούλου
2762 3524 2929 3581 ἔλαϐε.
2957 3528 3044 3576 Διὸ
3073 3530 3158 3577 καὶ
3184 3531 3310 3598 μίαν
3334 3533 3421 3579 καὶ
3459 3525 3576 3579 οὐδὲ
3613 3523 3829 3598 διαιρετήν

2187 3614 2531 3687 ὁμολογοῦμεν
2570 3614 2751 3665 οὐσίαν
2806 3622 2898 3676 τῆς
2951 3612 3187 3689 τριάδος,
3233 3620 3322 3667 καὶ
3375 3621 3466 3674 τὴν
3521 3612 3647 3666 ἰδίαν
3681 3615 3830 3684 ὁμοίως

2191 3699 2431 3759 ἰδίοτητα
2469 3705 2617 3774 ἴσμεν
2649 3702 2698 3753 ἓν
2743 3703 2872 3754 εἶναι
2910 3711 3016 3764 τοῖς
3059 3710 3386 3777 προσώποις.
3425 3711 3508 3756 ’Ἐν
3536 3706 3626 3776 γὰρ
3653 3707 3729 3752 τοῦ
3753 3718 3832 3749 πα-

2187 3791 2306 3866 τρὸς
2335 3791 2684 3863 ὁμολογοῦμεν
2713 3789 2839 3843 εἶναι
2882 3793 3178 3866 πρόσωπον,
3222 3793 3273 3845 ἓν
3314 3801 3403 3846 τοῦ
3443 3795 3552 3844 υἱοῦ
3589 3794 3670 3843 τοῦ
3706 3793 3827 3849 Θεοῦ,

2188 3884 2319 3953 μετὰ
2366 3888 2458 3940 τῆς
2495 3879 2922 3956 προσληφθείσης
2974 3885 3184 3955 σαρκὸς,
3233 3881 3283 3934 ἓν
3331 3890 3421 3934 τοῦ
3477 3884 3734 3952 πνεύματος
3761 3881 3832 3926 τοῦ

2189 3967 2360 4039 ἁγίου,
2410 3972 2495 4018 καὶ
2542 3970 2607 4018 τά
2642 3973 2899 4041 πρόσωπα
2945 3977 3056 4031 ταῖς
3105 3967 3341 4029 ἰδιότησι
3393 3972 3720 4042 σημαίνοντες,
3761 3965 3827 4012 καὶ

2190 4054 2281 4108 διά
2312 4065 2404 4118 τῆς
2445 4057 2679 4117 ἐνότητος
2718 4065 2810 4118 τῆς
2851 4057 3054 4120 οῦσίας,
3115 4059 3175 4109 τὸ
3205 4057 3506 4134 ἀχώριστον
3544 4066 3630 4118 τῆς
3657 4047 3831 4127 τριάδος

2189 4153 2476 4220 μυστήριον
2541 4145 2930 4218 ὁμολογοῦντες.
2992 4149 3125 4198 Οὔτε
3195 4151 3298 4222 γάρ
3354 4145 3564 4200 δυνατὸν
3622 4137 3833 4215 ἀμφιϐάλ-

2191 4235 2374 4288 λεσθαι
2408 4241 2491 4287 τόν
2520 4235 2669 4306 λόγον
2702 4240 2793 4287 τοῦ
2827 4243 2958 4288 Θεοῦ
2988 4233 3038 4287 ἐν
3069 4244 3174 4298 τοῖς
3209 4245 3302 4299 τῆς
3333 4239 3524 4312 μητρὸς
3555 4233 3831 4301 σπλάγχνοις

2195 4323 2285 4376 διὰ
2323 4333 2415 4385 τῆς
2458 4329 2663 4399 σαρκὸς,
2707 4328 2795 4381 τὴν
2827 4324 3122 4399 ἀνθρωπίαν
3149 4326 3542 4398 προσειληφέναι
3574 4325 3724 4394 φύσιν.
3755 4317 3831 4367 Καὶ

2184 4416 2253 4486 μὴ
2285 4416 2416 4486 μετά
2449 4415 2538 4470 τὴν
2568 4415 2687 4488 παρ’
2739 4414 2898 4466 αὐτοῦ
2950 4418 3219 4486 γενομένην
3269 4415 3317 4466 ἐν
3351 4424 3410 4486 τῇ
3445 4419 3609 4486 μήτρᾳ
3644 4417 3728 4461 τῶν
3762 4406 3832 4475 φῦ-

2187 4522 2313 4554 σεων
2343 4504 2522 4554 ἕνωσιν
2556 4498 2884 4575 διῃρημένον.
2919 4503 3168 4577 Καθάπερ
3207 4505 3308 4578 γὰρ
3355 4503 3445 4554 οὐκ
3475 4505 3606 4552 ἔστιν
3636 4497 3683 4548 ἐν
3720 4493 3830 4559 αὐτῷ

2186 4590 2521 4664 ἁνθρωπότης
2553 4592 2670 4642 ἄνευ
2711 4598 2843 4643 Θεοῦ
2881 4595 3203 4662 γεννηθεῖσα,
3245 4582 3407 4653 οὕτως
3458 4590 3506 4642 ἓν
3551 4598 3616 4658 τῷ
3661 4586 3831 4653 στανρῴ

2186 4683 2215 4738 η
2250 4679 2456 4741 ἀπαθὴς
2491 4683 2690 4748 θεότης,
2724 4681 2817 4732 οὐκ
2859 4683 2999 4732 ἔστιν
3033 4679 3134 4732 ἀπὸ
3181 4689 3273 4732 τοῦ
3315 4689 3418 4742 τῆς
3457 4681 3634 4752 σαρκὸς
3667 4671 3830 4724 πάθους

2187 4766 2496 4842 διῃρημένη,
2540 4771 2662 4844 ὅπερ
2712 4772 2737 4820 ὁ
2777 4778 2868 4831 τῆς
2907 4772 3163 4844 παρθένου
3202 4775 3372 4838 τόκος,
3431 4771 3514 4819 καὶ
3555 4764 3830 4835 ηοῖχραντος

2183 4864 2480 4930 γονιμότης,
2510 4864 2598 4911 καὶ
2625 4862 2654 4917 ὴ
2697 4859 2953 4933 ἐξαίρετος
2985 4858 3041 4911 ἐκ
3079 4868 3267 4933 νεκρῶν
3298 4859 3598 4922 ἀνάστασις,
3631 4849 3748 4904 καὶὴ
3775 4855 3829 4902 είς

2185 4949 2431 5020 οὐρανοὺς
2474 4945 2732 5000 δείκνυσιν
2762 4945 2969 5017 ἄνοδος,
3004 4956 3170 5000 ταῦτα
3209 4949 3253 4999 εἰ
3281 4950 3449 5008 καθὼς
3488 4944 3622 5018 παρά
3648 4948 3734 4993 τῶν
3759 4953 3831 4985 παι

2184 5041 2341 5110 τέρων
2379 5039 2600 5110 ὡρίσθη,
2655 5036 2996 5109 φυλάττουσι,
3033 5041 3438 5104 πιστευέτωσαν,
3490 5038 3571 5086 καὶ
3621 5024 3740 5103 μηδέ
3779 5039 3830 5072 τα

2184 5129 2443 5200 ὡρισμένα
2489 5127 2969 5200 παραϐαινέτωσαν,
3014 5125 3102 5198 ἀφ’
3141 5128 3201 5188 ἧς
3240 5126 3417 5201 τρίϐου
3457 5127 3502 5176 οἱ
3541 5120 3828 5211 ἐκκλίνοντες,

2184 5213 2332 5265 αὐτοὶ
2384 5213 2584 5276 ἑαυτοῖς
2637 5219 2780 5287 νέφος
2831 5214 3140 5288 ἀμφιϐολίας
3197 5219 3546 5290 περιχέουσιν.
3614 5209 3745 5278 Ἡμῖν
3785 5207 3830 5297 δῖε

2183 5299 2337 5353 ἐκεῖνο
2368 5307 2427 5353 τὸ
2450 5303 2838 5368 Ἀποστολικὸν,
2863 5312 2970 5366 τοῖς
3002 5303 3325 5376 φιλονείκοις,
3353 5298 3716 5376 ἀποκρίνασθαι
3734 5304 3829 5386 ανξ-

2182 5409 2278 5462 γκη
2301 5389 2460 5443 ἐστίν’
2497 5417 2526 5443 ‹‹
2565 5401 2737 5466 Ἡμεῖς
2775 5396 3021 5453 τοιαύτην
3062 5398 3334 5454 συνήθειαν
3372 5394 3462 5446 οὐκ
3501 5394 3695 5462 ἔχομεν,
3731 5371 3828 5431 auds

2185 5483 2215 5539 ἠ
2258 5480 2507 5540 ἐκκλησία
2536 5490 2626 5534 τοῦ
2668 5487 2821 5535 Θεοῦ.
2867 5507 2896 5534 ››
2935 5482 3243 5536 Ταῦταιδιὰ
3275 5489 3427 5536 τοῦτο
3468 5479 3557 5534 δια
3596 5471 3824 5549 βραχέων»

2181 5567 2364 5629 ἐπειδὴ
2429 5572 2548 5624 οὔτε
2600 5571 3020 5644 ἀμφιϐάλλεσθαι
3079 5579 3333 5649 προσήκει
3392 5573 3503 5646 περὶ
3548 5558 3828 5641 πραγμάτων
