3996 6170
1404 196 1757 254 ΕΡΙΞΤΟΙΑΕ

2015 195 2236 251 CRETA
2248 233 2265 249 .
3483 196 3589 250 522

138 216 212 266 52!

140 342 295 399 salutis
333 351 525 392 eorum
580 349 749 389 causa
798 335 1189 404 competenter
1217 331 1570 396 addendum,
1628 333 1688 383 ut
1731 329 1779 382 si

2031 331 2147 400 περὶ
2187 334 2279 387 τῆς
2318 328 2541 387 πίστεως
2572 324 2821 388 πολλάκις
2861 326 3185 399 ὁρισθέντων,
3220 327 3306 378 καὶ
3326 326 3586 388 παντελῶς

139 425 502 486 communionis
555 420 883 494 apostolica:
923 420 1250 475 desiderant
1298 418 1596 482 unitatem,
1633 434 1773 490 pro-

2010 421 2096 474 ττή
2142 415 2280 468 ἐστιν
2320 416 2350 472 ἡ
2395 413 2724 486 δικαιολογία
2763 418 2792 473 ἡ
2835 417 3223 489 προσφερομένη
3274 423 3382 477 τοῖς
3422 436 3589 491 παραο

139 518 392 575 fessionem
431 529 596 567 suam
642 511 851 581 scripto
890 509 1151 575 inditam,
1189 524 1363 579 quam
1412 509 1614 578 legatis
1661 523 1774 562 no-

140 610 239 665 stris
264 603 399 676 apud
434 600 994 672 Constantinopolim
1027 599 1227 670 positis
1292 599 1644 662 obtulerunt,
1680 600 1779 651 aut

143 714 220 770 per
245 712 357 749 suos
386 693 451 748 ad
485 709 590 746 nos
616 691 885 761 dirigant,
920 693 1017 744 aut
1047 687 1394 743 fraternitati
1425 691 1624 741 vestra:
1657 691 1777 740 tra-

146 790 264 852 dant,
302 783 488 838 eodem
517 787 730 847 tamen,
774 781 919 834 sicut
966 779 1233 845 diximus,
1285 781 1482 832 tenore
1532 777 1780 831 conscri-

143 882 284 947 ptam,
311 889 426 944 qum
464 873 531 924 ad
561 887 663 924 nos
695 869 878 924 modis
911 869 1177 923 omnibus
1205 867 1308 944 sub
1341 872 1526 921 vestra
1556 867 1783 920 ordina-

145 967 260 1020 tione
313 962 613 1016 deferatur.
672 961 812 1014 Nam
860 959 928 1013 de
988 958 1580 1012 Thessalonicensibus
1634 971 1783 1027 quo-

143 1071 239 1110 rum
272 1051 334 1105 ad
362 1067 463 1104 nos
522 1050 696 1119 legati
741 1049 846 1104 sub
896 1048 1322 1103 clementissimi
1368 1052 1425 1102 et
1467 1045 1782 1100 ﬁdelissimi

147 1141 367 1215 principis
409 1139 514 1192 ﬁlii
552 1137 732 1192 nostri
779 1136 1141 1191 ordinatione
1183 1140 1482 1202 venerunt,
1535 1151 1607 1189 ne
1648 1135 1785 1204 quid

143 1231 346 1287 omisisse
399 1227 723 1292 credemur,
768 1241 936 1279 nosse
999 1240 1098 1278 vos
1154 1225 1434 1292 volumus,
1469 1225 1785 1279 secundum

142 1321 221 1373 hoc
258 1316 393 1388 quod
433 1316 682 1370 Domino
712 1319 908 1369 nostro
954 1313 1271 1384 inspirante
1322 1313 1616 1383 placuerit,
1653 1328 1786 1366 cau-

141 1424 230 1462 sam
257 1420 478 1460 omnem
519 1405 701 1458 nostri
734 1402 958 1473 (vestra)
989 1402 1364 1472 dispositione
1410 1402 1784 1468 tractandam,

142 1494 264 1550 etsi
312 1494 464 1564 quod
518 1496 748 1563 oportet
818 1491 1202 1562 impleverint,
1285 1490 1600 1545 ordinanda
1666 1491 1790 1544 haec

1888 509 2275 579 σκευασμένοις,
2311 507 2462 558 ὁπότε
2502 509 2616 580 περὶ
2657 507 2840 557 τούτου
2872 509 2962 557 τοῦ
2996 505 3323 578 πράγματος,
3354 510 3588 580 καὶπρὸς

1887 600 1970 648 τόν
2012 593 2364 660 ἐνδοξότατον,
2407 599 2493 647 καὶ
2535 595 3019 669 φιλανθρωπότατον
3071 594 3293 666 βασιλέα
3331 599 3416 647 τόν
3460 596 3588 667 ἡμέ-

1887 705 2029 760 τερον
2077 684 2207 751 υἱόν,
2261 686 2352 737 οὐκ
2402 686 2549 758 ὀλίγα
2588 685 2935 758 ἐσημάναμεν.
2983 688 3082 736 Καὶ
3120 682 3300 744 ἐπειδή
3342 688 3459 759 περὶ
3498 694 3602 748 τῆς.

1889 766 2312 851 Ἱεροσολυμιτῶν
2363 775 2635 848 ὁμολογίας
2683 774 3086 849 ἀπεκρινάμεθα,
3139 779 3226 827 καὶ
3274 782 3424 828 τοῦτο
3475 777 3594 829 ὑπε-

1890 865 2113 937 λάϐομεν
2153 873 2245 925 τῆς
2285 865 2480 916 τούτων
2531 869 2791 938 σωτηρίας
2838 866 2999 937 χάριν
3050 862 3317 938 ἁρμοδίως
3356 867 3596 938 προσθεῖο

1892 978 1994 1018 ναι,
2030 959 2109 1008 ἵνα
2138 955 2222 1008 ἐὰν
2253 965 2344 1018 τῆς
2371 956 2646 1018 καθολικῆς
2665 955 2937 1018 ἐκκλησίας
2956 955 3247 1009 ἐπιποθώσι
3269 960 3358 1010 τὴν
3388 958 3588 1021 ἕνωσιν,

1897 1056 1987 1109 τῆς
2031 1044 2169 1110 ἰδίας
2211 1046 2484 1118 ὁμολογίας
2525 1049 2582 1098 τὸ
2614 1044 2740 1118 ὕφος
2763 1045 2995 1118 ἐγγάφως
3024 1049 3358 1118 μηνυθεῖσαν,
3395 1047 3455 1105 ἢν
3486 1055 3593 1110 τοῖς

1897 1140 2163 1212 ἡμετέροις
2229 1136 2567 1198 ποεσϐευταῖς
2635 1135 2681 1188 ἐν
2746 1136 3280 1188 Κωνσταντινουπόλει
3345 1133 3594 1208 διάγουσι

1893 1233 2270 1300 προσήνεγκαν,
2316 1223 2407 1277 διὰ
2444 1234 2543 1278 τῶν
2595 1223 2741 1278 ἰδίων
2780 1227 2906 1300 πρὸς
2949 1229 3084 1298 ἡμᾶς
3115 1225 3512 1296 ἀποστείλωσιν,
3558 1230 3587 1286 ἦ

1896 1324 1956 1387 τῇ
2000 1316 2218 1388 ὑμετέρα
2257 1312 2570 1386 ἀδελφότητι
2613 1311 2868 1384 δώσουσι,
2913 1324 2974 1387 τῇ
3017 1315 3147 1388 αὐτῇ
3190 1316 3382 1388 μέντοι,
3425 1320 3594 1378 καθώς

1897 1402 2055 1468 εἶπον,
2118 1401 2335 1476 δυνάμει
2396 1408 2814 1477 συγγραμμένην,
2871 1407 2900 1462 ἡ
2961 1425 3038 1467 τις
3092 1409 3219 1479 πρὸς
3271 1408 3406 1478 ἡμᾶς
3465 1413 3597 1460 πᾶσι

1897 1500 2005 1554 τοῖς
2060 1494 2269 1567 τρόποις
2327 1490 2398 1545 δι’
2450 1495 2697 1567 ὑμετέρας
2745 1491 3138 1562 διατυπώσεως,
3195 1498 3592 1567 κομισθήσεται.

141 1601 219 1656 per
254 1585 477 1637 fratrem
523 1587 783 1636 nostrum
837 1588 894 1634 et
924 1582 1340 1651 ;coepiscopum
1401 1579 1788 1634 venerabilem

141 1675 288 1728 virum
332 1674 634 1738 Joannem,
677 1669 777 1724 sed
823 1676 877 1723 et
925 1670 1074 1724 ﬁlios
1123 1677 1343 1723 nostros
1389 1670 1789 1724 Heraclianum

142 1763 493 1834 presbyterum
552 1766 609 1815 et
674 1758 1069 1815 Constantium
1125 1759 1466 1827 ,diaconum,
1520 1759 1792 1813 ecclesia-

141 1854 246 1905 stico
270 1854 484 1905 honore
506 1849 901 1919 dignissimos;
936 1849 1006 1902 ad
1027 1864 1258 1902 causam
1287 1847 1636 1918 pertinentia
1662 1865 1795 1902 con-

143 1941 384 2012 scripsisse
427 1939 712 2007 contenti,
762 1937 1030 2008 gratulati
1074 1954 1272 1992 sunxus
1304 1937 1362 1991 in
1412 1937 1530 1992 viro
1575 1938 1793 1992 ordinis

141 2032 282 2084 nostri
330 2047 430 2100 par
518 2031 791 2083 meritum
850 2033 906 2081 et
962 2028 1299 2098 religiosum
1333 2043 1435 2081 nos
1513 2027 1793 2081 invenisse

141 2121 470 2190 propositum,
510 2125 719 2172 etcum
757 2117 1040 2187 legatione
1092 2117 1362 2170 mandata
1393 2117 1688 2186 sapientiae
1739 2121 1796 2170 et

141 2211 349 2263 moribus
377 2209 777 2278 congruentia.
807 2205 1006 2261 Votiva
1045 2207 1199 2260 enim
1233 2222 1323 2259 res
1352 2211 1404 2259 et
1446 2207 1618 2275 plena
1648 2222 1796 2276 gau-

141 2299 200 2351 dii
241 2305 331 2364 est,
379 2303 439 2351 ut
495 2297 611 2350 sint
642 2297 797 2366 justa
843 2295 1225 2349 aestimatione
1267 2295 1619 2364 probabiles,
1653 2312 1795 2365 quos

142 2386 532 2442 communionis
563 2390 620 2440 et
658 2384 833 2439 ofﬁcii
864 2383 1170 2454 contigerit
1209 2399 1332 2438 esse
1372 2389 1682 2438 consortes.
1730 2388 1798 2440 Et

1903 1586 2033 1655 ΙΙεμὶ
2071 1585 2168 1657 γάρ
2211 1582 2649 1648 Θεσσαλονικέων,
2693 1581 2760 1654 ᾧν
2799 1585 2926 1658 πρὸς
2960 1585 3096 1656 ἡμᾶς
3137 1585 3184 1635 οἱ
3222 1584 3460 1658 πρέσϐεις
3503 1583 3598 1638 διά

1902 1676 1992 1733 της
2024 1676 2115 1724 τοῦ
2156 1674 2497 1740 πιστοτάτου,
2540 1677 2626 1724 καὶ
2667 1670 3002 1735 ἐνδοξετάτου
3045 1672 3304 1745 βασιλέως
3351 1678 3440 1726 τοῦ
3484 1677 3602 1747 ἡμε-

1902 1765 2050 1835 τέρου
2090 1761 2204 1812 υἱοῦ
2249 1758 2619 1823 διατυπώσεως
2669 1759 2843 1833 ᾖλθον,
2889 1763 2969 1814 ἵνα
3007 1767 3135 1833 μήτι
3172 1761 3598 1836 παραλελοιπέναι

1906 1848 2154 1922 δόξωμεν,
2196 1855 2463 1921 γινὼσκειν
2517 1852 2651 1922 ὑμᾶς
2711 1851 3006 1924 βουλόμεθα
3055 1852 3186 1903 κατά
3243 1860 3427 1920 ταῦτα,
3471 1853 3598 1927 άπερ

1904 1948 1993 1993 τοῦ
2036 1945 2214 2012 κυρίου
2255 1943 2398 2011 ἡμῶν
2442 1941 2612 1998 Ἰησοῦ
2649 1947 2876 2013 Χριστοῦ
2917 1939 3218 2012 ἐμπνέοντος
3248 1946 3458 2016 ἤρεσαν,
3501 1948 3594 2000 τὴν

1904 2034 2148 2083 ὑπόθεσιν
2200 2037 2374 2083 πᾶσαν
2434 2041 2494 2102 τῇ
2547 2033 2765 2105 ὑμετέρα
2807 2029 3046 2101 δισκέψει
3099 2032 3454 2104 ψηλαφητέαν,
3512 2039 3598 2085 καὶ

1906 2122 1948 2173 εἰ
1998 2123 2117 2193 ὅπερ
2163 2127 2268 2195 ’χρὴ
2321 2120 2690 2193 πληρώσουτσι
2741 2118 3118 2175 διατυπωτέαν.
3161 2125 3338 2174 Ταυτα
3377 2121 3468 2174 διά
3507 2132 3597 2174 του

1907 2208 2158 2281 ἀδελφοῦ,
2202 2215 2289 2260 καί
2330 2216 2710 2262 συνεπισκόπου
2752 2212 2894 2281 ημῶν
2933 2215 3024 2261 τοῦ
3060 2209 3489 2282 σεϐασμιωτάτόυ
3520 2210 3602 2263 ἁν-

1909 2297 2030 2374 δρός
2056 2300 2292 2363 [ωὰννου,
2335 2299 2467 2351 ἀλλά
2485 2304 2571 2351 καὶ
2612 2296 2704 2350 διὰ
2739 2307 2838 2350 τῶν
2879 2301 3000 2350 υἱῶν
3037 2302 3200 2371 ἡμῶν,
3229 2301 3590 2374 Ἰῐρακλειανοῦ

1908 2398 1996 2442 του
2046 2389 2415 2463 πρεσϐυτέρου,
2470 2392 2557 2440 καὶ
2609 2393 2997 2440 Κωνσταντίνου
3045 2395 3136 2440 τοῦ
3191 2386 3455 2455 διακόνου,
3506 2398 3598 2453 τῆς

139 2479 225 2531 alia
253 2493 402 2530 manu
429 2495 440 2530 :
484 2477 638 2530 Deus
669 2481 722 2530 te
754 2491 956 2528 sanum
981 2473 1282 2540 custodiat,
1316 2474 1489 2528 frater
1510 2474 1800 2528 venerabi-

141 2569 207 2623 lis.
232 2568 382 2634 {Data
416 2566 674 2636 septimo
704 2565 964 2618 calendas
1004 2563 1235 2633 Aprilis,
1273 2563 1493 2618 Valerio
1533 2564 1651 2618 viro
1680 2564 1802 2618 cla-

142 2658 328 2712 rissimo
357 2658 599 2712 consule
637 2654 806 2726 [anno
828 2654 1032 2709 Christi
1064 2652 1216 2723 521].
1256 2655 1271 2721 )

193 2748 583 2804 Sanctissimus
633 2745 1095 2816 archiepiscopus
1146 2743 1324 2798 dixit:
1373 2744 1532 2797 Nunc
1561 2759 1800 2796 venera—

141 2837 362 2892 bilissimi
434 2837 652 2891 notarii
711 2834 1077 2889 sanctissimae
1151 2834 1410 2888 Ecclesiae
1483 2840 1711 2900 nostrae,
1755 2832 1803 2886 si

144 2944 242 2998 qua:
276 2933 402 2982 sunt
435 2927 659 2981 chartae
693 2926 846 2996 apud
878 2941 975 2978 eos
1023 2928 1364 2994 praesentem
1405 2939 1631 2977 causam
1661 2937 1801 2976 con-

145 3023 414 3080 cernentes,
460 3017 625 3088 ipsas
667 3015 832 3070 nobis
864 3014 1196 3067 manifestas
1226 3013 1453 3067 faciant.
1495 3013 1562 3066 Et
1590 3011 1788 3082 produ-

2010 3016 2103 3072 νίας
2143 3016 2229 3062 καὶ
2256 3017 2345 3070 τῆς
2377 3010 2564 3072 τάξεως
2598 3010 2780 3068 συνέϐη
2812 3009 2938 3063 εἶναι
2971 3013 3313 3086 συγκλήρους.
3352 3020 3449 3066 Και
3479 3013 3608 3086 α”λλῃ

146 3108 221 3158 ctis
245 3107 442 3160 chartis
473 3123 588 3178 per
629 3105 1015 3160 venerabilem
1047 3105 1312 3160 Cosmam
1357 3103 1664 3168 diaconun,
1699 3118 1807 3155 no-

144 3198 315 3250 tarium
378 3203 436 3252 et
523 3197 1044 3267 chartophylacem,
1115 3195 1390 3250 Macarius
1464 3191 1806 3246 venerabilis

147 3283 373 3340 diaconus
404 3292 462 3341 et
492 3285 780 3349 notarius,
804 3286 1067 3339 libellum
1099 3301 1166 3338 ex
1190 3299 1435 3354 persona
1465 3282 1808 3336 clericorum

145 3375 427 3446 IlieOpolis,
507 3379 571 3429 et
616 3374 950 3428 relationem
1013 3373 1213 3444 synodi
1268 3372 1485 3426 ibidem
1547 3371 1607 3424 in
1656 3369 1812 3440 regia

146 3463 255 3517 urbe
287 3453 676 3535 congregata),
713 3468 1020 3534 utrumque
1067 3462 1138 3516 ad
1184 3463 1464 3517 Joannem
1496 3462 1646 3514 inter
1677 3477 1812 3513 san-

145 3559 237 3606 ctus
264 3555 762 3625 archiepiscopum
795 3552 974 3623 ipsius
1006 3550 1176 3621 regias
1211 3551 1388 3616 urbis,
1419 3550 1576 3621 legit,
1615 3551 1678 3603 Et
1705 3550 1813 3604 Ca—

150 3640 394 3712 lonynus,
434 3640 786 3698 venerabilis
818 3641 1090 3694 diaconus
1127 3643 1181 3694 et
1211 3639 1486 3705 notarius,
1521 3655 1587 3692 ex
1625 3639 1816 3692 codice

147 3731 412 3800 epistolam
464 3732 548 3786 ad
598 3731 874 3786 Joannem
917 3734 1125 3783 sanctae
1172 3728 1464 3782 memoria:
1528 3726 1818 3797 archiepi-

147 3834 349 3889 scopum
383 3819 941 3890 IIierosolymorum,
976 3823 1031 3873 et
1055 3818 1129 3872 ad
1149 3817 1531 3888 Epiphaniam
1562 3817 1672 3888 pice
1697 3833 1820 3871 me—

147 3909 310 3964 moriae
360 3911 674 3982 Tyriorum
724 3909 1079 3979 episcopum,
1131 3906 1290 3976 legit.
1353 3907 1590 3976 Insuper
1645 3906 1820 3961 etiam

145 3997 410 4066 epistolam
471 4000 716 4054 missam
771 3998 840 4052 ab
862 3997 987 4068 ipso
1041 3998 1259 4052 Joanne
1294 3995 1820 4067 Hierosolymorum

145 4087 378 4159 episcopo
409 4095 470 4144 et
502 4089 729 4160 synodo
761 4103 864 4141 sua
922 4086 994 4142 ad
1040 4090 1299 4140 sanctum
1349 4088 1628 4142 Joannem
1661 4088 1818 4156 legit.

147 4176 561 4250 EtStephanus,
606 4176 950 4231 venerabilis
985 4176 1244 4230 notarius
1295 4180 1352 4230 et
1399 4175 1694 4243 diaconus,
1726 4193 1823 4230 re—

144 4263 387 4323 lationem
431 4270 679 4323 missam
709 4266 774 4320 ab
824 4265 1144 4336 Epiphanio
1177 4265 1343 4336 Tyrio
1389 4269 1446 4321 et
1474 4266 1689 4336 synodo
1722 4265 1824 4319 sub

147 4369 198 4407 eo
224 4364 568 4428 congregata
618 4356 778 4426 legit.
830 4357 895 4410 Et
932 4355 1140 4426 paulus
1189 4355 1532 4410 venerabilis
1575 4355 1788 4409 notariu

2010 4357 2142 4410 ὶτὴν
2180 4358 2307 4428 πρό-ς
2353 4354 2647 4426 Ἐπιφάνιον
2687 4354 2773 4404 τὸν
2813 4360 2904 4414 τῆς
2948 4351 3212 4424 θεοφιλοῦς
3251 4359 3502 4426 πνημνης,
3544 4361 3637 4415 τῆς

149 4449 192 4497 et
227 4446 494 4502 diaconus
542 4445 882 4502 relationem
944 4461 1076 4500 cum
1129 4445 1305 4516 gestis
1371 4445 1711 4500 destinatam
1759 4444 1828 4499 ab

151 4535 399 4608 episcopis
434 4534 712 4591 secundae
742 4534 917 4606 Syriae
969 4535 1038 4590 ad
1080 4534 1506 4590 sanctissimum
1550 4536 1830 4590 Joannem

151 4624 621 4699 archiepiscopum
680 4623 854 4695 regiae
911 4623 1114 4694 urbis;
1179 4639 1312 4696 qua:
1359 4624 1554 4681 omnia
1617 4624 1832 4680 inserta

149 4721 298 4770 tuere.

149 4805 374 4878 ητάριός,
433 4809 527 4857 καὶ
570 4801 833 4869 διάκονος,
890 4805 980 4861 τὴν
1030 4802 1307 4856 σταλεῖσαν
1354 4803 1615 4878 ἀναφοράν
1659 4807 1799 4879 παρὰ
1851 4805 2148 4877 Ἐπιφανίου
2199 4804 2479 4857 ἐπισκόπου
2527 4805 2793 4875 γενομένου
2832 4803 3023 4877 Τύρου,
3078 4805 3163 4854 καὶ
3213 4810 3304 4865 τῆς
3354 4802 3441 4855 ὑπ’
3492 4805 3645 4858 αὐτόν

1909 2479 2344 2540 ἐκκλησιαστικῆς
2375 2487 2530 2550 τιμῆς
2587 2477 2766 2546 ἀξίων,
2803 2481 2868 2529 τά
2904 2480 3030 2551 πρός
3075 2481 3163 2537 τὴν
3202 2481 3445 2532 ὑπόθεσιν
3483 2481 3603 2539 ἁνή-

1910 2589 2063 2622 κοντα
2092 2568 2420 2642 ἀρκεσθέντες
2463 2567 2799 2641 ἁντιγράψαι,
2836 2569 3065 2638 ἥσθημεν
3098 2567 3144 2618 ἐν
3176 2566 3331 2643 ἀνδρὶ
3360 2577 3450 2630 τῆς
3486 2573 3604 2641 ημε-

1911 2661 2058 2730 τέρας
2089 2656 2283 2717 τάξεως
2317 2659 2435 2713 ῖσην
2477 2654 2628 2716 ἀξίαν
2658 2660 2744 2706 καὶ
2775 2655 2961 2712 εὐλαϐῆ
3003 2659 3246 2730 πρόθεσιν
3285 2660 3420 2730 ημάς
3453 2660 3604 2732 εὑρη..

1913 2749 2070 2809 κέναι,
2114 2750 2200 2796 καὶ
2236 2747 2367 2816 μετὰ
2407 2752 2504 2795 τῶν
2534 2752 2628 2804 τῆς
2665 2743 2941 2817 πρεσϐείας
2982 2745 3209 2810 ἐντολῶν,
3252 2755 3314 2819 τῇ
3367 2753 3607 2820 φρονήσει

1913 2839 1998 2888 καὶ
2037 2843 2145 2895 τοῖς
2193 2840 2402 2906 τρόποις
2450 2833 2761 2903 συνᾴδοντα,
2806 2835 3060 2886 Εὐκτοιίον
3098 2837 3198 2909 γὰρ
3247 2843 3480 2909 πρᾶγμα,
3521 2841 3608 2886 καί

1915 2923 2101 2996 πλῆρες
2142 2929 2335 2995 χαράς,
2379 2924 2459 2972 ἵνα
2500 2919 2598 2973 ὦσι
2650 2926 2954 2995 κεκριμένως
3005 2921 3207 2996 δόκιμο,
3251 2924 3338 2985 οὓς
3379 2933 3470 2986 τῆς
3510 2943 3613 2976 κόι-

1916 3106 2077 3176 χειρὶ,
2115 3119 2141 3154 α
2172 3107 2229 3150 Ὁ
2271 3105 2368 3151 Θεό
2404 3120 2459 3151 σε
2498 3101 2616 3170 ὑγιῆ
2655 3097 2999 3173 διαφυλάττῃ,
3033 3101 3222 3173 ἁδελφὲ
3253 3109 3550 3174 τιμιώτατε.
3584 3125 3612 3153 )›

1988 3197 2044 3240 Ὁ
2093 3191 2382 3261 ἁγιώτατος
2431 3189 2850 3263 ἁρχιεπίσκοπος
2901 3189 3027 3242 εἷπε·
3079 3199 3185 3244 Νῦν
3221 3197 3308 3243 καὶ
3353 3195 3399 3243 οἱ
3451 3195 3618 3244 θεοσε-

1921 3281 2161 3333 ϐέστατοι
2192 3281 2422 3353 νοτάριοι
2452 3287 2544 3340 τῆς
2578 3280 2874 3352 ἁγιωτάτης
2914 3283 3058 3354 ἡμων
3089 3279 3390 3350 ἐκκλησίας,
3416 3285 3459 3334 εἴ
3487 3284 3618 3343 τινές

1923 3370 2024 3421 εἰσι
2061 3370 2185 3443 παρ’
2217 3369 2392 3430 αὐτοῖς
2433 3371 2632 3443 ’χάρται
2672 3375 2764 3428 τὴν
2802 3378 3070 3445 παροῦσαν
3110 3373 3321 3444 ὁρῶντες
3351 3373 3616 3438 ὑπόθεσιν,

1926 3457 2116 3520 δήλους
2138 3462 2260 3531 ἡμῖν
2281 3459 2497 3521 τούτους
2518 3464 2850 3514 ποιείτωσαν.
2878 3482 2904 3509 )›
2933 3464 3032 3512 Καὶ
3053 3463 3503 3535 προκομισθὲντων
3523 3468 3622 3513 τῶν

1924 3557 2136 3622 ’χαρτὼν
2169 3545 2261 3600 διὰ
2303 3546 2489 3621 Κοσμᾶ
2525 3557 2616 3601 τοῦ
2650 3548 3050 3601 θεοσεϐεστάτου
3094 3547 3334 3603 διακόνου
3361 3555 3621 3626 νοταρίου,

1924 3643 2011 3690 καὶ
2060 3638 2479 3712 χαρτοςνύλακος,
2533 3638 2820 3711 Μακάριος,
2865 3641 2890 3690 ὁ
2936 3639 3332 3702 θεοσεϐέστατος
3384 3638 3626 3702 διάκονος

1927 3732 2016 3780 καὶ
2056 3727 2290 3801 νοτάριος
2332 3729 2416 3779 τόν
2456 3725 2511 3777 ἐκ
2551 3732 2832 3801 προσώπου
2864 3727 2964 3780 τῶν
3005 3729 3335 3792 Θεουπόλεως
3373 3729 3628 3804 κληρικῶν

1928 3816 2174 3881 λίϐελλον,
2225 3821 2311 3867 καὶ
2358 3821 2450 3874 τὴν
2490 3814 2747 3891 ἀναφορὰν
2803 3825 2896 3879 τῆς
2958 3815 3288 3890 ἐνδημόύσης
3347 3827 3630 3878 τηνικαῦτα

1932 3915 1994 3978 τῇ
2032 3901 2276 3979 βκσιλίδι
2316 3905 2458 3957 πόλει
2491 3902 2715 3957 συνόδου
2755 3905 3018 3980 ἀμφότερα
3060 3908 3187 3980 πρὸς
3231 3909 3320 3959 τόν
3367 3907 3416 3959 ἐν
3463 3908 3631 3979 ἁγίοις

1930 3997 2171 4053 Ἰωάννην
2219 3994 2637 4068 ἁρχιεπίσκοπον
2684 4000 2946 4067 γενόμενον
2998 4003 3092 4056 τῆς
3141 3996 3300 4057 αὐτῆς
3351 3995 3631 4068 βασιλίδος

1931 4085 2125 4146 πόλεως
2158 4084 2368 4156 ἀνέγνω,
2414 4089 2499 4135 καὶ
2542 4083 2851 4156 Καλώνυμος
2893 4086 2917 4135 ό
2956 4083 3352 4146 θεοσεϐέστατος
3393 4082 3633 4147 διάκονός

1933 4178 2020 4227 καὶ
2059 4177 2293 4248 νοτάριος
2328 4173 2428 4226 ἀπὸ
2465 4171 2678 4235 κόδικος
2706 4175 2796 4231 τὴν
2838 4173 2970 4246 πρὸς
3005 4173 3239 4230 Ἰωάννην
3260 4177 3344 4224 τόν
3373 4176 3633 4237 τῆςόσίας

1934 4284 2146 4338 μνημης
2185 4263 2603 4338 ἁρχιεπίσκοπον
2634 4266 2894 4336 γενόμενον
2942 4261 3306 4336 Ἰεροσολύμων
3339 4263 3632 4332 ἐπιστολὴν,

1939 4448 2141 4519 Τυρίων
2184 4445 2449 4517 γενόμενον
2505 4443 2785 4496 ἐπίσκοπον
2850 4441 3060 4513 ἀνέγνω,
3123 4444 3194 4494 ἔτι
3250 4448 3350 4516 μην
3409 4447 3495 4494 καὶ
3551 4447 3644 4501 την

1940 4537 2261 4606 πεμφθεῖσαν
2303 4535 2400 4585 ὑπό
2430 4554 2484 4586 τε
2516 4533 2676 4585 αὑτοῦ
2720 4536 2955 4584 Ἰωάννου
2989 4536 3078 4584 τοῦ
3114 4541 3203 4594 τῆς
3230 4532 3646 4608 Ἱεροσολυμιτῶν

1940 4623 2246 4687 ἐπισκόπου,
2290 4627 2376 4676 καὶ
2424 4631 2515 4685 τῆς
2569 4624 2654 4675 ὑπ’
2705 4622 2857 4674 αὐτόν
2897 4619 3142 4691 συνόδου,
3181 4626 3302 4699 πρὸς
3346 4626 3428 4675 τόν
3475 4622 3644 4696 ἁγίοις

1939 4717 2173 4773 Ἰωάννην
2205 4713 2478 4770 ἐπιστολὴν
2522 4713 2730 4784 ἀνέγνω,
2775 4716 2861 4764 καὶ
2901 4716 3202 4785 Στέφανοςό
3247 4713 3643 4777 θεοσεϐέστατος

149 4891 345 4946 συνόδου
376 4894 601 4966 ἀνέγνω,
647 4899 734 4946 καὶ
776 4893 978 4955 Παῦλος
1006 4896 1047 4961 τό
1095 4892 1491 4955 θεοσεϐέστατος
1538 4896 1770 4969 νοτάριος
1802 4898 1887 4946 καὶ
1937 4891 2198 4964 διάκονος,
2241 4896 2328 4952 τὴν
2373 4893 2647 4946 σταλεῖσαν
2683 4891 2940 4967 ἀναφοράν
2983 4895 3075 4944 σὺν
3116 4897 3220 4954 τοῖς
3269 4897 3641 4967 πεπραγμένοις

151 4987 232 5033 απὸ
275 4994 367 5035 τῶν
412 4984 717 5036 ἐπισκόπων
768 4988 952 5058 Συρίας
1003 4979 1266 5057 δευτέρας,
1316 4984 1443 5057 πρός
1492 4987 1576 5036 τόν
1632 4981 1681 5036 ἐν
1721 4983 1888 5056 ἁγίοις
1927 4986 2162 5042 Ἰωάννην
2204 4985 2464 5056 γενόμενον
2503 4981 2919 5055 ἁρκιεπίσκόπον
2968 4990 3060 5044 τῆς
3102 4979 3382 5054 βασιλίδος
3429 4983 3646 5049 πόλεως,

151 5070 177 5121 οἱ
201 5092 302 5126 τινα
340 5076 634 5146 σύμπαντα
673 5077 756 5126 καὶ
790 5069 1105 5127 ἐντέτακται.

274 5283 540 5329 JCSTISI
615 5284 1060 5326 IMPERATORIS
1123 5283 1204 5324 AD
1265 5283 1675 5325 HORMISDAM.

155 5376 360 5432 Paul-um
398 5377 801 5433 Antiochenam
839 5376 902 5430 de
941 5375 1266 5444 quibusdam
1298 5381 1608 5430 accusatum
1635 5378 1836 5446 episco-

561 5454 697 5517 patu
727 5463 781 5503 se
809 5447 1087 5503 abdzcnsse
1115 5449 1391 5516 signiﬁcat
1415 5488 1426 5502 .

216 5538 471 5596 Justinus
507 5539 863 5608 Augustinus
896 5537 1206 5592 llormisdm
1233 5553 1419 5609 papae.

503 5638 780 5706 PATR'OL.
833 5638 1053 5706 LXIII.

2033 5182 2100 5235 Ut
2150 5179 2303 5251 quod
2362 5179 2423 5233 in
2472 5179 2646 5233 Paulo
2707 5177 2823 5232 viro
2880 5177 3357 5234 reverendissimo
3417 5177 3656 5249 contigit

1956 5269 2304 5341 apostolatui
2349 5273 2531 5323 vestro
2577 5269 2838 5340 pateﬁat;
2872 5268 2972 5340 qui
3023 5267 3339 5323 sacerdotio
3380 5268 3654 5338 praeditus

1955 5359 2329 5415 Antiochence
2353 5358 2616 5420 civitatis,
2663 5359 2745 5412 ita
2774 5364 3025 5412 versatus
3041 5373 3162 5413 esse
3188 5356 3395 5412 dicitur
3419 5357 3480 5412 in
3510 5359 3658 5414 mul-

1957 5448 2028 5503 tis
2057 5449 2240 5503 causis
2295 5466 2422 5519 quae
2463 5446 2745 5520 religiosis
2795 5445 2996 5500 aliena:
3045 5449 3176 5500 sunt
3234 5445 3535 5517 episcopis,
3596 5454 3660 5504 ut

1957 5538 2298 5595 clericorum
2354 5555 2590 5596 suorum
2648 5535 2995 5610 proditione,
3037 5535 3426 5590 habitatorum
3490 5537 3661 5593 etiam

3229 5642 3308 5698 17
