3996 6170
424 292 526 344 5‘23
1880 284 2023 340 HOR

2220 288 2261 341 E
2303 287 2496 342 PAP/E
3787 295 3869 345 5'24

420 420 584 477 dictas
616 417 881 485 civitatis,
915 417 1161 472 aliorum
1192 416 1428 484 insuper
1463 414 1853 483 frequentium
1884 416 2107 469 incusa-
2146 420 2191 471 A
2223 421 2327 483 tes,
2359 432 2533 488 quam
2569 416 2680 471 cito
2715 416 2781 470 ad
2835 432 2939 470 nos
2966 415 3252 469 destinare
3296 415 3633 487 dignemini,
3663 426 3718 473 ut
3746 438 3865 491 prae-

420 514 598 575 retur,
628 525 747 563 non
776 511 998 562 tantum
1020 505 1224 577 legatis
1248 510 1447 558 vestrae
1476 503 1870 558 sanctitudinis
1916 505 1975 559 in
2005 505 2109 559 hac
2218 507 2394 559 sentis
2463 522 2647 560 causa:
2717 505 2885 574 (sicut
2941 521 3090 575 saepe
3140 504 3484 576 scripsimus)
3536 507 3605 561 sit
3664 511 3861 565 caeleste

419 600 577 671 regia
606 597 803 670 positis
844 597 982 650 urbe
1027 596 1113 664 (ut
1162 595 1313 664 ipsos
1352 610 1583 664 quoque
1629 594 1873 648 retinere
1915 611 2109 649 cense-
2219 597 2442 649 lucrum
2475 596 2560 649 his
2588 595 2687 665 qui
2728 596 2786 647 in
2809 595 3098 648 celeritate
3147 602 3280 647 sunt
3338 596 3505 649 bona:
3549 600 3870 653 correctionis

417 687 595 758 mus),
644 701 841 740 verum
875 690 1003 755 post
1038 699 1239 737 eorum
1266 699 1593 745 recessum;
1628 684 1728 754 qui
1770 684 1934 738 mala).
1970 700 2107 737 con-
2219 680 2499 749 auctores,
2556 684 2881 738 beatissime
2930 688 2985 736 ct
3032 684 3385 737 sanctissime
3430 684 3617 738 frater.
3660 686 3863 741 Omnem

418 776 665 831 scientiae
720 790 839 828 sua;
878 772 1209 827 testimonio
1257 772 1470 827 veritus
1515 773 1752 842 insuper
1800 790 1891 838 ne,
1950 788 2108 842 quaa-
2222 788 2350 843 quas
2381 777 2464 825 est
2485 788 2615 826 cum
2648 778 2745 826 tua
2775 772 3127 826 beatitudine
3159 772 3216 824 in
3247 772 3472 826 Christo
3494 773 3869 829 fraternitatem

419 867 605 920 stione
636 863 851 931 habita,
883 862 1207 933 graviorem
1238 861 1483 915 formam
1515 864 1696 916 exitus
1730 863 1814 915 rei
1847 865 2109 931 posceret
2219 877 2325 914 nos
2357 866 2412 915 et
2437 862 2535 931 qui
2567 861 2861 915 nobiscum
2898 868 3030 913 sunt
3054 862 3251 914 multis
3284 861 3597 916 salutamus
3623 865 3785 917 annis.

417 958 767 1008 recusatores
812 951 1040 1005 libellos
1078 951 1303 1017 obtulit,
1338 956 1401 1004 ut
1449 952 1644 1005 liceret
1678 952 1733 1004 ei
1778 952 2047 1005 secedere
2078 968 2111 1004 a
2742 951 2763 971 "
2800 950 3133 1005 EPISTULA
3174 950 3390 1004 LXXXI.

416 1048 675 1114 suscepto
725 1042 891 1111 (sicut
921 1041 1137 1094 dictum
1170 1040 1277 1109 est)
1327 1041 1684 1111 episcopatus
1724 1040 1940 1105 officio;
1974 1056 2111 1110 quo-
2418 1055 2495 1093 AD
2537 1048 2562 1073 ³
2604 1054 2929 1094 REMIGIUM
2981 1053 3291 1093 annonem
3351 1053 3716 1095 EPISCOPUM.

416 1133 571 1187 niam
597 1131 772 1202 igitur
800 1130 959 1184 cordi
989 1129 1155 1183 nobis
1181 1135 1265 1183 est
1303 1134 1359 1182 et
1392 1129 1501 1181 fuit
1551 1134 1614 1183 ut
1647 1145 1874 1199 semper
1920 1129 2111 1181 civita-
2230 1130 2380 1182 Vices
2425 1144 2554 1182 suas
2598 1130 2681 1183 illi
2724 1130 2949 1197 deputat
2998 1133 3055 1181 in
3093 1144 3256 1195 regno
3298 1128 3544 1184 Clodovei
3584 1132 3867 1184 Francorum

415 1229 541 1277 tum
577 1221 854 1275 antistites
881 1219 941 1273 in
972 1234 1164 1272 amore
1196 1218 1309 1271 sint
1338 1218 1597 1271 omnium
1627 1219 1940 1284 communi,
1975 1233 2113 1288 quo-
2612 1222 2759 1285 regis
2788 1233 2963 1285 nuper
3000 1217 3075 1270 ad
3097 1217 3257 1285 ﬁdem
3288 1221 3531 1271 conversi

413 1323 545 1363 rum
618 1307 897 1378 regendas
972 1312 1310 1376 acceperunt
1377 1307 1617 1374 animas,
1666 1308 1874 1361 Paulus
1918 1312 2112 1361 autem
2295 1306 2678 1360 Dilectissimo
2708 1307 2869 1359 fratri
2900 1306 3183 1372 Remigio,
3216 1305 3540 1359 Hormisda.

415 1396 930 1452 reverendissimus
983 1397 1134 1449 ultro
1190 1412 1247 1449 se
1296 1396 1363 1450 de
1398 1412 1499 1449 suo
1533 1396 1724 1466 (prout
1770 1396 2114 1450 memoravi—
2302 1394 2685 1465 Suscipientes
2738 1396 2907 1465 plena
2964 1395 3337 1449 fraternitatis
3397 1401 3511 1449 tuae
3559 1398 3870 1467 congratula-

417 1487 566 1557 mus)
598 1485 877 1540 abdicavit
898 1485 1231 1551 sacerdotio,
1261 1490 1603 1554 praesentem
1627 1485 1924 1555 epistolam
1955 1485 2115 1539 duxi-
2228 1485 2379 1538 tione
2411 1484 2718 1555 colloquia,
2779 1485 2988 1554 quibus
3042 1501 3143 1538 nos
3204 1500 3497 1552 germana:
3548 1486 3731 1539 salutis
3779 1491 3867 1539 tua:

416 1592 544 1629 mus
569 1574 954 1645 dirigendam,
987 1578 1047 1627 ut
1095 1574 1256 1627 vobis
1287 1574 1597 1643 aperiatur,
1650 1580 1707 1627 et
1755 1574 2109 1627 orationibus
2225 1574 2534 1626 laetiﬁcavit
2564 1574 2796 1639 indicio,
2824 1574 3108 1643 corporali
3148 1590 3277 1627 cum
3302 1573 3687 1644 spiritualibus
3711 1575 3874 1627 oﬂiciis

418 1663 670 1735 propriis
701 1664 927 1717 caeleste
960 1661 1125 1716 nobis
1156 1662 1487 1731 praesidium
1522 1662 1791 1732 dignetur
1821 1662 2115 1732 acquirere
2153 1721 2193 1735 ἣ
2225 1663 2623 1715 incolumitate
2673 1662 2933 1729 subnixa,
2982 1679 3299 1732 congruum
3358 1679 3481 1715 esse
3529 1664 3872 1733 perspeximus

422 1754 561 1807 Data
593 1751 844 1806 calendis
897 1751 1072 1817 Maiis,
1122 1751 1635 1821 Constantinopoli,
1688 1752 2010 1805 Justiniauo
2061 1756 2117 1805 et
2153 1721 2369 1805 Bhanc
2425 1751 2609 1820 ipsam
2666 1767 2841 1820 quam
2894 1757 3086 1803 mente
3141 1752 3400 1820 gerimus
3462 1752 3637 1804 verbis
3689 1752 3871 1820 aperire

419 1840 641 1895 Valerio
667 1839 1144 1894 virisclarissimis
1165 1839 1688 1909 consulibustanno
1712 1841 1939 1895 Domini
1972 1842 2112 1909 521).
2224 1839 2503 1893 laetitiam.
2562 1838 2697 1908 Agis
2744 1840 2897 1892 enim
2954 1840 3165 1891 summi
3218 1838 3565 1892 documenta
3608 1839 3867 1908 pontiﬁcis,

1123 1965 1421 2019 RELATIO
2225 1929 2364 1982 dum
2392 1932 2448 1982 et
2481 1928 2846 2019 praedicanda
2874 1928 3028 2019 facis,
3061 1935 3197 1981 etea
3222 1928 3517 1981 insinuare
3548 1944 3655 1981 non
3692 1928 3866 1980 differs.

2224 2018 2669 2087 Praerogativam
2708 2018 2887 2087 igitur
2917 2017 2985 2070 de
3026 2019 3207 2070 nostri
3243 2018 3593 2087 sumpsimus
3637 2016 3868 2071 electione

2217 2106 2441 2177 judicii,
2472 2106 2699 2177 quando
2732 2107 2789 2159 id
2820 2112 3121 2176 operatum
3154 2111 3206 2159 te
3247 2121 3371 2160 esse
3404 2107 3712 2169 didicimus,
3743 2106 3865 2176 quod

756 2180 960 2234 Eadem
982 2195 1101 2248 qum
1122 2181 1179 2233 in
1204 2178 1474 2249 superiori
1497 2182 1765 2250 epistola..

2221 2196 2437 2250 caeteris
2472 2196 2760 2265 agendum
2802 2196 3063 2249 obnixius
3090 2195 3467 2264 imperamus,
3503 2201 3561 2249 ut
3589 2195 3644 2248 in
3675 2212 3866 2265 provin-

490 2288 597 2340 Per
622 2284 817 2339 omnia
847 2285 1206 2339 sanctissimo
1234 2302 1298 2339 ac
1328 2285 1659 2339 beatissimo
1693 2286 1925 2340 domino
1954 2285 2117 2339 fratri
2224 2284 2324 2336 ciis
2370 2289 2525 2337 tanta
2598 2284 3014 2353 longinquitate
3070 2283 3391 2352 disjuuctis,
3465 2289 3521 2337 et
3588 2284 3864 2353 apOsiUlicw

424 2381 481 2430 et
509 2377 1018 2431 comministratori
1059 2376 1378 2431 Hormisdaz
1414 2375 1763 2445 Epiphanius
1794 2376 2111 2447 episcopus.
2225 2373 2373 2426 sedis
2408 2374 2681 2442 vigorem,
2727 2379 2783 2425 et
2826 2374 3060 2426 Patrum
3105 2372 3321 2441 regulis
3371 2373 3596 2427 studeas
3645 2372 3867 2426 adhibere

492 2466 932 2536 Frequentiores
980 2466 1215 2535 quidem
1260 2465 1480 2518 litteras
1514 2464 1697 2519 facere
1752 2465 1819 2518 ad
1873 2469 2117 2519 vestram
2224 2462 2556 2516 custodiam.
2608 2461 2767 2514 Vices
2808 2460 3002 2531 itaque
3049 2466 3272 2514 nostras
3310 2478 3417 2531 per
3448 2477 3682 2531 regnum
3712 2460 3866 2515 dilecti

421 2554 837 2609 beatitudinem
872 2558 928 2607 et
966 2553 1078 2607 frui
1120 2553 1322 2607 affectu
1360 2554 1627 2607 fraterna:
1670 2554 1917 2607 caritatis
1956 2560 2116 2624 opta-
2226 2556 2282 2605 et
2324 2551 2633 2621 spiritualis
2675 2551 2779 2603 filii
2829 2551 3007 2603 nostri
3051 2550 3336 2616 Clodovei,
3384 2568 3556 2621 quem
3583 2566 3765 2619 nuper,
3799 2548 3870 2601 ad-

422 2659 568 2697 mus.
590 2645 751 2697 Nunc
772 2647 963 2697 autem
984 2659 1050 2695 ea
1067 2658 1195 2712 quin
1220 2642 1845 2713 eveneruntcupientes
1868 2648 2113 2697 vestram
2226 2642 2600 2694 miniculante
2632 2656 2878 2710 superna
2904 2641 3107 2709 gratia,
3141 2639 3413 2709 plurimis
3445 2644 3500 2694 et
3526 2640 3867 2710 apostolorum

422 2732 857 2786 sanctimoniam
908 2748 1025 2785 non
1074 2733 1272 2800 latere,
1337 2732 1716 2802 praesentibus
1773 2732 1856 2785 usi
1920 2748 2117 2786 sumus
2226 2730 2581 2800 temporibus
2615 2729 3041 2800 aequiparandis
3073 2729 3374 2799 signorum
3406 2729 3683 2784 miraculis
3702 2726 3869 2798 prsidi-

423 2821 668 2890 scriptis.
701 2821 889 2875 Multis
941 2819 1095 2874 enim
1131 2826 1186 2873 et
1229 2836 1345 2874 non
1392 2837 1564 2891 parvo
1610 2820 1794 2891 spatio
1841 2820 2116 2889 temporis
2226 2821 2507 2873 catiouem
2539 2819 2892 2873 salutiferam
2925 2820 3466 2886 concomitantibus,
3500 2821 3567 2873 ad
3598 2819 3748 2873 ﬁdem
3768 2832 3867 2869 cum

423 2909 953 2979 perturbationibus
982 2909 1296 2964 Antiochiae
1320 2910 1622 2963 maximam
1647 2909 1955 2973 civitatem,
1984 2925 2115 2979 quas
2227 2912 2395 2979 gente
2428 2910 2652 2981 integra
2677 2910 3023 2976 convertisti,
3076 2915 3131 2963 et
3176 2909 3321 2963 sacri
3367 2910 3518 2963 dono
3567 2908 3867 2978 baptismatis

424 3002 507 3050 est
536 2998 595 3049 in
627 2996 853 3051 diuecesi
896 2997 1174 3051 Orientali
1205 2998 1410 3065 prima,
1445 2996 1964 3063 circumstantibus,
2012 2997 2114 3048 sub
2157 3028 2195 3081 (ι)
2228 3000 2585 3067 consecrasti,
2657 3000 2823 3053 salvis
2889 2998 3204 3070 privilegiis
3266 3015 3397 3070 quae
3468 2994 3869 3069 metropolitanis

423 3085 720 3138 occasione
752 3086 887 3154 quia
918 3086 1127 3139 Paulus
1150 3085 1409 3139 amabilis
1437 3086 1551 3139 Deo
1585 3086 1974 3155 episcopatum
2000 3100 2116 3137 me-
2230 3088 2479 3143 decrevit
2525 3088 2855 3159 antiquitas,
2917 3088 3185 3158 prmsenti
3231 3088 3564 3143 auctoritate
3611 3083 3866 3140 committi-

421 3178 661 3226 moratas
692 3173 892 3227 habuit
932 3174 1193 3239 civitatis,
1229 3181 1285 3225 et
1328 3174 1525 3227 multis
1560 3174 1715 3226 urbis
1746 3174 1924 3243 ipsius
1956 3174 2116 3227 habi-
2228 3194 2356 3232 mus
2386 3195 2396 3230 :
2438 3182 2710 3249 augentes
2736 3177 2907 3231 studii
2937 3178 3109 3248 hujus
3139 3178 3581 3248 participatione
3611 3171 3865 3230 ministerii

421 3262 725 3327 tatoribus,
765 3261 911 3314 sicut
953 3262 1221 3315 dixerunt
1268 3262 1464 3331 aliqui,
1499 3278 1530 3314 a
1575 3263 1852 3315 catholica
1880 3278 1999 3314 sese
2030 3278 2116 3315 se-
2229 3266 2587 3337 dignitatem,
2620 3269 2938 3322 relevantes
2978 3272 3199 3321 nostras
3232 3268 3494 3337 ejusdem
3525 3265 3755 3321 remedio
3780 3262 3864 3314 dis-

419 3349 773 3421 parantibus,
827 3355 881 3402 et
931 3350 1183 3403 assiduas
1223 3350 1716 3419 interpellationes
1766 3351 2118 3420 tranquillis-
2227 3357 2579 3426 pensationis
2631 3358 2912 3411 excubias.
2966 3358 3029 3410 Et
3058 3356 3189 3410 licet
3226 3356 3295 3410 de
3333 3356 3577 3427 singulis
3620 3370 3724 3408 non
3752 3349 3866 3405 indi-

422 3440 566 3491 simo
597 3442 653 3491 et
686 3437 1018 3491 ﬁdelissimo
1068 3438 1316 3507 principi
1368 3443 1563 3491 nostro
1596 3439 2011 3508 ingerentibus,
2066 3443 2119 3494 et
2228 3460 2361 3514 geas
2400 3447 2644 3515 edoceri,
2667 3462 2699 3499 a
2724 3448 2977 3516 quojam
3005 3446 3368 3516 probavimus
3406 3446 3624 3499 acutius
3655 3443 3868 3499 universa

422 3543 623 3581 eorum
656 3542 785 3597 quae
816 3526 875 3579 in
924 3526 1349 3579 accusationem
1389 3526 1745 3581 ducebantur
1788 3528 2116 3598 inquisitio-
2230 3537 2460 3602 servari,
2519 3538 2736 3607 gratius
2771 3544 2964 3590 tamen
3021 3553 3141 3590 esse
3192 3537 3355 3601 solet,
3404 3537 3451 3589 si
3500 3536 3656 3589 ituris
3701 3540 3868 3586 trames

420 3631 554 3671 nem
604 3614 1059 3685 supplicantibus
1107 3614 1231 3669 ﬁeri
1266 3616 1649 3670 manifesta!“-
1692 3617 1830 3681 Ουω
1884 3618 2117 3688 quidem
2230 3625 2571 3691 ostenditur,
2602 3631 2659 3679 et
2688 3625 3033 3680 laboraturis
3060 3625 3303 3695 injuncti
3328 3626 3519 3695 operis
3549 3625 3719 3679 forma
3744 3634 3868 3675 mon-

419 3703 654 3758 initium
686 3703 827 3757 olim
860 3708 1248 3773 sumpserunt,
1282 3703 1425 3757 sicut
1468 3720 1569 3757 nec
1599 3705 1842 3759 directos
1872 3722 1905 3758 a
1932 3712 2119 3759 vestra
2230 3719 2460 3767 stratur.
2498 3717 2767 3769 Paternas
2805 3716 2982 3784 igitur
3013 3714 3240 3784 regulas
3284 3719 3340 3769 et
3372 3716 3598 3769 decreta
3626 3708 3867 3765 sanctissi-

419 3792 716 3846 sanctitate
748 3794 862 3845 Deo
909 3792 1183 3845 amabiles
1230 3793 1450 3862 legatos
1490 3792 1675 3860 latuit,
1708 3810 1840 3847 cum
1871 3795 1929 3847 in
1960 3796 2119 3863 regia
2228 3803 2337 3855 mis
2369 3802 2616 3857 difﬁnita
2661 3803 2894 3857 concitis
2924 3804 2994 3857 ab
3049 3804 3313 3857 omnibus
3346 3803 3623 3857 servanda
3670 3796 3868 3853 manda-

417 3881 695 3951 degerent
721 3880 965 3947 civitate,
1008 3885 1380 3947 agnoscentes
1424 3898 1596 3952 super
1637 3883 1727 3936 his
1759 3884 1975 3947 omnia,
2004 3885 2030 3936 Β

2229 3908 2377 3947 mus.
2404 3893 2469 3945 In
2484 3892 2572 3947 his
2590 3892 2947 3963 vigilantiam
2967 3898 3144 3959 tuam,
3172 3892 3229 3945 in
3252 3893 3341 3946 his
3361 3909 3558 3947 curam
3576 3900 3628 3945 et
3645 3890 3865 3943 fraterna

419 3974 677 4025 moratus
706 3985 843 4039 ergo
877 3969 1137 4023 amabilis
1173 3972 1287 4023 Deo
1323 3970 1528 4024 Paulus
1573 3972 1840 4041 prodesse
1872 3972 1978 4027 sibi
2010 3973 2119 4027 hoc
2230 3981 2450 4034 monita
2520 3981 2934 4035 exhortationis
2995 3982 3369 4036 ostendimus,
3428 3983 3525 4036 [iis
3580 3998 3642 4035 ea
3693 3982 3868 4048 quanta

421 4058 885 4127 existimans,per
935 4058 1156 4111 libellos
1209 4059 1473 4128 proprios
1519 4060 1832 4129 designata:
1877 4061 2117 4115 civitatis
2229 4068 2469 4139 dignum
2520 4071 2955 4125 estrevorentm
3006 4072 3317 4138 custoditis,
3364 4073 3587 4125 nullum
3641 4064 3869 4134 relinquit

420 4147 807 4201 desertionem
857 4150 914 4199 et
967 4146 1331 4216 episcopatus
1382 4148 1589 4217 Elegit,
1626 4154 1682 4202 et
1734 4150 2118 4204 universalem
2228 4158 2409 4227 culpa:
2456 4159 2644 4211 locum
2697 4164 2901 4213 sancta;
2949 4159 3356 4214 observationis
3400 4159 3756 4214 obstaculum.
3804 4150 3868 4205 lbi

421 4236 697 4307 quietem,
733 4238 789 4288 et
818 4253 849 4288 a
881 4236 1067 4288 causis
1110 4236 1509 4289 alienationem
1542 4253 1599 4290 se
1646 4238 1917 4306 praeferre
1955 4254 2118 4291 mon-
2229 4244 2311 4296 fas
2359 4244 2632 4315 nefasque
2684 4248 3082 4317 praescriptum
3149 4253 3250 4316 est,
3302 4248 3382 4301 ibi
3435 4247 3769 4319 prohibitum
3817 4238 3869 4291 ad

415 4325 634 4379 stravit.
674 4324 812 4388 Quae
858 4323 1053 4377 omnia
1102 4329 1157 4377 et
1188 4325 1490 4378 amabilem
1532 4326 1751 4379 Christo
1792 4327 2109 4397 principem
2156 4370 2195 4422 Ο
2229 4334 2381 4402 quod
2431 4336 2621 4388 nullus
2676 4338 2885 4390 audeat
2929 4338 3202 4407 aspirare,
3262 4337 3340 4391 ibi
3384 4351 3705 4392 concessum
3746 4326 3867 4402 quod

416 4417 674 4466 nostrum
720 4413 1022 4466 manifesta
1068 4412 1402 4465 reverentiae
1464 4420 1665 4466 vestras
1717 4414 1912 4467 fecisse
1960 4415 2113 4469 novi-
2157 4412 2193 4422 υ
2225 4422 2424 4475 debeat
2456 4424 2569 4477 Deo
2610 4424 2887 4493 placitura
2918 4442 3285 4495 praesumere.
3328 4427 3598 4490 Quotiens
3634 4424 3865 4477 universa

415 4518 542 4555 mus
576 4518 588 4554 :
623 4501 722 4554 sed
751 4517 903 4553 nunc
929 4501 1197 4554 omnibus
1229 4501 1419 4555 nosbis
1450 4502 1778 4571 pretiosius,
1814 4509 1868 4556 et
1892 4504 1961 4557 de
1995 4520 2108 4574 quo
2222 4512 2405 4579 poscit
2434 4512 2733 4581 religionis
2780 4530 2949 4568 causa
2998 4515 3329 4584 concilium,
3374 4521 3430 4569 te
3480 4514 3658 4569 cuncti
3705 4512 3866 4564 fratres

416 4590 660 4643 maxime
690 4589 955 4643 noctibus
1004 4594 1059 4643 et
1104 4590 1304 4644 diebus
1334 4589 1549 4643 bonum
1584 4593 1853 4646 nuntium
1900 4593 1968 4647 de
2018 4593 2108 4647 his
2221 4606 2514 4669 evocante,
2583 4604 2945 4671 conveniant,
3006 4610 3063 4657 et
3104 4605 3151 4657 si
3210 4620 3351 4674 quos
3401 4621 3603 4658 eorum
3652 4597 3865 4671 specialis

414 4677 512 4747 qui
534 4678 604 4729 ab
634 4677 1024 4731 amantissimo
1069 4678 1329 4747 principe
1360 4683 1415 4731 et
1450 4695 1481 4731 a
1520 4680 1684 4732 nobis
1729 4681 1929 4735 directi
1978 4687 2111 4736 sunt
2220 4690 2438 4759 negotii
2477 4692 2666 4759 pulsat
2696 4692 2961 4760 intentio,
2998 4693 3192 4763 jurgia
3220 4694 3384 4761 .inter
3415 4710 3511 4748 eos
3539 4693 3725 4746 oborta
3746 4701 3865 4741 com-

414 4766 484 4819 δά
516 4769 761 4819 “suam
810 4766 1227 4821 beatimdinem
1266 4769 1384 4822 D90
1417 4769 1692 4823 amabiles
1736 4770 1927 4839 Ιεείιῐί,
1966 4772 2107 4824 ami-
2220 4796 2405 4849 posce,
2440 4780 2691 4833 discussa
2736 4798 2892 4835 sacra
2937 4783 3061 4851 lege
3107 4783 3543 4836 determinando
3576 4778 3860 4836 certamina.

411 4870 536 4907 cam
572 4854 684 4907 Deo
716 4870 916 4923 pacem
957 4856 1305 4923 nuntiantes.
1343 4862 1397 4911 et
1428 4859 1621 4912 omnia
1651 4860 2103 4928 pulchritudine,
2218 4868 2504 4939 Quidquid
2534 4875 2726 4923 autem
2753 4870 2869 4923 illic
2897 4887 3002 4940 pro
3035 4871 3145 4925 ﬁde
3166 4877 3221 4925 et
3251 4873 3487 4925 veritate
3515 4870 3863 4925 constitutum,

409 4942 613 4996 decora
642 4942 919 4997 unitatem
965 4951 1291 4999 sanctarum
1346 4947 1722 5001 Ecclesiarum
1766 4948 2110 5003 annuntian-
2218 4959 2303 5012 vel
2349 4958 2585 5027 provida
2636 4960 3058 5030 dispensatione
3104 4966 3478 5031 praeceptum,
3520 4961 3607 5015 vel
3645 4968 3865 5029 persona).

512 2086 853 2128 ΕΡΙΡΗΑΝΙΙ
904 2086 1191 2127 EPISCOPI
1239 2087 2030 2129 CONSTANTINOPOLITANI.

408 5090 437 5124 ⁸
459 5082 936 5125 οθεεηνΑΤῙΟΡ·
966 5085 1951 5159 ΑΝΤΟΝΠΡΑῼῙᾹυΑΝΝ·εΗΗῙ5ΤΙ
1978 5076 2102 5141 514,
2217 5090 2406 5138 catum
2462 5087 2780 5141 Romanum
2815 5088 3078 5159 suscepit,
3110 5092 3400 5159 acceptam
3446 5090 3637 5143 refert.
3669 5087 3733 5139 At
3761 5094 3861 5135 cum

1127 5158 1286 5196 NUM-
1329 5164 1381 5194 θα
2217 5162 2435 5209 certum
2486 5159 2560 5211 sit
2612 5160 2925 5213 Clodovcum
2980 5158 3045 5213 ad
3108 5158 3427 5213 Hormisdze
3473 5166 3860 5229 temporalium

479 5228 816 5283 Hincmarus
844 5229 905 5303 in
934 5230 1055 5303 Vita
1088 5231 1534 5303 sanctiRemigii
1573 5232 1825 5303 episcopi
1859 5235 2101 5288 Remen-
2214 5230 2565 5303 pervenisse,
2620 5239 2846 5300 sumpta
2903 5231 3036 5303 inde
3085 5233 3156 5303 ab
3203 5232 3491 5301 aliquibus
3540 5226 3670 5303 viris
3716 5226 3862 5279 docti»g

407 5301 503 5366 sis,
548 5306 855 5375 postquam
892 5300 1106 5375 bellum
1150 5300 1983 5375 Visigothicumfmiss'amqne
2033 5306 2103 5359 ab
2216 5316 2352 5375 ansa
2379 5300 2743 5375 existimandi
2770 5302 3232 5375 eamihistoriam
3273 5300 3719 5375 commentitiam
3748 5310 3861 5375 esse,

404 5365 717 5443 Arn’as-tasio-
748 5374 1006 5443 Augusto
1046 5365 1393 5441 legationem
1427 5374 1486 5426 in
1534 5365 1825 5429 Franciam
1877 5365 2104 5429 enarra-
2214 5369 2461 5443 indeque
2494 5372 2648 5424 varia
2676 5373 2883 5441 scripta
2913 5374 3046 5425 hinc
3077 5373 3206 5426 inde
3258 5375 3540 5443 prodiere.
3566 5365 3859 5443 Simqu

406 5442 506 5507 vit,
548 5443 667 5517 agit
703 5442 772 5497 de
805 5435 1077 5496 vicariatu
1106 5435 1207 5495 Seu
1241 5443 1308 5517 de
1341 5444 1595 5517 Primatu
1638 5447 1809 5517 hujus
1843 5448 2102 5517 prazsulis
2214 5435 2513 5517 epistolam
2551 5435 3061 5517 illam‘Horm‘isdas
3106 5444 3173 5498 ad
3207 5435 3532 5517 Remigium
3581 5460 3610 5496 a
3661 5435 3859 5517 consili5

403 5528 509 5582 per
544 5509 873 5588 universum
931 5529 1173 5588 regnum
1229 5514 1489 5588 Clodovei
1527 5509 1874 5572 Francorum
1925 5519 2098 5588 regis,
2212 5514 2513 5566 Gallicanis
2566 5514 2778 5583 rejecit,
2830 5514 3164 5585 nullamque
3217 5519 3339 5587 ejus
3371 5509 3644 5570 rationem
3676 5509 3857 5565 habuit.

403 5600 579 5673 $131,991,
602 5586 845 5673 ipsemet,
876 5585 1091 5673 ρξ’ξῑιιιεξ
1122 5602 1184 5638 ex
1216 5585 1458 5673 erebivis
1492 5588 1751 5673 Ecplesiae
1786 5606 1903 5643 sum
1927 5585 2098 5673 erili};
2284 5602 2359 5655 Ex
2392 5602 2598 5657 Labbei
2632 5603 2917 5673 Append,
2954 5608 3093 5659 tom.
3141 5607 3226 5659 ιν.

401 5646 671 5727 ﬁliumin-9
703 5646 986 5727 originem
1044 5657 1377 5723 Hormisdm,
1432 5659 1529 5729 qui
1560 5659 1667 5714 hoc
1698 5677 1846 5715 anno
1872 5646 2102 5731 pontii}:
2287 5646 2359 5655 "“
2394 5646 2598 5657 ““"”"
2632 5646 2917 5673 "rrum":
