3998 6172
343 305 447 358 527

1412 302 1774 357 APPENDIX
1811 302 1906 356 AD
1948 302 2325 357 EPISTOLAS
2365 303 2762 358 IIORMISD/E.
2929 359 2933 364 ,
3736 308 3832 359 5'28

341 434 660 492 Chifﬂetius
715 437 914 488 noster
976 434 1122 504 (cum
1195 433 1300 486 sub
1351 432 1511 504 prelo
1566 437 1905 502 properaret
1963 433 2030 486 ad
2069 440 2114 492 Α
2144 435 2210 486 ll.
2248 437 2319 488 De
2339 450 2560 487 numero
2586 434 3008 502 apostolicurum
3029 433 3253 488 sedtum.

341 513 558 563 metam
586 511 776 560 tomus
806 507 898 560 hic
936 511 1132 559 noster
1168 503 1427 575 quartus)
1472 504 1708 557 Divione
1740 505 1930 558 emisit
1974 506 2034 558 in

341 582 548 646 lucem,
612 595 741 649 pag.
792 579 887 630 149
945 582 1215 630 notarum
1259 576 1320 630 in
1377 576 1650 645 V'igilium
1691 577 2032 646 Tapsensem

338 653 694 722 episcopum,
725 651 833 703 hoc
862 649 1028 703 initio
1051 667 1066 701 :
1745 705 1764 712 κ

340 740 545 812 Incipit
604 739 886 794 decretale
933 739 992 793 in
1021 737 1183 863 urget
1210 737 1393 791 Roma
1443 736 1510 790 ab
1543 737 1839 791 l-lormisda
1886 753 2034 808 papa

1067 825 1095 863 e
1140 827 1158 862 1
1189 825 1305 862 um.

336 904 410 956 De
453 901 754 969 Scripturis
787 885 1002 953 divinis
1029 900 1164 968 quid
1190 899 1573 952 universaliter
1603 899 1868 952 catholica
1897 899 2032 952 reci-

401 975 529 1043 piat
554 973 817 1042 Ecclesia,
845 973 928 1026 vel
952 977 1078 1042 post
1107 973 1215 1025 hac
1246 971 1381 1040 quid
1403 973 1582 1025 vitare
1612 970 1819 1024 debeat.

1094 1076 1286 1114 TITULI.

332 1152 376 1207 Ι.
407 1153 501 1278 iipe
536 1150 723 1206 ordine
779 1152 1041 1206 librorum
1078 1152 1455 1205 canonicorum
1516 1151 1728 1206 Veteris
1785 1152 1835 1203 et
1890 1150 2030 1204 Novi

450 1225 750 1278 estamenti.

450 1225 750 1278 'estamenti.

2143 507 2251 559 Ill.
2286 509 2357 558 De
2377 506 2852 559 constitutionibus
2881 511 3192 560 sanctorum
3222 505 3595 559 concilio-rum.

2142 578 2249 633 IV.
2300 581 2375 630 De
2422 579 2692 646 opusculis
2749 583 3058 632 sanctorum
3107 579 3331 631 Patrum
3392 592 3511 646 quae
3560 580 3836 647 recipiun-

2215 654 2323 701 tur.

2149 721 2212 774 V.
2262 721 2335 772 De
2386 720 2660 789 opusculis
2721 720 3158 790 upocryphorum
3191 735 3310 789 quae
3363 719 3687 789 recipienda
3738 736 3838 774 non

2213 796 2361 843 sunt.

2213 864 2256 915 Ι.
2320 863 2462 917 Ordo
2518 863 2584 916 de
2629 863 2809 917 Veteri
2868 866 3199 917 Testamento
3257 879 3412 931 quem
3460 869 3676 929 sancta,
3735 868 3835 917 etc.

2147 933 2282 996 Qua:
2317 950 2432 986 non
2464 941 2548 986 est
2577 951 2721 1003 opus
2763 936 2868 987 hoc
2901 935 3022 987 loco
3064 935 3290 1000 iterare,
3323 951 3452 986 cum
3486 951 3664 1005 supra
3691 936 3841 987 edita

2145 1005 2273 1057 sint.
2326 1005 2380 1059 Si
2431 1021 2556 1075 quae
2591 1011 2890 1058 occurrant
2928 1006 3165 1075 alicujus
3214 1007 3498 1059 momenti
3553 1006 3839 1059 variantes

2143 1076 2415 1130 lectiones
2445 1094 2477 1129 a
2504 1078 2712 1129 nostris
2745 1078 3049 1140 distinctm,
3092 1078 3150 1130 in
3193 1078 3347 1131 notis
3377 1077 3447 1130 ad
3489 1077 3704 1132 Gelasii
3739 1078 3839 1130 de-

2142 1152 2356 1201 cretum
2416 1164 2530 1201 non
2593 1149 2951 1202 omittentur.
3015 1149 3179 1218 (Vide
3233 1153 3448 1202 nostra:
3495 1149 3835 1219 Patrologiae

2136 1225 2277 1272 tom.
2315 1221 2440 1283 LIX,
2475 1221 2582 1272 col.
2618 1221 2754 1289 166.)

329 1345 3840 1382 Ε

1665 1445 2507 1529 APPENDIX

953 1577 1180 1702 AD
1262 1574 2180 1702 EPISTOLAS
2259 1575 3225 1702 HORMISDfE.

725 1762 1111 1817 ADMONITIO
1153 1763 1638 1818 COLLECTORIS.

397 1853 528 1908 Cum
558 1851 830 1906 laudabili
856 1853 1076 1906 consilio
1125 1852 1199 1904 ad
1241 1856 1504 1919 genuinas
1542 1854 1855 1920 pontiﬁcum
1905 1855 2026 1916 epi-

331 1926 497 1978 stolas
540 1926 762 1992 spurius
799 1926 961 1977 etiam
1008 1925 1122 1976 illis
1177 1925 1396 1988 afﬁcias
1449 1926 1537 1977 vir
1561 1926 1627 1978 cl.
1689 1924 1936 1977 Labbeus
1969 1927 2028 1976 in

329 2012 432 2050 sua
465 1997 769 2049 collectione
816 1995 1162 2062 adjiciendus
1193 1997 1476 2060 eensuerit,
1524 2010 1617 2060 ego
1665 1999 1877 2062 pariter
1908 1996 2026 2063 ejus

331 2068 577 2136 ememplo
607 2069 845 2135 spurius,
899 2067 948 2120 si
989 2081 1124 2133 quas
1164 2068 1307 2130 forte
1355 2066 1557 2133 offendi
1583 2069 1898 2134 pontiﬁcum
1926 2070 2026 2120 lit-

330 2143 474 2192 teras
523 2137 738 2192 dandas
785 2140 1062 2207 proposui.
1117 2139 1280 2204 quui
1326 2139 1498 2202 igitur
1549 2137 1775 2202 bonique
1819 2140 2026 2203 facient

329 2210 565 2275 lectores,
614 2210 663 2263 si
703 2209 796 2263 hoc
845 2210 951 2263 loco
1001 2211 1281 2277 epistolam
1326 2209 1630 2262 Hormisdas
1673 2224 1832 2277 papae
1879 2210 2021 2275 lege-

327 2284 462 2347 rint,
529 2296 694 2350 quam
736 2282 1124 2348 suppositio-nis
1183 2296 1294 2333 suae
1341 2294 1626 2348 cupressos
1686 2281 2022 2333 characteres

326 2355 587 2424 praeferre
639 2355 866 2411 constat,
937 2354 1356 2424 cum'Joannem
1399 2367 1605 2419 papam
1667 2352 1872 2418 laudet,
1926 2355 2024 2420 qui

329 2421 460 2477 sane
503 2425 757 2491 ponti/"ea:
787 2421 1089 2475 Hormisdaz
1125 2423 1390 2488 posterior
1434 2424 1562 2487 fuit.
1605 2425 1898 2489 Desumpta
1944 2427 2022 2476 est

333 2510 401 2548 ea:
429 2495 800 2548 Pa‘nitenliali
848 2495 1148 2562 Halitgarii
1193 2495 1430 2560 cpisc0pi
1470 2493 1866 2547 Cameracensis
1897 2499 2021 2546 ante

329 2579 498 2620 annos
531 2566 634 2620 900
668 2565 901 2630 collecto,
943 2565 1268 2631 vulgatoque
1300 2580 1333 2616 a
1378 2565 1604 2617 Canisio
1650 2567 1824 2619 Veter.
1872 2566 2015 2619 Lecl.

330 2641 460 2692 tom.
489 2637 562 2705 ΙΙ,
589 2640 742 2706 part.
772 2637 824 2703 2,
861 2651 990 2704 pag.
1030 2637 1127 2687 lli-3
1157 2636 1286 2688 edit.
1323 2636 1558 2703 Basnag.
1599 2636 1694 2705 (a).

867 2723 1118 2777 INCIPIT
1160 2724 1484 2777 EPISTULA

380 2829 729 2872 IIORMISDE
778 2828 950 2868 ΡΑΡιΕ
1000 2827 1116 2867 PER
1164 2827 1529 2868 UNIVERSAS
1575 2825 1976 2868 PROV’INCIAS.

394 2907 528 2960 Ecce
560 2903 1023 2959 manifestissime
1040 2906 1281 2968 constat,
1314 2902 1449 2972 quia
1472 2903 1787 2956 secundum
1818 2902 2013 2955 titulos

323 2978 693 3048 antiquorum
727 2977 960 3030 Patrum
992 2992 1036 3048 Aa
1067 2980 1258 3028 sancto
1288 2975 1504 3028 Joanne
1538 2991 1687 3048 papa
1717 2974 2010 3027 transmis-

2069 1763 2108 1816 B
2139 1751 2266 1816 mus
2307 1779 2612 1833 agnoscere
2671 1764 2720 1816 si
2766 1764 2834 1817 ad
2867 1764 3142 1816 honorem
3192 1761 3500 1832 pristinum
3553 1761 3835 1826 redirent,

2141 1851 2270 1888 cum
2304 1839 2516 1904 quanta
2569 1835 2938 1905 negligentia,
2995 1840 3207 1888 etcum
3249 1838 3462 1903 quanto
3508 1835 3735 1902 tepore,
3787 1839 3839 1885 et

2140 1905 2372 1959 inimica
2444 1906 2651 1959 anima:
2707 1906 3004 1958 securitate
3082 1909 3476 1976 permaneant,
3539 1905 3840 1957 credentes

2138 1979 2289 2046 quod
2341 1977 2419 2029 sic
2473 1979 2553 2030 eis
2613 1993 2728 2029 non
2771 1983 2895 2029 acta
2947 1977 3283 2046 poenitentia
3329 1976 3500 2046 digna
3557 1976 3843 2029 dimiserit

2137 2048 2303 2113 Deus,
2349 2049 2636 2118 quomodo
2694 2049 3014 2101 sacerdotes
3063 2048 3365 2100 indulsisse
3422 2048 3638 2099 vident.
3697 2048 3838 2099 Vero

2137 2120 2282 2184 dico,
2335 2119 2469 2189 quia
2505 2120 2585 2172 illi
2629 2119 2762 2188 ipsi,
2809 2120 3017 2188 quibus
3059 2135 3190 2171 cum
3250 2119 3575 2188 periculosa
3609 2123 3666 2170 et.
3703 2119 3841 2171 falsa

2135 2190 2528 2243 misericordia
2572 2191 2872 2260 indulgere
2922 2190 3199 2256 videmur,
3237 2206 3366 2242 cum
3399 2195 3530 2241 ante
3580 2190 3840 2242 tribunal

2135 2262 2341 2316 Christi
2406 2278 2507 2331 pro
2579 2262 2749 2314 tantis
2808 2262 3052 2331 peccatis
3110 2260 3418 2314 damnandi
3473 2261 3837 2326 advenerint,

2133 2339 2333 2386 contra
2364 2349 2468 2384 nos
2500 2334 2650 2399 ipsas
2683 2350 2878 2384 causas
2910 2333 3115 2385 dicturi
3156 2338 3309 2396 sunt,
3340 2333 3598 2385 dicentes
3631 2350 3644 2384 :
3684 2334 3833 2402 quod

2131 2404 2266 2456 dum
2300 2409 2395 2456 aut
2433 2408 2796 2471 asperitatem
2836 2404 3045 2472 lingua:
3080 2419 3278 2456 eorum
3324 2403 3682 2472 expavimus,
3739 2411 3834 2456 aut

2128 2475 2272 2527 falsa
2299 2474 2691 2528 blandimenta
2729 2481 2783 2528 et
2810 2475 3157 2543 periculosas
3189 2473 3542 2528 adulationes
3566 2473 3830 2542 ipsorum

2128 2545 2373 2598 libenter
2403 2546 2746 2614 accepimus,
2804 2563 2906 2598 nos
2951 2562 3046 2599 cos
3097 2546 3233 2599 dum
3283 2545 3396 2598 illis
3445 2545 3826 2599 inutilitath

2126 2615 2493 2685 indulgemus
2535 2619 2592 2669 in
2626 2617 2865 2686 peccatis
2909 2633 3266 2685 permanere,
3301 2622 3398 2669 aut
3440 2617 3564 2684 ipsa
3590 2622 3829 2686 peccata

2127 2689 2300 2740 etiam
2349 2703 2558 2757 augere
2591 2689 3022 2757 pcrmiscrimus
3077 2704 3224 2741 :nec
3261 2688 3623 2741 recordantes
3682 2689 3824 2741 illud

2127 2761 2276 2828 quod
2309 2758 2367 2811 in
2406 2760 2592 2813 Veteri
2639 2761 2998 2813 Testamento
3031 2759 3304 2829 scriptum
3352 2763 3432 2812 est
3475 2775 3487 2812 :
3526 2758 3675 2821 Quia
3721 2776 3825 2829 per

2122 2845 2304 2883 unum
2353 2836 2682 2900 peccantem
2722 2836 2919 2884 contra
2953 2847 3152 2884 omnes
3196 2831 3279 2883 ira
3325 2830 3424 2883 Dei
3457 2830 3742 2884 desacviit.
3779 2831 3819 2883 0

2122 2901 2331 2970 pictas!
2369 2904 2411 2957 Ο
2442 2901 2856 2956 misericordia!
2910 2902 3015 2955 Uni
3073 2917 3325 2971 parcere,
3380 2905 3434 2954 et
3465 2917 3673 2954 omnes
3725 2918 3829 2971 per

2124 2975 2451 3042 exemplum
2496 2974 2709 3027 malum
2763 2975 2819 3025 iu
2865 2973 3173 3026 discrimen
3221 2973 3528 3026 adducere!
3585 2974 3714 3026 Non
3749 2975 3828 3027 ita

322 3066 432 3114 sos,
465 3044 528 3103 et
556 3052 941 3101 trecentorum
975 3046 1170 3100 decem
1211 3051 1268 3098 et
1298 3050 1424 3099 octo
1458 3047 1856 3116 episcoporum
1884 3062 2011 3098 sen-
2051 3053 2090 3107 (3
2127 3046 2323 3098 suadet
2363 3051 2588 3098 sanctus
2636 3052 2693 3097 et
2726 3044 3085 3116 beatissimus
3118 3045 3435 3112 Cyprianus
3467 3049 3691 3114 martyr
3736 3045 3826 3098 di-

319 3120 548 3182 tentias,
607 3119 705 3172 sed
760 3123 816 3172 et
862 3133 1109 3173 canones
1156 3117 1429 3172 Gallicani
1463 3117 1687 3171 concilii
1719 3117 2011 3172 contine-re

321 3191 607 3244 videntur.

393 3259 593 3314 Clerici
626 3260 685 3312 in
732 3257 1010 3313 adulterio
1066 3259 1427 3328 deprehensi,
1478 3262 1533 3312 et
1575 3263 1674 3312 aut
1714 3258 1821 3328 ipsi
1874 3276 2007 3313 con-

319 3329 470 3393 fessi,
513 3335 612 3383 aut
657 3331 724 3385 ab
783 3330 849 3382 iis
900 3330 1164 3394 convicti,
1216 3331 1286 3383 ad
1336 3331 1613 3384 honorem
1659 3330 1846 3383 redire
1892 3347 2010 3384 non

319 3405 577 3472 possunt.
636 3402 702 3454 Et
733 3401 868 3471 quia
898 3401 1059 3472 forte,
1095 3417 1210 3453 non
1260 3401 1484 3467 desunt,
1532 3400 1740 3472 quibus
1789 3402 1871 3454 vel
1908 3418 2008 3470 pro

315 3471 496 3526 nimia
525 3472 736 3542 pietate
785 3471 1167 3540 suprascripta
1209 3471 1560 3524 sanctorum'
1587 3473 1818 3525 Patrum
1851 3489 2005 3526 seve-

316 3543 454 3597 ritas
498 3542 737 3596 minime
785 3544 991 3612 placet,
1049 3542 1229 3595 sciant
1269 3559 1326 3594 se
1374 3547 1760 3596 trecentorum
1813 3544 2006 3597 decem

317 3618 374 3667 et
405 3619 530 3668 octo
573 3615 993 3684 episcoporum,
1049 3619 1104 3667 et
1135 3612 1233 3683 qui
1288 3613 1540 3683 reliquos
1590 3629 1836 3668 canones
1893 3618 2004 3668 sta-

315 3689 570 3750 tuerunt,
608 3685 920 3738 sententias
962 3685 1381 3754 reprehendere
1413 3685 1500 3737 vel
1549 3685 1842 3740 damnare.
1897 3686 2004 3740 Sed

313 3757 457 3811 forte
493 3757 675 3826 major
719 3761 803 3809 est
832 3756 893 3808 in
937 3756 1049 3808 illis
1093 3757 1293 3825 pietas,
1338 3773 1511 3825 quam
1555 3756 1614 3810 in
1666 3757 2004 3825 supradictis

315 3832 417 3881 3l8
458 3828 760 3898 episcopis,
812 3827 999 3896 major
1029 3827 1086 3879 in
1122 3828 1231 3880 illis
1289 3829 1678 3881 misericordia
1728 3845 1901 3897 quam
1940 3829 2003 3882 in

314 3904 508 3953 sancto
552 3899 765 3951 Joanne
798 3899 1108 3968 apostolico
1141 3915 1311 3968 papa,
1359 3901 1544 3968 major
1576 3900 1778 3952 caritas
1828 3916 2000 3968 quam

313 3970 370 4024 in
415 3970 654 4040 reliquis
707 3969 1112 4042 sacerdotibus,
1171 3971 1268 4040 qui
1324 3970 1430 4024 hoc
1464 3987 1565 4042 per
1608 3972 1865 4039 exempla
1912 3971 2001 4024 vel

312 4042 568 4096 remedia
602 4041 978 4095 Ecclesiarum
1021 4043 1136 4094 suis
1168 4041 1608 4096 diltinitionibus
1651 4043 2000 4095 deliberave-

310 4120 464 4167 runt.
518 4115 584 4166 Et
613 4114 740 4166 ideo
786 4117 884 4166 aut
927 4128 1028 4182 per
1067 4119 1394 4182 promptam
1441 4115 1796 4166 voluntatem
1846 4130 2000 4182 pra:-

310 4186 488 4256 ceptis
538 4185 770 4238 illorum
799 4185 1186 4250 consentiant;
1217 4190 1316 4237 aut.
1351 4185 1396 4236 si
1428 4201 1539 4238 non
1569 4185 1843 4249 fecerint,
1878 4201 1999 4256 om-

308 4255 477 4310 nibus
510 4256 827 4310 contrarios
844 4273 921 4321 se,
952 4261 1007 4308 et
1027 4256 1292 4309 inimicos
1317 4272 1435 4308 esse
1466 4261 1826 4325 cognoscant.
1865 4255 1999 4318 Qua)

307 4332 392 4382 est
441 4328 547 4380 ista
591 4326 822 4380 inimica
868 4327 1213 4396 benignitas,
1259 4326 1896 4398 palpareﬂcriminosos,
1946 4331 2001 4380 ct

306 4400 542 4452 vulnera
582 4415 781 4453 eorum
816 4415 997 4468 usque
1048 4399 1115 4452 ad
1146 4400 1298 4452 diem
1345 4397 1548 4467 judicii
1581 4398 1838 4450 incurata
1881 4415 1996 4452 ser-

306 4473 477 4524 vare?
524 4471 684 4534 Quod
716 4471 763 4523 si
798 4471 970 4522 etiam
1016 4486 1112 4523 eos
1159 4470 1466 4523 durissima
1510 4469 1844 4536 pmnitentia
1895 4486 1999 4538 per

306 4542 498 4611 plures
551 4558 732 4595 annos
783 4557 951 4612 agere
991 4541 1260 4600 viderint,
1311 4541 1389 4593 sic
1439 4540 1688 4610 idipsum
1735 4547 1789 4593 et
1828 4542 1999 4594 saluti

305 4628 505 4665 eorum
534 4611 853 4679 consulere,
905 4617 960 4666 et
989 4627 1278 4666 canonum
1326 4611 1598 4665 debemus
1630 4615 1840 4665 statuta
1875 4629 1997 4665 scr-

303 4699 453 4737 vare.
483 4685 621 4738 Cum
654 4699 788 4736 vero
821 4684 882 4736 in
912 4684 1199 4754 aliquibus
1227 4698 1328 4736 nec
1360 4682 1728 4753 compunctio
1761 4683 1997 4736 humili-

301 4755 456 4822 tatis,
507 4771 613 4807 nec
662 4755 936 4808 instantia
976 4755 1174 4808 orandi
1222 4755 1310 4808 vel
1357 4754 1670 4825 plangendi
1704 4759 1993 4824 appareat,

302 4841 406 4880 nec
447 4827 678 4880 beatum
726 4825 898 4879 David
932 4827 1247 4893 imitentur,
1297 4826 1396 4896 qui
1437 4827 1619 4880 dixit:
1653 4827 1867 4879 Lavabo
1898 4843 1997 4894 per

300 4899 546 4964 singulas
580 4902 755 4950 noctes
792 4898 981 4951 lectum
1010 4914 1204 4964 meum,
1247 4899 1503 4965 lacrymis
1556 4903 1791 4950 stratum
1822 4913 1996 4950 meum

299 4969 489 5036 rigabo
521 4968 686 5037 (Psal.
733 4966 846 5035 vi);
880 4971 935 5020 et
972 4970 1108 5022 illud
1149 4985 1162 5022 ε
1211 4968 1459 5024 Cinerem
1504 4973 1763 5037 tanquam
1800 4984 1993 5036 panem

297 5039 785 5111 manducabum,et
805 5044 992 5107 potum
1021 5055 1196 5093 meum
1223 5056 1341 5094 cum
1361 5044 1488 5109 ﬂetu
1516 5041 1742 5094 miscebo
1773 5041 1890 5111 (Ps.
1915 5039 1988 5108 Χ),

298 5129 405 5168 nec
448 5127 543 5166 eos
570 5109 803 5180 jejuniis
846 5111 931 5163 vel
963 5111 1196 5165 lectioni
1225 5128 1423 5167 vacare
1473 5113 1758 5178 videmus,
1785 5109 1991 5182 possi-

380 5237 467 5320 (α)Δ
492 5236 857 5318 Hanc_ipsam
907 5236 1221 5320 epistolam
1253 5238 1614 5320 iisdem.fcre
1660 5237 1846 5292 verbis
1885 5236 1992 5318 dc-

298 5309 592 5380 scriptam,
626 5309 671 5363 si
716 5309 987 5378 pauculas
1036 5309 1314 5379 quasdam
1362 5310 1646 5364 variantes
1680 5309 1984 5378 exceperis,

294 5382 547 5452 vulgavit
574 5380 813 5436 Jacobus
861 5381 1000 5435 Petit
1045 5381 1102 5434 in
1133 5385 1274 5436 tom.
1313 5382 1335 5436 Ι
1377 5382 1754 5436 Poenitential.
1805 5381 1987 5435 Theo-

296 5453 423 5507 dori
475 5454 743 5507 Cantuar.
803 5452 953 5506 inter
996 5459 1260 5522 excerpta
1313 5469 1598 5508 canonum
1644 5471 1708 5508 ex
1752 5453 1990 5522 antiqua

295 5524 629 5578 collectione
702 5524 826 5578 cod.
887 5523 1267 5578 Ilerovalliani
1329 5526 1648 5595 desumpta.
1705 5526 1786 5579 lbi
1853 5540 1986 5577 vero

291 5595 728 5668 inscriptionem
789 5595 936 5649 hanc
992 5596 1140 5650 ferre
1189 5599 1433 5649 testatur
1483 5598 1630 5650 Petit
1691 5596 1989 5668 :Epistola

293 5666 595 5721 Hormisdw
631 5683 790 5736 pupa:
827 5670 883 5721 in
910 5671 1194 5723 miirersas
1223 5669 1552 5737 provincias,
1586 5683 1755 5738 quam
1786 5666 1987 5722 tamen

290 5738 718 5809 inscriptionem
767 5741 1081 5809 posteriore
1117 5756 1293 5795 manu
1335 5738 1589 5794 additam
1637 5740 1792 5794 idem
1840 5739 1988 5794 Petit

2125 3131 2298 3196 cens;
2327 3116 2433 3196 Qui
2467 3119 2793 3196 peccantem
2823 3115 3007 3196 verbis
3037 3117 3403 3196 adulantibus
3429 3117 3649 3196 palpat,
3691 3132 3825 3196 pec-

2122 3188 2287 3240 candi
2345 3187 2606 3240 fomitem
2673 3188 3087 3240 subministrat.
3153 3188 3264 3239 Nec
3325 3188 3560 3257 perimit
3613 3187 3824 3241 delicta

2122 3258 2226 3325 illi,
2261 3259 2354 3311 sed
2381 3259 2534 3311 fovet
2562 3259 2789 3324 iterum,
2826 3259 3125 3328 imperitus
3153 3257 3427 3324 medicus,
3464 3257 3564 3327 qui
3595 3263 3827 3312 tumen-

2121 3332 2204 3382 tes
2246 3331 2545 3383 vulnerum
2599 3330 2753 3383 sinus
2807 3346 2981 3382 manu
3041 3334 3310 3400 parcente
3362 3333 3707 3395 contrectat;
3769 3337 3824 3383 et

2119 3401 2514 3454 absconditum
2581 3400 2640 3454 in
2707 3401 3005 3470 profundis
3077 3401 3385 3454 secessibus
3440 3401 3615 3466 virus,
3686 3402 3823 3456 dum

2120 3478 2325 3534 servat,
2363 3479 2688 3542 exaggerat.
2727 3473 2883 3526 Unde
2916 3479 2966 3525 et
3003 3478 3230 3525 sanctus
3259 3473 3506 3526 Joannes
3537 3471 3820 3526 Constan-

2116 3543 2537 3610 tinopolitanus
2594 3544 2893 3613 episcopus
2950 3544 3141 3610 arguit
3193 3543 3386 3596 dicens
3446 3559 3458 3595 :
3521 3545 3820 3611 Imperitus

2115 3614 2354 3667 medicus
2381 3622 2457 3668 est
2491 3617 2585 3684 qui
2617 3616 2888 3682 indigesta
2917 3615 3204 3683 putredine
3252 3614 3567 3683 superducti
3598 3616 3818 3669 vulneri

2116 3688 2434 3739 cicatricem.

2187 3758 2251 3809 Et
2283 3758 2411 3810 ideo
2468 3757 2774 3826 diligenter
2817 3757 3177 3826 perpendite,
3225 3756 3270 3809 si
3316 3761 3415 3810 aut
3466 3760 3671 3825 potest,
3717 3764 3816 3813 aut

2117 3827 2285 3881 debet
2322 3829 2467 3892 ﬁeri,
2515 3835 2610 3882 aut
2647 3833 2963 3892 tantorum,
3011 3835 3110 3881 aut
3152 3829 3371 3894 talium,
3431 3828 3588 3897 quod
3637 3846 3814 3898 supra

2115 3901 2576 3964 memoravimus,
2626 3899 2988 3952 sacerdotum
3043 3916 3289 3952 canones
3347 3906 3808 3968 contemnentes,

2115 3970 2279 4022 aliter
2336 3971 2487 4040 quod
2532 3971 2628 4023 illa
2662 3975 2983 4022 statuerunt
3011 3970 3310 4025 observare
3341 3971 3426 4023 vel
3457 3987 3627 4040 agere
3663 3989 3815 4041 prae..-

2114 4057 2390 4094 sumanus
2425 4057 2436 4093 :
2473 4041 2756 4111 principue
2781 4048 2898 4094 tum
2937 4042 3167 4096 illorum
3198 4047 3586 4096 trecentorum
3613 4044 3816 4097 decem

2114 4117 2168 4164 et
2199 4118 2323 4165 octo
2362 4113 2785 4182 episcoporum,
2819 4114 2918 4182 qui
2949 4129 3053 4182 per
3091 4130 3288 4167 omnes
3320 4114 3594 4166 Ecclesias
3625 4118 3810 4168 conci-

2112 4182 2186 4235 lia
2219 4184 2342 4236 lieri
2364 4190 2783 4255 praeceperunt,-
2816 4190 2934 4237 tam
2959 4190 3150 4238 sancta
3165 4185 3390 4238 decreta
3412 4185 3800 4253 negleximus,

2112 4270 2228 4308 non
2259 4256 2384 4308 illos
2425 4257 2574 4309 solos
2605 4256 2970 4326 despicimus,
3006 4257 3103 4310 sed
3124 4261 3194 4323 et,
3227 4257 3370 4309 sicut
3397 4272 3569 4325 supra
3592 4257 3809 4310 dictum

2113 4333 2216 4394 est,
2251 4333 2304 4380 et
2342 4327 2653 4394 Africanos,
2689 4333 2745 4381 et
2797 4344 2996 4381 omnes
3041 4329 3292 4398 reliquos
3323 4327 3420 4398 qui
3470 4328 3609 4397 ipsis
3659 4330 3813 4382 ordi-

2041 4399 2381 4462 Dnantibus
2448 4416 2550 4469 per
2606 4404 2793 4454 totum
2859 4400 3139 4452 mundum
3197 4415 3299 4469 per
3368 4399 3810 4452 ecclesiasticam

2111 4471 2474 4539 disciplinam
2524 4472 2739 4540 aliquid
2769 4475 3111 4534 statuerunt,
3158 4487 3286 4523 cum
3335 4474 3564 4539 peccato
3601 4471 3809 4524 animae

2110 4547 2320 4594 nostra:
2349 4541 2789 4595 contemnimus.
2827 4543 2938 4610 Ego
2971 4558 3060 4594 me
3090 4543 3148 4594 iu
3175 4541 3282 4595 hoc
3307 4542 3561 4611 periculo
3594 4541 3810 4595 immit-

2108 4616 2229 4666 tere
2263 4629 2378 4665 non
2423 4612 2625 4678 audeo,
2662 4613 2798 4682 quia
2825 4629 2925 4665 nec
2957 4612 3092 4665 talia
3137 4617 3267 4666 sunt
3299 4613 3505 4666 merita
3546 4628 3698 4678 mea,
3747 4619 3810 4666 ut

2108 4683 2354 4735 aliorum
2393 4688 2641 4754 peccata
2699 4684 2758 4735 in
2812 4699 2902 4738 me
2955 4683 3216 4754 excipere
3268 4699 3637 4753 praesumam.
3695 4685 3806 4738 Nec

2107 4755 2324 4806 tantam
2358 4753 2743 4823 eloquentiam
2776 4755 2979 4822 habeo,
3014 4753 3092 4808 ut
3126 4759 3255 4808 ante
3301 4755 3553 4808 tribunal
3595 4755 3805 4810 Christi

2105 4830 2303 4876 contra
2335 4829 2523 4877 tantos
2555 4841 2619 4877 ac
2641 4825 2778 4878 tales
2800 4834 3023 4879 sanctos
3057 4827 3398 4895 sacerdotes,
3424 4827 3524 4896 qui
3555 4841 3803 4880 canones

2105 4899 2444 4968 statuerunt,
2486 4911 2687 4968 causas,
2727 4896 2914 4968 dicere
2952 4899 3179 4967 possim.
3243 4899 3440 4951 Videat
3489 4899 3801 4968 unusquis-

2103 4981 2213 5034 que
2243 4965 2501 5040 qualiter
2538 4966 2757 5040 sentire
2789 4967 2890 5040 vel
2913 4965 3213 5023 observare
3248 4968 3521 5038 disponit,
3556 4965 3808 5040 qualiter

2100 5036 2371 5111 possit‘in
2405 5037 2500 5091 die
2529 5037 2730 5111 judicii
2762 5039 3000 5094 reddere
3033 5036 3355 5094 rationemf
3377 5042 3491 5111 Ego
3521 5036 3593 5093 in'
3623 5058 3802 5111 quan-

2099 5114 2221 5163 tum
2254 5108 2403 5162 vires
2432 5111 2577 5163 Deus
2625 5109 2896 5180 dignatur
2926 5111 3082 5179 dare,
3117 5111 3374 5182 ,studere
3417 5108 3549 5167 volo
3600 5108 3800 5168 eorum

2099 5235 2325 5290 fatetur.
2360 5233 2841 5308 Animadvertisse
2889 5237 3056 5290 etiam
3102 5237 3266 5308 juvat
3311 5237 3650 5292 Gratianeos
3709 5255 3798 5294 ca-

2098 5321 2278 5380 nones
2325 5309 2390 5360 29
2436 5307 2607 5380 etb'tl,
2642 5307 2772 5361 dist.
2809 5307 2894 5374 50,
2929 5326 2994 5362 ex
3027 5307 3132 5363 hac
3183 5309 3512 5380 apocrypha
3555 5309 3799 5380 epistola

2099 5379 2431 5452 desumptos
2482 5377 2685 5452 fuisse.
2711 5381 3151 5452 Porroepistola
3187 5377 3338 5450 apud
3361 5377 3524 5434 Petit
3554 5377 3799 5452 legenda

2096 5451 2374 5504 nonnulla
2402 5450 2462 5522 in
2495 5449 2727 5522 exordio
2764 5449 3015 5519 przefert,
3052 5468 3177 5522 qua).
3215 5449 3271 5505 in
3307 5449 3793 5506 Canisiana‘desi-

2098 5523 2399 5586 derantur;
2434 5521 2637 5590 incipit
2668 5523 2820 5575 enim
2852 5541 2868 5576 :
2901 5525 2960 5577 Si
2987 5527 3110 5592 quis
3133 5524 3393 5577 diaconus
3413 5525 3496 5577 vel
3511 5525 3794 5591 presbyter

2094 5597 2215 5663 post
2249 5597 2521 5661 acceptum
2571 5594 2981 5649 benedictionem
3021 5596 3288 5648 levilicam
3324 5611 3442 5648 cum
3495 5611 3664 5650 umore
3691 5611 3790 5649 sua

2100 5667 2428 5718 incontinens
2459 5666 2755 5732 invenitur,
2780 5667 3111 5721 incontinens
3135 5666 3454 5735 abjiciatur.
3489 5667 3635 5721 Ecce
3666 5683 3788 5722 ma-

2096 5739 2462 5802 nifestissime,
2490 5740 2594 5791 etc.
