3998 6172
159 287 251 338 529

1214 280 1559 334 APPENDIX
1598 281 1693 335 AD
1735 281 2116 337 EPISTOLAS
2154 281 2554 338 HORMISD/E.

3526 288 3632 342 530

157 409 614 489 p_ra:ceptionibus
662 412 718 463 et
767 409 1080 489 obaudire:
1123 409 1257 479 quia
1295 426 1425 464 cum
1473 411 1682 489 talibus
1712 428 1828 489 non
1862 415 1911 467 Α
1945 412 2196 489 ._E:iigit
2249 412 2476 489 dilectio
2538 416 2654 479 tua,
2686 413 2890 489 _t'rater
2918 415 3242 489 _carissime,
3278 423 3629 489 prmeeptum

157 482 310 549 rixas,
343 483 442 536 sed
483 498 681 550 pacem
730 497 795 534 ex
829 482 1219 551 qualicunque
1267 489 1427 551 parte
1471 484 1680 536 habere
1720 484 1824 537 de-

155 557 342 610 sidero.
379 556 437 608 Et
477 555 582 606 hoc
615 552 920 621 diligenter
967 553 1376 606 attendendum
1424 559 1526 608 est.
1573 554 1734 618 Quod
1778 555 1823 608 si

153 627 448 681 secundum
472 626 622 694 quod
654 625 929 692 scriptum
961 629 1063 694 est,
1098 624 1182 676 illi
1213 624 1401 677 clerici
1451 625 1548 694 qui
1581 626 1646 678 ad
1683 643 1822 678 uxo-

149 715 226 752 res
282 693 537 766 propriis
581 696 840 760 redeunt,
877 695 946 747 ab
1002 693 1224 764 integro
1284 696 1351 748 ab
1381 693 1565 749 officio
1594 713 1823 766 suspen—

149 771 356 824 dantur.
392 767 553 830 Quod
585 768 632 818 si
667 768 836 819 etiam
871 767 1055 818 dicam
1089 774 1145 818 et
1176 767 1656 836 internuptiarum
1701 785 1823 821 ma-

147 842 260 903 riti;
310 840 406 908 qui
444 839 640 907 utique
680 853 802 890 rem
841 837 1056 890 licitam
1103 837 1340 903 faciunt,
1395 839 1584 891 clerici
1630 845 1823 892 tamen

151 911 386 965 ordinari
419 926 532 962 non
561 914 834 977 possunt:
871 913 969 962 aut
1017 908 1062 961 si
1108 908 1361 962 ordinati
1413 909 1648 978 fuerint,
1682 910 1823 978 deji-

151 984 366 1036 ciantur.
423 983 499 1034 De
552 980 760 1048 quibus
808 985 1035 1032 sanctus
1108 981 1348 1033 Faustus
1402 986 1705 1051 episcopus
1763 983 1820 1034 in

153 1053 368 1121 epistola
408 1067 510 1103 sua
547 1051 719 1104 dixit:
776 1051 960 1104 Perdit
991 1053 1231 1116 gratiam
1261 1056 1578 1116 consecrati,
1614 1055 1707 1117 qui
1749 1053 1823 1105 ad

153 1128 365 1191 ofﬁcium
387 1124 502 1175 vutt
533 1126 823 1175 emere-ituri
855 1124 1062 1175 mariti.
1115 1124 1253 1175 Cum
1287 1124 1408 1176 haec
1434 1124 1512 1176 ita
1542 1123 1672 1184 sint,
1708 1140 1822 1193 qua

155 1194 480 1248 conscientia
532 1195 775 1263 quisque
841 1194 1030 1246 dicere
1088 1194 1298 1261 poterit
1356 1195 1512 1264 quod
1566 1195 1657 1248 ille
1720 1196 1823 1264 qui

151 1266 474 1320 adulterinum
530 1264 881 1317 commiserit
928 1266 1134 1317 iterum
1194 1265 1263 1318 ad
1315 1266 1591 1318 honorem
1628 1268 1820 1320 venire

151 1336 378 1407 poterit?
405 1338 515 1389 Hoc
557 1337 695 1400 loco,
742 1335 789 1388 si
844 1336 1049 1404 aliquis
1098 1336 1282 1407 fuerit,
1318 1337 1415 1406 qui
1453 1337 1638 1389 dicat:
1679 1339 1819 1405 Ergo

150 1405 300 1476 negas
353 1408 798 1460 misericordiam
857 1408 974 1468 Dei,
1028 1408 1128 1476 qui
1175 1405 1351 1459 dixiti
1415 1411 1544 1462 Nolo
1591 1413 1820 1464 mortem

150 1483 441 1548 peccatoris,
473 1479 570 1532 sed
599 1484 658 1530 ut
695 1484 1041 1531 convertatur
1083 1483 1131 1531 et
1173 1481 1356 1541 vivat;
1385 1489 1443 1530 et
1464 1479 1604 1532 illud
1629 1495 1642 1531 :
1669 1482 1818 1532 Nun-

151 1552 267 1618 quid
319 1554 413 1617 qui
469 1550 638 1610 cadit,
698 1564 804 1601 non
855 1549 1078 1616 adjiciet
1119 1553 1177 1602 ut
1220 1554 1512 1615 resurgat;
1548 1556 1602 1602 et
1633 1550 1814 1604 illud:

147 1626 374 1676 Pcccator
397 1624 452 1673 in
480 1635 802 1688 quacunque
826 1620 912 1672 die
957 1635 1239 1673 conversus
1269 1624 1462 1686 fuerit,
1491 1637 1672 1675 omnes
1705 1623 1819 1674 ini-

150 1697 353 1761 quitates
408 1693 527 1759 ejus
585 1693 842 1744 oblivioni
902 1692 1226 1744 tradentur?
1281 1691 1387 1746 Sed
1420 1692 1490 1745 ad
1533 1694 1651 1746 hinc
1681 1709 1814 1745 voce

149 1766 300 1817 libera
323 1762 694 1831 respondere,
728 1768 778 1814 et
833 1778 1160 1830 possumus,
1222 1766 1276 1815 et
1319 1763 1612 1816 debemus.
1655 1763 1814 1817 Absit

151 1835 289 1887 nobis
335 1840 396 1887 ut
427 1835 495 1885 de
546 1835 669 1886 istis
703 1834 1002 1886 sententiis
1033 1834 1331 1886 videamur
1356 1835 1444 1887 vel
1477 1836 1678 1887 leviter
1708 1836 1813 1887 du-

151 1906 322 1958 bitare.
379 1904 795 1958 Difﬁnitissime
845 1905 999 1958 enim
1048 1905 1336 1957 credimus
1374 1906 1528 1975 quod
1568 1905 1812 1976 quisque

151 1978 204 2029 ad
237 1979 394 2029 tinem
449 1977 582 2029 vitae
636 1993 748 2028 sua:
800 1977 1195 2045 pmnitentiam
1229 1977 1430 2044 egerit,
1465 1993 1578 2030 non
1627 1979 1811 2031 solum

149 2047 538 2117 indulgentiam
569 2045 824 2116 accipiet,
875 2049 970 2100 sed
1015 2048 1189 2099 etiam
1219 2049 1288 2100 ad
1322 2048 1559 2117 praemia
1602 2054 1814 2102 aeterna

151 2120 428 2188 perveniet.
465 2121 712 2187 Propter
770 2118 1024 2186 regulam
1065 2123 1255 2171 tamen
1289 2119 1723 2173 ecclesiasticam
1759 2125 1815 2172 et

151 2196 353 2258 propter
381 2190 756 2258 antiquorum
802 2191 1032 2242 Patrum
1080 2189 1361 2255 instituta,
1405 2192 1559 2259 quod
1591 2191 1738 2243 absit
1779 2206 1814 2245 a

151 2261 305 2326 nobis,
352 2266 447 2314 aut
492 2260 938 2329 reprehendere,
998 2264 1096 2312 aut
1155 2259 1437 2313 discutere
1491 2262 1810 2314 audiamus.

153 2332 374 2401 Cumque
420 2332 714 2385 credimus
770 2331 840 2384 ad
877 2331 1050 2384 vitam
1101 2335 1376 2384 aeternam
1425 2335 1558 2402 post
1588 2333 1814 2386 beatam

150 2403 516 2470 painitentiam
567 2403 784 2468 venire,
832 2401 904 2455 ad
948 2403 1228 2455 honorem
1275 2401 1572 2456 cleriCatus
1612 2420 1812 2456 secun-

152 2473 264 2527 dum
290 2479 579 2528 tantorum
603 2475 837 2527 Patrum
865 2480 1152 2543 praacepta
1180 2474 1442 2527 novimus
1465 2491 1581 2527 non
1606 2475 1814 2529 debere

151 2546 340 2611 reverti,
373 2546 428 2598 in
459 2550 714 2610 tantum,
744 2549 805 2597 ut
833 2544 894 2597 in
933 2544 1246 2597 canonibus
1285 2546 1558 2615 scriptum
1593 2551 1694 2610 est,
1741 2562 1812 2598 ne

154 2616 272 2668 nllus
302 2633 556 2686 unquam
590 2616 873 2684 paenitens
926 2616 1164 2668 clericus
1203 2616 1518 2670 ordinetur.
1554 2619 1616 2670 Et
1644 2618 1685 2669 si
1718 2617 1814 2670 ille

151 2687 230 2756 qui
253 2689 388 2741 ultro
433 2689 587 2756 petit
615 2686 1034 2755 paenitentiam,
1089 2688 1347 2756 quamvis
1395 2704 1522 2741 eam
1567 2689 1814 2756 perfecte

153 2758 262 2828 egit,
295 2775 403 2811 non
459 2763 658 2827 potest
700 2757 1022 2828 episcopus
1053 2765 1153 2811 aut
1206 2758 1505 2828 presbyter
1538 2759 1810 2824 ordinari,

151 2827 210 2881 ita
235 2834 290 2882 ut
318 2829 542 2883 etiamsi
593 2845 697 2899 per
734 2827 1124 2897 ignorantiam
1177 2829 1476 2882 ordinatus
1532 2829 1725 2894 fuerit,
1759 2835 1816 2884 et

151 2905 313 2968 postea
339 2900 695 2954 convincitur
727 2900 1122 2968 paenitentiam
1157 2901 1460 2969 accepisse,
1512 2901 1816 2970 dejiciatur

152 2970 254 3030 ille;
283 2973 373 3039 qui
401 2972 624 3024 invitus
670 2972 736 3024 ad
783 2971 1182 3039 paenitentiam
1210 2972 1488 3039 agendam
1517 2971 1576 3024 in
1614 2988 1813 3024 mona-

154 3043 348 3096 sterium
393 3044 670 3106 mittitur,
722 3048 774 3095 et
807 3043 1008 3111 utique
1042 3042 1180 3111 quid
1229 3043 1386 3096 aliud
1422 3059 1594 3112 quam
1627 3044 1811 3112 poeni-

155 3118 248 3164 teus
265 3113 533 3167 dicendus
556 3118 661 3180 est,
685 3129 800 3181 qua
824 3111 1172 3165 conscientia
1201 3113 1269 3166 ad
1291 3111 1672 3167 sacerdotium
1695 3131 1816 3182 per-

155 3184 308 3238 venire
333 3184 732 3254 permittitur?
758 3185 935 3237 Nemo
967 3183 1108 3236 mihi
1138 3183 1248 3236 alia
1272 3184 1588 3254 quamlibet
1617 3191 1817 3238 contra

154 3255 508 3310 auctoritatem
569 3255 716 3309 sedis
772 3255 1118 3324 apostolicae,
1175 3255 1260 3307 vel
1343 3260 1539 3308 contra
1592 3259 1812 3309 trecen-

152 3330 305 3380 torum
357 3327 560 3380 decem
619 3329 675 3379 et
729 3330 854 3380 octo
917 3326 1317 3396 episcoporum
1361 3331 1665 3396 praecepta,
1723 3329 1813 3381 vel

155 3398 465 3466 reliquorum
503 3413 796 3450 canonum
825 3401 1034 3450 statuta
1060 3396 1293 3468 objiciat
1319 3414 1330 3450 :
1368 3398 1504 3464 quia
1530 3398 1813 3468 quidquid

153 3473 310 3522 contra
339 3470 574 3522 illorum
608 3468 1010 3521 diftinitionem
1052 3467 1113 3521 in
1147 3468 1354 3538 quibus
1384 3469 1660 3537 Spiritum
1691 3485 1815 3522 san-

153 3543 272 3592 ctum
299 3541 556 3594 locutum
585 3555 706 3593 esse
736 3538 1041 3606 credimus,
1085 3539 1298 3592 dictum
1334 3539 1529 3607 fuerit,
1561 3540 1812 3610 recipere

155 3624 239 3663 non
260 3613 429 3664 solum
459 3610 863 3673 temerarium,
901 3610 995 3663 sed
1030 3610 1200 3663 etiam
1248 3610 1632 3680 periculosum
1664 3627 1808 3676 esse,

153 3695 240 3734 non
273 3682 480 3738 dubito.
527 3682 701 3735 Valde
727 3681 881 3734 enim
924 3685 1114 3734 metuo
1150 3685 1208 3734 et
1235 3682 1610 3735 contremisco
1653 3683 1809 3735 illam

154 3750 536 3808 damnationem
557 3769 733 3823 quam
752 3753 847 3805 ille
860 3753 1116 3805 sacerdos
1133 3759 1367 3822 propter
1382 3754 1611 3806 stultam
1629 3754 1811 3806 indul-

155 3824 365 3895 gentiam
380 3825 641 3895 accipere
659 3823 886 3895 meruit,
903 3823 1120 3894 quipro
1135 3839 1201 3877 eo
1221 3823 1374 3893 quod
1394 3825 1541 3877 filios
1554 3840 1688 3877 suos
1707 3840 1810 3895 nec

156 3894 469 3964 negligenter
502 3894 826 3964 Castigavit,
853 3899 911 3965 et
945 3910 1039 3947 eos
1075 3910 1178 3947 nec
1208 3896 1404 3948 cedere
1434 3896 1513 3964 EF.
1541 3894 1806 3965 caedere],

156 3967 612 4020 excommunicare
643 3964 907 4032 voluerit,
943 3965 1050 4035 ipsi
1078 3965 1182 4018 ﬁlii
1206 3982 1318 4019 una
1339 3966 1429 4018 die
1453 3966 1622 4019 occisi
1653 3964 1805 4031 sunt,

154 4038 195 4086 et
218 4052 302 4089 xxx
334 4037 509 4090 millia
537 4038 610 4090 de
651 4037 866 4106 populo
893 4036 1176 4089 interfecti
1207 4041 1358 4102 sunt,
1394 4042 1450 4089 et
1476 4053 1606 4090 arca
1635 4042 1805 4090 testa-

154 4108 299 4159 menti
322 4114 479 4178 capta
511 4113 622 4173 est,
658 4114 713 4160 et
743 4109 864 4176 ipse
886 4113 1036 4178 retro
1057 4108 1262 4160 cadens
1290 4107 1480 4160 fractis
1499 4109 1808 4162 cervicibus

154 4183 368 4232 mortuus
391 4177 500 4246 est,
534 4184 593 4232 et
623 4195 837 4231 nomen
889 4177 1064 4246 ipsius
1096 4179 1164 4232 de
1214 4179 1361 4231 libro
1392 4180 1524 4232 vitae
1552 4179 1806 4232 deletum

157 4252 236 4312 est,
265 4255 358 4303 etc.
391 4251 603 4304 Contra
648 4249 906 4311 Pliinees,
931 4249 1047 4319 qui,
1082 4265 1184 4318 pro
1234 4266 1300 4302 eo
1349 4251 1524 4318 quod,
1556 4251 1673 4302 zelo
1707 4249 1805 4303 Dei

1935 485 2180 554 (Zachar.
2225 487 2390 559 epist.
2420 484 2463 554 l)
2485 484 2808 559 apostolica
2840 487 3008 555 sedis,
3040 489 3099 541 in
3130 505 3243 559 quo
3266 484 3496 544 Patrum
3539 492 3631 546 de.

1933 561 2084 609 creta
2136 555 2521 620 consentiunt,
2582 557 2735 626 quod
2785 573 2889 610 nec
2921 559 3042 625 tibi,
3079 555 3180 613 nec
3225 561 3328 614 ulli
3358 569 3507 616 recte
3539 564 3628 616 vi-

1932 626 2183 701 ventium
2231 628 2671 701 etAcredentium
2722 629 3102 701 sacerdotum,
3147 647 3357 701 negare
3389 634 3472 686 fas
3504 650 3626 688 esse

1931 699 2233 771 credimus.
2269 699 2332 750 Et
2363 699 2489 771 licet
2518 699 2619 751 tibi
2667 715 2767 768 pro
2806 700 3009 754 merito
3041 699 3422 771 (Innocfepist.
3481 707 3534 770 2)
3570 711 3627 758 et

1931 768 2146 822 honore
2195 769 2516 840 sacerdotii,
2554 786 2666 838 quo
2712 771 3024 840 plurimum
3065 774 3263 840 polles,
3291 768 3538 828 'vivendi
3569 782 3628 830 et

1931 840 2170 916 docendi
2204 839 2594 916 ecclesiastica:
2641 839 2854 916 regulae
2879 849 3031 916 _nota
3066 839 3182 897 sint
3211 845 3403 898 omnia
3450 846 3625 916 (notat

1932 911 2045 964 sint
2075 928 2177 980 per
2206 911 2438 978 omnia),
2472 918 2662 964 tamen
2695 914 2829 983 quia
2879 914 3148 968 Romana:
3201 911 3465 969 Ecclesiae
3498 934 3625 970 nor-

1930 998 2084 1056 mam
2115 986 2284 1056 atque
2317 984 3089 1056 auctoritatemmagnopere
3122 987 3442 1056 postulasti,
3487 989 3626 1042 scri-

1929 1054 2041 1129 ptis
2074 1055 2470 1129 tuis_hreviter_
2496 1055 2838 1129 respondere
2869 1054 3191 1110 curavimus
3212 1059 3346 1126 (non
3375 1058 3621 1129 denega-

1929 1124 2154 1192 vimus).
2196 1127 2270 1178 De
2318 1126 2551 1178 occultis
2605 1128 2875 1193 (PrOSperi
2929 1133 3064 1182 sent.
3102 1124 3405 1196 21)'enim
3435 1124 3622 1184 cordis

1931 1196 2117 1271 alieni
2144 1202 2360 1271 temere
2413 1197 2671 1271 judicare
2707 1199 2992 1271 _iniquum
3053 1205 3154 1266 est,
3186 1203 3240 1253 et
3265 1216 3414 1267 cum,
3456 1202 3619 1271 cujus

1929 1283 2046 1343 non
2070 1267 2335 1343 videntur
2365 1284 2537 1343 opera
2570 1268 2676 1343 nisi
2707 1267 2875 1334 bona,
2919 1275 3212 1340 peccatum
3241 1275 3326 1324 est
3356 1287 3420 1325 ex
3443 1267 3624 1343 suspi-

1929 1339 2090 1411 cione
2123 1339 2555 1408 reprehendere.
2589 1340 2731 1393 Oves
2757 1339 3070 1411 ergo,’quae
3105 1343 3317 1411 pastori
3342 1359 3444 1396 suo
3468 1339 3623 1397 com-

1930 1409 2118 1462 missae
2150 1411 2381 1470 fuerint,
2413 1427 2544 1463 eum
2590 1427 2694 1463 nec
2752 1409 3192 1480 reprehendere,
3252 1413 3419 1466 nisia
3473 1420 3622 1468 recta

1927 1480 2036 1532 tide
2087 1482 2512 1547 exorbitaverit,
2567 1482 2795 1548 debent,
2840 1488 2895 1535 et
2952 1484 3280 1537 nullatenus
3357 1500 3620 1539 accusare

1927 1557 2203 1620 possunt:
2248 1552 2385 1623 quia
2417 1553 2563 1605 facta
2615 1559 2909 1622 pastorum
2967 1555 3080 1607 oris
3129 1555 3319 1624 gladio
3364 1555 3622 1610 ferienda

1927 1638 2042 1674 non
2075 1627 2225 1688 sunt,
2262 1639 2592 1693 quanquam
2616 1630 2764 1677 recte
2799 1625 3270 1694 reprehendenda
3299 1626 3618 1682 videantur.

1854 1721 1894 1774 Β
1931 1693 2061 1746 Ideo
2085 1694 2191 1777 ista
2223 1695 2484 1774 dicimus,
2535 1695 2669 1766 quia
2803 1693 3024 1777 scriptis
3068 1697 3268 1750 vestris
3306 1699 3622 1777 reperimus

1929 1766 2208 1832 quosdam
2233 1766 2527 1837 episcopos
2551 1767 2748 1819 vestris
2765 1767 2823 1819 in
2841 1767 3096 1836 partibus
3114 1785 3145 1821 a
3159 1766 3406 1837 propriis
3424 1769 3622 1823 ovibus

1919 1844 2228 1901 accusatos,
2254 1836 2479 1910 aliquos
2498 1837 2762 1910 videlicet
2782 1854 2847 1910 ex
2883 1836 3230 1908 suspicione,
3248 1836 3534 1910 etaliquos
3557 1856 3622 1894 ex

1920 1913 2073 1982 certa
2095 1910 2334 1982 ratione,
2357 1913 2413 1961 et
2429 1908 2638 1962 idcirco
2658 1909 2934 1982 quosdam
2949 1911 3064 1963 suis
3084 1926 3203 1963 esse
3223 1908 3616 1982 rebus—exspo-

1919 1977 2114 2052 liatos,‘
2131 1995 2270 2048 quos
2287 1980 2416 2032 dam
2436 1996 2568 2032 vero
2600 1997 2632 2032 a
2652 1977 2883 2051 propria
2905 1982 3036 2035 sede
3068 1983 3279 2052 pulsos.
3304 1983 3454 2046 Quos
3477 1977 3618 2036 scias

1920 2066 2024 2102 nec
2051 2049 2120 2103 ad
2139 2051 2419 2120 synodum
2444 2049 3006 2121 comprovincialem,
3045 2049 3148 2105 nec
3169 2054 3238 2107 ad
3262 2055 3612 2122 generalem,

1919 2137 2086 2190 posse
2125 2123 2443 2184 convocari,
2481 2139 2581 2174 nec
2615 2123 2672 2176 in
2717 2125 2910 2194 aliquo
2950 2123 3269 2193 dijudicari.
3304 2130 3614 2194 antequam

1920 2198 2121 2264 cuncta
2161 2209 2289 2262 quae
2342 2194 2421 2246 eis
2474 2194 2660 2246 ablata
2704 2202 2838 2246 sunt
2867 2194 3088 2263 legibus
3120 2197 3384 2264 potestati
3416 2212 3617 2250 eorum

1920 2263 2399 2336 redintegreutur.
2429 2265 2591 2317 Prius
2619 2281 2752 2336 ergo
2775 2271 3000 2335 oportet
3024 2263 3220 2319 omnia
3248 2266 3361 2319 illis
3394 2267 3616 2336 legibus

1919 2334 2319 2404 redintegrari,
2353 2340 2409 2388 et
2440 2335 2713 2388 Ecclesias
2757 2334 2884 2406 quae
2936 2336 3014 2389 eis
3046 2337 3282 2390 sublata:
3321 2334 3614 2392 sunt—cum

1920 2406 2076 2458 omni
2104 2406 2398 2475 privilegio
2432 2422 2534 2460 suo
2565 2405 2809 2473 restitui,
2862 2411 2918 2460 et
2950 2408 3322 2477 postmodum
3364 2425 3482 2462 non
3509 2411 3613 2463 sub

1922 2477 2148 2546 angusti
2182 2478 2473 2544 (angusto)
2522 2479 2797 2547 temporis
2829 2480 3032 2547 spatio.
3070 2479 3168 2533 sed
3200 2485 3428 2533 tantum
3460 2486 3613 2534 tem-

1919 2549 2077 2622 poris
2130 2550 2377 2622 spatium
2436 2549 2515 2622 eis
2549 2549 2932 2619 iudulgeatur,
2993 2556 3272 2620 quantum
3313 2550 3615 2622 exspoliati

1919 2620 2006 2670 vel
2036 2619 2253 2689 expulsi
2277 2636 2396 2673 esse
2419 2619 2706 2692 videntur,
2726 2619 3037 2692 antequam
3066 2622 3134 2675 ad
3165 2619 3447 2692 synodum
3479 2639 3610 2676 con-

1919 2696 2294 2765 vocentur,_et
2328 2691 2396 2744 ab
2427 2691 2692 2745 omnibus
2733 2691 2974 2764 quisque
2997 2709 3115 2747 suae
3141 2691 3450 2763 provincia:
3492 2693 3615 2765 epi-

1921 2761 2104 2829 scopis
2137 2763 2420 2816 audiatur.

1993 2833 2130 2885 Nam
2155 2848 2262 2905 nec
2279 2833 2585 2905 convocari
2613 2834 2685 2888 ad
2715 2848 2963 2900 causam,
3010 2849 3115 2887 nec
3151 2835 3455 2903 dijudicari
3509 2850 3610 2905 po-

1923 2905 2031 2975 test
2073 2903 2420 2971 exspoliatus
2450 2905 2549 2975 vel,
2569 2906 2838 2972 expulsus
2882 2904 2966 2974 (In
3016 2906 3160 2958 decr.
3215 2908 3323 2959 Ιυο.
3377 2906 3471 2958 tib.
3510 2903 3613 2975 iv),

1923 2973 2057 3046 quia
2089 2989 2202 3027 non
2255 2978 2338 3026 est
2385 2974 2754 3043 privilegium
2797 2973 2909 3044 quo
2940 2975 3243 3045 exspoliari
3271 2976 3448 3046 possit
3492 2973 3617 3046 jam

1927 3045 2191 3098 nudatus.
2228 3045 2385 3098 Unde
2417 3049 2473 3097 et
2516 3047 2834 3116 antiquitus
2881 3046 3173 3100 decretum
3224 3045 3346 3100 est:
3405 3047 3614 3101 Omnes

1924 3117 2330 3183 possessiones,
2369 3122 2438 3188 et
2471 3117 2666 3169 omnia
2706 3117 2813 3169 sibi
2863 3117 3102 3181 sublata,
3162 3123 3333 3188 atque
3394 3117 3612 3171 fructus

1925 3192 2156 3240 cunctos
2180 3193 2309 3240 ante
2336 3187 2500 3258 litem
2536 3191 2907 3242 contestatam
2934 3187 3370 3257 (constitutam),
3405 3189 3453 3216 ”‘
3478 3204 3614 3258 per-

1925 3263 2122 3327 ceptor
2143 3259 2228 3310 vel
2259 3257 2472 3327 primas
2504 3259 2821 3329 possessori
2852 3260 3133 3313 restituat.
3170 3260 3238 3313 Et
3283 3259 3419 3314 alibi
3472 3257 3610 3313 scri-

1924 3334 2092 3398 ptum
2116 3329 2387 3382 habetur:
2433 3330 2530 3382 Ille
2569 3330 2667 3400 qui
2695 3330 3024 3383 violentiam
3053 3330 3314 3400 pertulit,
3347 3330 3615 3385 universa

1923 3401 1981 3452 in
2007 3406 2170 3472 statu
2204 3417 2318 3469 quo
2369 3400 2596 3454 fuerant
2629 3401 2889 3470 recipiat,
2923 3407 2978 3455 et
3007 3418 3138 3472 quae
3180 3403 3430 3470 possidet
3455 3402 3611 3472 (pos-

1922 3471 2108 3539 sedit),
2143 3487 2374 3524 securus
2402 3475 2608 3525 teneat.
2639 3474 2703 3524 Et
2733 3473 2871 3525 alibi
2893 3474 2954 3525 in
2983 3472 3352 3542 synodalibus
3383 3471 3615 3527 Patrum

1922 3542 2185 3610 decretis,
2220 3547 2276 3595 et
2310 3559 2510 3612 regum
2545 3542 2742 3596 edictis
2786 3543 2998 3613 legitur
3045 3548 3353 3598 statutum:
3398 3544 3614 3598 Redin-

1921 3613 2195 3682 tegranda
2244 3619 2375 3666 sunt
2405 3614 2595 3667 omnia
2629 3615 2956 3685 exspoliatis
2983 3615 3069 3668 vel
3103 3615 3294 3685 ejectis
3333 3615 3614 3685 episcopis

1922 3685 2362 3752 praesentialiter
2412 3684 2773 3738 ordinatione
2805 3684 3166 3755 pontificum,
3203 3691 3258 3739 et
3286 3687 3343 3739 in
3370 3684 3614 3754 eorum,

1922 3757 2073 3808 unde
2101 3756 2515 3820 abscesserunt,
2556 3762 2899 3825 potestatem
2941 3758 3314 3826 (dominium)
3357 3757 3615 3810 funditus

1919 3828 2258 3898 revocanda,
2291 3842 2632 3898 quacunque
2663 3828 2993 3880 conditione
3017 3831 3307 3898 temporis,
3341 3834 3440 3882 aut
3460 3829 3613 3894 dolo,

1919 3901 2017 3949 aut
2046 3897 2393 3970 captivitate,
2429 3902 2525 3950 aut
2557 3897 2763 3950 virtute
2812 3897 3259 3970 majorumfaut
3313 3915 3415 3969 per
3445 3916 3614 3970 quas-

1919 3983 2141 4040 cunque
2174 3967 2413 4040 injustas
2437 3983 2766 4040 causas,res
2790 3969 3053 4023 Ecclesia:
3084 3971 3170 4023 vel
3203 3967 3486 4040 proprias,
3517 3976 3615 4024 aut

1919 4038 2263 4091 substantias
2291 4055 2418 4090 suas
2447 4039 2761 4106 perdidisse
2793 4044 3107 4092 noscuntur
3137 4038 3269 4092 ante
3296 4038 3608 4094 accusatio-

1918 4125 2071 4174 nem,
2097 4117 2196 4162 aut
2225 4109 2548 4177 regularem
2583 4111 2655 4162 ad
2685 4114 2967 4178 synodum
2989 4112 3349 4164 vocationem
3385 4119 3613 4179 (convo-

1916 4180 2216 4247 cationem)
2249 4197 2470 4245 eorum,
2522 4185 2579 4234 et
2609 4181 2848 4250 reliqua.
2902 4183 2996 4234 Est
3037 4181 3209 4234 etiam
3242 4181 3300 4234 in
3360 4182 3616 4251 antiquis

1916 4252 2177 4304 Ecclesiae
2225 4251 2445 4304 statutis
2500 4251 2791 4304 decretum
2833 4251 2917 4320 (In
2947 4252 3089 4306 decr.
3125 4255 3236 4317 luo,
3263 4252 3355 4306 lib.
3407 4254 3514 4319 iv);
3550 4258 3615 4306 ut

157 4326 446 4385 commotus,
477 4321 624 4374 duos
664 4321 952 4374 adulteros
1001 4321 1217 4389 pariter
1263 4321 1567 4379 interfecit.
1618 4326 1802 4374 totum
1843 4323 1885 4375 D
1916 4323 2014 4391 qui
2035 4324 2220 4375 aliena
2255 4322 2469 4376 invadit
2491 4339 2607 4375 non
2631 4327 2792 4375 exeat
2822 4323 3161 4390 impunitus,
3189 4323 3287 4376 sed
3309 4338 3438 4375 cum
3463 4323 3610 4376 mul-

156 4393 392 4457 populum
432 4393 500 4445 de
566 4392 666 4445 Dei
722 4391 1014 4444 iracundia
1053 4392 1333 4444 liberavit.
1397 4395 1506 4444 Nec
1547 4393 1652 4444 hoc
1681 4393 1809 4445 ideo

158 4460 277 4527 dico,
309 4468 382 4527 ut,
414 4464 560 4516 sicut
588 4463 683 4514 ille
715 4463 864 4526 fecit,
896 4463 1068 4514 etiam
1105 4479 1255 4514 nunc
1278 4479 1380 4531 per
1414 4469 1659 4517 mortem
1690 4480 1809 4516 cor-

159 4544 328 4596 porum
380 4534 702 4588 sacerdotes
749 4532 976 4586 Domini
1026 4533 1274 4586 debeant
1321 4534 1648 4599 vindicare;
1713 4535 1806 4588 sed

159 4601 263 4674 quia
293 4606 483 4658 melius
527 4609 615 4658 est
662 4604 1051 4674 unusquisque
1083 4620 1258 4672 parvo
1307 4608 1584 4674 tempore,
1631 4605 1810 4658 donec

159 4671 264 4725 vivit
303 4674 360 4726 in
404 4675 508 4729 hoc
557 4675 795 4738 mundo,
829 4671 1243 4728 verecundiam
1277 4677 1365 4728 vel
1412 4671 1809 4730 confusionem

160 4744 412 4817 sustineat,
466 4763 640 4816 quam
701 4752 898 4814 postea
927 4747 998 4798 ad
1036 4746 1319 4815 supplicia
1361 4753 1575 4800 {eterna
1606 4765 1810 4817 perve-

162 4813 267 4886 niat.
300 4817 356 4870 Et
376 4813 623 4870 multum
659 4813 714 4870 ci
743 4818 939 4870 utilius
971 4822 1056 4870 est
1074 4813 1310 4886 propter
1341 4818 1585 4871 aliorum
1610 4813 1808 4873 exeni-

162 4883 308 4954 plum,
339 4889 590 4956 quandiu
615 4888 766 4954 vivit,
801 4894 1052 4942 remotus
1074 4883 1144 4941 ab
1169 4883 1387 4941 honore
1412 4891 1808 4958 paenitentiam

161 4960 280 5032 agat,
311 4963 362 5010 et
391 4959 707 5032 remedium
733 4959 847 5032 sibi
897 4960 956 5032 in
1003 4960 1094 5032 die
1143 4960 1495 5013 necessitatis
1534 4962 1806 5032 acquirat.

160 5021 450 5098 Quicunque
483 5031 745 5100 parvitati
771 5047 911 5084 mea:
937 5031 995 5083 in
1024 5031 1131 5084 hac
1152 5048 1320 5084 causa
1341 5032 1581 5085 voluerit
1610 5021 1812 5085 ὅτιθΓο-

163 5108 244 5172 sus
271 5101 518 5167 existere,
571 5102 722 5156 aliud
774 5118 1117 5171 responsum
1161 5103 1296 5156 dare
1355 5119 1473 5156 non
1531 5104 1808 5172 delibero,

163 5165 248 5218 nisi
290 5173 434 5239 quod
499 5165 811 5243 supradicti
864 5165 1110 5226 canones
1165 5173 1459 5228 continere
1523 5165 1807 5229 videntur:

643 5244 662 5264 ⁵
704 5244 1033 5299 EPISTULA
1071 5246 1288 5299 PRIMA

245 5323 446 5366 JOANNIS
477 5330 664 5368 ΡΑΡᾹΞΙ
710 5332 777 5368 AD
827 5332 1128 5369 ZACHARIAM
1176 5332 1665 5372 ARCHIEPISCOPUM.

511 5389 579 5438 Dc
615 5402 721 5439 non
752 5388 1074 5440 accusandis
1113 5390 1396 5456 episcopis.

218 5448 436 5526 Joannes
483 5457 635 5510 urbis
686 5460 880 5511 Romae
939 5448 1256 5528 episcopus,
1293 5448 1591 5513 Zachariae
1633 5459 1813 5514 archi-

167 5531 398 5592 episcopo
431 5529 688 5582 salutem.
1408 5563 1410 5568 -

170 5640 421 5768 cu:ltllanc
463 5666 590 5707 cum
640 5653 900 5725 sequenti
945 5654 1372 5726 supposititiam
1425 5657 1606 5712 multa
1655 5657 1811 5712 evin-

1925 4393 2274 4461 tiplicationc
2331 4393 2526 4446 omnia
2571 4394 2851 4447 restituat.
2908 4393 3064 4447 Unde
3119 4393 3263 4446 etin
3307 4394 3612 4464 Evangelio

1921 4465 2198 4533 scriptum
2231 4470 2348 4518 est:
2375 4465 2524 4530 Quod
2550 4466 2597 4518 si
2626 4466 2842 4533 aliquid
2885 4464 3237 4531 defraudani,
3271 4464 3438 4518 reddo
3469 4481 3608 4535 qua-

1919 4537 2178 4603 druplum
2201 4537 2351 4600 (Luc.
2390 4536 2530 4602 xui).
2585 4537 2647 4588 Et
2684 4537 2741 4588 in
2775 4536 2995 4604 legibus
3027 4535 3216 4588 seaculi
3245 4539 3477 4590 cautum
3511 4538 3615 4591 ha-

1920 4607 2121 4660 betur:
2160 4608 2265 4671 Qui
2319 4624 2436 4660 rem
2478 4607 2722 4676 subripit
2778 4607 3045 4671 alienam,
3081 4607 3163 4659 illi
3194 4607 3356 4677 cujus
3386 4624 3475 4661 res
3531 4609 3610 4662 di-

1920 4683 2079 4747 repta
2115 4687 2201 4731 est
2237 4679 2296 4730 in
2331 4678 2714 4747 undecuplum
2764 4695 2890 4746 quae
2920 4679 3140 4731 sublata
3169 4685 3304 4732 sunt
3330 4678 3609 4734 restituat.

1920 4751 1984 4801 Et
2016 4751 2072 4802 in
2105 4751 2227 4817 lege
2259 4750 2449 4802 divina
2471 4749 2680 4817 legitur
2706 4766 2718 4802 :
2746 4750 3066 4804 llIalcdictus
3096 4755 3267 4803 omnis
3302 4753 3398 4818 qui
3429 4755 3610 4805 trans-

1917 4824 2024 4887 ﬁ'rt
2080 4824 2334 4894 terminos
2390 4822 2632 4888 proci-imi
2679 4824 2782 4874 sui.
2845 4825 2914 4874 Et
2962 4822 3103 4875 dicet
3143 4824 3315 4876 omnis
3351 4825 3609 4894 populus,

1919 4896 2094 4945 Amen
2127 4893 2305 4960 (Deut.
2341 4895 2536 4958 xxv“).

1988 4964 2140 5016 Talia
2171 4979 2307 5030 ergo
2345 4979 2452 5014 non
2497 4969 2917 5030 pru‘sumantur
2969 4965 3180 5034 absque
3211 4965 3453 5028 ultione,
3506 4983 3611 5020 nec

1919 5039 2290 5087 exerceantur
2321 5034 2537 5104 absque
2570 5051 2669 5086 sua
2702 5035 3086 5088 damnatione.
3122 5038 3203 5090 Tu
3238 5054 3388 5101 vero,
3434 5039 3611 5091 frater

1919 5105 2229 5178 carissime,
2278 5107 2396 5158 ωδε
2451 5105 2577 5158 vide
2624 5121 2694 5158 ne
2750 5107 3209 5177 transgrediaris,
3259 5113 3316 5161 et
3360 5109 3613 5178 reliquos

1921 5177 2220 5245 episcopos
2271 5183 2384 5230 tam
2445 5181 2552 5229 tua:
2598 5193 2747 5230 cura:
2782 5179 3110 5231 commissos
3145 5196 3318 5248 quam
3362 5184 3414 5232 et
3473 5177 3612 5233 alios

1919 5248 2163 5300 ﬁrmiter
2196 5256 2388 5300 tenere
2420 5248 2636 5312 docete,
2661 5251 2795 5316 quia
2823 5250 3140 5318 transgredi
3169 5249 3476 5319 apostolica
3501 5255 3612 5302 sta-

1920 5322 2040 5372 tuta
2067 5319 2280 5388 absque
2306 5321 2734 5387 transgressmis
2767 5322 2978 5390 gradus
3008 5324 3259 5390 periculo
3290 5321 3617 5374 nullatenus

1922 5395 2175 5459 possunt.
2207 5390 2456 5442 Inimicis
2485 5408 2615 5442 vero
2640 5394 2841 5460 (Verba
2873 5394 3060 5446 concit.
3093 5408 3124 5443 v
3157 5393 3255 5445 sub
3275 5393 3615 5460 Symmacho)

1923 5461 2362 5526 accusatoribus,
2389 5463 2474 5514 vel
2505 5465 2571 5515 de
2598 5464 2811 5515 inimici
2841 5464 2986 5515 dono
3007 5465 3086 5533 [Ρ.
3113 5462 3307 5533 domo]
3333 5464 3614 5532 prodeun-

1922 5533 2094 5599 tibus,
2126 5549 2224 5584 svu
2258 5533 2354 5602 qui
2387 5548 2514 5586 cum
2544 5534 2788 5588 inimicis
2818 5540 3132 5602 morantur,
3168 5550 3283 5586 non
3307 5535 3607 5590 credatur:

1997 5658 2039 5690 ⁴ι
2077 5659 2354 5726 Perceptos
2386 5659 2695 5729 legendum
2725 5660 2986 5724 arbitror,
3014 5675 3132 5715 non
3157 5677 3315 5728 vero,
3343 5665 3407 5717 ut
3447 5662 3620 5717 habet

1925 5747 1971 5785 c.
2001 5731 2142 5784 Just.
2155 5770 2167 5789 ,
2197 5737 2514 5800 praeceptor.
