3996 6170
355 304 450 360 531

1433 299 1772 355 APPENDIX
1812 299 1902 354 AD
1941 295 2320 358 EPISTOLAS
2361 295 2762 352 HORMISDE.

3741 299 3839 351 532

348 452 456 493 nec
486 436 616 492 irati
645 435 1138 515 nocerecupiant,
1170 452 1242 491 ne
1278 435 1401 491 laesi
1431 453 1490 515 se
1516 436 1943 515 velint__ulcisci.
1975 436 2046 515 lli
2084 436 2131 491 Α
2159 433 2381 515 Iustino
2431 431 2748 515 orthodoon
2780 430 3170 515 imperatore,
3229 445 3598 515 quascunque
3645 430 3756 486 illis
3783 432 3839 486 in

348 525 582 580 quoque
609 509 908 578 rejiciendi
939 515 1093 573 sunt,
1118 525 1236 562 non
1267 509 1648 578 approbandi.
1697 510 1843 575 Hinc,
1881 509 2050 562 caris-

347 582 512 646 sime,
548 587 699 644 tene,
726 587 782 633 et
805 580 1094 648 prohibita
1115 596 1336 649 semper
1360 595 1510 633 cave.
1548 580 1694 634 lllud
1725 580 2048 649 adimplere

349 652 534 715 stude,
568 653 723 720 quod
753 651 898 703 bene
919 653 989 703 ad
1011 652 1205 703 Jesnm
1233 650 1417 704 ﬁlium
1450 650 1645 704 Sirach
1671 651 1887 704 dictum
1923 657 2006 704 est
2030 667 2042 704 :

354 725 531 790 Usque
553 722 625 774 ad
653 727 875 775 mortem
900 727 1043 775 certa
1062 738 1162 790 pro
1194 727 1449 787 veritate,
1483 727 1532 776 et
1556 738 1762 790 semper
1790 725 2047 776 Dominus

351 796 495 847 Deus
524 799 647 845 tuus
679 792 946 860 pugnabit
974 808 1074 860 pro
1126 798 1173 844 te
1202 795 1368 858 (Eccl.
1422 793 1517 860 ιγ).
1571 794 1747 862 llujus
1793 809 1928 862 ergo
1965 795 2047 846 rei

347 864 530 933 gratia
561 863 717 916 vobis
767 866 822 916 et
864 863 1025 916 nobis
1066 869 1260 916 sancta
1309 864 1612 916 commissa
1662 870 1745 917 est
1779 864 2042 928 Ecclesia,

349 941 411 987 ut
433 951 534 1004 pro
563 934 832 987 omnibus
852 934 1144 987 laboribus
1176 934 1543 1003 (laboremus)
1569 935 1853 987 etcunctis
1876 951 2046 1002 opem

345 1004 493 1058 ferre
526 1022 636 1057 non
669 1006 1063 1072 negligemus:
1098 1005 1369 1073 quoniam
1402 1005 1529 1058 dum
1587 1007 1748 1070 fortis
1800 1013 2045 1058 armatus

346 1075 577 1129 custodit
603 1079 806 1128 atrium
837 1092 1013 1139 suum,
1042 1079 1100 1127 in
1124 1091 1253 1142 pace
1277 1081 1406 1128 sunt
1445 1079 1627 1129 omnia
1661 1093 1779 1143 quae
1803 1077 2046 1144 possidet

348 1149 501 1215 (Luc.
536 1155 604 1205 x).
637 1147 880 1215 Ideoque
930 1151 1085 1198 tanta
1118 1154 1355 1214 urgente
1389 1148 1740 1212 necessitate,
1790 1164 2044 1200 summo-

345 1233 481 1286 pere
513 1222 699 1269 vestra
730 1217 1148 1288 apostolicaque
1171 1218 1525 1282 auctoritate,
1561 1223 1616 1270 et
1642 1219 1895 1288 reliquos
1927 1219 2044 1287 epi-

347 1305 545 1358 scopos
601 1291 826 1356 Oportet
860 1287 1172 1358 reprimere
1222 1288 1473 1353 infestos,
1519 1287 2039 1358 relevare’oppres-

347 1357 456 1422 sos,
490 1364 553 1411 ut
590 1359 805 1427 absque
840 1359 997 1427 gravi
1048 1357 1316 1427 (Domino
1349 1359 1678 1424 auxiliante)
1707 1359 2040 1412 difﬁcultate

345 1429 453 1498 ipsi
506 1437 804 1501 gratanter
847 1429 1006 1481 omni
1039 1435 1313 1501 tempore
1368 1430 1683 1483 sacriﬁcare
1718 1446 2042 1483 mereamur

347 1502 717 1569 (mereantur)
752 1500 936 1553 illaesi.
974 1499 1058 1552 Ad
1090 1498 1518 1568 vos(Ennodius
1553 1503 1611 1554 in
1640 1503 1782 1568 apol.
1819 1517 1918 1568 pro
1949 1517 2041 1554 eo-

345 1571 465 1623 dem
496 1569 831 1638 Symmacho)
871 1586 1100 1639 quoque
1151 1586 1242 1623 me
1302 1571 1510 1623 reverti
1561 1573 1714 1640 cogit
1757 1571 2039 1640 propositi

347 1640 536 1709 operis
571 1641 750 1693 amica
780 1640 1056 1704 conditio,
1089 1641 1187 1709 qui
1227 1641 1560 1694 melioribus
1596 1643 1868 1695 hactenus
1900 1660 2035 1711 ope-

2696 505 2718 526 α

2159 505 2417 577 partibus
2462 505 2718 577 eorum'f
2780 503 3052 558 Ecclesias
3102 503 3359 573 reperire
3418 503 3710 577 potuimus
3761 520 3842 577 cia-

2155 575 2396 630 tholicas
2428 592 2520 629 eas
2553 576 2795 629 Domino
2821 591 2988 646 Opem
3023 577 3240 628 ferente
3272 575 3745 630 consecravimns.
3783 576 3844 627 Et

2157 663 2488 718 quanquam
2521 647 2828 716 praedictus
2854 647 3234 700 Theodoricus
3280 662 3394 713 rex,
3438 662 3637 699 eorum
3685 650 3842 715 peste

2156 725 2337 771 tactus
2388 719 2743 781 intrinsecus,
2789 721 2845 771 et
2892 718 3196 771 obvolutus
3227 719 3592 783 extrinsecus,
3645 731 3745 770 nos
3793 722 3845 769 et

2156 805 2387 842 omnem
2442 789 2738 858 regionem
2800 793 3053 841 nostram
3123 790 3411 856 (vestrum)
3477 788 3735 857 perdere,
3795 793 3846 840 et

2155 860 2344 929 gladio
2407 863 2462 912 et
2501 861 2634 928 igne
2697 875 3033 912 consumere
3102 859 3369 924 minetur,
3435 860 3610 912 nolite
3659 863 3845 912 tamen

2152 937 2455 1000 propterea
2505 931 2766 998 deﬁcere,
2825 931 2922 984 sed
2972 930 3225 1000 viriliter,
3266 930 3328 982 in
3385 946 3520 999 agro
3561 930 3846 983 dominico

2154 999 2448 1054 elaborare
2497 1002 2740 1066 studete,
2774 1005 2830 1054 et
2882 1003 3062 1070 (juxta
3104 999 3369 1055 Veritatis
3412 1003 3631 1065 vocem)
3685 1003 3850 1054 Nolite

2155 1076 2338 1126 timere
2376 1087 2460 1125 eos
2510 1075 2607 1139 qui
2653 1073 2900 1126 occidunt
2944 1088 3156 1140 corpus,
3207 1073 3446 1126 animam
3496 1078 3680 1125 autem
3739 1087 3838 1124 non

2147 1147 2377 1211 possunt
2406 1144 2661 1207 occidere,
2715 1144 2808 1196 sed
2837 1144 3018 1211 potius
3049 1159 3164 1197 eum
3192 1144 3388 1206 timete,
3446 1147 3541 1210 qui
3581 1148 3761 1210 potest
3797 1148 3840 1193 et

2151 1217 2392 1267 animam
2423 1219 2472 1266 et
2517 1229 2710 1282 corpus
2738 1217 2948 1267 mittere
2978 1218 3033 1268 in
3064 1216 3360 1280 gehennam
3392 1214 3608 1281 (Matth.
3636 1229 3694 1279 x,
3736 1214 3835 1274 28).

2153 1285 2221 1337 Et
2264 1286 2526 1353 egregius
2587 1287 2845 1353 gentium
2891 1288 3179 1355 apostolus
3245 1283 3468 1354 inquit:
3524 1287 3640 1339 Non
3703 1287 3842 1337 enim

2149 1361 2500 1422 nosmetipsos
2552 1357 2930 1423 praedicamus,
2988 1357 3082 1410 sed
3118 1359 3298 1410 Jesum
3331 1356 3602 1410 Christum
3653 1357 3839 1407 Domi-

2149 1442 2280 1479 num
2329 1432 2592 1492 nostrum,
2647 1443 2739 1479 nos
2782 1432 2959 1480 autem
3005 1441 3183 1480 servos
3224 1431 3428 1480 vestros
3480 1443 3576 1494 per
3619 1429 3840 1479 Jesum:

2150 1499 2404 1564 quoniam
2428 1500 2584 1561 Deus,
2619 1500 2714 1564 qui
2735 1498 2880 1551 discit
2905 1498 2968 1550 de
2991 1498 3222 1551 tenebris
3256 1497 3429 1550 lumen
3455 1498 3841 1566 splendescere,

2145 1570 2262 1634 ipse
2295 1569 2481 1621 illuxit
2515 1571 2571 1620 in
2599 1569 2849 1622 cordibus
2867 1572 3066 1622 nostris
3091 1570 3164 1622 ad
3193 1569 3649 1622 illuminat-ionem
3679 1572 3842 1621 scun-

2150 1642 2238 1692 tize
2287 1640 2557 1692 claritatis
2618 1642 2710 1691 Dei
2758 1645 2815 1692 in
2858 1642 3054 1703 faciem
3106 1641 3309 1694 Christi
3358 1639 3507 1693 Jesu.
3558 1639 3846 1691 Habemus

347 1727 468 1764 ram
499 1711 652 1763 volui
694 1726 898 1764 navare
929 1711 1126 1780 (opera
1159 1712 1314 1765 volui
1364 1712 1614 1781 narrare)
1655 1710 2030 1772 sermonibus,
2074 1713 2112 1766 Β
2146 1715 2325 1762 autem
2357 1712 2667 1762 thesaurum
2697 1715 2859 1762 istum
2890 1714 2946 1762 in
2976 1715 3123 1764 vasis
3151 1710 3426 1778 fictilibus,
3460 1717 3516 1763 ut
3539 1712 3844 1762 sublimitas

348 1782 486 1835 dum
525 1783 694 1834 talem
727 1782 1006 1834 rationem
1042 1782 1218 1851 exigit
1235 1783 1477 1836 toxicata
1511 1785 1833 1836 necessitas.
1883 1786 2033 1838 Man-

348 1853 466 1904 dati
498 1853 740 1905 ccelestis
772 1852 1046 1905 habitatio
1100 1869 1204 1906 nos
1237 1858 1334 1906 aut
1383 1853 1604 1919 miscet,
1662 1860 1759 1908 aut
1788 1858 2034 1923 separat.

349 1924 462 1976 Nec
499 1923 735 1976 interest
777 1939 900 1992 quae
931 1924 1229 1976 intervalla
1262 1939 1364 1977 nos
1392 1931 1713 1994 segregent,
1751 1925 1796 1978 si
1827 1941 1941 1978 una
1978 1927 2040 1978 in

347 2009 609 2062 supernae
659 1995 971 2047 mansionis
1023 1995 1295 2064 (superna
1344 1996 1661 2064 mansione)
1709 1996 1862 2049 clave
1906 1997 2036 2050 reti-

349 2070 579 2118 nentur.
615 2064 730 2117 Nec
760 2065 916 2117 vobis
945 2065 1086 2116 tales
1131 2080 1335 2118 nocere
1387 2067 1678 2131 valebunt,
1719 2067 1764 2118 si
1796 2067 2038 2120 invicem

350 2135 697 2204 adjutorium
724 2135 873 2189 ferre
933 2151 1049 2188 non
1080 2136 1434 2189 distuleritis.
1469 2138 1794 2190 Inauditum
1847 2145 2038 2191 autem

348 2221 530 2274 genus
559 2205 843 2274 sacrilegii
881 2210 984 2269 est,
1035 2207 1187 2276 quod
1223 2207 1479 2260 mentitae
1519 2209 1815 2277 religionis
1865 2210 2041 2262 hono-

349 2292 469 2329 rem
501 2277 764 2346 (honore)
785 2277 1003 2345 praeﬁxi
1031 2277 1226 2330 aemuli
1253 2279 1485 2331 colorat.
1511 2279 1860 2333 Dehonestat
1884 2280 2040 2333 enim

346 2348 656 2419 venerandi
687 2348 1061 2419 reverentiam
1096 2349 1367 2414 nominis,
1398 2349 1494 2418 qui
1539 2350 1860 2419 adjutorem
1892 2367 1950 2403 se
1981 2351 2041 2404 in

347 2417 437 2470 his
468 2434 596 2485 quae
627 2418 686 2470 in
730 2419 903 2471 Deum
932 2418 1106 2486 jactat
1137 2417 1439 2472 commissa
1472 2417 1794 2488 pollicetur.
1829 2422 2040 2474 Contu-

349 2488 746 2561 meliaagenus
773 2495 875 2552 est,
909 2491 1070 2558 quasi
1103 2491 1162 2542 in
1202 2491 1400 2543 solatio
1421 2492 1616 2543 adesse
1647 2491 1878 2544 sublimi
1920 2493 2041 2561 (su-

349 2559 588 2628 blimis),
619 2559 777 2629 juxta
807 2562 1142 2629 Apostolnm
1170 2576 1182 2613 :
1222 2562 1303 2613 Tu
1324 2563 1420 2628 qui
1450 2576 1526 2627 es,
1554 2563 1880 2630 quijudicas
1909 2559 2039 2615 alie-

349 2645 478 2702 num
504 2645 715 2684 servum
761 2630 934 2699 (Rom.
973 2633 1088 2700 xw)
1114 2631 1140 2686 ‘l
1172 2631 1316 2693 Quid
1347 2631 1579 2684 auribus
1609 2633 1885 2702 imperilis
1916 2634 2042 2685 illn-

350 2700 513 2765 dunt,
567 2706 640 2772 et,
669 2703 989 2772 graviorem
1030 2702 1290 2754 vindictae
1348 2702 1592 2772 speciem
1652 2700 1865 2756 faciunt
1922 2720 2042 2758 esse

353 2787 523 2840 quam
558 2771 785 2840 culpae?
819 2771 873 2824 Si
906 2772 1100 2824 odium
1131 2773 1361 2839 habent,
1387 2771 1707 2826 excessibus
1735 2775 2044 2827 emendant

353 2843 734 2911 (emundant).
767 2843 883 2912 Cur
921 2859 1056 2912 ergo
1113 2843 1348 2897 liberius
1399 2844 1783 2898 condemnant
1832 2847 2043 2898 scelera

353 2929 527 2986 quam
560 2914 738 2986 vitant
757 2911 905 2986 ‘tSui
932 2911 1183 2986 profecto
1207 2915 1578 2983 impugnator
1609 2923 1694 2968 est
1731 2917 1919 2969 omnis
1942 2917 2040 2986 qui

2145 1783 2216 1833 sit
2250 1783 2468 1833 virtutis
2499 1783 2614 1844 Dei,
2646 1786 2694 1832 et
2739 1798 2844 1834 non
2886 1798 2953 1834 ea:
2998 1782 3162 1834 vobis.
3205 1784 3268 1835 In
3315 1782 3564 1834 omnibus
3609 1781 3842 1833 tribula-

2149 1854 2342 1903 tionem
2372 1853 2635 1918 patimur,
2673 1852 2767 1904 sed
2798 1868 2900 1904 non
2934 1856 3346 1917 angustiamur:
3384 1855 3728 1920 aporiamur,
3762 1851 3849 1903 sed

2147 1937 2252 1974 non
2294 1922 2676 1974 destitui—"mur:
2724 1926 3141 1990 persecutionem
3165 1929 3435 1991 patimur,
3470 1930 3520 1976 et
3561 1938 3671 1974 non
3702 1923 3846 1974 dere-

2148 1994 2483 2060 linquimur:
2521 1993 2836 2057 deficimur.
2879 2001 2928 2046 et
2976 1995 3111 2063 (sed)
3171 2010 3277 2048 non
3324 1997 3598 2063 perimus:
3642 2008 3849 2060 semper

2144 2067 2609 2131 mortiﬁcationem
2641 2067 2763 2116 .lesu
2801 2065 3005 2119 Christi
3031 2068 3087 2117 in
3129 2081 3349 2134 corpore
3400 2070 3582 2118 nostro
3614 2067 3847 2116 circum-

2146 2139 2396 2199 ferentes,
2430 2140 2570 2187 utet
2616 2137 2733 2187 vita
2779 2137 2903 2187 Jesu
2935 2139 2993 2188 in
3049 2138 3362 2204 corporibus
3424 2137 3622 2189 nostris
3672 2139 3846 2186 mani-

2145 2206 2392 2270 festetur.
2455 2207 2674 2272 Semper
2716 2208 2854 2258 enim
2925 2221 3020 2260 nos
3073 2209 3168 2274 qui
3208 2210 3460 2271 vivimus,
3521 2209 3580 2258 in
3624 2211 3848 2258 mortem

2149 2275 2423 2328 tradimur
2468 2281 2690 2343 propter
2716 2278 2914 2341 Jesum,
2950 2282 3008 2329 ut
3052 2282 3102 2330 et
3151 2281 3270 2331 vita
3298 2283 3422 2333 Jesu
3465 2279 3850 2340 manifestetur

2146 2351 2204 2398 in
2235 2363 2393 2398 carne
2421 2352 2605 2398 nostra
2641 2349 2878 2400 mortali.
2919 2349 3071 2412 Ergo
3109 2365 3252 2401 mors
3280 2353 3336 2402 in
3381 2349 3530 2400 nobis
3562 2352 3846 2416 Oper-alar,

2145 2420 2262 2470 vita
2293 2422 2470 2469 autem
2500 2421 2558 2469 in
2587 2418 2754 2471 vobis.
2786 2419 3066 2472 Habentes
3109 2423 3287 2474 autem
3325 2419 3566 2473 eumdem
3590 2420 3851 2485 spiritum

2147 2488 2294 2556 ﬁdei,
2335 2491 2478 2541 sicut
2506 2491 2769 2555 scriptum
2801 2495 2876 2543 est
2902 2505 2914 2541 :
2955 2489 3196 2555 Credidi,
3223 2496 3443 2558 propter
3464 2489 3610 2556 quod
3639 2490 3851 2542 locutus

2148 2574 2300 2621 sum;
2336 2565 2385 2611 et
2414 2575 2507 2612 nos
2536 2560 2824 2626 credimus,
2857 2567 3076 2628 propter
3097 2562 3240 2628 quod
3261 2568 3308 2614 et
3330 2563 3605 2630 loquimur
3629 2575 3642 2612 :
3677 2562 3849 2612 scien-

2150 2635 2226 2682 tes
2258 2633 2512 2698 quoniam
2570 2632 2665 2698 qui
2718 2634 3002 2684 suscitavit
3049 2633 3250 2698 Jesum,
3302 2639 3351 2685 et
3404 2647 3497 2685 nos
3549 2647 3674 2683 cum
3734 2633 3854 2683 Jesu

2149 2701 2432 2753 suscitabit
2475 2704 2524 2753 et
2562 2704 2852 2754 constituet
2908 2702 3198 2755 vobiscum.
3242 2703 3435 2758 Omnia
3463 2704 3602 2754 enim
3629 2707 3856 2769 propter

2149 2786 2261 2832 vos,
2289 2776 2349 2822 ut
2379 2773 2563 2835 gratia
2605 2772 2894 2825 abundans
2923 2787 3018 2840 per
3044 2775 3242 2826 multas
3276 2775 3584 2841 gratiarum
3615 2775 3852 2825 actiones

2152 2842 2367 2909 (multos
2435 2845 2493 2894 in
2536 2845 2845 2907 gratiarum
2903 2848 3153 2908 actione),
3215 2843 3453 2898 abundet
3505 2846 3562 2896 in
3617 2843 3854 2910 gloriam

2155 2915 2267 2965 Dei.
2305 2914 2534 2981 Propter
2564 2914 2708 2980 quod
2757 2930 2862 2967 non
2892 2915 3185 2982 deﬁcimus.
3231 2916 3336 2971 Sed
3362 2917 3482 2968 licet
3515 2917 3562 2967 is
3596 2917 3701 2980 qui
3722 2916 3855 2979 foris

356 2985 549 3037 Patres
575 2984 918 3052 insequitur,
952 2991 1051 3038 aut
1082 2985 1381 3039 detrahere
1407 2989 1524 3038 non‘
1565 2986 1848 3040 formidat.
1892 2984 2042 3041 Nihil
2083 2988 2122 3042 C
2154 2989 2231 3037 est
2261 2989 2440 3037 noster
2493 2985 2645 3054 homo
2697 2990 3096 3054 corrumpatur,
3135 2990 3310 3040 tamen
3368 2988 3412 3039 is
3444 2987 3540 3052 qui
3569 2987 3730 3038 intus
3778 2991 3854 3037 est

356 3061 442 3107 est
471 3055 625 3108 enim
651 3055 707 3108 in
740 3070 854 3125 quo
898 3055 1267 3109 inimicorum
1311 3057 1446 3124 tela,
1497 3057 1739 3110 Domino
1769 3073 1934 3126 opem
1966 3059 2045 3110 fe-

355 3130 537 3190 rente,
571 3141 842 3194 superare
893 3142 1006 3180 non
1060 3127 1314 3194 valeatis,
1366 3127 1413 3179 si
1459 3127 1622 3196 juxta
1666 3128 1917 3181 veritatis
1949 3145 2048 3182 vo-

356 3211 502 3257 cem,
536 3197 696 3249 talem
743 3197 954 3260 qualem
1011 3200 1269 3251 Dominus
1324 3202 1581 3264 praecepit
1629 3199 1928 3252 habueritis
1960 3200 2044 3253 di-

358 3267 736 3336 iectioneﬁmrad
790 3269 1019 3320 invicem
1066 3267 1241 3336 (Joan.
1293 3270 1430 3334 xui).
1485 3269 1623 3321 Data
1675 3285 1747 3322 xv
1784 3271 2047 3324 calendas

357 3335 758 3410 Novembris,“
798 3337 1040 3410 Maximo
1073 3335 1276 3410 (anno‘
1300 3337 1528 3392 Domini
1559 3338 1680 3409 523)
1716 3343 1773 3393 et
1815 3340 2045 3410 Olybrio

358 3405 506 3476 (5'26)
531 3406 664 3459 viris
692 3407 1023 3461 clarissimis
1043 3407 1388 3462 consulibus.

961 3481 986 3520 b
1025 3478 1359 3533 EPISTULA
1385 3481 1451 3533 ll.

820 3563 893 3601 AD
938 3564 1280 3604 EPISCOPOS
1327 3564 1565 3603 ΙΤΔΙιιιΕ.

358 3619 433 3672 De
481 3617 800 3672 Theoderico
831 3634 975 3685 rege,
1031 3625 1192 3687 atque
1221 3620 1286 3672 de
1333 3621 1439 3689 ﬁde
1482 3621 1748 3675 catholica
1785 3622 2048 3680 adversus

429 3690 668 3743 Arianos
721 3689 1084 3756 defendenda,
1141 3691 1311 3758 deque
1370 3693 1606 3746 ecclesiis
1653 3707 1834 3746 eorum
1893 3710 2047 3750 sacro

430 3763 542 3812 ritu
572 3761 966 3828 consecrandis,
1002 3767 1050 3815 et
1081 3761 1266 3815 divino
1297 3763 1468 3815 cultui
1502 3765 1937 3819 reconciliandis.

429 3832 675 3884 Joannes
706 3832 1007 3900 episcopus
1051 3832 1317 3885 omnibus
1346 3849 1450 3901 per
1498 3834 1821 3902 provincias
1871 3837 2047 3890 Italia:

360 3901 681 3954 constitutis
704 3903 986 3972 episcopis
1013 3904 1073 3956 in
1106 3904 1345 3957 Domino
1378 3901 1640 3958 salutem.

431 3972 754 4047 Saepissime
786 3975 964 4026 multo
1007 3974 1080 4043 (S.
1131 3975 1261 4047 Leo,
1293 3975 1478 4047 epist.
1513 3977 1597 4044 7U)
1652 3975 1775 4045 jam
1823 3977 2052 4047 experi-

359 4047 555 4097 mento
589 4043 754 4097 didici
798 4051 1057 4098 sanctum
1107 4043 1857 4114 pietatis’vestraestndium
1896 4043 2050 4103 circa

358 4115 699 4183 religionem
728 4114 1106 4169 Christianam
1141 4115 1403 4186 gloriosis
1442 4133 1693 4171 crescere
1724 4123 1779 4172 et
1822 4119 2050 4173 dilatari

358 4185 702 4255 augmentis,
734 4192 787 4239 et
820 4186 962 4239 fides
1006 4185 1177 4254 recta,
1213 4203 1341 4256 quae
1400 4204 1515 4241 non
1568 4189 1754 4241 solum
1804 4205 1914 4256 me,
1952 4191 2050 4244 sed

358 4273 556 4311 omnes
590 4257 818 4310 Domini
856 4258 1173 4311 sacerdotes
1205 4259 1534 4312 consolatur
1572 4265 1626 4311 et
1654 4259 1902 4324 roborat,
1949 4277 2045 4315 ve-

357 4329 490 4402 stris
512 4328 572 4381 in
603 4329 978 4402 mentibuset
1017 4329 1287 4397 operibus
1332 4345 1437 4398 per
1466 4329 1819 4383 sacerdotale
1867 4347 2042 4402 agno-

356 4399 533 4453 scitur
559 4415 702 4467 opus
734 4404 790 4452 et
831 4399 1121 4453 dilatatur.

428 4470 805 4539 Quapropter,
856 4471 1078 4535 fratres,
1111 4471 1312 4524 hortor
1343 4487 1441 4523 vos
1471 4480 1524 4524 et
1567 4486 1798 4538 moneo,
1848 4477 2048 4527 contra

354 4540 624 4613 Arianam
665 4540 978 4611 perﬁdiam,
1012 4557 1146 4613 quia
1181 4541 1467 4613 oliinnon
1507 4543 1704 4609 semel,
1750 4543 1847 4596 sed
1893 4561 2045 4613 saepe

355 4612 624 4682 damnata
644 4616 757 4682 est,
815 4617 872 4664 et
910 4613 1082 4665 modo
1134 4612 1192 4664 in
1244 4611 1586 4682 quibusdam
1617 4613 1919 4679 reviviscit,
1965 4611 2047 4668 ar-

356 4681 501 4733 mari
530 4681 718 4750 gladio
751 4682 993 4750 Spiritus
1011 4683 1209 4745 sancti,
1245 4689 1448 4736 uteam
1477 4684 1555 4736 ita
1578 4683 2046 4751 (adminiculante

355 4751 549 4804 divina
572 4753 783 4824 gratia)
831 4753 1157 4824 opprimere
1189 4760 1249 4806 et
1288 4754 1600 4824 exstirpare
1631 4757 1935 4820 valeamus,
1985 4764 2047 4811 ut

355 4838 458 4893 nec
487 4823 647 4875 radix
677 4824 800 4892 ejus
828 4823 887 4876 in
922 4829 1214 4893 posterum
1243 4824 1583 4880 inveniatur.
1608 4827 1878 4881 Ecclesiae
1910 4843 2044 4880 vero

353 4892 693 4964 Arianorum
775 4892 1100 4964 ubicunque
1175 4895 1526 4963 inveneritis,
1580 4897 1885 4951 catholicas
1949 4914 2044 4952 eas

353 4963 558 5017 divinis
588 4964 849 5037 precibus
885 4970 942 5018 et
959 4963 1227 5035 operibus
1259 4967 1469 5037 absque
1501 4969 1618 5021 ulla
1651 4984 1812 5021 mora
1844 4984 2041 5021 conse-

351 5042 537 5090 crate:
573 5035 708 5106 quia
755 5041 812 5090 et
841 5051 964 5102 nos,
999 5038 1229 5160 qpando
1273 5035 1486 5092 fuimus
1527 5039 2038 5108 Constantinopoli,

351 5113 464 5160 tam
497 5122 600 5160 oro
630 5107 909 5160 religione
931 5112 1018 5160 cat
1063 5109 1227 5160 olica.
1261 5124 1434 5160 quam
1462 5114 1516 5160 et
1550 5125 1655 5160 oro
1686 5111 1838 5160 regis
1866 5112 2038 5160 Theo-

347 5113 464 5160 tam
497 5122 600 5177 pro
630 5107 909 5177 religione
931 5107 1227 5172 catholica,
1261 5124 1434 5178 quam
1462 5114 1516 5162 et
1550 5125 1655 5178 pro
1686 5111 1838 5179 regis
1866 5107 2040 5164 Theo-

347 5179 524 5232 dorici
581 5195 750 5232 causa
799 5184 860 5250 et
914 5179 1178 5250 negotiis,
1217 5180 1494 5250 suadente
1542 5186 1712 5250 atque
1752 5183 2038 5246 hortante,

346 5250 701 5322 Arianosque
724 5248 1069 5317 exstirpantc
1093 5246 1349 5318 piissimo
1372 5256 1541 5321 atque
1562 5246 2039 5306 Christianissimo

410 5385 435 5411 ⁸
477 5379 605 5430 Haec
649 5374 964 5429 consularis
998 5377 1133 5427 nota
1181 5374 1454 5428 mendosa
1485 5379 1588 5434 est.
1621 5380 1686 5429 ut
1716 5377 1931 5446 patebit
1971 5392 2034 5429 ex

337 5446 406 5498 iis
439 5463 568 5516 qum
590 5447 738 5500 infra
761 5446 1036 5499 dicemus.
1071 5445 1212 5498 Puto
1246 5446 1393 5498 hanc
1420 5445 1777 5501 referendam
1800 5465 1920 5501 esse
1968 5448 2036 5501 ad

336 5519 696 5571 consulatum
718 5516 941 5570 Maximi
971 5515 1092 5569 sine
1121 5516 1354 5587 collega,
1383 5516 1479 5587 qui
1503 5518 1705 5572 incidit
1733 5519 1794 5573 in
1817 5535 2033 5572 annun‘.

341 5589 569 5640 Domini
596 5591 719 5642 523.
756 5589 882 5642 Sav.
915 5589 1126 5641 Bmus.

408 5661 433 5700 b
466 5659 618 5711 Hanc
667 5657 968 5728 epistolam
1034 5659 1282 5711 Joannes
1329 5658 1603 5727 pontifex,
1633 5659 1792 5728 jussu
1845 5660 2031 5714 Theo-

333 5728 514 5784 dorici
541 5729 609 5784 ab
643 5730 788 5783 Urbe
835 5730 1141 5799 relegatus,
1197 5728 1423 5800 scripsit
1476 5746 1540 5784 ex
1571 5731 1939 5794 carcereillo,
1970 5732 2028 5784 in

2155 3060 2448 3107 renovatur
2476 3053 2542 3107 de
2582 3055 2670 3108 die
2700 3057 2757 3108 in
2795 3053 2955 3110 diem.
3029 3057 3091 3110 Id
3118 3061 3277 3123 enim,
3311 3055 3454 3123 quod
3500 3059 3557 3108 in
3597 3059 3856 3123 przesenti

2157 3132 2233 3179 est
2286 3131 2709 3178 momentaneum
2739 3131 2793 3180 et
2827 3128 2935 3180 leve
2981 3128 3351 3180 tribulationis
3399 3131 3618 3192 nostrae,
3684 3141 3855 3193 supra

2154 3195 2369 3249 modum
2401 3199 2459 3250 in
2486 3196 2821 3250 sublimitate
2856 3204 3113 3252 aeternum
3143 3200 3327 3263 glorise
3354 3196 3564 3264 pondus
3591 3203 3854 3263 operatur

2154 3268 2214 3319 in
2250 3267 2424 3331 nobis,
2456 3283 2559 3320 non
2598 3268 3079 3336 contemplantibus
3121 3270 3271 3322 nobis
3301 3284 3422 3337 quae
3455 3267 3742 3332 videntur,
3767 3266 3858 3321 sed

2157 3352 2274 3404 quae
2319 3353 2423 3390 non
2471 3337 2746 3392 videntur.
2819 3341 2948 3405 Quae
3004 3339 3257 3393 videntur
3306 3342 3468 3404 enim,
3523 3340 3851 3404 temporalia

2153 3410 2285 3462 sunt
2308 3424 2319 3460 :
2355 3424 2473 3474 qua
2521 3414 2698 3462 autem
2726 3425 2832 3462 non
2879 3410 3155 3475 videntur,
3213 3415 3417 3464 zterna
3442 3414 3566 3462 sunt
3596 3410 3688 3475 (II
3732 3412 3850 3465 Cor.

2160 3495 2231 3544 1v,
2289 3479 2463 3549 5-18).
2503 3480 2712 3533 Scimus
2758 3483 2920 3545 enim,
2953 3484 3210 3549 quoniam
3267 3484 3316 3534 si
3346 3482 3616 3534 terrestris
3659 3480 3853 3534 domus

2153 3554 2340 3603 nostra
2376 3551 2538 3618 hujus
2572 3550 2923 3605 habitationis
2940 3551 3290 3617 dissolvatur,
3325 3551 3469 3618 quod
3491 3567 3558 3604 ea:
3590 3553 3690 3604 Dec
3729 3551 3854 3604 aedi-

2155 3622 2457 3688 ﬁcationem
2509 3621 2786 3686 habemus,
2844 3622 3059 3676 domum
3114 3638 3218 3676 non
3247 3624 3648 3686 manu/actam,
3693 3628 3853 3675 eter-

2155 3707 2282 3744 nam
2312 3695 2368 3744 in
2397 3691 2558 3745 cailis.
2616 3695 2755 3747 Nam
2787 3697 2836 3745 et
2864 3695 2922 3745 in
2973 3695 3066 3746 hoc
3099 3695 3516 3759 ingemiscimus,
3551 3692 3852 3745 habitatio—

2154 3778 2274 3815 nem
2322 3767 2582 3827 nostram,
2615 3778 2733 3830 quas
2780 3763 2845 3817 de
2893 3765 3016 3818 coelo
3062 3770 3160 3822 est.
3201 3763 3522 3832 superindui
3551 3766 3851 3830 cupientes,

2155 3837 2204 3886 si
2235 3841 2412 3887 tamen
2443 3837 2646 3896 vestiti,
2679 3840 2728 3887 et
2753 3849 2858 3887 non
2903 3835 3042 3887 nudi
3093 3838 3453 3888 inveniamur.
3504 3835 3644 3888 Nam
3677 3841 3728 3887 et
3761 3836 3855 3901 qui

2155 3919 2340 3958 sumus
2401 3907 2456 3956 in
2511 3906 2605 3958 hoc
2656 3905 3019 3971 tabernaculo,
3072 3907 3469 3971 ingemiscimus
3499 3905 3756 3970 Igravati,
3802 3920 3856 3957 eo

2158 3975 2300 4039 quod
2325 3976 2570 4028 nolumus
2607 3976 2855 4043 spoliari,
2889 3975 2983 4029 sed
3011 3979 3380 4044 supervestiri,
3415 3981 3472 4028 ut
3496 3977 3854 4028 absorbeatur

2157 4045 2302 4113 quod
2330 4047 2554 4098 mortale
2596 4050 2672 4098 est
2721 4062 2753 4098 a
2797 4049 2931 4099 vita.
2989 4045 3092 4110 Qui
3121 4052 3301 4098 autem
3350 4048 3515 4114 efﬁcit
3540 4061 3638 4098 nos
3673 4049 3734 4098 in.
3763 4046 3856 4098 hoc

2157 4119 2356 4181 ipsum,
2397 4120 2550 4182 Deus,
2585 4118 2682 4184 qui
2701 4117 2852 4169 dedit
2876 4116 3029 4170 nobis
3057 4120 3257 4184 pignus
3277 4118 3537 4183 Spiritus.
3563 4117 3851 4169 Audentes

2153 4189 2327 4253 igitur
2343 4202 2568 4255 semper,
2597 4194 2647 4239 et
2665 4192 2887 4240 scientes
2910 4191 3165 4256 quoniam
3185 4187 3314 4241 dum
3335 4202 3518 4241 sumus
3539 4189 3598 4238 in
3620 4189 3721 4240 hoc
3742 4203 3855 4240 cor-

2151 4274 2300 4326 pore,
2331 4262 2742 4326 peregrinamur
2787 4274 2820 4310 a
2851 4261 3077 4312 Domino
3125 4258 3246 4329 (per
3285 4258 3443 4326 ﬁdem
3486 4261 3627 4311 enim
3659 4258 3852 4310 ambu-

2156 4329 2352 4396 lamus,
2376 4334 2424 4382 et
2463 4344 2567 4381 non
2596 4344 2697 4396 per
2737 4332 3027 4396 Speciem):
3060 4329 3316 4382 audemus
3344 4335 3544 4394 autem,
3576 4333 3628 4381 et
3657 4329 3853 4381 bonam

2083 4407 2127 4460 Ι)
2156 4400 2484 4454 voluntatem
2543 4399 2797 4453 habemus
2840 4403 3014 4465 magis
3055 4403 3398 4467 peregrinari
3447 4415 3481 4452 a
3523 4415 3772 4467 corpore,
3805 4404 3855 4450 et

2155 4475 2441 4538 prasentes
2498 4485 2608 4523 esse
2655 4471 2730 4523 ad
2771 4471 2975 4524 Deum:
3027 4476 3076 4523 et
3123 4471 3244 4524 ideo
3287 4469 3682 4533 contendimus,
3744 4474 3857 4523 sive

2157 4542 2419 4607 absentes,
2453 4544 2567 4594 sive
2621 4548 2926 4608 praesentes,
2959 4541 3169 4609 placere
3222 4543 3290 4594 ei.
3327 4544 3517 4597 Omnes
3576 4544 3724 4593 enim
3757 4555 3852 4592 nos

2157 4614 2504 4674 manifestari
2547 4617 2753 4679 oportet
2797 4617 2922 4665 ante
2979 4612 3222 4665 tribunal
3271 4613 3493 4677 Christi,
3536 4616 3594 4664 ut
3643 4613 3856 4676 referat

2158 4685 2528 4750 unusquisque
2550 4687 2781 4751 propria
2809 4685 3249 4750 corporis,prout
3280 4685 3464 4749 gessit,
3489 4683 3599 4735 sive
3628 4682 3852 4744 bonum,

2156 4755 2267 4806 sive
2295 4755 2522 4806 malum.
2555 4755 2788 4808 Seientes
2815 4769 2938 4820 ergo
2961 4757 3201 4806 timorem
3248 4753 3492 4818 Domini,
3539 4753 3853 4804 hominibus

2155 4825 2461 4887 suademus,
2508 4827 2614 4877 Deo
2661 4829 2840 4878 autem
2882 4827 3163 4890 manifesti
3203 4839 3424 4889 sumus,»
3458 4838 3612 4890 spero
3672 4829 3856 4875 autem

2157 4900 2207 4948 et
2236 4898 2572 4949 conscientiis
2602 4898 2797 4948 vestris
2828 4897 3144 4959 manifestos
3176 4909 3266 4948 nos
3300 4909 3428 4947 esse.
3480 4895 3600 4948 Non
3651 4896 3856 4946 iterum

2154 4981 2249 5018 nos
2291 4966 2720 5020 commendamus
2756 4966 2926 5030 vobis,
2960 4966 3054 5020 sed
3081 4968 3410 5019 occasionem
3456 4963 3649 5017 damus
3698 4963 3856 5017 vobis

2153 5037 2430 5102 gloriandi
2450 5052 2552 5106 pro
2599 5037 2772 5100 nobis,
2807 5041 2866 5090 ut
2923 5037 3166 5089 habeatis
3226 5035 3299 5088 ad
3354 5050 3438 5089 eos
3488 5037 3586 5102 qui
3620 5037 3684 5087 in
3708 5036 3855 5106 facie

2152 5105 2482 5174 gloriantur,
2516 5112 2566 5160 et
2596 5123 2701 5161 non
2749 5110 2807 5160 in
2854 5107 3027 5160 corde.
3062 5108 3185 5161 Sive
3229 5110 3368 5159 enim
3414 5113 3588 5159 mente
3633 5105 3854 5158 θα·σὶάὶ-

2151 5194 2289 5242 mus,
2315 5183 2453 5240 Deo;
2475 5182 2587 5231 sive
2618 5179 2788 5232 sobrii
2817 5193 3022 5244 sumus,
3046 5178 3439 5232 vobis.Caritas
3465 5179 3606 5229 enim
3637 5176 3855 5230 Christi

2149 5255 2306 5317 urget
2339 5264 2462 5303 nos:
2495 5254 2819 5303 aestimantes
2855 5251 2970 5312 hoc,
2998 5251 3254 5314 quoniam
3283 5251 3334 5302 si
3372 5263 3511 5301 unus
3539 5262 3641 5314 pro
3672 5249 3850 5301 omni-

2151 5391 2262 5445 quo
2289 5391 2405 5429 non
2439 5377 2644 5454 rmulto
2685 5376 2964 5454 posthaec
3011 5379 3273 5454 tempora
3310 5374 3540 5454 paedore
3577 5374 3852 5454 fameque

2149 5453 2523 5514 consumptus
2553 5448 2878 5515 exspiravit.
2925 5449 3190 5500 Hortatur
3232 5447 3532 5514 episcopos
3574 5447 3754 5498 ltalim
3791 5451 3851 5497 nt

2144 5518 2316 5572 ﬁdem
2350 5517 2686 5571 catholicam
2731 5524 2925 5571 contra
2970 5519 3209 5570 Arianos
3265 5515 3597 5580 defendant,
3658 5517 3850 5569 eccle—

2146 5590 2372 5658 siasque
2405 5588 2474 5642 ab
2503 5588 2573 5642 iis
2594 5594 2898 5658 usurpatas
2927 5605 3085 5643 sacro
3108 5589 3222 5642 ritu
3242 5587 3546 5644 catholicas
3571 5586 3847 5642 reddant.

2215 5607 2256 5643 is
2304 5606 2372 5642 ue
2405 5606 2474 5642 an
2503 5606 2573 5642 ns
2594 5606 2898 5658 usurpatas
2927 5606 3085 5643 sacro
3108 5606 3222 5642 mu
3242 5606 3546 5644 catnoncas
3571 5606 3847 5642 renuant.

2215 5674 2233 5692 ⁶
2261 5606 2503 5728 Ἑτθεοικ
2554 5660 2899 5714 Turonensis
2942 5660 3140 5714 eadem
3201 5659 3381 5713 ferme
3443 5658 3614 5713 habet
3664 5673 3709 5711 c.
3776 5659 3847 5710 40

2144 5731 2277 5784 libri
2307 5731 2376 5783 de
2407 5730 2596 5782 Gloria
2637 5736 2976 5798 martyrum.
