3996 6170
187 292 278 343 533
817 285 1184 340 TRIFOLIUS
1225 286 1658 344 PRESBYTER.
1696 287 1905 342 EPIST.
1947 287 2046 341 AD
2083 288 2138 340 Β.
2187 287 2506 344 FAUSTUM
2546 288 2980 344 SENATOREM.

3556 290 3660 345 534

186 421 273 475 bus
300 421 533 473 mortuus
563 423 660 483 est,
693 433 818 486 ergo
836 433 1013 474 omnes
1027 423 1230 474 mortui
1244 425 1392 488 sunt,
1414 425 1464 476 et
1490 437 1590 491 pro
1615 422 1862 478 omnibus
1901 422 1950 479 A
1974 420 2339 490 oﬁ’ensionem,
2369 425 2429 474 ut
2459 437 2564 475 non
2597 424 2935 490 vituperetur
2977 422 3337 476 ministerium
3388 425 3654 487 nostrum,

182 495 408 546 mortuus
443 496 519 544 est
562 491 837 558 Christus,
874 495 935 545 ut
985 496 1035 546 et
1083 494 1180 562 qui
1220 496 1454 561 vivunt,‘
1463 495 1583 562 jam
1613 509 1718 548 non
1750 495 1860 548 sibi

183 566 374 628 vivant,
405 563 497 615 sed
523 565 572 615 ei
606 565 701 631 qui
728 577 828 630 pro
875 565 1013 630 ipsis
1046 568 1290 618 mortuus
1335 569 1413 618 est
1446 571 1494 618 et
1539 567 1853 620 resurrexit.

182 637 356 703 Itaque
405 648 498 687 nos
553 649 619 686 ea:
665 633 760 687 hoc
813 636 1076 688 neminem
1109 636 1228 702 jam
1278 639 1527 690 novimus
1566 638 1857 690 secundum

181 721 376 759 carnem
408 709 494 757 :et
527 707 577 757 si
613 707 932 770 agnovimus
979 706 1275 759 secundum
1316 723 1532 761 carnem
1561 708 1853 774 Christum,

181 777 262 830 sed
314 792 450 828 nunc
496 778 614 850 jam
659 791 763 828 non
813 780 1078 830 novimus.
1125 779 1185 832 Si
1232 794 1341 845 qua
1396 794 1520 844 ergo
1560 781 1617 831 in
1647 780 1858 834 Christo

179 863 303 901 nova
325 852 594 911 creatura,
622 854 802 901 vetera
838 851 1193 914 transierunt,
1227 865 1337 902 ecce
1361 851 1515 914 facta
1534 856 1659 903 sunt
1676 853 1859 903 omnia

182 935 318 972 nova.
357 918 549 972 Omnia
583 924 758 972 autem
792 934 858 972 ea:
895 922 1020 984 Deo,
1083 925 1180 987 qui
1210 922 1578 974 reconciliavit
1626 936 1721 974 nos
1751 922 1860 974 sibi

180 1006 263 1058 per
291 990 584 1054 Christum,
615 995 664 1042 ct
695 989 843 1042 dedit
885 991 1036 1044 nobis
1068 993 1429 1045 ministerium
1459 993 1856 1046 reconciliatio-

180 1065 270 1122 nis,
303 1063 562 1126 quoniam
611 1062 828 1128 quidem
875 1064 1012 1115 Deus
1063 1066 1180 1114 erat
1230 1066 1288 1116 in
1322 1063 1553 1127 Christo,
1595 1063 1856 1116 mundum

179 1132 512 1184 reconcilians
563 1133 690 1196 sibi,
721 1148 825 1184 non
855 1137 1116 1200 reputans
1143 1135 1254 1186 illis
1285 1134 1480 1187 delicta
1511 1137 1774 1200 ipso-rum,
1807 1138 1856 1188 et

181 1205 344 1272 posuit
391 1204 450 1254 in
504 1203 675 1266 nobis,
710 1203 924 1256 verbum
976 1206 1444 1258 reconciliationis.
1495 1207 1596 1258 Pro
1647 1207 1856 1260 Christo

178 1288 284 1338 ergo
313 1273 580 1338 legatione
604 1276 913 1341 fungimur,
948 1280 1210 1343 tanquam
1252 1279 1352 1329 Deo
1396 1276 1714 1329 exhortante
1761 1291 1857 1343 per

179 1359 275 1396 nos.
303 1343 652 1398 Obsecramus
685 1361 782 1413 pro
822 1346 1052 1410 Christo,
1097 1349 1523 1401 reconciliamini
1552 1351 1672 1400 Deo.
1719 1349 1854 1400 Eum

177 1417 261 1484 qui
278 1429 377 1467 non
403 1421 628 1468 noverat
657 1421 951 1483 peccatum,
983 1432 1083 1484 pro
1108 1419 1261 1471 nobis
1307 1423 1587 1486 peccatum
1613 1417 1763 1482 fecit,
1796 1422 1856 1471 ut

175 1489 618 1558 nosfefﬁceremur
642 1489 868 1553 justitia
922 1491 1015 1541 Dei
1045 1491 1102 1540 in
1140 1491 1256 1558 ipso
1300 1491 1374 1557 (ll
1405 1493 1532 1542 Cor.
1569 1507 1622 1554 v,
1679 1490 1852 1554 1-2-1).

175 1557 504 1623 Adjuvantes
527 1563 704 1611 autem
733 1560 1112 1627 exhortamur,
1162 1557 1227 1613 ne
1257 1563 1315 1613 in
1357 1576 1584 1614 vacuum
1611 1563 1855 1627 gratiam

173 1630 255 1680 Dei
288 1630 586 1700 recipiatis.
638 1630 735 1682 Ait
783 1634 968 1683 enim:
1009 1633 1262 1699 Tempore
1322 1636 1535 1700 accepto
1592 1631 1856 1685 emaudivi

175 1705 233 1763 te,
262 1705 308 1750 et
347 1702 402 1751 in
453 1699 544 1752 die
577 1702 770 1753 salutis
803 1701 997 1768 adjuvi
1052 1707 1122 1754 te.
1171 1705 1302 1755 Ecce
1337 1699 1480 1756 nunc
1513 1707 1718 1770 tempus
1759 1718 1849 1757 ac-

171 1770 432 1837 ceptabt'le,
471 1785 586 1823 ecce
629 1787 770 1825 nunc
802 1772 920 1826 dies
951 1774 1169 1827 salutis.
1202 1775 1418 1829 Nemini
1449 1775 1638 1828 dantes
1682 1774 1852 1828 ullam

229 1905 249 1928 ³
276 1897 592 1951 Erroneum
647 1901 730 1951 est
775 1898 879 1950 hoc
910 1903 964 1952 et
1009 1899 1370 1952 mendosum.
1413 1897 1470 1952 Si
1500 1898 1655 1952 enim
1685 1898 1850 1968 vige-

171 1967 296 2020 sima
347 1969 595 2038 septima
647 1969 795 2034 Maii,
836 1973 894 2021 at
939 1969 1112 2022 habet
1156 1969 1438 2039 Martyrol.
1500 1967 1844 2034 Romanum,

169 2039 302 2091 idem
330 2041 582 2093 Joannes
609 2056 760 2093 anno
780 2041 1003 2093 Domini
1029 2044 1152 2103 526,
1177 2041 1280 2093 sub
1306 2041 1605 2094 consulatu
1628 2041 1849 2110 Olybrii

171 2118 412 2163 mortuus
445 2127 570 2164 esse
626 2111 876 2180 ponitur,
929 2127 1292 2181 nequaquam
1316 2112 1586 2165 sustineri
1635 2116 1844 2181 potest,

171 2182 415 2234 eumdem
455 2181 622 2235 tertio
655 2182 971 2243 iduslunii,
1008 2183 1211 2236 eodem
1243 2199 1394 2236 anno
1428 2188 1484 2236 ct
1515 2184 1618 2236 sub
1649 2183 1848 2236 eodem

171 2253 450 2306 consulatu
487 2253 724 2322 Olybrii,
756 2253 900 2307 hanc
925 2253 1225 2323 epistolam
1249 2253 1559 2323 scripsisse.

231 2325 623 2383 bConsulatus
672 2324 895 2378 Maximi
946 2325 1054 2379 hoc
1121 2325 1243 2378 loco
1295 2324 1700 2395 superadditus
1741 2327 1844 2390 est,

169 2393 401 2462 adeoque
429 2397 850 2464 expungendus
883 2413 895 2449 :
939 2401 1179 2466 uterque
1224 2393 1382 2449 enini
1418 2396 1650 2449 diversis
1683 2395 1848 2448 annis

168 2467 514 2518 consulatum
545 2471 842 2535 gesserunt
874 2467 1006 2520 :ille
1030 2483 1180 2521 anno
1217 2467 1422 2521 Christi
1454 2470 1578 2534 523,
1603 2466 1693 2519 hic
1720 2469 1843 2520 526.

167 2537 373 2589 Accedit
440 2538 602 2608 quod
652 2554 840 2608 neque
892 2554 951 2592 ιιι
1011 2538 1140 2592 idus
1184 2538 1340 2592 Junii
1386 2539 1490 2591 sub
1545 2538 1845 2591 consulatu

1967 493 2060 548 sed
2091 495 2149 546 in
2185 493 2428 546 omnibus
2460 493 2806 546 exhibeamus
2837 495 3187 562 nosmetipsos
3240 495 3379 547 sicut
3428 495 3527 547 Dei
3557 495 3658 546 mi-

1965 568 2185 625 nistros,
2219 568 2277 617 in
2302 565 2475 617 multa
2517 567 2814 632 patientia,
2864 567 2922 617 in
2969 564 3435 628 tribulationibus,
3467 565 3525 617 in
3557 579 3658 618 ne-

1965 635 2332 700 cessitatibus,
2393 639 2448 688 in
2481 638 2770 701 angustiis,
2804 638 2862 688 in
2897 637 3098 704 plagis,
3133 637 3191 688 in
3241 635 3567 701 carceribus,
3602 638 3660 688 in

1967 706 2348 771 seditionibus,
2398 711 2454 758 in
2488 707 2786 767 laboribus,
2839 711 2896 759 in
2940 707 3169 772 vigiliis,
3214 709 3271 759 in
3301 706 3558 774 jejuniis,
3601 708 3658 759 in

1967 781 2238 842 castitate,
2289 780 2348 830 in
2399 779 2648 841 scientia,
2703 781 2762 830 in
2798 779 3230 846 longanimitate,
3277 779 3338 830 in
3363 779 3654 839 suavitate,

1967 851 2026 902 in
2073 850 2286 916 Spiritu
2316 854 2523 910 sancto,
2568 850 2625 900 in
2652 851 2879 901 caritate
2929 864 3034 902 non
3058 851 3203 916 ﬁcta,
3250 850 3307 900 in
3332 848 3491 900 verbo
3521 850 3658 900 veri-

1968 923 2120 986 tatis,
2155 922 2211 972 in
2239 922 2442 972 virtute
2481 922 2573 972 Dei
2609 935 2709 987 per
2738 935 2894 972 arma
2932 920 3166 987 justitiae
3195 934 3229 971 a
3277 919 3488 972 dextris
3537 925 3587 972 et
3625 935 3660 971 a

1965 993 2230 1055 sinistris,
2263 1007 2362 1059 per
2389 991 2621 1056 gloriam
2655 995 2704 1044 et
2727 991 3144 1058 ignobilitatem,
3176 1005 3270 1058 per
3301 991 3592 1056 infamiam
3608 993 3658 1042 et

1967 1062 2156 1115 bonam
2212 1063 2460 1126 famam;
2511 1066 2570 1114 ut
2618 1061 2921 1114 seductores
2994 1065 3045 1114 et
3099 1075 3333 1122 veraces,
3380 1063 3519 1114 sicut
3564 1064 3659 1128 qui

1963 1132 2142 1198 ignoti
2174 1136 2222 1186 et
2260 1134 2461 1199 cogniti
2491 1149 2503 1185 :
2541 1135 2702 1201 quasi
2741 1135 3048 1199 morientes,
3080 1137 3130 1186 et
3159 1148 3271 1186 ecce
3295 1133 3529 1184 vivimus
3557 1147 3570 1184 :
3599 1135 3660 1184 ut

1965 1205 2229 1269 castigati
2253 1209 2302 1256 et
2322 1219 2428 1256 non
2448 1203 2769 1270 mortiﬁcati
2793 1219 2804 1256 :
2831 1204 2993 1271 quasi
3021 1207 3221 1267 tristes,
3245 1217 3451 1271 semper
3482 1208 3660 1256 autem

1963 1275 2294 1339 gaudentes:
2331 1277 2470 1327 sicut
2504 1280 2735 1340 egentes,
2773 1276 2966 1328 multos
2994 1281 3174 1328 autem
3221 1274 3604 1341 locupletantes
3640 1287 3653 1325 :

1964 1351 2227 1414 tanquam
2273 1346 2412 1398 nihil
2441 1344 2718 1410 habentes,
2751 1351 2800 1398 et
2830 1348 3012 1398 omnia
3059 1344 3390 1413 possidentes
3424 1345 3500 1412 (11
3535 1344 3654 1399 Cor.

1963 1432 2034 1481 γι,
2093 1417 2258 1483 l-lO).
2295 1420 2368 1470 De
2398 1421 2604 1482 caetero,
2652 1419 2876 1482 fratres,
2910 1417 3160 1484 gaudete,
3207 1416 3441 1484 perfecti
3472 1418 3656 1478 estote,

1963 1487 2348 1553 emhortamini,
2373 1503 2558 1555 pacem
2587 1488 2791 1554 habete,
2825 1494 2885 1540 ut
2913 1491 3048 1541 Deus
3092 1487 3241 1554 pacis
3275 1491 3325 1538 et
3354 1485 3658 1538 dilectionis

1959 1561 2033 1612 sit
2077 1573 2284 1626 semper
2353 1554 2642 1612 vobiscum.
2706 1559 2879 1612 Amen
2944 1559 3018 1625 (II
3065 1559 3166 1613 Cor
3216 1573 3332 1622 xm,
3394 1559 3474 1616 ll,
3548 1554 3654 1626 t3).

1963 1637 1987 1661 ⁸
2016 1630 2156 1682 Data
2185 1625 2244 1682 ιιι
2275 1628 2403 1682 idus
2437 1630 2612 1696 Junii,
2647 1633 2670 1672 [ι
2701 1629 2942 1684 Maximo
2978 1629 2993 1649 '
3029 1634 3085 1683 et
3115 1627 3344 1697 Olybrio
3377 1626 3511 1679 viris
3541 1625 3656 1678 cla-

1892 1700 1932 1753 B
1963 1699 2204 1754 rissimis
2235 1699 2586 1754 consulibus.

1959 1896 2188 1952 Maximi
2231 1896 2379 1951 hanc
2437 1896 2739 1968 epistolam
2770 1894 2962 1968 datam
3013 1909 3138 1948 esse
3168 1889 3652 1968 concedi_possit:

1960 1969 2102 2022 Nam
2143 1985 2210 2022 eo
2241 1962 2496 2038 tempore
2528 1969 2772 2022 Joannes
2791 1965 3049 2038 nondum
3087 1969 3208 2019 erat
3243 1962 3656 2038 pontifextqui

1958 2056 2155 2094 mense
2184 2034 2426 2109 Augusti
2450 2039 2708 2108 ejusdem
2737 2037 2875 2109 anni
2906 2037 3103 2091 sedere
3124 2037 3312 2105 coepit.
3343 2034 3657 2089 Dicendum

1959 2127 2096 2180 ergo
2130 2108 2619 2180 hanc’epistolam
2664 2108 2936 2179 scriptam
2967 2123 3088 2161 esse
3127 2113 3384 2180 tempore
3427 2120 3657 2180 consu-

1957 2175 2105 2261 lat'us
2136 2175 2368 2252 Olybrii
2388 2181 2600 2261 absque
2632 2175 2849 2261 collega
2882 2196 3040 2261 anno
3088 2175 3311 2261 Domin‘i
3346 2177 3466 2261 526.
3516 2175 3657 2229 Hinc

1999 2258 2115 2306 atet
2144 2249 2245 2306 cur
2275 2269 2449 2322 supra
2477 2249 2720 2307 dixerim
2753 2252 3051 2322 epistolam
3077 2249 3518 2322 praecedentem
3557 2262 3653 2299 re-
3723 2281 3732 2290 ς

1981 2324 2252 2378 'erendam
2303 2318 2423 2377 esse
2479 2325 2550 2379 ad
2583 2318 3217 2389 consulatumudaximi
3251 2319 3373 2374 sine
3415 2318 3651 2388 collega.

2031 2395 2298 2448 Mendosa
2356 2396 2478 2448 haec
2536 2411 2765 2466 quoque
2819 2392 3095 2466 temporis
3157 2389 3474 2455 annotatio,
3522 2403 3655 2443 cum

1958 2481 2112 2519 anno
2140 2469 2242 2520 526
2274 2465 2365 2520 die
2395 2470 2459 2518 27
2491 2465 2619 2522 Mtiii
2651 2466 2860 2520 obierit
2887 2465 3158 2520 Joannes.

1611 2795 1822 2839 EODEM
1870 2794 2181 2840 TEMPORE.

318 2923 3459 3158 TRIFOLIUSERESBYTER.

1746 3147 2044 3159 ——

1614 3218 2170 3283 NOTITIA.
2525 3273 2528 3276 .

1744 3328 1839 3390 (Ex
1870 3328 2052 3390 Cave.)

214 3442 492 3508 Trifolius,
529 3439 810 3512 dignitate
849 3438 1169 3512 presbyter,
1201 3439 1499 3511 cujusnam
1544 3457 1676 3495 vero
1728 3441 1837 3495 loci
1877 3443 1916 3498 C
1945 3456 2076 3495 rum
2104 3440 2465 3510 generalium
2524 3441 2765 3496 decretis
2805 3447 3002 3498 contra
3040 3445 3318 3501 Joannem
3356 3447 3648 3519 Scytham,

162 3531 268 3601 quis
292 3531 457 3585 nobis
515 3529 836 3585 divinabit?
877 3529 1092 3585 Claruit
1120 3546 1270 3584 anno
1302 3533 1423 3585 520.
1485 3531 1840 3594 Quaesiverat

161 3621 293 3674 abeo
334 3622 608 3683 Faustus,
669 3624 897 3673 senator
946 3621 1238 3674 Romanus
1278 3625 1335 3674 et
1378 3620 1648 3688 praetorio
1691 3636 1836 3689 pras-

161 3709 331 3775 fectus,
365 3711 412 3764 si
453 3710 599 3780 quid
629 3709 691 3763 in
735 3709 958 3780 scriptis
1009 3711 1241 3763 Patrum
1289 3709 1358 3762 de
1400 3709 1658 3762 doctrina
1704 3708 1834 3778 Scy-

160 3799 359 3852 tharum
387 3799 816 3853 monachorum
849 3799 1089 3868 reperiri
1118 3802 1328 3868 posset.
1364 3799 1566 3850 Fausto
1598 3813 1836 3866 respon-

162 3885 228 3938 dit
254 3903 352 3956 per
381 3887 695 3958 epistolam
725 3885 1013 3954 Trifolius,
1047 3902 1161 3958 qua
1193 3901 1262 3940 ex
1289 3889 1538 3957 quatuor
1561 3885 1830 3940 concilio-

1953 3534 2192 3600 ejusque
2252 3531 2558 3585 monachos
2591 3531 2690 3601 qui
2751 3533 2988 3586 Romam
3034 3550 3220 3606 nuper
3275 3536 3646 3607 advenerant,

1947 3620 2083 3688 agit.
2135 3620 2290 3673 Hanc
2337 3621 2635 3688 epistolam
2688 3621 2744 3674 in
2793 3621 2908 3675 ﬁne
2957 3622 3190 3694 quidem
3232 3627 3518 3696 mutilam,
3581 3643 3646 3682 ex

1947 3707 2167 3760 schedis
2218 3707 2635 3762 Sirmondianis
2684 3709 2832 3764 eruit
2888 3711 3164 3781 Labbeus,
3214 3719 3271 3768 et
3333 3715 3409 3785 {in
3459 3716 3645 3772 lucem

1947 3796 2137 3851 emisit
2161 3796 2374 3851 Concil.
2413 3803 2551 3852 tom.
2587 3800 2672 3866 ιν,
2705 3815 2834 3871 pag.
2874 3802 3027 3855 1540.

1081 4117 1719 4226 TRIFOLII
1810 4117 2704 4226 PRESBYTERI

1500 4313 2320 4440 EPISTOLA

815 4501 972 4587 AD
1033 4499 1508 4588 BEATUM
1567 4497 2175 4588 FAUSTUM"
2251 4494 2949 4584 SENATOREM

1150 4668 1417 4720 CONTRA
1451 4667 1830 4720 JOHANNEM
1871 4666 2171 4718 SCYTHAM
2215 4664 2631 4718 MONACHUM.

371 4778 809 4835 OBSERVATIO
847 4779 1146 4834 PHILIPPI
1178 4779 1418 4848 LABBE,
1467 4779 1520 4833 S.
1563 4780 1609 4834 J.

213 4867 310 4931 Qui
356 4869 616 4924 Dioscori
653 4869 882 4922 diaconi
915 4868 1144 4922 missam
1173 4869 1246 4922 ad
1278 4871 1600 4923 Romanum
1622 4883 1832 4938 papam

156 4937 496 4995 Hormisdam
552 4942 624 4994 ab
674 4942 814 4994 urbe
863 4941 966 4994 (ΣΡ.
1021 4941 1354 4994 relationem
1411 4942 1480 4995 de
1536 4937 1831 4993 monachis

154 5008 366 5082 Scythis,
398 5012 502 5082 qui
543 5027 727 5064 unum
753 5011 821 5065 de
850 5011 1127 5066 Trinitate
1158 5027 1390 5082 passum
1409 5016 1464 5065 et
1496 5010 1830 5082 cruciﬁxum

155 5079 518 5149 afﬁrmabant,
559 5083 813 5152 itemque
858 5082 1125 5136 Germani
1155 5079 1210 5136 et
1245 5083 1480 5136 Joannis
1536 5081 1828 5152 episcopo-

154 5165 263 5204 rum
296 5159 603 5224 sequentes
634 5153 1084 5224 suggestionem,
1124 5159 1246 5207 tum
1296 5153 1635 5206 Horsmisdai
1666 5168 1829 5223 papae

156 5224 230 5301 66_
261 5225 516 5304 aliasque
556 5226 766 5278 multas
814 5225 1084 5304 deinceps
1111 5225 1410 5304 ejusdem.
1439 5240 1564 5304 eam
1615 5225 1675 5276 in
1705 5239 1823 5304 rem

155 5294 403 5372 epistolas
419 5294 1075 5372 attenteperpenderi’t,
1107 5296 1165 5372 is
1193 5296 1348 5372 haud
1381 5295 1551 5372 dubie
1602 5311 1716 5372 non
1747 5295 1829 5372 in-

154 5365 283 5438 Vlttls
303 5369 455 5438 leget
500 5367 775 5422 ineditam
793 5365 1079 5422 hactenus
1125 5367 1343 5422 Trifolii
1396 5367 1712 5436 presbyteri
1762 5365 1830 5420 de

155 5437 338 5492 eodem
370 5437 714 5509 argumento
747 5439 1049 5509 epistolam
1073 5439 1142 5492 ad
1174 5439 1441 5509 Faustum
1484 5441 1828 5503 senatorem,

157 5521 312 5574 quam
341 5508 498 5564 inter
535 5508 798 5564 schedas’
823 5510 1114 5564 Sirmondi
1165 5508 1347 5564 nostri
1401 5509 1830 5562 delitescentem

1863 4779 1907 4832 D
1935 4777 2142 4847 reperi,
2177 4776 2394 4847 tibique
2424 4791 2596 4843 nunc,
2646 4775 2856 4847 lector,
2891 4777 3263 4847 repraesento,
3316 4777 3380 4830 ut
3409 4773 3479 4830 de
3519 4779 3642 4831 tota

1943 4845 2050 4903 hac
2079 4845 2466 4903 controversia
2496 4847 2708 4902 certius
2733 4846 3018 4916 judicium
3049 4845 3222 4900 feras.

2013 4974 2276 5029 Mandare
2317 4972 2459 5026 mihi
2502 4971 2770 5042 dignatus
2837 4987 2896 5024 es
2952 4971 3266 5026 monachos
3323 4971 3556 5042 Scythas
3603 4986 3639 5025 a

1939 5061 2430 5132 Constantinopoli
2488 5060 2800 5127 advenisse,
2853 5059 2952 5131 qui
3005 5076 3189 5115 unum
3237 5063 3306 5116 de
3364 5061 3638 5115 Trinitate

1939 5152 2256 5223 prmdicant
2292 5149 2650 5215 crucifixum,
2693 5165 2930 5220 sperans
2979 5167 3010 5204 a
3057 5149 3334 5221 parvitate
3393 5165 3540 5215 mea,
3587 5147 3633 5201 si

1941 5242 2052 5296 tale
2083 5241 2301 5312 aliquid
2339 5240 2399 5293 in
2430 5238 2691 5293 doctrina
2724 5241 2963 5294 Patrum
3005 5238 3337 5310 repererim.
3370 5239 3483 5292 Ista
3527 5237 3636 5291 do-

1941 5329 2122 5384 ctrina
2145 5329 2211 5383 de
2243 5328 2401 5383 fonte
2434 5326 2555 5381 Arii
2584 5327 2849 5399 prodivit,
2884 5332 2942 5383 et
2971 5333 3057 5382 est
3076 5325 3420 5382 conveniens
3445 5325 3632 5380 omni-

1939 5419 2046 5474 bus
2079 5417 2411 5473 haeresibus.
2446 5417 2570 5471 Vita
2603 5416 2884 5488 quidquid
2916 5422 3162 5488 quatuor
3192 5414 3395 5485 synodi
3433 5414 3493 5468 in
3529 5413 3631 5469 de-

1940 5507 2200 5563 ﬁnitione
2241 5506 2374 5561 ﬁdei
2407 5521 2523 5560 non
2553 5510 2894 5577 posuerunt,
2944 5505 3000 5559 id
3059 5509 3141 5558 est
3182 5504 3431 5574 Nicmna,
3485 5505 3635 5561 Con-

218 5665 237 5682 ¹
262 5665 312 5720 Is
343 5666 567 5722 videtur
591 5669 826 5723 Faustus
858 5669 926 5724 ad
961 5684 1133 5740 quem
1164 5667 1324 5740 praef.
1359 5667 1633 5739 praetorio
1667 5669 1888 5722 exstant
1925 5667 2118 5738 plures
2145 5667 2400 5740 epistola:
2431 5668 2581 5740 apud
2607 5667 3028 5731 Cassiodorum,
3064 5667 3159 5722 lib.
3190 5682 3244 5720 γι
3273 5667 3593 5723 Variarum.
