3996 6170
311 287 414 342 535

965 281 1340 341 TRIFOLIUS
1377 279 1810 341 PRESBYTER.
1855 279 2064 335 EPIST.
2107 281 2202 336 AD
2244 281 2300 335 Β.
2347 278 2664 336 FAUSTUM
2706 278 3154 337 SENATOREM.

3713 282 3823 335 536

310 416 838 488 stantinopolitana,
872 415 1160 488 Ephesina
1184 415 1392 485 prima,
1427 419 1481 468 et
1513 413 1992 470 Chalcedonensis
2029 417 2071 470 A
2102 414 2168 468 de
2212 415 2309 468 hoc
2339 412 2606 481 quomodo
2651 413 3019 479 conﬁtemini?
3051 409 3346 466 Dorotheus
3377 411 3831 466 archimandrita

310 512 364 562 et
397 507 550 577 quod
581 506 641 560 in
667 505 921 576 epistolis
956 509 1283 559 sanctorum
1318 507 1574 569 Patrum,
1594 521 1733 575 quas
1753 511 2003 575 quatuor

315 602 525 650 sanctas
556 597 758 667 synodi
788 595 848 649 in
882 594 1217 648 auctoritate
1256 593 1390 650 ﬁdei
1427 610 1550 648 esse
1579 595 1912 661 voluerunt,
1947 593 2006 647 id

314 690 400 740 est
429 684 723 739 Athanasii
753 684 1008 754 episcopi
1036 683 1406 737 Alexandrini
1428 683 1492 737 ad
1525 683 1843 753 Epictetum
1878 683 2007 752 epi-

316 790 572 843 scopum,
605 774 801 843 Cyrilli
842 774 910 826 ad
951 773 1276 853 Nestorium
1334 788 1469 841 una,
1523 779 1578 827 et
1625 774 1693 826 ad
1727 774 2008 826 Joannem

195 932 212 946 .
314 863 734 916 Antiochenum
788 862 985 928 altera,
1037 866 1093 914 et
1148 861 1405 930 epistolis
1459 877 1624 931 papae
1676 861 1899 915 Leonis.
1952 859 2010 913 Si

316 951 445 1024 quis
483 951 710 1017 addere,
737 955 834 1004 aut
859 951 1142 1017 minuere,
1187 955 1286 1004 aut
1317 951 1480 1004 aliter
1509 949 1875 1019 interpretari
1912 963 2009 1002 vo-

317 1042 507 1108 luerit,
524 1055 695 1111 qnam
723 1041 916 1094 Patres
934 1039 993 1092 in
1017 1054 1189 1108 supra
1212 1039 1458 1108 scriptis,
1477 1038 1645 1092 autin
1674 1037 2010 1092 delinitione

319 1146 422 1183 sua
450 1145 566 1182 non
595 1132 909 1198 posuerunt
956 1127 1179 1198 synodi,
1247 1128 1431 1197 quivis
1469 1128 1563 1180 ille
1595 1128 1667 1180 sit
1697 1126 1794 1197 qui
1820 1140 2013 1196 supcr-

317 1218 501 1288 ponit,
534 1218 838 1272 haereticus
865 1221 967 1271 est.
1003 1218 1146 1270 Nam
1175 1219 1342 1271 Pater
1372 1223 1427 1270 et
1459 1216 1631 1270 Filius
1666 1223 1722 1270 et
1771 1215 2016 1286 Spiritus

319 1311 549 1360 sanctus
571 1312 683 1360 tres
705 1321 982 1376 personae,
1018 1322 1164 1359 unus
1188 1307 1358 1374 Deus,
1374 1321 1473 1360 vox
1497 1311 1552 1359 et
1572 1306 1810 1360 verbum
1841 1311 1897 1358 et
1914 1304 2013 1357 ﬂa-

320 1401 430 1449 tus.
465 1397 581 1450 Vox
613 1397 777 1448 Pater
804 1400 905 1463 est,
945 1395 1181 1448 verbum
1211 1394 1404 1461 Filius,
1439 1393 1608 1448 ﬂatus
1630 1399 1716 1447 est
1771 1392 2018 1462 Spiritus

325 1490 570 1539 sanctus.
605 1486 851 1539 Persona
872 1484 1050 1540 Patris
1082 1488 1400 1554 etpersona
1419 1483 1599 1537 sancti
1625 1483 1870 1552 Spiritus
1896 1481 2019 1535 sine

325 1589 495 1628 carne
520 1591 531 1628 :
553 1590 795 1645 persona
807 1589 939 1627 vero
955 1573 1100 1640 Filii,
1116 1589 1244 1644 quae
1259 1588 1486 1642 semper
1497 1588 1628 1625 cum
1646 1573 1806 1626 Patre
1821 1576 1877 1624 et
1897 1568 2021 1640 Spi-

326 1664 444 1717 ritu
456 1669 649 1717 sancto
669 1663 799 1730 fuit,
817 1663 877 1716 in
897 1663 1170 1717 Trinitate
1183 1667 1284 1728 est,
1304 1662 1360 1716 id
1375 1667 1459 1716 est
1472 1660 1718 1714 Verbum
1736 1659 1856 1714 Dei.
1875 1661 2022 1713 Deus

2115 503 2281 569 dixit,
2315 505 2373 555 in
2402 505 2616 556 nomine
2642 503 2825 555 Patris
2857 506 2905 554 et
2928 501 3176 569 Spiritus
3199 504 3378 555 sancti
3422 502 3695 570 baptizati
3731 516 3827 554 su-

2115 607 2254 657 mus,
2287 594 2592 658 conﬁtcntes
2626 592 2967 644 Salvatorem
2995 597 3242 644 nostrum
3283 593 3465 644 Jesum
3513 591 3822 653 Christum,

2117 685 2210 746 qui
2239 669 2516 733 descendit
2555 683 2604 733 et
2636 681 2954 733 incarnatus
2982 684 3061 732 est
3097 695 3130 732 a
3151 685 3343 733 sancta
3379 681 3605 746 Virgine
3642 680 3832 733 Maria

2117 776 2167 823 et
2198 771 2463 822 hominem
2483 769 2711 822 indutus
2762 773 2858 835 est,
2892 773 2942 822 et
2982 769 3300 836 cruciﬁxus,
3327 783 3493 821 unum
3546 768 3610 821 de
3646 770 3833 821 Trini-

2121 863 2228 912 tate
2249 872 2359 912 esse
2400 873 2642 926 passum.
2693 857 2849 912 Talia
2901 857 3156 911 dicentes
3201 856 3573 927 suprascripti
3633 856 3828 910 archi-

2120 945 2420 1000 mandritas
2456 950 2800 1016 acceperunt
2829 945 3261 999 damnationem
3303 960 3433 999 cum
3485 945 3831 1015 Eutychete,

2124 1041 2178 1090 et
2201 1052 2399 1090 omnes
2419 1035 2697 1090 haeretici.
2727 1037 2789 1089 In
2821 1034 3084 1105 epistola,
3119 1033 3412 1104 inquiunt,
3476 1034 3667 1086 Procli
3693 1033 3837 1086 scri-

2122 1132 2286 1196 ptum
2318 1129 2420 1193 est,
2456 1142 2602 1179 unus
2658 1125 2727 1180 de
2761 1125 3036 1180 Trinitate
3077 1140 3276 1194 passus
3308 1127 3410 1176 est.
3449 1122 3504 1176 Si
3549 1123 3833 1191 epistolas

2126 1217 2360 1269 Patrum
2404 1213 2721 1281 Athanasii,
2757 1214 2971 1283 Cyrilli,
3007 1218 3060 1266 et
3094 1213 3313 1278 Leonis,
3347 1227 3476 1282 qua:
3525 1227 3631 1281 per
3697 1211 3836 1264 uni-

2125 1305 2371 1358 versales
2392 1308 2613 1358 sanctas
2644 1304 2888 1374 synodos
2941 1303 3167 1356 relectte
3190 1305 3246 1355 et
3276 1301 3631 1355 conﬁrmatae
3680 1305 3836 1367 sunt,

2126 1393 2384 1448 haeretici
2415 1393 2839 1459 fraudaverunt,
2896 1396 3110 1463 quanto
3142 1391 3324 1462 magis
3355 1389 3624 1460 epistolas
3647 1388 3841 1443 Procli

2131 1500 2257 1554 quae
2281 1483 2512 1551 necinfu
2523 1484 2647 1536 nius
2661 1482 2860 1550 synodi
2881 1480 3213 1535 deﬁnitione
3232 1479 3416 1550 posita
3436 1483 3519 1532 est
3539 1479 3567 1534 ἳ
3589 1479 3840 1549 Semper

2130 1572 2387 1627 haeretici
2440 1573 2589 1626 male
2646 1570 3082 1641 interpretando
3115 1569 3270 1624 dicta
3293 1571 3550 1636 ,Patrum
3580 1568 3839 1622 haereses

2133 1679 2260 1716 suas
2289 1661 2631 1716 conﬁrmare
2653 1664 2950 1724 conantur,
2988 1660 3133 1713 sicut
3161 1658 3301 1713 dicit
3327 1659 3380 1712 S.
3427 1658 3679 1728 Cyrillus
3714 1656 3838 1728 epi-

327 1751 618 1820 ingressus
643 1752 702 1806 in
729 1757 893 1806 utero
933 1753 1182 1821 Virginis
1215 1753 1400 1806 Maria:
1422 1751 1730 1821 assumpsit
1758 1751 1826 1803 de
1845 1766 1910 1802 ea
1925 1765 2023 1802 na—
2063 1768 2103 1821 Β
2134 1767 2339 1822 scopus
2369 1750 2792 1804 Alexandrinus
2813 1750 2882 1804 ad
2914 1751 3193 1804 Joannem
3227 1747 3653 1802 Antiochenum
3687 1747 3842 1800 inter

323 1842 730 1909 turam‘carnis,
749 1858 862 1896 non
877 1858 1199 1912 personam.
1217 1843 1345 1895 Ideo
1359 1841 1508 1912 quod
1533 1840 1809 1894 Dominus
1831 1843 2026 1893 noster

325 1932 486 1985 Jesus
509 1932 764 1986 Christus
785 1932 913 1986 duae
926 1936 1165 1998 natura,
1183 1946 1299 1984 una
1318 1946 1562 2001 persona
1577 1929 1839 1995 Verbum,
1865 1927 1923 1980 id
1941 1930 2026 1980 est

333 2020 505 2074 Filius
540 2021 636 2074 Dei
665 2022 814 2074 Deus
866 2019 1229 2087 immortalis,
1273 2018 1596 2084 invisibilis,
1630 2017 2020 2088 impassibilis.

329 2110 470 2162 Caro
500 2109 662 2163 istius
694 2109 853 2163 verbi
896 2110 1173 2177 mortalis,
1203 2107 1466 2176 visibilis,
1501 2107 1804 2178 passibilis.
1859 2107 2026 2160 Pater

330 2214 446 2252 non
468 2201 552 2252 est
580 2200 747 2252 Pater
788 2197 1102 2263 Trinitatis,
1135 2197 1230 2252 sed
1263 2197 1412 2265 Filii,
1447 2201 1502 2250 et
1561 2197 1733 2251 Filius
1773 2211 1889 2249 non
1943 2197 2027 2247 est

327 2287 636 2353 Trinitatis,
661 2288 760 2342 sed
788 2288 987 2354 Patris,
1021 2299 1076 2341 et
1109 2287 1355 2357 Spiritus
1401 2291 1627 2339 sanctus
1655 2301 1774 2339 non
1822 2299 2026 2354 proce-

331 2377 416 2429 dit
446 2375 515 2430 de
543 2376 837 2442 Trinitate,
871 2377 967 2431 sed
1005 2377 1074 2430 de
1115 2378 1276 2429 Patre
1309 2380 1363 2428 et
1397 2374 1554 2429 Filio.
1593 2376 1716 2428 Non
1744 2376 1879 2428 sunt
1911 2376 2026 2426 tres

332 2463 440 2529 Dii,
465 2479 654 2533 neque
676 2469 788 2516 tres
842 2466 1057 2530 Patres,
1105 2480 1292 2534 neque
1340 2469 1453 2517 tres
1493 2463 1636 2528 Filii,
1667 2478 1856 2532 neque
1913 2466 2027 2514 tres

331 2551 575 2622 Spiritus
601 2552 801 2605 sancti.
832 2552 941 2616 Qui
969 2567 1150 2606 unum
1195 2553 1262 2606 de
1310 2551 1584 2606 Trinitate
1644 2552 1842 2606 dicunt
1891 2567 2024 2620 pas-

334 2657 483 2709 sum,
514 2641 559 2693 si
586 2640 785 2694 Ariani
816 2657 931 2694 non
955 2646 1104 2707 sunt,
1133 2641 1410 2695 dicantde
1443 2640 1650 2711 quibus
1680 2639 1859 2693 tribus
1878 2655 2025 2692 unus

333 2745 530 2799 passus
563 2734 666 2784 est.
694 2731 771 2783 De
820 2731 1003 2783 tribus
1034 2730 1315 2796 Patribus,
1362 2735 1462 2783 aut
1493 2729 1563 2783 de
1619 2728 1801 2784 tribus
1849 2728 2022 2794 Filiis,

335 2824 434 2872 aut
465 2819 534 2872 de
585 2818 769 2872 tribus
793 2819 1100 2889 Spiritibus
1127 2819 1352 2885 sanctis,
1406 2823 1504 2872 aut
1551 2823 1701 2872 certe
1744 2819 1812 2872 de
1845 2817 2026 2871 tribus

334 2907 472 2974 Diis,
523 2908 670 2962 sicut
694 2907 830 2962 dicit
875 2909 1064 2964 Arius.
1109 2910 1262 2962 Unus
1291 2910 1442 2962 Deus
1468 2913 1706 2973 creator,
1761 2906 2027 2977 impassi-

333 2995 485 3062 bilis,
519 2997 882 3051 immortalis.
906 2997 1066 3051 Alter
1097 3013 1232 3050 vero
1264 2998 1412 3051 Deus
1443 3001 1684 3063 creatus,
1718 2996 2025 3067 passibilis,

336 3091 395 3138 ct
418 3086 696 3152 mortalis,
749 3091 849 3139 aut
890 3086 1038 3139 sicut
1077 3086 1354 3140 Sabellius
1394 3085 1551 3152 dicit,
1585 3086 1719 3156 quia
1747 3091 1863 3138 tres
1892 3099 2030 3154 per-
2070 3072 2110 3128 C

334 3190 500 3228 sonas
533 3191 654 3228 esse
685 3179 877 3243 negat,
911 3175 1007 3227 sed
1038 3179 1261 3228 tantum
1293 3175 1407 3228 dici
1432 3179 1613 3244 putat.
1656 3174 1790 3230 Ideo
1845 3189 2028 3227 unum

336 3263 406 3316 de
458 3262 734 3316 Trinitate
781 3264 1009 3316 Patrem
1068 3263 1210 3316 dixit
1253 3265 1613 3317 incarnatum
1663 3267 1720 3316 et
1774 3278 2028 3331 passum.

335 3350 682 3419 Apollinaris
729 3366 862 3404 vero
898 3357 1071 3418 negat
1121 3351 1408 3405 Christum
1458 3353 1710 3405 animam
1759 3357 1816 3404 et
1862 3351 2030 3405 intel-

337 3439 548 3492 lectum
587 3439 856 3492 habuisse
923 3444 979 3492 et
1005 3454 1109 3508 pro
1152 3440 1345 3493 anima
1375 3445 1432 3494 et
1469 3441 1788 3504 intellectu,
1822 3439 2030 3510 inquit,

339 3529 488 3582 Deus
519 3529 569 3581 ei
606 3527 729 3581 fuit.
757 3527 885 3581 Ideo
931 3527 1071 3581 dicit
1120 3543 1304 3603 unum
1357 3529 1424 3581 de
1476 3528 1746 3582 Trinitate
1805 3544 2033 3598 passum

337 3617 400 3670 in
429 3632 622 3683 carne,
650 3616 707 3670 Si
736 3631 885 3669 unus
939 3616 1007 3669 de
1054 3616 1330 3670 Trinitate
1376 3633 1575 3687 passus
1608 3622 1693 3672 est
1726 3617 1787 3671 in
1841 3633 2030 3685 carne,

340 3721 470 3759 caro
499 3706 708 3759 mansit
736 3705 1106 3774 impassibilis
1138 3721 1150 3759 :
1177 3705 1276 3776 qui
1307 3721 1488 3760 unum
1536 3707 1603 3760 de
1636 3705 1911 3761 Trinitate
1945 3707 2034 3760 Fi-

339 3795 485 3849 lium
509 3795 705 3850 dicunt
730 3810 983 3864 passum,
1017 3795 1160 3849 duos
1204 3799 1303 3849 aut
1327 3799 1440 3849 tres
1473 3795 1642 3850 Filios
1689 3796 1903 3863 colunt,
1967 3811 2035 3850 ex

343 3885 554 3954 quibus
586 3899 732 3937 unus
761 3899 960 3954 passus
991 3888 1095 3951 est,
1129 3885 1243 3938 duo
1273 3890 1513 3939 manent
1545 3885 1946 3955 impassibiles.
1979 3883 2033 3938 Si

343 3987 477 4026 vero
509 3973 579 4026 de
617 3971 892 4026 Trinitate
925 3978 1012 4026 est
1042 3973 1234 4040 Filius,
1268 3989 1386 4027 non
1417 3978 1503 4027 est
1543 3974 1613 4028 de
1644 3976 1808 4027 Patre
1837 3989 2035 4027 secun-

345 4061 486 4116 dum
516 4063 807 4127 deitatem,
859 4077 1047 4132 neque
1093 4062 1163 4116 de
1193 4068 1377 4117 matre
1410 4063 1725 4118 secundum
1781 4079 2033 4129 carnem,

345 4152 446 4206 sed
469 4152 538 4206 de
584 4151 857 4205 Trinitate
889 4152 1154 4217 Trinitas,
1189 4156 1245 4205 et
1292 4168 1444 4205 unus
1478 4154 1547 4207 de
1579 4153 1853 4206 Trinitate
1901 4168 2038 4222 qua-

343 4247 478 4295 tuor
505 4241 670 4308 ﬁunt,
705 4239 851 4294 sicut
909 4240 1046 4294 dicit
1089 4241 1402 4310 Nestorius,
1439 4242 1611 4296 Filius
1660 4242 1846 4296 Mariae
1884 4257 2039 4294 asso-

345 4330 526 4384 ciatus
547 4335 632 4384 est
663 4330 802 4383 Filio
829 4331 954 4397 Dei,
980 4335 1037 4383 et
1064 4330 1246 4384 factus
1277 4335 1360 4384 est
1391 4331 1712 4384 communis
1754 4330 2036 4392 Trinitati,

347 4423 404 4474 et
433 4435 632 4490 passus
663 4424 748 4473 est
775 4434 927 4472 unus
975 4419 1045 4472 de
1074 4419 1373 4474 Trinitate.
1407 4420 1575 4473 Arius
1623 4435 1805 4473 unum
1856 4420 2038 4472 Deum

347 4508 549 4562 dividit
579 4509 638 4561 in
671 4509 811 4562 duos
845 4509 1005 4562 Deos.
1041 4509 1334 4562 Nestorius
1362 4508 1623 4563 addendo
1656 4509 1899 4562 alterum
1952 4508 2040 4562 Fi-

349 4596 490 4650 lium
523 4597 838 4650 secundum
869 4612 1099 4651 carnem
1131 4595 1415 4662 Trinitati,
1455 4597 1590 4650 facit
1619 4602 1867 4668 quatuor
1907 4613 2040 4667 per-

351 4700 535 4738 sonas.
569 4685 846 4754 Eutyches
876 4687 1014 4740 duas
1046 4689 1282 4740 naturas
1312 4686 1468 4739 unici
1521 4686 1645 4739 Filii
1672 4688 1772 4740 Dei
1803 4686 2042 4740 commi-

350 4778 485 4838 scet,
507 4773 652 4826 sicut
684 4774 864 4844 pistor
892 4775 1135 4830 farinam
1156 4780 1212 4831 ct
1240 4791 1476 4846 aquam;
1495 4776 1616 4845 jam
1645 4792 1749 4829 nec
1798 4775 2042 4829 farinam

351 4877 456 4914 nec
486 4877 718 4932 aquam,
751 4863 847 4917 sed
891 4865 1120 4918 tertium
1152 4864 1210 4918 id
1234 4870 1321 4918 est
1357 4881 1586 4934 panem.
1638 4865 1790 4919 Sicut
1839 4869 1896 4918 et
1940 4865 2046 4917 Eu-

348 4951 543 5019 tyches
590 4952 920 5006 commiscet
969 4958 1201 5007 naturas
1252 4954 1354 5008 Dei
1401 4958 1457 5006 et
1498 4953 1766 5018 hominis,
1823 4958 1881 5006 et
1922 4952 2042 5021 jam

349 5056 456 5094 nec
533 5042 702 5107 Deus,
781 5057 885 5095 nec
951 5042 1149 5105 homo,
1229 5057 1332 5096 nec
1408 5043 1596 5106 Pater,
1669 5057 1772 5095 nec
1842 5041 2040 5106 Filius,

350 5146 455 5185 nec
487 5130 732 5201 Spiritus
769 5137 998 5185 sanctus
1023 5135 1126 5198 est,
1172 5131 1270 5184 sed
1302 5136 1386 5184 est
1437 5131 1531 5184 ille
1573 5147 1719 5184 unus
1753 5132 1822 5186 de
1862 5130 2044 5184 Trini-

348 5224 485 5274 tate.
529 5221 827 5285 Quomodo
865 5220 958 5274 isti
998 5221 1276 5290 synodum
1310 5220 1835 5274 Chalcedonensem
1866 5235 1924 5272 se
1957 5220 2040 5272 di-

347 5315 480 5363 cunt
511 5309 697 5380 sequi,
745 5313 800 5362 et
852 5309 1169 5379 praedicant
1205 5324 1332 5378 quae
1366 5309 1447 5361 illi
1503 5325 1576 5361 no
1602 5325 1619 5360 ι
1665 5307 2038 5378 receperunt!

347 5401 486 5452 Nam
522 5399 580 5451 in
622 5402 826 5469 quarto
868 5398 1171 5451 secretario
1219 5398 1417 5466 synodi
1471 5397 1945 5451 Chalcedonensis
1972 5397 2040 5450 ad

346 5490 520 5541 tinem
550 5487 812 5557 requisiti
836 5492 972 5540 sunt
1001 5503 1032 5540 a
1058 5486 1346 5555 judicibus
1371 5488 1608 5539 Carosus
1640 5494 1696 5540 et
1725 5488 2041 5540 Dorothcus

348 5577 810 5630 archimandritae
861 5577 1096 5630 taliter:
1158 5578 1426 5643 Eutyches
1469 5591 1662 5646 corpus
1694 5579 1908 5631 Domini
1955 5592 2044 5628 no-

346 5669 450 5720 stri
478 5668 603 5721 Jesu
633 5665 838 5722 Christi
866 5666 1010 5719 (limit
1035 5682 1142 5720 non
1196 5681 1303 5720 esse
1332 5669 1529 5720 nostrae
1559 5666 1899 5730 substantia),
1952 5679 2043 5718 vos

2136 1841 2246 1895 alia
2282 1857 2293 1894 :
2331 1840 2559 1905 Quando
2611 1846 2789 1894 autem
2819 1839 3048 1910 quidam
3073 1854 3255 1892 eorum
3304 1840 3399 1908 qui
3426 1841 3573 1891 recta
3610 1851 3840 1906 perver-

2136 1935 2244 1984 tere
2273 1932 2463 1996 solent,
2494 1944 2640 1983 meas
2663 1943 2810 1984 voces
2842 1933 2901 1983 in
2930 1929 3143 1984 sibimet
3163 1929 3423 1997 placitum
3444 1931 3690 1993 mutant,
3727 1941 3838 1980 non

2133 2020 2436 2073 admiretur
2474 2019 2571 2072 hoc
2593 2024 2686 2073 tua
2715 2021 3002 2085 sanctitas,
3036 2023 3204 2072 sciens
3232 2019 3487 2085 quoniam
3516 2030 3704 2070 omnes
3728 2015 3837 2069 hae-

2131 2111 2289 2162 retici
2319 2109 2382 2161 de
2436 2109 2738 2177 Scripturis
2791 2108 3056 2161 divinitus
3096 2108 3387 2176 inspiratis
3418 2109 3506 2159 sui
3566 2107 3841 2170 colligant

2134 2201 2332 2252 erroris
2355 2201 2674 2252 occasiones.
2721 2199 2786 2251 Et
2815 2202 2943 2268 post
2987 2213 3169 2268 pauca
3207 2197 3502 2261 :Quoniam
3521 2211 3645 2248 vero
3681 2195 3845 2262 adji—

2135 2289 2304 2340 cimus
2319 2286 2464 2354 quod
2485 2287 2766 2355 epistolam
2782 2286 3074 2354 Opinabilis
3097 2287 3275 2354 patris
3305 2286 3480 2338 nostri
3499 2283 3839 2345 Athanasii,

2132 2375 2208 2429 ad
2238 2375 2608 2429 beatissimum
2636 2376 2942 2443 Epictetum
2968 2374 3315 2436 destinatam,
3381 2376 3518 2426 recte
3548 2371 3840 2424 habentem

2134 2469 2532 2533 corrumpentes
2549 2464 2775 2534 quidam
2795 2463 3108 2531 ediderunt,
3132 2467 3190 2517 ut
3215 2478 3314 2532 per
3345 2462 3437 2516 hoc
3474 2461 3717 2529 plurimi
3748 2474 3843 2513 no-

2135 2559 2401 2608 cerentur.
2436 2556 2579 2607 ltem
2607 2570 2754 2624 papa
2787 2553 2897 2607 Leo
2934 2554 3001 2607 ad
3027 2553 3376 2606 Marcianum
3421 2550 3839 2617 imperatorem

2136 2645 2154 2714 (
2188 2645 2368 2712 Epist,
2409 2644 2524 2712 75),
2545 2644 2696 2698 inter
2725 2644 2836 2698 alia
2869 2659 2881 2698 :
2919 2645 3064 2708 Quia
3092 2658 3214 2697 vero
3229 2641 3590 2711 quorumdam
3627 2639 3842 2692 hereti-

2136 2750 2317 2788 corum
2346 2739 2566 2788 versuta
2622 2737 2892 2803 nequitia,
2939 2733 3013 2786 ad
3063 2730 3494 2786 conturbandam
3530 2735 3845 2782 nostrorum

2134 2825 2562 2893 simplicitatem,
2591 2823 2873 2892 epistolam
2904 2837 3097 2886 meam,
3128 2835 3292 2888 quam
3322 2819 3395 2873 ad
3441 2819 3610 2870 beata:
3649 2830 3847 2869 memo-

2133 2915 2231 2967 riae
2261 2913 2587 2966 Flavianum
2605 2912 2751 2978 dedi,
2781 2913 3015 2977 falsasse
3031 2910 3370 2979 perhibetur,
3386 2912 3445 2962 ut
3473 2909 3832 2961 commutatis

2134 3002 2653 3070 quibusdamjverbis
2675 3001 3026 3069 velsyllabis,
3048 3003 3373 3068 receptorem
3403 3012 3483 3051 me
3513 2998 3840 3052 Nestoriani

2140 3093 2340 3145 erroris
2369 3095 2646 3144 assereret.
2671 3089 2726 3143 Si
2763 3089 2898 3160 quid
2923 3089 3033 3142 tale
3065 3089 3124 3140 in
3157 3086 3320 3141 dictis
3368 3089 3708 3139 sanctorum
3743 3086 3846 3138 Pa-

2138 3184 2296 3234 trum
2332 3179 2642 3246 invenitur,
2669 3179 2822 3250 quod
2851 3193 2966 3232 non
3005 3177 3270 3232 convenit
3312 3175 3518 3229 sanctis
3551 3173 3846 3243 epistolis,

2140 3274 2240 3324 aut
2265 3268 2589 3322 deﬁnitioni
2635 3268 2840 3338 synodi
2869 3267 3370 3333 Chalcedonensis,
3421 3268 3665 3335 apparet
3697 3262 3842 3316 illud

2140 3358 2210 3411 ab
2241 3355 2522 3410 hmreticis
2553 3357 2875 3410 fraudatum
2921 3372 3061 3410 esse.
3104 3354 3382 3425 lniquitas
3416 3368 3647 3422 semper
3700 3351 3846 3406 dici-

2140 3451 2253 3506 tur,
2287 3451 2341 3498 et
2365 3461 2664 3516 nunquam
2691 3445 2860 3499 cedit.
2900 3444 3048 3509 Quid
3078 3448 3164 3498 est
3190 3443 3376 3498 dicere
3411 3457 3591 3495 unum
3618 3441 3692 3494 de
3718 3440 3840 3495 Tri-

2145 3531 2320 3584 nitate
2350 3546 2600 3600 passnm,
2635 3530 2740 3583 nisi
2773 3530 3070 3592 ostendere
3100 3533 3158 3583 et
3187 3529 3430 3582 alterum
3463 3527 3532 3580 de
3557 3526 3847 3579 Trinitate

2142 3619 2577 3691 impassibilem,
2595 3620 2737 3673 sicut
2757 3619 2924 3674 Arius
2947 3618 2975 3674 ?
2993 3624 3091 3672 aut
3109 3617 3246 3688 quid
3270 3622 3353 3670 est
3370 3616 3556 3670 dicere
3572 3630 3762 3668 unum
3783 3614 3849 3668 de

2142 3708 2418 3764 Trinitate
2448 3724 2679 3778 passum
2707 3724 2893 3770 carne,
2929 3706 3039 3762 nisi
3069 3706 3368 3760 ostendere
3398 3709 3453 3759 et
3468 3705 3724 3758 alterum
3748 3704 3851 3758 im-

2142 3799 2494 3868 passibilem,
2552 3797 2699 3852 sicut
2742 3796 3074 3852 Nestorius?
3132 3796 3305 3851 Sedes
3339 3810 3474 3849 vero
3528 3793 3850 3864 apostolica

2142 3889 2400 3942 Romana
2419 3902 2590 3958 super
2601 3885 2771 3941 fidem
2789 3886 2987 3956 synodi
3004 3883 3484 3940 Chalcedonensis
3516 3897 3835 3953 nunquam

2144 3975 2404 4046 permisit
2433 3990 2609 4028 unam
2667 3975 2942 4046 syllabam
2970 3979 3068 4028 aut
3115 3990 3296 4027 unum
3329 3973 3551 4044 apicem
3579 3970 3716 4026 addi
3754 3974 3850 4024 aut

2144 4064 2351 4119 minui.
2386 4064 2584 4118 Videte
2624 4079 2696 4118 ne
2727 4063 2853 4134 quis
2881 4079 2976 4117 vos
3009 4062 3256 4133 decipiat
3275 4078 3378 4133 per
3398 4059 3843 4131 philosophiam

2147 4157 2204 4208 et
2223 4153 2454 4208 inanem
2496 4153 2800 4207 fallaciam.
2836 4151 3235 4223 Suprascripta
3271 4150 3414 4205 ﬁdes
3453 4148 3660 4220 synodi
3722 4148 3850 4218 ipsa

2149 4247 2233 4297 est
2261 4259 2390 4313 qua:
2418 4241 2684 4296 convenit
2715 4240 3021 4311 Evangelia
3046 4245 3102 4293 et
3132 4239 3422 4310 apostolis,
3471 4239 3697 4292 dicente
3724 4237 3850 4291 Sal-

2149 4335 2391 4387 vatore:
2471 4332 2558 4387 Sic
2616 4332 2893 4400 oportebat
2950 4331 3223 4385 Christum
3278 4334 3402 4399 pati
3456 4332 3506 4382 et
3557 4341 3853 4392 resurgere

2149 4421 2440 4476 secundum
2493 4420 2808 4489 Scripturas
2881 4421 3031 4489 (Luc.
3109 4433 3251 4486 xxxv,
3313 4418 3423 4486 46).
3497 4416 3591 4470 Ait
3647 4416 3855 4469 Petrus

2155 4510 2445 4580 apostolus
2468 4526 2481 4564 :
2504 4511 2920 4578 Christotiqitur
2930 4524 3091 4578 passo
3109 4523 3287 4575 carne,
3303 4512 3352 4560 et
3368 4521 3458 4560 vos
3477 4507 3648 4572 igitur
3663 4504 3853 4558 eadem

2154 4601 2475 4666 cogitatione
2513 4600 2812 4653 arma-mini
2837 4598 2886 4668 (Ι
2912 4600 2953 4652 Ρ
2983 4603 3050 4651 et.
3081 4614 3153 4664 iv,
3195 4596 3259 4666 -l).
3309 4595 3519 4650 Paulus
3550 4595 3852 4664 apostolus

2155 4688 2295 4741 dicit
2327 4704 2338 4740 :
2393 4689 2498 4743 Nos
2553 4689 2826 4741 Christum
2882 4686 3244 4756 praedicamus
3279 4689 3326 4738 et
3359 4685 3499 4738 hunc
3520 4682 3852 4752 cruciﬁxum

2155 4778 2200 4847 (ι
2230 4778 2348 4832 Cor.
2380 4793 2416 4843 Ι,
2451 4778 2551 4845 19).
2589 4778 2652 4830 Et
2682 4777 2892 4830 iterum
2938 4776 3076 4829 dicit
3110 4792 3122 4829 :
3167 4776 3480 4842 Quicunque
3508 4773 3657 4826 vobis
3690 4765 3855 4824 alii/«1

2151 4865 2535 4934 praedicauerit
2551 4870 2750 4934 prater
2798 4865 2942 4934 quod
2969 4881 3002 4917 a
3027 4865 3179 4919 nobis
3206 4864 3562 4932 praedicatum
3584 4865 3679 4924 est,
3708 4876 3851 4914 ami-

2155 4956 2331 5008 thema
2360 4957 2570 5008 sit......
2605 4954 2821 5008 Caetera
2854 4953 3122 5006 videntur
3153 4953 3212 5005 in
3249 4967 3354 5005 ms.
3383 4949 3716 5004 desiderari.

2474 5041 2899 5097 OBSERVATIO
2937 5045 2994 5095 P.
3029 5041 3320 5097 ANTONII
3354 5040 3510 5094 PAGI

2566 5130 2634 5167 AD
2665 5130 2796 5166 ANN.
2827 5130 3031 5166 cunis'ri
3065 5115 3188 5179 533,
3221 5128 3353 5166 κως.
3383 5112 3433 5164 4.

2224 5184 2364 5240 Cum
2423 5185 2734 5254 propositio
2773 5185 2914 5250 huic,
2953 5187 3095 5239 Unus
3145 5185 3208 5237 dc
3238 5185 3503 5254 Trinitate
3533 5186 3847 5254 passusest

2154 5272 2332 5323 carne,
2388 5252 2446 5308 in
2482 5252 2670 5308 varios
2726 5271 2923 5308 sensus
2979 5255 3217 5308 distrahi
3275 5253 3470 5324 possit,
3512 5252 3846 5324 deiquibus

2154 5328 2269 5396 agit
2321 5327 2582 5397 Lupusin
2618 5327 2765 5380 notis
2794 5327 2860 5380 ad
2887 5326 3168 5397 synodum
3202 5323 3564 5392 Ep’hesinam,
3602 5323 3737 5397 inde
3772 5324 3844 5375 ob

2153 5395 2417 5452 eamdem
2455 5404 2537 5451 tot
2567 5400 2855 5465 tragoedia?
2905 5395 3178 5451 excitatae.
3241 5397 3506 5450 Trifolius
3546 5395 3846 5464 presbyter

2152 5471 2210 5523 in
2235 5469 2475 5539 epistola
2497 5470 2568 5522 ad
2602 5470 2869 5523 Faustum
2893 5474 3236 5534 senatorem,
3261 5483 3386 5520 eam
3415 5467 3646 5539 sinistro
3682 5481 3844 5534 pror—

2150 5558 2243 5593 sus
2271 5537 2795 5609 intcrpretamento
2837 5541 3076 5607 excepit,
3122 5540 3312 5609 aitque
3348 5555 3359 5592 :
3422 5539 3556 5609 Ista,
3587 5537 3838 5609 doctrina

2152 5612 2215 5666 de
2242 5614 2389 5677 fonte
2420 5608 2549 5666 Arii
2576 5611 2835 5679 prodicit,
2865 5618 2913 5666 et
2945 5618 3022 5666 est
3044 5608 3354 5666 conveniens
3393 5608 3639 5663 omnibus
3675 5608 3842 5662 haere-

2149 5683 2320 5747 sibus,
2356 5687 2460 5737 etc.
2499 5683 2706 5735 Verum
2735 5684 2781 5736 is
2812 5699 2975 5736 error
3000 5683 3332 5752 presbytero
3380 5681 3473 5734 isti
3496 5679 3838 5734 condonau-
