3998 6172
146 334 240 387 537
921 325 1038 382 AN.
1080 325 1283 381 MANL.
1321 325 1469 381 SEV.
1503 323 1810 384 BOETIUS.
1855 322 2384 382 PROLEGOMENA
2423 324 2848 380 GENERALIA.
3539 328 3641 380 538

147 463 262 526 dus,
293 459 396 530 qui
431 475 461 513 a
487 459 690 513 Fausto
721 459 982 511 senatore
1015 456 1084 511 de
1109 457 1216 530 hac
1244 457 1639 528 propositione
1661 458 1833 512 inter—
1869 460 1914 513 A
1943 456 2188 530 ﬁdeliter
2218 457 2289 530 ad
2318 456 2617 530 Trifolium
2647 458 2828 530 relata
2852 461 2960 530 est,
2987 461 3048 511 ut
3077 457 3258 530 liquet
3291 473 3356 512 ex
3384 457 3644 526 epistolas

150 529 373 602 rogatus
417 546 519 599 per
546 530 870 602 epistolam,
919 545 1023 602 nec
1066 529 1276 583 certior
1321 530 1502 602 factus
1529 530 1744 602 deiide
1777 533 1832 584 et
1941 530 2070 602 ejus
2103 529 2289 602 initio.
2342 529 2628 602 Quaesivit
2675 529 2830 583 enim
2879 529 2948 602 ab
2998 546 3065 583 eo
3116 529 3353 602 Faustus
3388 533 3640 597 senator,

148 599 401 658 doctrina
427 601 762 672 Scytharum
783 600 1195 672 monachorum
1231 600 1367 654 :sed
1397 601 1464 654 de
1491 601 1672 655 turbis
1688 601 1827 654 duu-
1938 599 2074 670 quid
2108 601 2177 654 de
2228 600 2324 652 illa
2356 599 2745 670 propositione
2777 601 3014 654 sentiret
3049 617 3060 654 :
3095 603 3241 656 Unus
3274 601 3339 654 de
3374 603 3644 655 Trinitate

151 679 294 728 taxat
320 674 394 727 ab
429 671 566 743 ipsis
599 671 1090 741 Constantinopoli
1123 677 1180 725 et
1211 672 1403 725 Romae
1434 673 1710 739 excitatis,
1745 672 1828 724 fa-
1938 673 2236 739 cruciﬁmus
2263 675 2344 724 est
2377 687 2388 724 :
2416 677 2472 724 et
2502 677 2696 724 tamen
2719 671 3038 741 propositio
3067 673 3484 725 monachorum
3514 673 3641 743 Scy-

147 746 240 799 cile
272 744 380 798 sibi
429 744 714 815 persuasit
747 760 840 815 eos
886 743 1342 814 propositionem
1370 744 1527 796 illam
1560 744 1828 796 hmretico
1936 743 2168 795 tharum
2215 743 2335 795 hinc
2388 747 2510 795 erat
2564 745 2748 815 :Unus
2798 743 2863 797 de
2921 746 3190 796 Trinitate
3235 747 3530 811 cruci/imus
3561 749 3638 796 est

149 832 303 870 sensu
352 814 624 881 asserere,
677 814 925 868 maxime
971 831 1100 868 cum
1142 819 1198 867 et
1249 815 1468 883 legatos
1515 815 1830 867 llormisdae
1939 829 2121 867 carne.
2167 814 2374 869 Omnia
2403 814 2622 867 Trifolii
2651 815 2827 867 dubia
2867 815 3098 868 resolvit
3131 816 3346 869 Natalis
3388 816 3545 868 Alex.
3579 815 3640 867 in

149 887 424 958 pontiﬁcis
458 887 701 941 Romani
731 886 1086 958 adversarios
1116 885 1416 958 haberent,
1443 890 1500 939 et
1520 887 1833 953 ipsummet
1941 884 2085 938 Diss.
2117 886 2312 939 sazculi
2342 885 2486 939 sexti
2519 886 2800 954 Ecclesiae,
2831 886 2967 940 diss.
3007 888 3058 941 1.

148 956 486 1029 pontiﬁcem.
524 960 803 1012 Praeterea
836 973 937 1010 nec
985 956 1108 1026 ipsa
1143 957 1460 1028 propositio
1492 958 1832 1024 Scytharum

1545 1131 1715 1176 ANNO
1758 1131 1985 1175 DOMINI
2033 1131 2238 1176 DXXV.

266 1246 1174 1453 ELPIS
1340 1149 2238 1516 Ηὲξίίρξὲ
2342 1149 3580 1453 BOETII]

1528 1591 2277 1694 HYMNI

668 1741 767 1821 IN
827 1741 1297 1824 HONOREM
1354 1745 1484 1825 SS.
1564 1746 2268 1828 APOSTOLORUM
2325 1747 2603 1828 PETRI
2668 1748 2784 1825 ET
2839 1747 3131 1826 PAULI

814 1945 1091 2000 IlYMNUS
1123 1946 1164 2000 Ι.
1950 1947 2014 2000 In
2048 1945 2283 2010 unitate,
2318 1962 2447 2017 quae
2479 1945 2762 2017 gubernat
2790 1945 3004 2012 omnia,

207 2037 416 2091 Decora
445 2035 552 2090 lux
585 2034 924 2089 aeternitatis
956 2050 1192 2089 auream
1952 2039 2059 2092 Per
2088 2038 2354 2092 universa
2385 2037 2722 2091 saeculorum
2757 2036 2975 2088 saecula.
3009 2036 3210 2088 Amen.

153 2126 296 2180 Diem
326 2125 516 2179 beatis
549 2123 808 2194 irrigavit
832 2122 1085 2194 ignibus,
2602 2125 2794 2180 HYMN
2805 2126 2884 2180 US
2915 2126 2980 2178 ll.

151 2215 552 2286 Apostolorum
585 2230 713 2284 quae
737 2215 977 2267 coronat
1006 2211 1324 2282 Principes,
1951 2216 2119 2270 Beate
2153 2218 2352 2269 Pastor
2383 2216 2568 2280 Petre,
2600 2215 2850 2268 clemens
2883 2214 3074 2284 accipe

156 2306 380 2376 Reisque
410 2305 478 2358 in
509 2309 663 2358 astra
692 2303 932 2358 liberam
974 2301 1175 2372 pandit
1203 2302 1374 2356 viam.
1950 2305 2120 2358 Voces
2150 2310 2512 2374 precantum,
2544 2303 2968 2374 criminumque
2999 2302 3227 2357 vincula

215 2394 402 2449 Mundi
431 2394 737 2464 magister,
761 2397 932 2464 atque
964 2391 1089 2445 coeli
1121 2390 1360 2459 Janitor,
1950 2393 2133 2446 Verbo
2167 2395 2406 2458 resolve,
2441 2393 2528 2446 cui
2563 2397 2814 2462 potestas
2843 2392 3055 2446 tradita

156 2486 328 2541 Romae
355 2485 662 2549 Parentes,
694 2481 1022 2552 Arbitrique
1052 2481 1341 2548 Gentium,
1947 2482 2186 2553 Aperire
2215 2482 2382 2536 terris
2415 2483 2645 2547 coelum,
2681 2486 2946 2551 apertum
2980 2481 3264 2536 claudere.

156 2576 246 2628 Per
269 2573 416 2627 ensis
449 2573 583 2635 Ille,
620 2573 720 2627 Hic
752 2586 856 2642 per
884 2569 1079 2625 Crucis
1107 2569 1283 2624 victor
1311 2585 1512 2625 necem
2017 2571 2260 2642 Egregie
2301 2571 2517 2636 doctor,
2550 2573 2746 2638 Paule,
2778 2587 2967 2624 mores
2997 2571 3236 2636 instrue,

155 2664 273 2718 Vita:
304 2663 592 2718 Senatum
622 2659 864 2715 laureati
896 2659 1206 2731 possident.
1950 2662 2016 2714 Et
2043 2666 2237 2715 nostra
2267 2665 2456 2715 tecum
2488 2666 2719 2731 pectora
2746 2661 2804 2714 in
2834 2661 3039 2714 cmlum
3070 2661 3230 2715 trahe
3263 2675 3275 2713 :

213 2753 249 2806 Ο
279 2753 456 2807 Roma
493 2750 650 2818 felix,
682 2766 810 2821 qua:
845 2747 1449 2820 duorumPrincipum
1953 2749 2144 2802 Velata
2172 2751 2310 2803 dum
2339 2749 2639 2804 meridiem
2673 2755 2871 2802 cernat
2897 2750 3084 2816 Fides,

157 2842 214 2896 Es
239 2843 570 2896 consecrata
593 2839 847 2911 glorioso
879 2837 1160 2909 sanguine
1196 2855 1208 2892 :
1948 2840 2013 2892 Et
2044 2837 2175 2891 solis
2197 2839 2378 2892 instar
2408 2838 2525 2892 sola
2559 2842 2763 2908 regnet
2792 2838 3069 2892 Charitas.

159 2933 348 2985 Horum
389 2946 601 2986 cruore
631 2933 970 3001 purpurata,
999 2931 1217 2982 ceteras
2017 2927 2100 2982 Sit
2128 2928 2395 2982 Trinitati
2426 2927 2772 2997 sempiterna
2804 2927 3008 2996 gloria,

159 3021 372 3075 Excellis
401 3020 568 3075 orbis
598 3035 714 3073 una
745 3016 1220 3088 pulchritudines.
1947 3018 2158 3083 Honor,
2191 3020 2466 3086 potestas,
2495 3020 2666 3087 atque
2699 3015 2980 3087 jubilatio,

217 3110 290 3166 Sit
323 3109 594 3167 Trinitati
626 3108 974 3178 sempiterna
1013 3104 1219 3176 gloria,
1947 3106 2008 3158 In
2039 3104 2277 3170 unitate,
2312 3121 2440 3176 quae
2468 3105 2751 3175 gubernat
2781 3105 2974 3158 omnia

159 3200 342 3266 Honor,
377 3201 657 3271 potestas,
692 3201 864 3268 atque
895 3195 1182 3268 jubilatio,
1946 3195 2052 3248 Per
2088 3194 2356 3248 universa
2386 3193 2719 3248 aeternitatis
2751 3195 2984 3248 saecula;
3013 3194 3212 3248 Amen.

1357 3368 1550 3412 ANNIS
1597 3368 1825 3413 DOMINI
1863 3368 2421 3414 CCCCLXXV'DXXV.

325 3503 601 3731 A.
751 3505 1044 3728 M.
1191 3501 1864 3726 SEV.
2011 3495 3463 3726 BOETIUS

1665 3805 2130 3884 SENATOR.

748 3933 2035 4120 PROLEGOMEK
2089 4008 3041 4113 GENERALIA.

195 4243 315 4307 IN
387 4242 692 4308 DIVI
764 4239 1197 4305 ANICII
1279 4238 1772 4302 MANLII
1864 4235 2507 4300 SEVERINI
2582 4235 3043 4299 BOETII
3117 4233 3592 4317 OPERA,

986 4358 1067 4406 AD
1111 4356 1564 4407 MAGNIFICUM
1605 4353 1827 4405 VIRUM
1873 4356 1931 4404 D.
1966 4353 2334 4404 ANTONIUM
2381 4353 2791 4413 FUGGERUM,

543 4455 1131 4497 [NVICTISSIHORUM
1177 4455 1313 4495 IMP.
1359 4454 1591 4494 CAROLI
1639 4453 1712 4493 ET
1757 4452 1994 4493 CAESAR.
2036 4451 2438 4491 FERDINANDI
2487 4451 2789 4491 FRATRUM
2839 4451 2869 4490 Λ
2916 4447 3239 4501 CONSILIO,

1421 4525 1691 4565 HENRICI
1741 4523 1960 4564 LORITI
2006 4523 2356 4563 GLAREANI.

1571 4646 2202 4740 PBZEFATIO.

214 4817 349 4869 Cum
375 4815 440 4869 in
467 4813 902 4870 celeberrimum
928 4828 998 4868 ac
1015 4810 1466 4868 eruditissimum
1498 4811 1645 4867 hunc
1665 4812 1829 4866 aucto
1842 4826 1963 4864 rem
1978 4808 2223 4882 praefari
2239 4809 2461 4878 vellem,
2477 4824 2746 4882 generose
2766 4810 2839 4863 D.
2866 4807 3109 4875 Antoni,
3132 4810 3316 4865 multa
3334 4828 3476 4866 sane
3495 4811 3643 4866 mihi:

154 4901 228 4954 vel
235 4906 542 4975 antequam
552 4903 616 4957 in
630 4901 1034 4973 manusipsum
1045 4902 1504 4973 desumpsissem,
1519 4899 1948 4972 perpendenda,
1966 4914 2036 4951 ac
2052 4897 2272 4969 lynceis
2290 4900 2319 4968 ί
2317 4903 2376 4952 ut
2385 4897 2597 4952 dicitur
2594 4899 2620 4969 )
2634 4896 2815 4953 oculis
2825 4897 3235 4969 conspicienda
3246 4901 3639 4964 occurrebant,

155 4993 523 5064 quippequem
533 4992 717 5048 sciam
729 4993 796 5046 ab
807 4991 1027 5063 aliquot
1033 4993 1157 5062 jam
1170 4991 1342 5046 annis
1361 5007 1398 5045 a
1409 4991 1615 5044 multis
1628 4991 1780 5044 male
1794 4986 2016 5054 audire,
2041 5004 2144 5042 nec
2156 4987 2291 5060 dign
2299 5003 2391 5042 um
2403 4986 2502 5059 qui
2513 4985 2661 5041 inter
2671 4987 2944 5042 classicos
2962 4994 3296 5045 numeretur
3305 4989 3637 5059 scriptores.

158 5081 198 5130 Α
207 5078 704 5135 liisscilicetdictio
714 5096 825 5134 non
835 5081 1046 5151 placet,
1057 5078 1304 5149 phrasin
1314 5079 1478 5132 aiunt
1489 5085 1714 5145 duram,
1729 5079 1949 5148 stylum
1960 5077 2258 5132 diversum.
2273 5077 2396 5132 Alii
2405 5077 2781 5133 eruditionem
2791 5077 2966 5133 nimis
2976 5079 3360 5150 proletariam
3374 5080 3546 5148 culpa
3555 5082 3636 5140 nt,

156 5167 394 5235 qmdam
424 5172 604 5223 etiam
633 5168 922 5240 ambigua,
946 5167 1123 5223 acvia:
1145 5167 1326 5224 doctis
1351 5168 1586 5222 auribus
1613 5168 1808 5241 digna.
1843 5166 2051 5232 Quibus
2080 5167 2344 5224 omnibus
2363 5168 2727 5241 responde-re,
2757 5172 2910 5224 certe
2926 5168 3170 5240 difﬁcile
3193 5167 3431 5223 videtur.
3460 5168 3638 5219 Porro

157 5253 758 5320 quotiesadoctissimis
776 5273 1184 5329 nonnunquam
1202 5256 1273 5311 de
1285 5273 1348 5311 eo
1358 5256 1645 5326 judicium
1661 5257 2104 5328 inquireremus,
2128 5257 2212 5312 dii
2231 5258 2361 5313 boni
2373 5275 2548 5330 quam
2559 5275 2706 5331 sape
2724 5258 2784 5313 in
2798 5263 3048 5316 mentem
3064 5258 3210 5315 venit
3227 5255 3370 5311 illud
3393 5255 3595 5308 Flacci
3614 5273 3628 5308 :

1211 5356 1343 5420 Tres
1363 5355 1490 5402 mihi
1521 5357 1758 5405 convivae
1789 5371 1950 5420 prOpc
1981 5357 2265 5406 dissentire
2287 5356 2556 5418 videntur,

1319 5419 1598 5467 Poscentes
1626 5420 1770 5468 vario
1790 5419 2027 5469 multum
2059 5420 2266 5468 diversa
2293 5420 2487 5483 palato.

205 5501 560 5598 'Laurenlius
595 5505 783 5576 Valla,
811 5506 1221 5579 argutissimus
1249 5507 1453 5580 linguae
1472 5509 1695 5564 Latina
1710 5511 1908 5579 judem,
1932 5509 2097 5565 Baeti
2103 5527 2196 5564 um
2222 5509 2570 5566 eruditorum
2590 5509 2854 5565 ultimum
2871 5508 3171 5564 nominare
3198 5521 3309 5560 non
3335 5505 3635 5571 dubitat-it,

162 5591 336 5662 nimis,
351 5597 629 5665 quantum
643 5613 745 5669 ego
754 5597 973 5668 judico,
985 5613 1307 5669 propensus
1322 5596 1385 5653 in
1403 5599 1529 5669 ejus
1546 5598 1664 5655 viri
1682 5601 2194 5672 reprehensionem.
2225 5601 2464 5658 Vallam
2486 5601 2713 5675 quidem
2737 5599 3096 5672 exagitatum
3115 5614 3178 5652 eo
3214 5614 3323 5668 quo
3342 5596 3483 5652 vixit
3505 5600 3637 5650 tem-

163 5695 284 5750 pore
312 5683 570 5741 existi-mo
588 5687 660 5744 ab
674 5686 890 5760 iniquis
915 5691 1035 5745 tum
1040 5689 1071 5759 j
1077 5687 1348 5759 udicibus,
1375 5689 1473 5762 qui
1493 5688 1753 5746 Boetium
1773 5691 1936 5747 nulla
1957 5689 2081 5748 alia
2101 5691 2324 5749 ratione
2340 5709 2611 5764 magnum
2617 5691 2989 5761 judicabant,
3013 5705 3186 5760 quam
3207 5686 3359 5758 quod
3382 5684 3637 5758 proxime
