3998 6172
416 291 518 343 539
663 263 678 275 ’
1686 290 1807 345 ΑΝ.
1853 291 2071 346 MANL.
2117 291 2267 346 sev.
2313 291 2617 347 BOETIUS.
3759 307 3837 359 su.

413 424 491 477 ad
507 423 868 495 sophisticen,
887 440 999 496 qua
1021 424 1114 479 illi
1132 424 1502 493 excellebant,
1522 425 1842 481 accedebat.
1873 428 2153 481 Utverum
2169 427 2270 498 sit,
2287 429 2435 498 quod
2449 427 2614 500 vulgo
2625 426 2852 495 dicitur,
2876 429 3118 482 Tantum
3141 428 3377 500 quisque
3392 432 3599 502 probat,
3615 442 3839 506 quantum

408 531 471 568 se
482 514 713 584 assequi
720 517 904 584 putat.
932 514 1160 569 .‘lccedit
1171 513 1344 569 etiam
1359 516 1460 568 hoc
1475 531 1576 568 cur
1588 515 1774 588 magis
1786 515 1876 570 hic
1888 519 2104 583 auctor,
2119 516 2257 571 aliis
2275 517 2500 572 eximiis
2513 517 2843 572 auctoribus
2853 534 3028 589 prope
3040 518 3446 588 exsulantibus,
3463 522 3520 576 in
3531 523 3838 583 barbarorum

410 601 674 657 manibus
701 603 941 663 haeserit,
976 604 1127 673 quod
1157 606 1320 657 tanta
1335 604 1492 657 docet
1510 603 1830 676 diligentia,
1852 608 1912 658 ut
1932 604 2116 659 nimia
2133 607 2258 675 ejus
2281 608 2337 660 in
2355 607 2603 661 docendo
2623 605 2905 662 sedulitas
2923 609 3338 678 propemodum
3368 611 3569 680 lectori,
3590 616 3841 683 paululum

398 689 731 757 fastidiosa,
742 691 820 745 sit
842 692 944 746 (sed
952 692 1024 746 io.
1047 693 1221 763 quue
1233 692 1291 746 in
1303 693 1718 764 philosophicis
1728 694 2108 764 potissimum,
2125 697 2180 748 et
2198 695 2257 749 in
2273 691 2714 747 mathematicis.
2736 693 2889 746 Eam
2905 695 3098 748 tamen
3109 693 3473 748 sedulitatem
3488 695 3544 748 in
3561 699 3763 753 musicis
3775 703 3839 755 rei

409 777 825 847 diﬂicultasita
835 780 985 843 vicit,
996 784 1057 834 ut
1069 781 1148 834 ibi
1162 781 1219 836 in
1230 785 1415 836 tactus
1429 782 1625 835 multis
1636 782 1806 836 annis
1800 783 2009 851 fuerit,
2019 781 2418 838 donecveniret
2431 798 2723 852 nunquam
2736 781 2881 835 satis
2893 781 3163 835 laudatus
3173 783 3266 837 vir
3279 785 3615 840 Franchinus
3629 789 3842 855 Lauden,

407 866 508 936 qui
534 867 594 920 in
623 885 686 922 eo
715 868 1062 924 illustrando
1087 888 1359 941 magnum
1375 887 1560 942 Operae
1577 871 1826 943 pretium
1847 873 2001 937 fecit.
2028 872 2158 926 Fuit
2178 871 2366 926 hercle
2386 873 2520 923 ante
2539 885 2721 922 annos
2741 869 2963 939 aliquot
2982 872 3044 922 ut
3067 871 3254 935 multi,
3279 870 3377 941 qui
3401 873 3642 928 Musicen
3662 879 3843 946 proﬁte-

408 960 625 1023 rentur,
642 975 752 1012 non
767 959 804 1012 d
810 959 901 1013 ubi
907 962 1094 1013 larent
1110 961 1313 1032 palam
1327 961 1513 1014 dicere
1535 961 1886 1033 impossibile
1901 979 2023 1015 esse
2038 977 2379 1032 quemquam
2398 959 2582 1012 Boetii
2599 958 2860 1014 Musicen
2879 958 3222 1031 intelligere,
3247 961 3394 1030 quod
3409 961 3636 1034 insignis
3650 965 3840 1034 quidam

410 1047 738 1102 Phonascus
773 1049 1022 1103 Coloniae
1057 1050 1391 1121 Agrippina
1419 1054 1553 1104 ante
1585 1067 1764 1104 annos
1789 1054 1874 1116 30,
1907 1067 2029 1104 cum
2060 1049 2140 1103 ibi
2168 1047 2536 1120 philosophia:
2564 1064 2797 1118 operam
2826 1063 3116 1111 navarem,
3149 1047 3294 1102 mihi
3318 1049 3537 1117 objecit.
3568 1052 3707 1119 Quod
3725 1054 3844 1108 eiita

410 1134 617 1204 visum,
647 1138 917 1207 quoniam
947 1142 1151 1209 praeter
1182 1143 1452 1194 cantuum
1478 1157 1664 1202 usum,
1695 1139 1842 1194 nihil
1871 1139 2108 1211 alioqui,
2141 1137 2289 1210 quod
2315 1138 2393 1192 ad
2414 1136 2542 1206 ejus
2561 1136 2880 1208 disciplina
2903 1137 3268 1206 majestatem
3291 1138 3516 1203 attinet,
3539 1140 3764 1195 habebat.
3784 1145 3844 1197 Et

408 1220 507 1291 qui
517 1221 829 1292 talessu-nt,
849 1226 1068 1294 majore
1078 1243 1180 1296 per
1194 1227 1394 1280 Jovem
1404 1225 1711 1297 supercilio
1724 1242 2129 1296 nonnunquam
2143 1227 2210 1280 de
2220 1224 2547 1280 auctoribus
2551 1225 2590 1294 j
2595 1225 2844 1292 udicant,
2874 1241 3049 1296 quam
3071 1226 3172 1296 qui
3191 1229 3327 1280 sunt
3344 1227 3548 1282 eximie
3561 1228 3713 1295 docti,
3732 1231 3845 1299 quod

405 1310 551 1380 proh
575 1311 765 1365 dolor!
796 1330 908 1366 non
933 1313 993 1366 in
1023 1314 1129 1368 hac
1161 1317 1382 1368 tantum
1403 1315 1678 1387 contingit
1697 1314 1957 1380 scientia,
1981 1315 2080 1369 sed
2114 1313 2332 1384 passim
2368 1314 2429 1366 in
2460 1313 2613 1380 aliis,
2647 1313 2898 1368 maxime
2922 1316 3031 1369 hac
3065 1318 3268 1370 nostra
3299 1318 3640 1386 tempestate.
3669 1318 3762 1371 Sed
3785 1320 3841 1371 ad

405 1400 694 1453 auctorem
709 1400 896 1472 ipsum
920 1403 1104 1458 redeo.
1133 1404 1354 1475 Scripsi
1360 1406 1569 1460 tmulta
1589 1404 1678 1459 hic
1698 1421 1942 1476 quorum
1971 1403 2197 1475 copiose
2220 1401 2480 1456 meminit
2508 1402 2851 1457 Trithemius
2877 1403 3072 1458 abbas.
3102 1408 3230 1473 Quae
3251 1405 3415 1458 hodie
3435 1403 3646 1474 quidem
3665 1408 3844 1458 exstant

407 1486 592 1558 logica
614 1494 667 1542 et
683 1493 1112 1561 mathematica,
1136 1511 1202 1547 ea
1216 1495 1507 1565 praecipua
1523 1497 1681 1565 puto,
1705 1511 1807 1546 nec
1828 1493 2032 1565 phrasi
2052 1493 2295 1559 diversa,
2329 1508 2432 1546 nec
2461 1492 2611 1562 stylo
2632 1491 2992 1560 dissidentia,
3020 1495 3079 1546 ut
3095 1492 3278 1548 liceat
3297 1493 3449 1547 haud
3469 1493 3679 1548 obscure
3696 1494 3844 1547 videre

407 1591 475 1627 ea
495 1576 690 1631 omnia
709 1596 775 1634 ex
793 1598 906 1634 una
925 1581 1103 1636 exisse
1125 1582 1382 1654 ofﬁcina,
1409 1585 1651 1652 utraque
1667 1582 1854 1647 docta,
1876 1580 2121 1646 erudita,
2146 1598 2216 1635 ac
2235 1581 2503 1635 doctrinae
2524 1579 2889 1642 fidelissimae.
2919 1583 3001 1635 De
3021 1582 3232 1652 quibus
3254 1581 3459 1653 logica,
3485 1583 3622 1653 quod
3642 1583 3781 1636 multi
3795 1583 3844 1635 de

405 1662 480 1718 iis
508 1665 672 1720 varia
683 1668 1069 1738 prodiderint,
1095 1670 1314 1724 indicta
1337 1688 1404 1725 ac
1419 1671 1640 1725 intacta
1662 1670 2064 1742 relinquimus.
2100 1669 2507 1724 Mathematica
2532 1686 2682 1736 vero,
2715 1686 2835 1741 quae
2864 1669 2965 1725 ille
2990 1670 3152 1724 nobis
3180 1670 3437 1742 reliquit,
3465 1671 3611 1725 omni
3645 1672 3843 1725 encomio

402 1754 746 1810 celebranda
772 1759 1056 1828 videntur,
1079 1764 1217 1816 sunt
1246 1760 1396 1814 enim
1424 1761 1604 1816 multo
1623 1759 1984 1832 dignissima.
2010 1762 2056 1814 E
2071 1758 2274 1829 quibus
2292 1760 2401 1812 duo
2422 1759 2516 1812 illi
2531 1759 2916 1815 eruditissimi
2936 1759 3005 1814 de
3027 1758 3418 1814 Arithmetica
3439 1759 3568 1813 libri
3582 1759 3843 1831 principem

404 1843 590 1897 locum
605 1847 813 1902 merito
833 1850 1040 1917 tenent,
1062 1850 1380 1904 absolutum
1397 1850 1624 1904 omnino
1641 1867 1802 1921 opus,
1826 1852 2102 1920 quantum
2117 1848 2193 1902 ad
2208 1847 2490 1902 theoricen
2507 1847 2736 1914 attinet,
2754 1851 2847 1902 cui
2864 1847 3014 1902 nihil
3029 1848 3203 1918 demi,
3218 1848 3374 1903 nihil
3387 1848 3519 1903 addi
3528 1851 3711 1919 potest,
3727 1847 3846 1902 omni

399 1947 476 2001 pa
484 1935 567 1985 rte
581 1936 727 1987 teres
737 1951 806 1990 ac
819 1937 1148 1992 rotundum.
1168 1941 1382 2009 Quamq
1392 1954 1528 1996 nam
1542 1937 1818 2010 Georgius
1839 1937 2017 1994 Valla
2031 1940 2086 1990 in
2097 1938 2296 2008 porten
2305 1938 2422 1989 toso
2433 1935 2536 1989 illo
2549 1935 2832 1990 volumine
2841 1937 2909 1989 de
2920 1937 3087 1990 rebus
3095 1937 3393 2008 fugiendis
3405 1940 3458 1991 et
3472 1937 3780 2008 expetendis,
3796 1953 3844 1989 ex

402 2021 701 2077 Martiano
720 2026 976 2096 Capella,
995 2028 1657 2099 memorabilequiddam
1678 2029 1754 2098 (si
1766 2026 1878 2081 diis
1888 2027 2078 2098 placet
2077 2035 2101 2093 λ
2115 2024 2362 2093 adjicere
2377 2027 2527 2078 visus
2540 2025 2641 2079 sit.
2661 2025 2768 2078 Sed
2787 2024 2888 2079 ille
2910 2025 3060 2079 idem
3089 2025 3369 2097 Georgius
3383 2043 3508 2080 cum
3529 2025 3843 2080 reconditiora

404 2113 597 2164 omnia
626 2111 685 2165 in
702 2114 1083 2171 arithmeticis
1107 2134 1170 2172 ex
1187 2119 1286 2172 hoc
1309 2121 1538 2172 auctore
1563 2117 1876 2184 habuisset,
1894 2134 1965 2170 ne
1979 2116 2154 2172 semel
2174 2114 2402 2185 quidem
2425 2131 2555 2168 eum
2575 2131 2703 2168 cum
2723 2114 3006 2185 dignitate
3024 2114 3331 2169 nominare
3351 2114 3542 2170 voluit.
3569 2118 3644 2170 De
3660 2114 3844 2168 musicis

401 2197 553 2253 idem
582 2200 725 2257 dico.
759 2204 852 2258 Ibi
881 2206 1163 2262 enimvero
1193 2207 1391 2262 habuit
1425 2207 1814 2274 Guillielmos,
1843 2205 2182 2275 Brgennios,
2205 2209 2263 2257 et
2280 2202 2468 2257 nescio
2498 2220 2642 2274 quas
2670 2203 2819 2257 alios
2849 2206 3130 2270 auctores,
3163 2221 3280 2258 non
3299 2204 3598 2258 admodum
3624 2203 3837 2268 celebres,

401 2287 638 2342 Boetius
666 2288 726 2342 in
754 2291 962 2346 merita
991 2295 1428 2348 nomenclatura
1459 2295 1643 2348 locum
1675 2294 1831 2363 apud
1851 2310 1980 2346 eum
2007 2309 2119 2346 non
2136 2293 2348 2360 habuit,
2376 2310 2505 2346 cum
2538 2292 2813 2363 quidquid
2827 2292 3021 2346 solidae
3040 2291 3383 2347 eruditionis
3400 2291 3461 2346 in
3479 2291 3694 2346 musicis
3710 2295 3838 2345 Geor.

411 2377 589 2430 Valla
606 2379 811 2447 prodit,
838 2385 1134 2452 acceptum
1154 2382 1350 2436 Boetio
1362 2381 1568 2446 debuit,
1591 2381 1817 2452 reliqua
1829 2382 2183 2435 collectanea
2198 2388 2329 2436 sunt
2346 2381 2564 2448 inania,
2579 2399 2682 2436 nec
2693 2383 2920 2451 caelum,
2938 2398 3041 2436 nec
3054 2384 3272 2435 terram
3294 2381 3639 2453 attingentia,
3658 2380 3710 2434 in
3723 2387 3833 2434 utro.

395 2479 502 2534 que
523 2467 713 2518 tamen
734 2467 988 2536 quaesita,
994 2471 1260 2537 jucunda
1279 2474 1464 2543 magis
1483 2485 1662 2542 quam
1678 2469 2007 2523 necessaria
2025 2470 2362 2538 subtilitate,
2386 2476 2444 2523 ut
2465 2470 2696 2525 Plinius
2715 2471 2784 2525 de
2801 2471 3052 2525 siderum
3073 2470 3298 2526 musica
3322 2471 3586 2543 prodidit.
3611 2467 3842 2540 Quidquid

399 2552 492 2606 hic
521 2557 712 2607 noster
731 2558 932 2610 auctor
959 2558 1019 2611 in
1042 2558 1431 2614 arithmeticis
1461 2576 1530 2613 ac
1558 2558 1792 2614 musicis
1817 2559 2083 2629 protulit,
2109 2559 2169 2612 id
2198 2558 2259 2612 in
2295 2563 2470 2614 totum
2495 2559 2742 2615 solidum
2773 2563 2872 2624 est,
2907 2576 2974 2616 ac
3003 2560 3350 2628 discussum,
3365 2561 3764 2631 fundatumque
3785 2573 3836 2611 ex

397 2639 618 2697 intimis
645 2645 964 2700 matheseos
992 2647 1316 2719 principiis,
1350 2646 1861 2719 inconcussumque
1890 2647 1950 2701 in
1979 2650 2184 2703 saecula
2215 2650 2495 2718 manebit,

1472 2764 1640 2822 Quam
1674 2765 1716 2812 si
1746 2764 1879 2813 dura
1903 2763 2050 2820 silex,
2085 2766 2175 2811 aut
2205 2766 2305 2811 stet.
2335 2763 2591 2826 Marpesia
2625 2767 2823 2811 cautes.

469 2863 708 2933 Quintus
725 2869 916 2922 tamen
937 2867 1081 2924 liber
1100 2872 1169 2925 de
1187 2870 1428 2928 Music-is
1447 2871 1591 2927 mihi
1609 2871 1844 2944 quidem
1864 2888 1977 2926 non
1998 2870 2219 2926 videtur
2239 2869 2553 2931 absolutus,
2585 2867 2812 2922 tametsi
2831 2867 2947 2924 scio
2973 2868 3147 2924 aliter
3164 2868 3352 2923 visum
3374 2868 3574 2924 eximio
3590 2871 3696 2922 viro
3713 2865 3838 2920 Julia

395 2953 693 3010 Martiano
719 2958 894 3025 Rotas,
928 2958 1028 3029 qui
1055 2977 1238 3031 nuper
1265 2963 1325 3014 in
1347 2961 1495 3014 hunc
1523 2964 1807 3016 auctorem
1824 2961 2104 3032 praefatus
2123 2962 2225 3014 est.
2253 2959 2490 3024 Quicum
2512 2955 2654 3011 mihi
2671 2958 2950 3028 pleraque
2969 2958 3039 3012 de
3059 2959 3161 3013 hoc
3183 2963 3420 3014 auctore
3441 2958 3755 3014 conveniunt.
3780 2957 3842 3008 De

393 3043 606 3098 duobus
633 3047 1024 3103 tantummodo
1039 3050 1422 3105 voluminibus
1434 3068 1648 3122 magna
1663 3050 1943 3105 dubitatio
1957 3049 2197 3116 videtur,
2222 3063 2324 3104 nec
2337 3049 2525 3102 adhuc
2540 3047 2716 3117 plane
2733 3048 2888 3119 apud
2902 3063 2990 3100 me
3008 3046 3288 3116 discussa,
3305 3046 3656 3120 quantumvis
3669 3060 3840 3100 mecum

395 3130 594 3201 lucter,
629 3150 852 3192 omnem
882 3151 1139 3192 moveam
1169 3139 1445 3210 lapidem,
1472 3143 1728 3194 rationes
1755 3157 1950 3194 omnes
1981 3154 2200 3194 mecum
2230 3140 2464 3204 mutem,
2495 3152 2731 3204 versem,
2761 3136 3005 3205 volvam,
3040 3136 3321 3208 ignorans

1503 3256 1618 3312 Quo
1648 3259 1852 3304 teneam
1884 3255 2064 3304 vultus
2089 3257 2383 3303 mutantem
2409 3253 2595 3302 Protea
2622 3251 2780 3301 nodo.

404 3353 480 3406 Ut
503 3356 588 3407 est
611 3356 773 3425 apud
801 3357 1059 3412 eumdem
1088 3359 1380 3416 Flaccum.
1403 3362 1563 3415 Nam
1586 3361 1644 3416 si
1664 3360 1723 3415 id
1739 3378 1877 3432 opus
1897 3362 1966 3415 de
1984 3361 2203 3416 duabus
2223 3359 2446 3418 Christi
2463 3358 2784 3414 Servatoris
2802 3357 2986 3414 nostri
3015 3357 3268 3424 naturis,
3293 3375 3363 3415 ac
3382 3359 3531 3414 idem
3549 3358 3612 3413 de
3638 3353 3836 3411 sanctis-

391 3441 544 3495 sima
575 3443 856 3499 Trinitate
885 3447 1016 3515 eius
1040 3451 1193 3514 sunt,
1227 3452 1290 3503 ut
1314 3449 1515 3503 titulus
1542 3451 1807 3520 praefert,
1839 3468 1942 3504 nec
1960 3452 2147 3521 stylus
2165 3452 2468 3522 repugnat,
2496 3449 2594 3520 qui
2608 3449 2832 3513 factum
2849 3454 2928 3504 est
2950 3451 3012 3502 ut
3030 3449 3093 3502 in
3111 3463 3283 3519 Opere
3309 3448 3411 3504 illo
3439 3449 3506 3502 de
3529 3441 3838 3520 philosophiae

395 3531 815 3600 Consolatione,
839 3535 993 3605 quod
1015 3536 1280 3591 ultimum
1301 3539 1423 3605 ejus
1443 3538 1792 3608 existimant,
1816 3557 1946 3593 cum
1971 3540 2135 3594 toties
2154 3541 2377 3595 occasio
2398 3543 2559 3607 esset,
2579 3555 2648 3594 ne
2667 3538 2845 3593 semel
2861 3538 3091 3608 quidem
3113 3539 3338 3592 Christi
3353 3537 3559 3593 mentio
3576 3535 3703 3607 ﬁat?
3722 3534 3837 3587 Erat

393 3620 452 3674 in
465 3636 694 3675 carcere
705 3625 1065 3695 optimusille
1085 3625 1189 3693 vir,
1212 3626 1420 3682 dubius
1431 3626 1646 3681 devita.
1674 3630 1978 3700 Tyrannus
1992 3631 2348 3685 truculentus
2361 3629 2718 3692 imminebat,
2745 3628 3033 3682 tractabat
3053 3626 3122 3680 de
3142 3627 3343 3682 divina
3353 3626 3694 3699 providentia
3709 3637 3836 3693 nego-

391 3706 534 3762 tium
564 3710 824 3766 arduum.
845 3713 936 3767 Ibi
954 3712 1022 3768 de
1042 3714 1212 3782 hujus
1228 3715 1422 3770 saeculi
1438 3716 1690 3779 malitia,
1708 3717 1777 3770 de
1772 3717 2030 3786 fortuna?
2051 3717 2449 3784 instabilitate,
2475 3718 2544 3771 de
2564 3717 2851 3772 malorum
2871 3716 3162 3771 hominum
3185 3716 3252 3770 in
3273 3718 3378 3772 hoc
3396 3716 3598 3771 mundo
3617 3709 3830 3783 imperio.

387 3814 494 3869 per
509 3801 685 3853 totum
715 3818 856 3870 opus
880 3807 1236 3873 conquestus.
1276 3807 1352 3858 Et
1375 3805 1616 3872 scilicet,
1637 3823 1749 3860 non
1768 3811 1894 3861 erat
1911 3807 1971 3860 in
1992 3807 2081 3862 his
2110 3807 2382 3872 Christus,
2413 3804 2631 3862 homini
2654 3809 2772 3860 tam
2793 3806 2979 3872 docto,
2999 3804 3119 3860 viro
3151 3809 3275 3860 tam
3299 3807 3567 3862 honorato
3589 3819 3650 3859 ac
3667 3799 3744 3873 pio
3772 3796 3837 3852 vel

389 3889 570 3943 semel
581 3891 970 3946 nominandus
980 3895 1008 3946 ?
1021 3893 1304 3962 Christus,
1313 3894 1448 3964 inqu
1456 3912 1547 3948 am
1558 3896 1764 3963 ,omnis
1776 3896 2066 3967 patientiae
2078 3897 2593 3968 exemplum,longe
2608 3896 2853 3966 majores
2867 3894 3116 3964 iniurias
3131 3895 3205 3951 ab
3217 3894 3472 3950 inimicis
3477 3909 3684 3966 passus.
3700 3892 3833 3952 Deus,

391 3975 685 4042 Dominus,
721 3981 963 4035 Creator
982 3998 1020 4035 a
1048 3986 1318 4037 creatura
1343 3985 1500 4038 cruci
1528 3985 1768 4053 afﬁxus,
1786 4003 1900 4040 non
1921 3989 2048 4043 erat
2062 3985 2182 4051 ille,
2207 3984 2471 4056 inquam,
2497 3984 2558 4038 in
2579 3986 2679 4040 hoc
2703 3989 2822 4038 tam
2852 3983 3170 4054 splendido,
3193 3987 3258 4037 ut
3277 3983 3459 4038 videri
3483 3983 3679 4047 volunt,
3701 3989 3837 4048 opere

390 4064 811 4122 nominandus?
831 4071 957 4139 Ego
981 4069 1176 4140 igitur,
1196 4074 1257 4125 ut
1273 4071 1516 4144 ingenue
1547 4076 1739 4140 fatear
1760 4073 1820 4127 id
1844 4074 1992 4144 quod
2012 4089 2102 4129 res
2121 4076 2208 4127 est
2237 4073 2369 4143 (etsi
2388 4073 2506 4127 scio
2526 4089 2705 4144 quam
2732 4088 3008 4145 magnam
3039 4073 3184 4128 mihi
3208 4091 3469 4128 moveam
3493 4073 3595 4127 hac
3620 4066 3837 4140 opinimw

391 4153 692 4219 invidiam,
725 4159 782 4211 et
806 4157 939 4228 plus
971 4175 1145 4229 quam
1175 4161 1576 4229 Camarinam,
1599 4162 1898 4216 dicendum
1923 4166 2115 4216 tamen
2135 4164 2239 4228 est,
2263 4162 2414 4233 quod
2433 4161 2629 4217 animo
2647 4163 2805 4216 sedet
2825 4164 2998 4231 meo),
3025 4160 3169 4216 mihi
3193 4163 3428 4232 quidem
3447 4158 3623 4232 magis
3639 4154 3836 4229 philoso-

386 4243 619 4313 phicum
641 4262 782 4316 Opus
792 4246 1014 4302 videtur
1032 4265 1202 4318 quam
1229 4249 1635 4318 Christianum,
1653 4265 1754 4304 nec
1777 4253 1970 4305 tamen
1986 4250 2285 4322 indignum
2306 4252 2454 4322 quod
2475 4268 2512 4305 a
2530 4251 2864 4307 Christiano
2885 4251 3109 4307 homine
3128 4251 3377 4323 legatur,
3399 4251 3498 4306 sed
3516 4246 3774 4318 indignum
3789 4243 3836 4292 ut

389 4333 462 4387 ab
481 4350 544 4387 eo
562 4334 836 4406 scriptum
856 4337 1143 4404 credatur,
1168 4337 1268 4407 qui
1286 4338 1404 4408 ipsi
1421 4338 1649 4392 Christo
1669 4339 1803 4392 dato
1818 4337 1879 4392 in
1898 4355 2063 4393 sacro
2088 4339 2438 4411 baptismate
2457 4340 2705 4408 nomine,
2728 4340 2917 4412 ipsum
2943 4340 3317 4411 antescriptis
3338 4340 3644 4411 professus.
3665 4334 3771 4389 Nec
3784 4328 3834 4383 οὺ

387 4421 572 4492 ipsius
582 4424 997 4494 professionem
1013 4427 1147 4495 {non
1171 4426 1292 4480 ilia;
1304 4430 1680 4481 numerantur
1689 4427 2043 4496 captivitatis
2053 4431 2260 4493 causa)
2273 4428 2333 4482 in
2348 4446 2639 4485 carcerem
2651 4430 2934 4496 detrusus,
2951 4446 3022 4484 ne
3033 4429 3208 4484 semel
3219 4428 3451 4499 quidem
3470 4424 3672 4482 Christi
3684 4419 3835 4487 faciat

388 4510 750 4568 mentionem.
772 4514 907 4567 Non
920 4514 1269 4585 exaggerabo
1284 4531 1387 4584 pro
1408 4513 1692 4585 dignitate
1709 4515 2020 4586 negotium,
2038 4517 2184 4572 satis
2203 4521 2287 4572 est
2307 4519 2507 4574 lectori
2523 4517 2814 4574 indicasse
2833 4517 2971 4590 quid
2997 4535 3088 4572 me
3105 4518 3473 4589 potissimum
3506 4514 3720 4570 moveat.
3742 4505 3832 4561 Sed

388 4603 538 4652 enim
553 4599 622 4652 de
631 4602 797 4670 stylo,
810 4619 984 4672 quam
999 4602 1050 4656 is
1061 4602 1311 4673 quadret
1325 4619 1452 4656 cum
1464 4603 1602 4656 aliis
1614 4603 1793 4658 Boetii
1803 4603 2292 4676 prxfationibusj
2296 4607 2543 4662 udicium
2556 4607 2809 4662 aliorum
2824 4609 2962 4662 esto.
2977 4608 3177 4662 Multis
3186 4622 3329 4660 sane
3344 4621 3390 4675 (ε
3400 4621 3628 4677 quorum
3640 4610 3831 4655 numero

387 4701 475 4738 me
474 4685 656 4750 facile
666 4687 880 4760 dixero)
889 4707 1065 4761 prosa
1076 4691 1183 4746 illa
1196 4707 1323 4745 cum
1336 4691 1586 4745 carmine
1599 4707 1709 4746 non
1722 4692 1893 4748 unius
1905 4694 2153 4749 hominis
2168 4712 2280 4750 esse
2290 4695 2735 4768 videntur,longe
2747 4697 3022 4764 majorem
3029 4694 3285 4767 gratiam
3299 4695 3468 4750 habet
3476 4705 3691 4748 carmen
3701 4698 3832 4757 quam

381 4773 588 4841 jejuna
609 4776 716 4830 illa
731 4794 922 4846 prosa.
951 4780 1110 4844 Quod
1123 4780 1305 4835 simul
1323 4784 1494 4851 atque
1514 4783 1643 4852 quis
1661 4797 1856 4839 secum
1873 4783 2205 4856 diligentius
2222 4785 2606 4856 perpenderit,
2629 4784 2839 4839 videbit
2855 4802 2946 4839 me
2967 4801 3081 4840 non
3103 4788 3313 4839 temere
3329 4783 3616 4855 opinatum
3630 4793 3750 4835 esse.
3772 4773 3834 4827 At

387 4860 526 4932 quid
553 4862 804 4918 dicemus
823 4867 891 4921 de
913 4871 993 4922 tot
1018 4873 1153 4924 ante
1169 4886 1273 4924 nos
1291 4869 1580 4926 doctorum
1600 4871 1855 4928 virorum
1857 4873 2125 4943 judicio?
2155 4873 2289 4940 Quis
2309 4891 2562 4946 unquam
2583 4891 2652 4928 ea
2671 4875 2741 4928 de
2769 4891 2831 4929 re
2857 4874 3139 4930 dubitavit
3153 4875 3180 4928 ’ἲ
3199 4891 3464 4929 omnesne
3481 4859 3832 4927 excutierunt‘?

386 4950 523 5004 Non
540 4949 654 5003 aio.
674 4952 817 5015 Quid
830 4957 947 5007 tum
959 4956 985 5010 ?
1001 4958 1133 5011 Non
1144 4959 1489 5029 cogitarunt,
1506 4960 1764 5032 inquam.
1789 4963 1854 5017 Si
1873 4963 2234 5034 cogitassent,
2253 4965 2310 5018 si
2315 4964 2345 5034 j
2349 4964 2692 5031 udicassent,
2716 4965 2770 5018 si
2787 4963 3207 5032 discussissent,
3233 4964 3442 5019 melius
3467 4960 3619 5017 nobis
3637 4975 3697 5013 ea
3712 4951 3838 5021 ζῶείὶ-

386 5056 549 5096 mare
559 5042 879 5112 potuissent
891 5061 908 5097 :
921 5045 1020 5098 sed
1029 5062 1141 5100 non
1151 5048 1304 5103 venit
1326 5052 1387 5104 in
1398 5055 1662 5117 mentem,
1681 5052 1826 5108 aliis
1837 5051 2128 5119 occupatis
2143 5052 2502 5126 cogitatibus.
2527 5054 3016 5118 Quemadmodum
3036 5060 3092 5107 et
3107 5058 3313 5109 nostra
3326 5057 3435 5109 xta
3443 5056 3514 5118 te,
3530 5064 3681 5104 nemo
3696 5040 3838 5116 paulo

386 5131 930 5203 eruditiorisjudicii
958 5134 1144 5204 homo,
1179 5138 1595 5196 eruditissimos
1619 5140 2183 5213 absolutissimosque
2201 5142 2336 5197 illos
2354 5142 2687 5198 Rhetorices
2706 5144 2784 5198 ad
2805 5144 3168 5198 Herennium
3185 5143 3362 5198 libros
3383 5138 3663 5196 Ciceronis
3679 5130 3840 5190 existi-

383 5219 584 5286 mabit,
617 5221 717 5275 sed
731 5221 973 5276 alterius
993 5223 1320 5295 cujuspiam
1337 5227 1487 5284 docti
1506 5230 1617 5285 viri
1635 5246 1702 5285 ea
1727 5233 2084 5302 tempestate,
2115 5248 2235 5303 quae
2256 5232 2507 5286 maxime
2529 5235 2661 5286 tunc
2678 5233 2910 5305 magnis
2933 5231 3178 5304 ingeniis
3177 5233 3410 5303 ﬂoruit.
3436 5229 3613 5301 Atqui
3629 5228 3838 5280 Laurem—

385 5307 499 5363 tius
536 5309 733 5378 Valla,
757 5310 1121 5383 Angelusque
1144 5314 1491 5382 Politianus,
1509 5319 1844 5390 eloquentia
1864 5321 2139 5378 Romanae
2159 5321 2402 5389 lumina,
2426 5337 2496 5376 ac
2524 5321 2875 5376 exactissimi
2887 5321 3112 5391 judiczi
3129 5322 3240 5377 duo
3268 5320 3379 5377 viri
3397 5320 3611 5390 ubique,
3639 5316 3694 5368 ut
3713 5310 3838 5365 Cice-

382 5397 559 5460 ronis,
585 5399 861 5471 allegant.
887 5402 1026 5457 Non
1055 5405 1197 5468 erat,
1221 5403 1437 5474 inquis,
1471 5406 1594 5461 illis
1612 5424 1788 5463 nasus
1803 5413 1830 5463 ζ)
1847 5412 1973 5463 erat
1993 5411 2206 5480 utique,
2230 5411 2328 5466 sed
2351 5427 2465 5465 non
2495 5410 2843 5481 cogitarunt,
2866 5410 3087 5481 alioqui
3105 5427 3174 5465 ex
3199 5409 3342 5482 styli
3363 5407 3694 5467 diversitate,
3714 5415 3773 5454 ac
3788 5410 3840 5448 εῖτ

382 5485 582 5539 multis
610 5488 746 5541 aliis
771 5490 1127 5562 argumentis
1155 5492 1425 5563 colligere
1451 5495 1629 5554 facile
1648 5501 1921 5567 poterant
1937 5516 2052 5553 non
2072 5517 2195 5555 esse
2221 5516 2292 5553 ea
2313 5499 2627 5566 Ciceronis,
2653 5498 2915 5568 quamvis
2943 5503 2997 5553 et
3017 5500 3187 5554 docta
3213 5503 3268 5555 et
3298 5515 3447 5571 pura
3477 5499 3532 5551 et
3558 5489 3832 5550 elaborata,

381 5574 646 5644 quamvis
659 5574 976 5634 inveterata
997 5580 1288 5635 hominum
1305 5581 1499 5653 opinio
1511 5585 1801 5652 reclamet,
1817 5587 2059 5659 denique
2073 5588 2441 5660 quantumvis
2459 5593 2513 5644 et
2527 5590 2812 5661 Georgius
2838 5589 3017 5644 Valla
3033 5593 3088 5644 et
3105 5591 3400 5647 Antonius
3419 5583 3778 5643 Mancinellus
3796 5579 3838 5627 et

377 5661 613 5734 quidam
641 5664 750 5719 alii
779 5665 985 5722 luctati
1010 5668 1146 5737 sint,
1180 5673 1242 5724 ut
1271 5670 1331 5726 id
1355 5670 1674 5728 hominibus
1700 5678 2124 5746 persuaderent,
2147 5696 2343 5736 omnes
2375 5679 2434 5734 id
2450 5679 2678 5748 lucrati,
2700 5679 2931 5751 utapud
2951 5680 3292 5737 eruditiores
3315 5681 3403 5735 vel
3419 5675 3627 5750 stupidi
3639 5671 3716 5729 vel
3727 5682 3836 5738 μετ’
