3998 6172
149 316 233 368 541
1379 309 1728 368 ΡΠΟΕΕΟΟΕ

2038 312 2358 368 NERALIA.
3512 319 3617 372 542

149 447 344 501 tinaces
371 443 490 498 dici
499 445 834 498 mereantur.
859 442 973 498 Sed
982 442 1059 497 ad
1086 442 1457 514 philosophia:
1471 443 1918 500 consolationem
1948 445 2116 503 illam
2145 445 2511 502 redeundum.
2533 446 2597 501 Si
2627 449 2830 502 Musas
2859 450 3008 502 recte
3027 449 3432 506 meretriculas
3450 452 3620 507 vocat

145 534 506 609 philosophia,
533 536 588 586 ut
612 533 874 604 sophista-3
899 533 1188 604 garriunt,
1215 533 1363 604 quod
1387 534 1534 588 nihil
1558 533 1753 589 solida
1779 534 2206 597 consolationis,
2237 536 2387 590 nihil
2415 535 2708 591 medicinae
2723 537 2952 603 afﬂicto
2981 538 3239 608 aferant
3267 539 3482 606 animo,
3513 539 3613 594 sed

149 629 256 698 ipsa
285 624 359 677 sit
377 640 512 680 vera
537 625 660 691 ejus
688 623 931 689 medela,
965 623 1164 693 quidni
1191 628 1246 676 et
1267 639 1393 688 nos,
1425 624 1628 694 quibus
1649 624 1914 677 Christus
1943 641 2136 680 veram
2155 626 2331 694 ﬁdem
2348 627 2523 692 fecit,
2546 626 2856 680 ridebimus
2875 628 3129 681 vicissim
3139 629 3410 698 jejunam
3437 629 3608 683 illam

147 715 564 786 philosophiam,
594 718 678 764 καὶ
710 714 778 774 εἰς
814 720 1046 786 Κόρακας
1086 713 1218 767 hinc
1230 715 1440 781 facere
1468 713 1817 784 jubebimus,
1849 731 1970 784 quae
2007 715 2069 767 in
2107 716 2210 769 hoc
2242 716 2450 769 mundo
2475 716 2816 779 felicitatem
2849 720 2928 770 tot
2967 717 3322 787 philosophis
3348 718 3610 780 mentita,

145 809 281 858 tanto
308 803 520 862 fortius
533 803 775 873 deceptis
808 804 1147 866 hominibus,
1168 807 1382 874 quanto
1403 809 1669 857 matrona
1691 803 1956 857 adultera
1985 803 2199 865 fortius
2227 804 2596 858 meretricula
2628 805 2827 871 fallit,
2852 808 3080 871 infirmo
3105 807 3300 860 Boetio
3316 808 3516 860 adesse
3541 807 3615 860 ab

149 892 311 945 nescio
326 907 434 962 quo
465 895 594 946 ficta
607 891 771 944 initio
800 891 1189 962 hujusoperis.
1214 893 1380 946 Nihil
1407 892 1554 946 enim
1571 893 1704 962 plus
1716 893 1764 959 fi
1775 893 2047 946 rmatatis
2077 894 2242 946 habet
2265 893 2835 963 philosophia,quam
2863 896 3137 957 Musae,ut
3158 893 3378 948 criticis
3393 892 3606 965 plaeet,

148 979 732 1049 meretriculae,gentili
751 980 964 1034 homini
979 983 1223 1051 elegans,
1260 981 1593 1036 Christiano
1605 981 1906 1035 ridiculum
1931 981 2242 1035 inventum.
2268 983 2450 1051 Atqui
2459 982 2511 1034 si
2535 1000 2752 1052 quaeras
2775 999 2945 1052 quem
2967 988 3264 1038 auctorem
3279 983 3401 1050 eius
3427 983 3618 1053 operis

152 1074 336 1145 putem,
360 1071 435 1123 ha
445 1070 518 1121 νά
524 1071 714 1139 facile
725 1070 969 1123 dixerim
987 1090 1007 1134 ,·
1028 1071 1354 1136 conjectura
1383 1075 1572 1124 tamen
1592 1070 1748 1124 haud
1769 1073 1974 1142 exigua
1995 1071 2530 1141 colligimusjuisse
2546 1071 2798 1140 aliquem
2817 1087 2927 1124 non
2945 1071 3251 1137 indoctum,
3278 1075 3378 1124 aut
3390 1071 3618 1140 aliquos

146 1160 308 1227 potius
334 1159 548 1218 doctos.
585 1159 682 1230 qui
705 1160 761 1213 in
795 1159 1046 1230 gratiam
1063 1159 1302 1229 o-ptimiv
1324 1159 1401 1213 iri
1427 1158 1764 1224 huiusmodi
1796 1161 2261 1215 lamentationem
2285 1160 2660 1222 instituerint,
2678 1161 2834 1215 velut
2843 1161 3094 1228 funebre
3111 1161 3382 1215 solatium
3403 1161 3618 1218 iniuste

143 1265 274 1301 cxso.
309 1250 466 1301 Nam
513 1249 771 1302 Boetium
804 1248 1248 1319 haudquaquam
1272 1251 1385 1301 tam
1415 1248 1714 1318 stupidum
1742 1248 1925 1311 fuisse
1955 1251 2276 1320 putandum.
2308 1253 2412 1318 est,
2443 1267 2572 1304 cum
2598 1249 2658 1303 in
2678 1266 2907 1303 carcere
2928 1249 3300 1316 detineretur,
3322 1253 3382 1302 ut
3413 1251 3616 1319 tyran-

142 1342 259 1390 uicae
272 1336 498 1404 injuria:
511 1354 655 1391 mem
665 1337 837 1390 inisse
857 1341 973 1390 tam
999 1337 1300 1408 inportune
1313 1337 1571 1390 voluerit.
1607 1339 1818 1391 Verum
1831 1338 1899 1392 de
1910 1340 2013 1393 hoc
2024 1357 2188 1410 Opere
2205 1340 2336 1410 plus
2349 1357 2463 1410 qaa
2475 1359 2528 1393 m
2540 1341 2707 1392 satis.
2729 1339 2973 1409 Egregie
2983 1355 3112 1392 vero
3124 1339 3144 1391 i
3148 1357 3199 1391 m
3203 1338 3424 1408 pudens
3423 1337 3619 1406 fuisse

142 1426 359 1488 videtur,
375 1425 640 1496 quisquis
658 1426 726 1477 de
743 1425 1053 1496 disciplina
1064 1425 1410 1479 scholastica
1425 1425 1528 1478 sub
1540 1427 1710 1487 huius
1721 1428 1970 1481 auctoris
1987 1429 2155 1483 titulo
2176 1429 2382 1482 librum
2402 1429 2610 1495 emisit,
2627 1428 3132 1482 stultiores-autem
3155 1427 3254 1497 qui
3273 1427 3462 1480 Boetii
3477 1443 3620 1498 opus

141 1512 421 1566 credidere.
439 1513 832 1569 Geometriam
855 1515 1208 1583 inceperitne
1228 1514 1600 1579 cumjuvenis
1629 1519 1788 1577 esset,
1815 1521 1874 1569 ut
1894 1517 2232 1586 quibusdam
2260 1517 2444 1572 visum
2467 1524 2568 1582 est,
2597 1534 2666 1570 ac
2687 1516 2963 1577 omiserit,
2990 1515 3108 1569 alio
3125 1515 3385 1569 detentus
3408 1515 3616 1582 studio,

139 1617 200 1653 an
215 1618 369 1655 senex
386 1606 518 1672 post
547 1603 944 1656 Arithmetices
972 1619 1042 1657 ac
1063 1601 1316 1656 Musicos
1336 1603 1511 1656 libros
1541 1619 1652 1656 non
1680 1603 2008 1673 perfecerit,
2033 1604 2188 1659 haud
2207 1603 2466 1674 equidem
2485 1604 2633 1658 scire
2651 1621 2902 1675 possum.
2934 1608 3168 1659 Certum
3185 1607 3268 1658 est
3281 1620 3406 1666 eam
3419 1604 3494 1658 ad
3518 1621 3619 1658 nos

140 1690 437 1746 absolutam
469 1708 586 1744 non
617 1692 956 1762 pervenisse.
991 1693 1104 1745 Sed
1142 1708 1293 1745 nunc
1322 1693 1390 1744 de
1419 1694 1773 1763 typographo
1807 1710 1876 1746 ac
1892 1693 2081 1763 operis
2118 1694 2506 1764 castigatione
2537 1693 2864 1748 dicendum.

197 1782 447 1833 Joannes
483 1781 762 1834 lValdner
786 1779 1113 1853 Tigurinus,
1138 1781 1224 1834 vir
1250 1781 1319 1833 de
1348 1781 1583 1851 Optimis
1602 1782 2060 1836 auctoribuscum
2077 1781 2321 1849 Latinis,
2351 1791 2473 1838 tum
2497 1782 2874 1848 Graecis,cum
2896 1781 2982 1835 rei
2996 1781 3169 1836 etiam
3167 1781 3507 1850 familiaris
3512 1783 3610 1849 fa-

139 1873 280 1922 ctura
314 1885 541 1923 summe
572 1870 832 1924 meritus.
862 1871 1051 1926 Boetii
1087 1888 1261 1942 opera
1292 1877 1428 1926 ante
1458 1872 1676 1943 aliquot
1705 1888 1882 1925 annos
1911 1870 2182 1924 excudere
2216 1871 2380 1941 prelo
2409 1888 2511 1924 suo
2541 1888 2722 1934 orsus,
2751 1873 2931 1924 morte
2956 1873 3280 1940 praeventus
3311 1873 3428 1924 tam
3456 1870 3618 1940 pium

140 1974 259 2026 Opus
276 1959 550 2026 per/icere
570 1959 839 2028 nequivit,
862 1960 1011 2013 idem
1033 1967 1224 2015 tamen
1245 1959 1590 2016 occasionem
1614 1959 1768 2014 dedit
1790 1960 2034 2014 Henrico
2052 1959 2232 2024 Petri,
2251 1976 2482 2014 summo
2505 1960 2692 2012 amico
2710 1964 2919 2020 nostro,
2947 1964 3001 2012 et
3022 1960 3090 2012 de
3108 1959 3261 2013 bonis
3289 1959 3500 2013 litteris
3511 1977 3620 2013 non

141 2046 306 2100 minus
325 2051 554 2113 merito,
573 2048 850 2118 acquotid
858 2050 909 2103 ie
939 2049 1074 2103 bene
1088 2049 1326 2103 merenti
1353 2050 1481 2118 :qui
1509 2049 1802 2113 omissum,
1824 2049 2143 2102 Parcarum
2156 2047 2394 2114 invidia,
2416 2064 2561 2117 opus
2574 2047 3080 2118 feticiterpcr/icit,
3101 2047 3396 2115 adjutores
3415 2051 3622 2102 nactus

143 2139 240 2188 tum
265 2136 412 2190 vivos
437 2139 722 2204 doctores,
758 2139 876 2191 tum
906 2140 1110 2204 mutos,
1145 2139 1248 2190 hoc
1277 2140 1361 2190 est
1391 2141 1445 2190 et
1468 2136 1663 2190 eximii
1694 2135 1902 2196 iudicii
1922 2136 2091 2202 viros,
2116 2140 2169 2190 et
2194 2140 2404 2190 veteres
2424 2135 2662 2190 codices.
2699 2135 2910 2197 Adfuit
2937 2135 3090 2189 enim
3118 2135 3250 2189 huic
3276 2135 3515 2190 editioni
3546 2138 3617 2191 D.

140 2224 244 2277 Seb.
282 2225 1041 2293 Muristerusadhujusmodi
1052 2227 1287 2279 honesta
1302 2225 1730 2295 negotianatus,
1757 2224 2261 2292 infatigabilicura
2283 2242 2354 2279 ac
2384 2224 2708 2294 diligentia.
2743 2225 2935 2278 Codex
2956 2225 3132 2278 etiam
3169 2227 3526 2295 pervetustus
3551 2241 3621 2281 ex

148 2313 234 2366 Dei
259 2316 378 2384 Opt.
405 2316 575 2368 Max.
601 2332 832 2369 munere
859 2315 1060 2385 obtigit
1088 2314 1266 2381 nobis,
1300 2331 1467 2384 quem
1497 2313 1696 2368 habuit
1725 2315 2059 2369 reverendus
2091 2316 2151 2368 in
2182 2315 2419 2368 Christo
2446 2320 2619 2385 pater
2647 2331 2717 2368 ac
2753 2312 3016 2368 dominus
3046 2317 3115 2368 D.
3149 2315 3410 2368 Joannes
3463 2316 3621 2368 Kern

142 2401 533 2456 abbascaznobii
552 2402 682 2456 Divi
697 2402 927 2474 Georgii
942 2403 1000 2456 in
1024 2401 1325 2474 Hercynia
1339 2403 1524 2471 sylva.
1543 2403 1651 2467 Qui
1662 2419 1765 2470 pro
1777 2419 1876 2457 suo
1896 2404 1957 2457 in
1976 2420 2178 2457 sacras
2201 2403 2424 2457 litteras
2435 2405 2490 2455 et
2510 2401 2752 2472 optimos
2771 2406 3035 2456 auctores
3055 2417 3267 2464 amore,
3287 2402 3440 2458 hunc
3455 2401 3620 2456 codi-

143 2505 241 2542 cem
267 2491 608 2562 mittereper
624 2492 802 2545 multa
819 2491 1118 2546 milliaria
1132 2509 1242 2546 non
1266 2490 1575 2546 dubitavit.
1597 2493 1690 2546 Ex
1710 2509 1818 2561 quo
1843 2493 2032 2546 codice
2044 2493 2229 2547 multa
2246 2493 2308 2546 in
2327 2491 2574 2546 Musicis
2587 2491 2847 2545 restituta
2858 2495 3014 2545 sunt.
3031 2490 3310 2559 Adfuitet
3323 2495 3392 2546 D.
3414 2493 3483 2547 D.
3501 2492 3622 2545 Bo-

145 2579 322 2644 nifacii
339 2583 387 2632 Α
398 2580 722 2634 morbachii
739 2581 915 2634 codex
936 2598 1003 2634 ex
1025 2580 1367 2634 bibliotheca
1383 2580 1580 2651 ipsius.
1607 2597 1721 2650 qua
1741 2582 1834 2634 vix
1855 2585 1944 2635 est
1966 2582 2024 2635 in
2051 2585 2164 2635 tota
2189 2583 2504 2635 Germania
2531 2579 2862 2634 instructior
2885 2581 3092 2634 altera.
3114 2581 3241 2634 Nec
3258 2577 3444 2642 defuit
3465 2583 3624 2632 meus

146 2668 302 2735 codex,
318 2670 518 2724 multis
536 2674 770 2724 notatus
781 2670 936 2724 locis.
957 2671 1361 2724 Hoclectorem
1376 2669 1522 2724 scire
1545 2669 1718 2723 volui.
1732 2672 2016 2726 netemere
2025 2669 2353 2741 praecipitat
2359 2687 2446 2724 um
2469 2686 2611 2740 Opus
2629 2669 2904 2734 crederet,
2919 2669 3402 2739 quemadmodum
3421 2669 3622 2721 nostra

146 2757 670 2825 aetate/ierisoletab
680 2758 932 2830 pecuniae
951 2757 1368 2829 potiusaucupi
1373 2759 1472 2810 bus
1495 2775 1668 2828 quam
1681 2757 2078 2826 solidzeglorix
2091 2758 2450 2828 petitoribus.
2486 2759 2681 2810 Ilocce
2697 2756 2873 2828 igitur
2887 2773 3048 2827 opus,
3072 2755 3381 2826 magnifice
3412 2755 3485 2806 D.
3506 2757 3623 2806 An-

149 2844 261 2909 toni,
275 2848 374 2903 sub
395 2847 653 2901 nominis
671 2846 754 2901 tui
771 2848 1093 2919 patrocinio
1110 2846 1170 2900 in
1184 2847 1363 2903 lucem
1380 2847 1474 2902 ire
1488 2846 1784 2908 voluimus.
1804 2865 1970 2918 quem
1989 2849 2208 2901 constat
2224 2847 2293 2900 de
2313 2845 2563 2900 honestis
2583 2844 2926 2915 disciplinis,
2946 2861 3050 2898 nec
3066 2843 3255 2898 minus
3270 2842 3339 2896 de
3359 2839 3615 2911 discipli-

149 2948 324 2987 narum
342 2935 772 3006 professoribus
789 2935 874 2990 ita
893 2935 1174 3001 meritum,
1205 2939 1267 2989 ut
1285 2935 1378 2990 vix
1406 2936 1588 2990 alium
1606 2936 1714 2988 hac
1737 2939 1901 2989 etate
1922 2935 2093 2990 liceat
2113 2934 2341 3001 iustius,
2365 2937 2420 2988 et
2434 2951 2536 2988 suo
2574 2933 2794 2998 merito,
2823 2931 3017 2987 saeculi
3044 2933 3215 3002 hujus
3249 2932 3623 2985 Meczenatem

148 3037 333 3080 vocare.
369 3027 533 3092 Quod
569 3025 955 3082 testimonium
992 3030 1198 3096 prater
1234 3032 1463 3081 caeteros
1490 3026 1701 3080 multos
1730 3025 1967 3080 eximios
1986 3025 2138 3079 viros
2159 3022 2665 3095 locupletissimum
2693 3023 2802 3077 duo
2818 3021 2965 3076 mihi
2985 3019 3359 3074 eruditissimi
3378 3033 3445 3075 ac
3460 3015 3621 3072 nobis

151 3116 456 3170 amicissimi
475 3115 596 3170 viri
620 3116 840 3181 dedere,
878 3117 946 3169 D.
973 3117 1243 3170 Otmarus
1261 3115 1584 3181 Luceinius,
1601 3113 1738 3183 jam
1764 3115 1882 3172 fato
1892 3113 2148 3179 feliciter
2166 3115 2414 3178 functus,
2437 3115 2486 3166 et
2514 3116 2581 3168 Ο.
2604 3111 3049 3182 Christophorus
3068 3108 3222 3164 Setd.
3245 3107 3388 3180 reip.
3416 3111 3616 3178 Augu-

152 3206 298 3258 stanae
315 3205 659 3271 advocatus,
678 3207 911 3274 uterque
927 3207 1035 3258 ate
1049 3207 1302 3272 amatus,
1327 3203 1580 3272 adjutus,
1607 3205 1845 3257 evectus.
1873 3203 1994 3257 Tua
2017 3202 2339 3275 benignitas
2353 3201 2661 3258 audaciam
2682 3217 2868 3256 meam
2889 3199 3020 3256 boni
3035 3198 3319 3254 consulat.
3353 3195 3618 3266 Friburgi

151 3291 366 3364 Brisgox
389 3308 554 3347 anno
583 3309 621 3347 a
647 3293 792 3346 Jesu
814 3291 1038 3348 Christi
1055 3292 1244 3346 natali
1285 3294 1419 3346 1546
1440 3291 1696 3346 catendis
1721 3290 1972 3345 Martiis.

1178 3477 1662 3567 EPISTOLA
1746 3477 2562 3568 NUNCUPATORIA.

200 3709 308 3763 Jul.
343 3710 685 3765 Martianus
718 3711 866 3764 Rota
906 3709 1146 3781 Georgio
1179 3710 1444 3765 Cornelio
1471 3710 1731 3782 pontiﬁci
1771 3710 2069 3765 Tarvisino
2100 3710 2417 3783 designato,
2451 3711 2719 3767 salutem.

203 3797 444 3854 Primum
473 3801 651 3854 rebus
680 3799 740 3852 in
764 3800 1024 3854 omnibus
1050 3814 1282 3868 semper
1292 3799 1419 3865 fuit
1438 3799 1567 3853 novi
1595 3798 1819 3870 aliquid
1842 3817 2122 3871 promere.
2152 3801 2475 3861 secundum,
2509 3800 2605 3854 ubi
2622 3800 2890 3870 consequi
2913 3799 3062 3854 illud
3090 3813 3356 3869 nequeas,
3378 3797 3450 3852 ab
3482 3797 3621 3852 aliis

146 3885 449 3958 deprompta
470 3888 724 3944 meliora
745 3888 995 3955 reddere,
1013 3895 1315 3957 utrumque
1330 3887 1430 3940 tibi
1449 3892 1740 3958 praestare,
1755 3890 2024 3958 pontifex
2043 3887 2296 3954 Corneli,
2311 3905 2441 3942 cum
2460 3889 2681 3953 vellem,
2699 3889 2842 3946 dive?
2855 3906 2954 3943 sas
2971 3888 3340 3942 bibliothecas
3359 3891 3620 3941 excutere

147 3976 281 4046 capi,
315 3995 564 4048 sperans
592 3995 681 4032 me
708 3981 762 4032 et
784 3979 886 4032 hoc
915 3983 968 4030 et
990 3977 1140 4032 illud
1156 3977 1504 4046 eiecturum.
1522 3977 1632 4030 Sed
1643 3977 1887 4030 alterum
1907 3976 2135 4048 quidem
2155 3979 2385 4047 assequi
2404 3975 2619 4030 nimine
2635 3978 2817 4046 potui,
2843 3977 3024 4031 libros
3052 3976 3203 4030 enim
3225 3992 3364 4046 quos
3392 3974 3452 4028 in
3474 3976 3618 4045 phy-

147 4063 271 4119 sicas
286 4066 740 4122 auscultationes
767 4068 1029 4120 Severius
1049 4066 1263 4132 emisit,
1285 4065 1547 4137 quamvis
1574 4083 1668 4120 eos
1688 4068 1915 4119 exstare
1930 4081 2043 4119 non
2062 4063 2236 4135 pauci
2253 4064 2461 4129 sciant,
2487 4065 2836 4134 deprendere
2869 4068 3061 4118 tamen
3081 4064 3268 4118 adhuc
3296 4080 3410 4118 non
3440 4063 3619 4118 valui.

151 4152 384 4210 Alterum
411 4164 611 4213 autem
636 4156 875 4221 abunde,
895 4159 1048 4226 puto,
1067 4158 1398 4209 consecutus
1412 4171 1562 4222 sum,
1585 4170 1723 4210 nam
1745 4152 1987 4209 meliora
2000 4153 2430 4224 quamfuerant
2450 4155 2726 4206 hactenus
2745 4152 3026 4222 impressa
3057 4150 3236 4204 multo
3264 4149 3620 4214 reddidimus

150 4242 689 4309 ejuscommentaria,
707 4261 828 4316 quae
838 4245 1059 4315 partim
1074 4244 1238 4298 varia
1251 4243 1694 4312 transcriptione
1705 4239 2281 4307 labefactastabiliri,
2297 4241 2523 4311 partim
2554 4241 2729 4311 longa
2760 4243 3042 4294 vestutate
3065 4239 3326 4308 collapsa
3345 4235 3621 4306 reparari

151 4332 318 4386 multis
330 4338 392 4390 in
413 4334 556 4389 locis
571 4334 990 4389 desiderabant.
1009 4335 1211 4403 Neque
1227 4349 1358 4387 vero
1373 4331 1675 4403 quisquam
1688 4348 1724 4384 α
1737 4330 1897 4385 nobis
1914 4331 2066 4384 hanc
2076 4329 2429 4401 provinciam
2429 4329 2670 4399 frustra
2685 4332 3010 4399 susceptam
3029 4327 3312 4393 Opinetur,
3334 4324 3449 4389 fuit
3462 4324 3617 4378 enim

151 4418 352 4476 Boetius
372 4440 483 4478 non
503 4423 692 4478 solum
713 4439 921 4494 magna
937 4421 1223 4491 facundia
1248 4421 1334 4476 vir
1359 4424 1414 4474 et
1434 4420 1752 4474 eruditione
1768 4417 2076 4489 singulari,
2098 4434 2295 4474 verum
2320 4417 2496 4472 etiam
2512 4418 2754 4485 iuvandi
2783 4415 3064 4488 plurimos
3086 4412 3412 4469 incredibili
3429 4411 3618 4466 studio

151 4510 430 4576 tenebatur,
462 4517 636 4582 atque
657 4512 783 4567 ideo
797 4529 925 4565 cum
947 4510 1232 4566 Barbaros
1251 4512 1433 4564 armis
1456 4509 1529 4562 ab
1553 4508 1738 4562 Italia
1753 4506 2053 4578 prohibere
2077 4507 2278 4562 consul
2301 4523 2413 4562 non
2437 4510 2646 4578 posset,
2669 4505 2992 4560 barbariem
3011 4504 3085 4559 ab
3106 4505 3344 4573 Europa
3360 4498 3618 4567 discipli-

151 4597 223 4648 nis
245 4601 442 4666 ejicere
459 4601 661 4655 doctus
679 4616 791 4654 non
808 4598 1105 4654 dubitavit.
1126 4598 1489 4654 Aristotelem
1501 4597 1652 4652 enim
1665 4596 1975 4652 dialecticae
1986 4599 2041 4650 et
2053 4596 2346 4667 utriusque
2357 4595 2746 4667 philosophiae,
2777 4596 2879 4649 hoc
2899 4597 2982 4648 est
3006 4594 3267 4648 humana
3273 4589 3614 4660 felicitatis,

151 4688 478 4756 magistrum,
511 4687 734 4758 primus
751 4691 804 4742 et
819 4687 1138 4744 Latinitate
1153 4687 1385 4742 donavit
1395 4691 1450 4741 et
1464 4687 1743 4758 exposuit,
1775 4686 1834 4739 id
1863 4685 2017 4756 quod
2031 4685 2193 4739 Lucii
2219 4685 2394 4756 Syllae
2415 4684 2756 4755 dignitatem
2775 4699 2890 4739 non
2911 4685 3153 4753 zquavit
3184 4680 3366 4746 modo,
3384 4679 3478 4734 sed
3488 4678 3617 4750 plu-

149 4775 328 4830 rimam
343 4781 516 4832 etiam
528 4777 816 4842 excelluit,
832 4777 1031 4848 apibus
1051 4780 1204 4831 enim
1225 4779 1276 4832 ct
1293 4780 1551 4848 potentia
1558 4777 1756 4845 fretus
1769 4774 2070 4828 Cornelius
2087 4774 2282 4844 Sylla,
2306 4772 2558 4828 inventos
2581 4773 2827 4828 Athenis
2841 4770 3172 4826 Aristotelis
3193 4769 3365 4824 libros
3379 4771 3619 4824 Romam

148 4863 379 4926 portavit.
398 4865 755 4938 Eloquentia
770 4869 826 4920 et
839 4865 1146 4920 eruditioni
1155 4866 1342 4939 ﬁdens
1362 4865 1622 4919 Manlius
1633 4863 1935 4919 Severinus
1951 4863 2173 4918 eosdem
2189 4880 2219 4916 e
2237 4866 2427 4918 Greco
2443 4878 2702 4916 sermone
2721 4863 2779 4914 in
2800 4863 3123 4914 Romanam
3145 4859 3410 4930 linguam
3430 4861 3620 4910 trans-

153 4950 278 5017 tulit,
292 4961 419 5010 etex
431 4956 680 5010 obscuris
689 4955 833 5010 adeo
846 4957 907 5008 ut
919 4958 1013 5009 vix
1029 4973 1062 5008 α
1081 4959 1281 5024 paucis
1303 4953 1788 5025 intelligerentur,
1803 4956 1980 5008 cuivis
1995 4951 2353 5006 mediocriter
2373 4951 2593 5006 erudito
2604 4952 2825 5020 pervios
2843 4948 3150 5003 luculentis
3169 4945 3620 5019 expositionibus

152 5039 322 5105 eﬂecit.
355 5045 485 5108 Quz
515 5043 734 5098 utilitas
763 5059 876 5097 non
907 5046 1130 5097 tantum
1160 5043 1325 5097 illius
1352 5041 1536 5096 aetatis
1561 5043 1816 5097 homines
1830 5042 2144 5112 plurimum
2160 5040 2338 5108 iuvit.
2359 5039 2460 5092 sed
2474 5039 2549 5092 ad
2566 5041 2820 5109 posteros
2845 5052 3064 5108 quoque
3081 5036 3418 5092 redundans
3440 5039 3500 5088 in
3519 5051 3620 5088 nos

153 5140 300 5196 usque
307 5135 582 5200 pervenit.
601 5133 759 5185 Hanc
781 5131 837 5195 ei
845 5134 1201 5201 usegregiam
1217 5131 1395 5183 animi
1414 5129 1768 5184 voluntatem
1779 5146 1903 5183 cum
1922 5133 2069 5184 inter
2081 5127 2932 5201 legendumanimadvertissem,
2948 5125 3113 5180 libuit
3132 5125 3268 5178 mihi
3280 5123 3533 5194 quaedam
3545 5122 3620 5175 ad

153 5212 309 5282 ipsius
331 5219 708 5290 coynitionem
734 5218 1085 5290 pertinentia
1106 5217 1166 5272 in
1179 5234 1351 5272 unum
1365 5217 1651 5290 colligere,
1667 5222 1728 5271 ut
1741 5224 1798 5273 et
1814 5218 1832 5269 i
1837 5217 2333 5288 lliquamvismort
2341 5234 2408 5271 uo
2419 5215 2689 5287 gratiam,
2703 5219 2756 5269 si
2768 5231 3012 5287 possem,
3039 5213 3300 5284 aliquam
3317 5211 3616 5280 referrem,

155 5305 198 5355 et
218 5307 308 5360 tibi
331 5308 624 5380 sapientia
642 5309 850 5364 callem
862 5311 1056 5363 acrius
1067 5310 1352 5364 insistenti
1360 5351 1373 5376 ,
1392 5307 1591 5362 multis
1606 5307 1879 5374 e/loribus
1897 5323 2166 5362 coronam
2189 5306 2408 5372 darem,
2430 5321 2612 5376 neque
2628 5309 2780 5357 enim
2797 5303 3047 5357 arbitror
3067 5301 3358 5368 ingratum
3377 5298 3479 5352 tibi
3495 5297 3620 5358 lue-

154 5394 215 5443 rit
237 5411 350 5449 eum
377 5400 651 5469 tanquam
674 5399 742 5453 de
755 5397 922 5467 facie
951 5413 1200 5461 noscere,
1223 5414 1329 5469 per
1345 5413 1511 5468 quem
1529 5401 1587 5450 in
1603 5397 1724 5452 dies
1742 5399 1930 5466 magis
1950 5411 2020 5449 ac
2043 5398 2230 5466 magis
2249 5393 2501 5464 proﬁcis,
2515 5395 2570 5446 et
2591 5393 2710 5461 ejus
2727 5409 2905 5462 opera
2924 5389 3160 5461 legendo
3186 5387 3397 5442 mirum
3420 5389 3481 5440 in
3499 5401 3613 5440 mo-

153 5478 268 5538 dum
284 5484 600 5541 delectaris.
634 5488 791 5554 Quod
820 5491 1012 5542 tamen
1041 5488 1172 5541 dum
1195 5488 1376 5558 facio,
1409 5503 1499 5539 me
1525 5485 1693 5541 velim
1718 5485 1912 5538 nullus
1943 5486 2223 5539 existimet
2239 5482 2562 5552 complures
2586 5480 2770 5536 nostri
2791 5481 3068 5547 temporis
3094 5477 3348 5530 homines
3365 5473 3621 5530 imitatu-

158 5583 285 5636 Πιηι,
305 5581 404 5643 qui
423 5579 628 5646 partim
644 5582 836 5633 omnia
857 5581 917 5631 in
941 5579 1129 5646 majus
1145 5576 1374 5637 tollunt,
1400 5578 1616 5646 partim
1633 5574 1908 5645 quaedam,
1931 5590 2001 5628 ac
2019 5572 2072 5626 si
2088 5572 2356 5643 redargui
2377 5575 2681 5643 nequeant,
2701 5567 3201 5624 comminiscuntur
3223 5581 3240 5618 :
3262 5564 3454 5618 horum
3482 5580 3614 5619 neu-

159 5657 288 5712 trum
312 5660 370 5713 in
392 5665 693 5733 praesentia
721 5666 1012 5724 facturum
1041 5680 1131 5718 me
1154 5666 1387 5734 recipio,
1407 5664 1666 5732 quamvis
1677 5661 1852 5731 probe
1871 5661 2202 5733 intelligam
2226 5677 2340 5715 non
2358 5677 2482 5716 esse
2499 5660 2676 5725 facile
2693 5674 2808 5714 suae
2829 5671 3046 5729 quoque
3071 5653 3435 5726 tempestatis
3437 5654 3619 5721 facta
