3996 6170
340 289 443 341 543
1609 281 1729 334 ΑΝ.
1777 280 1918 335 ΜΛΝ

2242 275 2518 332 BOETIUS
2534 313 2547 327 .
3723 275 3820 327 5-15

331 419 668 486 describere,
700 420 908 474 nedum
937 417 1112 473 ullius
1127 420 1226 488 qui
1249 417 1406 471 mille
1421 414 1627 470 abhinc
1636 414 1808 468 annis
1818 413 1938 468 vita
1947 411 2270 479 decesserit,
2287 411 2348 463 in
2363 413 2520 464 tanto
2531 408 2849 480 praesertim
2861 405 3212 478 scriptorum
3237 405 3395 459 illius
3409 409 3462 460 et
3476 405 3823 461 succedenti:

329 511 689 576 aevisilentio,
712 515 808 580 qui
823 526 894 563 ne
913 509 1142 580 publica
1159 507 1385 578 quidem
1403 507 1611 559 litteris
1622 508 2044 559 commiserunt.
2074 503 2450 569 Quamobrem
2473 518 2506 554 α
2523 501 2680 554 nobis
2693 500 2865 568 plura
2886 498 3089 553 nullus
3114 499 3401 567 exspectet
3423 511 3594 566 quam
3617 511 3687 549 ex
3708 494 3828 561 ejus

333 601 820 657 aliorumvelibris
836 601 1098 670 cognosci
1109 599 1430 668 potuerunt,
1454 600 1554 650 aut
1564 596 1809 649 evidenti
1825 593 2155 661 conjectura
2175 593 2382 645 saltem
2400 591 2743 660 comprendi.
2767 590 2855 642 Ea
2871 594 2948 654 tu,
2991 590 3196 659 Georgi
3208 586 3585 651 nobilissime,
3602 584 3829 655 qualia-

332 709 548 763 cunque
571 692 631 745 in
661 707 836 744 unum
865 706 1005 760 opus
1033 688 1291 753 redacta,
1321 687 1540 752 libenti,
1570 685 1718 739 sicut
1748 688 1944 739 omnia
1968 699 2095 738 mea
2119 683 2288 745 soles,
2320 684 2516 736 animo
2543 696 2834 751 percurre,
2876 680 2931 733 el
2953 694 3125 748 quam
3151 675 3374 748 pridem
3406 674 3657 729 nendum
3687 672 3833 726 satis

333 784 642 856 expolitam
668 785 1021 852 asportaras,
1052 795 1214 834 nunc
1239 779 1478 848 denique
1507 777 1825 848 perfectam
1858 775 2040 828 Boetii
2065 774 2369 828 historiam
2398 774 2616 842 accipe.

404 919 639 972 Anicius
657 917 955 970 Severinus
973 916 1227 980 Boetius,
1250 915 1563 977 Romanus,
1584 912 1638 965 et
1650 908 1945 964 nobilitate
1961 905 2243 976 majorum
2261 910 2314 960 et
2335 907 2520 960 animi
2539 905 2762 958 dotibus
2778 902 2993 967 clarus,
3018 904 3079 955 in
3108 917 3176 954 ea
3199 905 3249 954 te
3259 915 3462 971 mpera
3483 897 3690 952 incidit
3712 900 3832 967 qui-

335 1008 434 1061 bus
453 1006 637 1060 Italia
657 1023 695 1059 a
716 1005 972 1059 barbaris
990 1020 1263 1074 Oppressa
1284 1002 1593 1056 tenebatur.
1617 1001 1736 1054 Nat
1746 1016 1807 1052 us
1828 1001 1911 1050 est
1931 997 2081 1049 cutim
2099 1013 2208 1049 non
2229 1000 2308 1048 ita
2327 996 2522 1048 multis
2538 997 2663 1065 post
2679 995 2848 1047 annis
2867 1008 3041 1062 quam
3067 992 3137 1043 ab
3162 992 3396 1043 Alarico
3430 991 3615 1043 Roma
3664 1005 3832 1057 cape-

332 1101 506 1151 retur.
543 1095 875 1165 Floruilque
910 1094 1236 1148 Theoderici
1269 1095 1417 1164 regis
1448 1093 1800 1161 tempestate.
1835 1086 2204 1142 Theodericus
2225 1085 2316 1138 hic
2333 1102 2369 1138 a
2392 1086 2621 1136 Zenone
2643 1098 2768 1134 cum
2791 1080 3116 1150 ingentibus
3139 1083 3315 1142 cepiis
3329 1082 3554 1143 missus,
3571 1081 3833 1146 ereptam

332 1187 449 1241 Uda
461 1189 616 1241 vacri
630 1185 870 1239 Italiam
884 1184 995 1237 sibi
1008 1183 1418 1248 vindicaverat,
1441 1183 1834 1250 Ravenanue
1847 1175 2150 1248 regnisede
2169 1177 2378 1240 locata,
2394 1177 2597 1229 cuncta
2610 1190 2711 1243 pro
2727 1173 2960 1225 libidine
2981 1170 3458 1232 administrabat;
3474 1167 3622 1239 quod
3635 1167 3835 1220 videns

331 1278 571 1331 Boetius
583 1275 832 1330 honestis
846 1273 1166 1345 disciplinis
1177 1277 1434 1327 animum
1447 1271 1729 1342 applicuit
1739 1311 1750 1334 ,
1766 1268 1823 1322 id
1831 1267 1942 1321 sibi
1954 1269 2178 1323 tantum
2190 1281 2477 1338 superesse
2490 1265 2814 1335 intelligens
2829 1262 2977 1333 quod
2988 1262 3210 1316 homine
3226 1260 3401 1314 libero
3417 1260 3646 1330 dignum
3649 1258 3830 1327 foret.

331 1366 610 1421 Erudilus
631 1368 821 1435 itaque
835 1366 1044 1417 Graecis
1055 1366 1109 1415 et
1127 1361 1349 1416 Latinis
1363 1361 1571 1414 litteris
1585 1359 1656 1413 ab
1677 1359 2063 1412 adolescentia
2083 1373 2209 1409 cum
2229 1358 2396 1420 esset,
2415 1352 2676 1424 quaedam
2696 1355 2944 1421 primum
2964 1367 3032 1404 ex
3050 1349 3296 1404 Euclide
3313 1349 3635 1411 transtulit,
3663 1350 3836 1417 atque

331 1458 414 1509 ita
439 1455 754 1519 transtulit,
789 1459 850 1508 ut
881 1455 936 1506 et
963 1451 1287 1505 dimittendi
1316 1452 1588 1515 rationes,
1622 1447 1814 1501 etalia
1844 1445 2102 1517 quadam
2131 1444 2200 1498 de
2228 1461 2326 1498 suo
2355 1443 2700 1512 diiungeret,
2745 1457 2814 1495 ac
2843 1440 2991 1510 quod
3021 1439 3268 1492 nondum
3304 1435 3641 1491 Aristotelis
3673 1439 3837 1489 aetate

330 1548 622 1616 repertum
628 1543 836 1610 fuerat
864 1541 1080 1612 aequale
1099 1541 1318 1594 circulo
1341 1539 1688 1608 quadratum
1715 1540 1974 1590 astruere
1996 1535 2266 1589 decuerit.
2287 1531 2733 1587 Arithmeticam
2750 1534 2967 1600 postea,
2991 1529 3432 1595 Nicomachum,
3451 1545 3562 1582 non
3579 1529 3644 1580 ut
3662 1529 3838 1581 inter-

327 1652 484 1704 pres,
509 1637 759 1701 secu'tus,
774 1632 873 1686 sed
884 1649 982 1685 suo
1001 1648 1135 1685 usus
1146 1630 1394 1699 judicio,
1426 1630 1647 1682 Latinis
1664 1629 1846 1683 verbis
1867 1624 2130 1681 reddidit.
2157 1625 2232 1676 Et
2250 1623 2379 1677 inde
2400 1625 2678 1676 musicam
2694 1621 3033 1691 perplexam
3053 1623 3107 1673 el
3129 1619 3441 1673 involutam
3455 1618 3836 1689 disciplinam

332 1739 399 1777 ex
429 1725 661 1792 eplimis
689 1721 1002 1793 quibusque
1029 1720 1278 1789 collegit,
1312 1735 1426 1790 qua
1453 1721 1508 1770 in
1538 1734 1600 1771 re
1634 1720 1993 1771 Aristoxenis
2017 1715 2264 1784 copiam,
2295 1715 2350 1765 et
2383 1713 2724 1780 Pythagora:
2743 1709 3045 1777 judicium
3073 1707 3368 1780 expressit.
3405 1709 3620 1762 Exstat
3658 1708 3837 1762 Theo-

329 1811 511 1866 derici
539 1812 691 1884 regis
709 1811 784 1865 ad
802 1810 1056 1866 Boetium
1085 1809 1350 1880 epistola,
1371 1811 1555 1880 quaeet
1577 1807 1855 1862 Plolemei
1883 1805 2192 1878 Sgntaxin,
2210 1806 2264 1855 et
2287 1801 2648 1856 Archimedis
2669 1801 3026 1856 Mechanicen
3049 1801 3118 1852 ab
3133 1815 3195 1853 eo
3219 1798 3534 1853 Latinitate
3554 1799 3836 1852 donatam

331 1901 612 1965 afﬁrmat.
641 1901 692 1956 V
693 1917 850 1953 erum
859 1898 1142 1970 prxludia
1154 1899 1266 1952 haec
1265 1897 1458 1966 fuisse
1469 1894 1808 1951 crediderim
1821 1911 2144 1964 eorumque:
2155 1892 2242 1946 vir
2260 1894 2454 1945 tantus
2470 1894 2656 1944 mente
2674 1889 2952 1962 agitabat.
2972 1889 3403 1959 Philosophiam
3427 1890 3578 1942 enim
3610 1890 3841 1942 Latinis

329 1988 539 2043 litteris
553 1988 848 2045 illustrare
860 1988 1257 2055 constituerat,
1274 2006 1386 2042 non
1400 1991 1457 2040 ut
1486 1988 1672 2043 Varro
1689 1984 1951 2045 steicam,
1972 2000 2070 2037 nec
2089 1986 2149 2036 ut
2173 1981 2392 2035 Tullius
2411 1979 2826 2042 academicam,
2853 1978 2953 2030 sed
2970 1995 3098 2032 eam
3121 1993 3240 2048 quae
3260 1981 3494 2032 caeteras
3510 1978 3832 2032 obscuravit

329 2078 400 2133 ab
429 2078 739 2132 Aristotele
757 2079 1056 2138 invectam.
1075 2080 1177 2131 ela
1198 2079 1276 2131 tot
1293 2073 1931 2148 praestantibusingcnie
1953 2072 2108 2137 viris,
2131 2075 2295 2125 xtate
2317 2075 2434 2125 tam
2450 2071 2652 2137 longra
2668 2070 3035 2123 celebratam.
3064 2068 3127 2123 Id
3149 2067 3270 2140 ipse
3290 2067 3378 2122 his
3398 2067 3580 2122 verbis
3599 2066 3831 2136 signiﬁ-

331 2170 453 2223 cat:
468 2168 765 2238 Egoomne
786 2165 1119 2221 Aristotelis
1137 2183 1278 2236 opus
1307 2165 1675 2237 quodcunque
1693 2165 1751 2217 in
1769 2180 1974 2217 manus
1989 2161 2223 2226 venerit,
2248 2160 2307 2214 in
2327 2163 2654 2215 Romanum
2679 2159 2896 2226 stglum
2918 2164 3158 2219 vertens,
3183 2174 3375 2212 eorum
3402 2155 3657 2211 omnium
3678 2173 3834 2210 com-

331 2258 527 2309 menta
557 2253 765 2309 Latina
778 2255 1035 2308 oratione
1059 2255 1436 2326 prescribam,
1453 2257 1513 2307 ut
1529 2254 1582 2308 si
1597 2253 1732 2324 quid
1753 2270 1819 2307 ex
1843 2253 2038 2323 logicze
2053 2256 2196 2307 artis
2214 2252 2623 2316 subtilitate,et
2645 2267 2711 2304 ex
2731 2250 2972 2304 moralis
2979 2252 3266 2320 gravitate
3283 2252 3522 2320 peritiae,
3547 2251 3604 2302 et
3626 2266 3696 2303 ex
3718 2265 3835 2302 na-

333 2345 809 2398 turalisacumine
821 2348 1078 2399 veritatis
1095 2345 1167 2399 ab
1187 2344 1490 2399 Aristotele
1515 2346 1895 2414 perscriptum
1917 2344 2021 2411 est,
2044 2342 2120 2396 ad
2138 2358 2302 2395 omne
2325 2341 2647 2394 ordinatum
2672 2339 3044 2403 transferam,
3066 2345 3237 2405 atque
3260 2339 3318 2392 id
3334 2339 3579 2410 quodam
3614 2339 3839 2391 lumine

330 2435 829 2491 commentationis
853 2435 1159 2490 illustrem.
1191 2437 1380 2506 Igitur
1412 2435 1834 2505 Porphyrium,
1867 2450 2034 2504 quem
2073 2430 2402 2486 Victorinus
2429 2429 2578 2495 Afer
2597 2429 2928 2499 compendio
2958 2429 3354 2492 transtulerat,
3384 2427 3749 2499 explanavit,
3784 2432 3834 2478 et

333 2541 399 2578 eu
411 2526 637 2580 mdema
654 2542 715 2578 se
729 2541 855 2578 mox
876 2525 1319 2595 interpretatum
1332 2525 1485 2578 novis
1502 2541 1733 2578 rursum
1750 2521 2200 2594 expositionibus
2217 2520 2550 2575 illustravit.
2582 2518 3054 2574 Praedicamentis
3072 2535 3303 2572 manum
3323 2519 3680 2586 admoverat,
3701 2534 3838 2572 cum

333 2629 459 2668 ecce
489 2614 687 2668 consul
715 2614 904 2668 Romae
929 2619 1178 2682 creatur,
1209 2614 1309 2668 hoc
1339 2613 1460 2684 ipse
1474 2613 1594 2667 suis
1613 2613 1796 2668 verbis
1814 2611 2140 2683 significat:
2169 2610 2290 2665 Etsi
2313 2628 2415 2665 nos
2440 2627 2586 2665 curae
2604 2609 2786 2678 officii
2802 2607 3124 2664 consularis
3143 2608 3478 2680 impediunt,
3502 2623 3617 2678 quo
3642 2608 3836 2662 minus

331 2700 392 2755 in
407 2701 884 2757 hissludiisomne
907 2705 1078 2758 otium
1095 2703 1442 2775 plenamque
1459 2719 1690 2774 operam
1713 2701 2101 2757 consumimus
2117 2698 2404 2772 pertinere
2427 2703 2618 2754 tamen
2639 2700 2862 2755 videtur
2881 2699 2956 2754 ad
2975 2699 3236 2769 aliquam
3264 2696 3584 2769 reipublicae
3603 2715 3836 2764 curam,

333 2793 679 2850 elucubratas
708 2798 795 2847 rei
814 2793 1076 2848 doctrina
1095 2794 1247 2848 cives
1259 2791 1551 2847 instruere.
1572 2793 1698 2846 Nec
1716 2791 1867 2846 male
1886 2791 1956 2844 de
1980 2790 2192 2845 civibus
2209 2795 2348 2846 meis
2365 2807 2602 2853 merear,
2621 2789 2692 2853 si,
2719 2806 2847 2844 cum
2869 2788 3071 2861 prisca
3093 2790 3379 2842 hominum
3402 2789 3588 2842 virtus
3610 2788 3838 2842 urbium

331 2883 668 2938 exterarum
679 2883 756 2937 ad
765 2885 914 2937 hanc
933 2899 1108 2937 unam
1126 2881 1537 2946 rempublicam
1551 2887 1626 2935 im
1629 2881 1760 2953 peri
1767 2898 1858 2935 um
1876 2879 2250 2942 transtulerit,
2265 2896 2385 2950 ego.
2402 2879 2478 2932 ad
2500 2879 2559 2933 id
2569 2881 2775 2933 saltem
2790 2879 2937 2949 quod
2956 2877 3242 2949 reliquum
3256 2881 3359 2944 est,
3379 2882 3574 2933 Grecae
3589 2879 3838 2949 sapien-

332 2971 422 3028 tiae
452 2972 674 3027 artibus
701 2987 889 3028 mores
917 2974 1120 3028 nostra
1147 2970 1397 3026 civitatis
1425 2974 1766 3026 instruxere.
1795 2973 1982 3036 Quare
2002 2987 2072 3024 ne
2094 2971 2194 3023 hoc
2224 2969 2457 3040 quidem
2486 2968 2671 3040 ipsum
2698 2968 2949 3023 consulis
2976 2970 3138 3023 vocat
3167 2967 3382 3035 officio,
3416 2984 3543 3022 cum
3576 2970 3841 3022 Romani

332 3061 960 3133 morissemperfueril,
984 3063 1135 3133 quod
1155 3061 1466 3131 ubicunque
1489 3064 1743 3132 gentium
1761 3061 2204 3130 pulcherrimum
2224 3063 2369 3112 esset
2386 3061 2562 3130 atque
2583 3059 2893 3123 laudabile,
2924 3058 2985 3111 id
3002 3057 3191 3129 magis
3207 3074 3277 3112 ac
3299 3056 3484 3128 magis
3506 3061 3842 3115 imitatione

333 3151 660 3206 honestare.
685 3153 826 3207 Haec
848 3152 948 3206 ille
978 3169 995 3206 :
1018 3169 1085 3206 ex
1111 3151 1313 3223 quibus
1333 3151 1484 3206 illud
1505 3156 1674 3205 etiam
1680 3152 1915 3220 falsum
1943 3166 2062 3206 esse
2091 3147 2444 3204 convincitur
2465 3148 2612 3220 quod
2635 3147 2822 3219 aliqui
2846 3147 3123 3202 memoriae
3148 3147 3542 3219 prodiderunt,
3570 3149 3842 3204 Boetium

331 3241 545 3305 omnia,
560 3258 670 3294 non
683 3227 978 3311 pleraque,
1002 3243 1314 3312 relegatum
1325 3239 1647 3311 scripsisse.
1664 3240 1758 3293 Ad
1769 3239 2127 3294 consulatum
2141 3245 2329 3295 autem
2340 3239 2572 3308 juvenis
2584 3241 2842 3310 pervenit
2851 3238 3050 3301 favere
3062 3237 3386 3308 principum
3401 3237 3671 3292 civitatis.
3693 3240 3844 3292 Pue-

330 3345 459 3381 rum
480 3334 631 3382 enim
651 3345 688 3382 a
705 3333 868 3396 patre
897 3329 1160 3383 relictum
1191 3328 1506 3384 curandum
1527 3334 1916 3399 susceperant,
1941 3330 2090 3399 quod
2109 3333 2164 3383 el
2180 3329 2423 3401 antiqua
2444 3328 2664 3383 Manlii
2685 3327 2957 3398 Torquati
2958 3327 3208 3396 familia
3229 3330 3574 3399 prognatum
3593 3328 3838 3394 scirent,

332 3420 388 3471 et
401 3416 825 3473 novamAnicii
833 3417 1035 3489 proavi
1047 3418 1294 3473 indolem
1305 3419 1664 3490 perspectam
1680 3417 1741 3472 in
1763 3420 1884 3488 ipse
1898 3417 2187 3472 haberent.
2215 3417 2412 3474 Primo
2433 3419 2558 3488 ejus
2579 3418 2886 3473 consulatu
2908 3435 3005 3472 rex
3025 3418 3380 3472 Hunnorum
3406 3420 3460 3470 et
3475 3417 3668 3472 Italiae
3691 3419 3841 3473 Odo-

330 3521 498 3559 vacer
533 3505 758 3572 Phaeba,
778 3507 1069 3577 Rugorum
1090 3507 1230 3561 duce
1249 3507 1391 3561 victo
1412 3511 1707 3578 captoque,
1730 3505 1944 3577 potitus
1959 3510 2062 3573 est,
2085 3507 2257 3561 sicuti
2279 3507 2664 3563 Cassiodorus
2682 3507 2878 3572 tradit,
2901 3507 3000 3578 qui
3013 3508 3101 3562 bis
3113 3507 3319 3574 solum,
3338 3507 3840 3578 cumSymmacho

327 3595 523 3662 semel,
555 3594 748 3666 ipsum
780 3598 836 3648 in
869 3597 1190 3651 consulibus
1208 3597 1488 3651 nominat.
1521 3598 1653 3651 Non
1680 3597 1867 3652 solum
1895 3600 2090 3652 autem
2118 3597 2459 3668 dignitatem
2489 3599 2637 3652 hanc
2656 3597 2778 3669 ipse
2806 3597 3049 3668 adeptus
3068 3600 3171 3659 est,
3196 3597 3300 3652 sed
3319 3597 3459 3651 duos
3482 3597 3660 3652 etiam
3681 3597 3842 3666 filios

331 3700 482 3750 suos,
509 3685 659 3756 quod
686 3701 981 3755 nunquam
1001 3689 1173 3740 antea
1193 3685 1529 3756 contigerat,
1553 3687 1814 3741 consules
1832 3686 2294 3758 eodemtempore
2313 3685 2478 3754 vidit,
2500 3686 2813 3740 Patricium
2826 3690 2881 3741 et
2904 3687 3252 3758 Hypatium.
3279 3690 3439 3741 Anno
3461 3685 3564 3740 illo
3586 3686 3840 3742 Boetius

330 3774 393 3828 in
422 3773 588 3828 curia
614 3774 1019 3829 Theodericum
1041 3778 1160 3829 tum
1175 3775 1429 3846 primum
1449 3777 1696 3830 Romam
1713 3775 2074 3839 accersitum,
2092 3775 2154 3830 S.
2180 3777 2252 3830 P.
2280 3777 2344 3840 Q.
2379 3776 2448 3829 R.
2470 3775 2717 3843 nomine,
2736 3793 2946 3848 magna
2945 3775 3240 3845 facundia
3256 3775 3513 3830 laudavit
3527 3778 3585 3829 et
3606 3774 3667 3828 in
3683 3776 3838 3828 circe

329 3863 571 3917 duorum
584 3863 880 3919 consulum
900 3864 1121 3918 medius
1133 3864 1482 3936 triumphale
1493 3864 1801 3920 convivium
1814 3863 2174 3919 multitudini
2183 3864 2451 3919 exhibuit.
2481 3864 2778 3936 Collegam
2793 3865 2854 3918 in
2870 3865 3072 3920 ultimo
3088 3865 3390 3919 consulatu
3419 3865 3842 3936 Symmachum

330 3966 588 4004 socerum
619 3952 839 4017 habuit,
859 3969 987 4006 cum
1005 3970 1112 4024 quo
1124 3952 1525 4023 magistratum
1538 3956 1623 4008 ita
1639 3953 1832 4024 gessit,
1857 3957 1917 4007 ut
1935 3970 2226 4009 commune
2245 3955 2447 4008 bonum
2465 3953 2710 4025 privatis
2727 3954 3003 4010 amicitiis
3017 3956 3338 4026 praeferret.
3363 3954 3589 4009 Accidit
3607 3957 3668 4007 ut
3689 3957 3842 4008 Pau-

333 4039 772 4095 liniconsularis
783 4059 918 4113 opes
928 4043 1366 4114 regiisatellites
1376 4046 1727 4114 appeterent.
1748 4044 2056 4098 Hominem
2080 4042 2322 4115 ingenue
2344 4046 2562 4098 tutatus
2581 4048 2683 4098 est.
2709 4043 2986 4100 Albinum
2993 4045 3156 4116 falso
3170 4044 3504 4116 Cyprianus
3514 4044 3836 4110 accusavit,

329 4127 686 4186 innocentem
706 4131 1068 4185 consularem
1089 4131 1275 4187 virum
1296 4132 1564 4187 ostendit.
1589 4132 1817 4188 Acerba
1825 4132 2027 4200 fames
2050 4133 2437 4204 Campaniam
2458 4135 2710 4204 urgebat,
2729 4138 2781 4190 et
2799 4134 3146 4188 acerbiorem
3167 4133 3574 4203 coemptionem
3591 4131 3841 4202 tyranni

330 4223 734 4290 procuratores
744 4219 1100 4289 indixerant,
1115 4237 1243 4274 eam
1256 4221 1407 4292 exigi
1417 4222 1738 4276 consulnon
1749 4222 2049 4276 sustinuit.
2072 4221 2416 4291 Triguillam
2431 4239 2575 4292 quoq
2583 4240 2653 4276 ue
2664 4225 2830 4293 regia:
2841 4223 3043 4277 domus
3063 4223 3426 4294 praepositum
3442 4221 3743 4275 multoties
3762 4222 3837 4275 ab

329 4308 552 4373 iniuria
569 4309 797 4378 deiecit,
818 4314 872 4363 et
885 4310 1260 4380 Conigastum
1271 4313 1538 4376 fortunas
1557 4311 1761 4380 optimi
1785 4311 2058 4380 cujusque
2079 4309 2449 4365 insectantem
2475 4312 2844 4381 compescuit.
2862 4312 3041 4367 Hisce
3059 4313 3217 4366 rebus
3231 4313 3465 4379 factum
3487 4315 3571 4365 est
3595 4314 3655 4364 ut
3673 4312 3836 4380 regis

329 4397 777 4469 indignationem
789 4402 1135 4468 incurrerat,
1157 4401 1618 4471 perditorumque
1630 4399 2016 4454 delationibus
2035 4403 2092 4453 in
2113 4400 2378 4453 exsilium
2395 4400 2727 4471 pelleretur.
2747 4401 3148 4455 Accusationis
3166 4417 3381 4454 summa
3401 4401 3508 4454 haec
3523 4404 3631 4466 fuit
3647 4419 3666 4460 ,ο
3688 4402 3838 4470 quod

325 4491 584 4542 senatum
615 4488 757 4544 lwsze
780 4489 1100 4556 maiestatis
1120 4493 1516 4544 accusaturum
1536 4489 1928 4560 prohibuerit;
1950 4489 2103 4561 quod
2124 4489 2200 4542 ad
2217 4490 2590 4542 Anastasium
2612 4488 3011 4558 imperatorem
3034 4491 3257 4543 litteras
3275 4490 3498 4543 miserit
3514 4489 3585 4542 de
3607 4505 3836 4557 recupe-

326 4577 512 4631 randa
542 4577 824 4631 libertate.
869 4578 1169 4633 Delatores
1197 4578 1440 4650 perditis
1467 4579 1718 4634 moribus
1742 4580 1998 4633 homines
2033 4582 2148 4631 tres
2172 4577 2529 4640 exstiterunt,
2563 4579 2922 4632 Gaudentius
2951 4582 3006 4632 et
3034 4579 3220 4650 Opilio
3239 4583 3372 4632 tunc
3391 4579 3456 4632 ob
3486 4577 3835 4631 innumeras

311 4665 564 4732 fraudes
593 4665 794 4721 exsilio
817 4667 1096 4734 damnati,
1133 4668 1498 4740 Basiliusque
1514 4668 1738 4739 pridem
1761 4684 1798 4722 a
1830 4671 2236 4738 procuratione
2250 4668 2446 4722 domus
2465 4667 2629 4738 regite
2657 4670 2905 4730 deiectus
2934 4669 3320 4738 obteratusque
3351 4667 3679 4740 plurimum.
3704 4671 3838 4721 Pur-

325 4758 520 4823 gasset
536 4757 708 4822 facile
735 4759 1038 4812 Severinus
1066 4756 1283 4826 objecta
1302 4760 1562 4822 crimina,
1580 4760 1631 4810 si
1657 4773 1846 4811 coram
1876 4757 2159 4812 delatores
2183 4757 2458 4826 arguendi
2474 4759 2725 4825 facultas
2744 4759 2853 4811 sibi
2874 4775 2910 4811 a
2933 4758 3272 4812 Theoderico
3301 4758 3442 4811 data
3455 4758 3699 4825 fuisset.
3727 4758 3837 4812 Sed

326 4844 416 4896 vel
445 4847 624 4897 iratus
651 4844 905 4901 oblatam
932 4847 1041 4900 sibi
1073 4849 1310 4902 ultionis
1321 4851 1677 4903 occasionem
1693 4849 1983 4910 amittere,
2008 4847 2096 4899 vel
2117 4849 2409 4918 improbus
2431 4865 2468 4902 a
2494 4865 2555 4901 se
2571 4849 2884 4904 excitatam
2907 4847 3259 4903 calumniam
3295 4848 3602 4901 dissolvere
3624 4849 3831 4902 noluit.

330 4933 554 4987 Absens
579 4938 770 5006 itaque
793 4940 882 4990 vir
899 4940 955 4991 el
976 4940 1244 4992 innocens
1264 4942 1318 4992 et
1333 4939 1570 5011 grandis
1590 4943 1731 4992 natu
1753 4939 1984 4992 Boetius
2000 4938 2284 4993 malorum
2309 4940 2728 5008 conspiratione
2760 4938 3048 5008 relegatus
3069 4941 3174 5004 est,
3197 4953 3300 4990 nec
3321 4953 3358 4989 a
3376 4937 3538 4991 bonis
3553 4943 3614 4989 in
3635 4941 3834 5007 patria

331 5027 602 5091 retentus,
626 5026 883 5080 Ticinum
903 5031 1153 5091 secessit,
1171 5028 1366 5082 urbem
1387 5032 1446 5082 in
1469 5028 1805 5082 Insubribus
1823 5031 2092 5098 positam,
2110 5031 2163 5079 et
2183 5027 2290 5080 sibi
2306 5043 2343 5079 a
2367 5029 2611 5094 tyranno
2632 5030 3045 5098 praescriptam,
3067 5031 3126 5080 in
3154 5042 3333 5098 quam
3354 5027 3530 5079 simul
3551 5030 3730 5096 atque
3748 5043 3835 5079 ve-

330 5116 436 5178 nit,
451 5116 990 5184 quoposterisetiam
1003 5119 1384 5171 innocentiam
1399 5133 1557 5171 suam
1579 5121 1858 5188 cegnilam
1872 5118 2123 5185 faceret,
2146 5116 2587 5186 pulcherrimum
2609 5117 2756 5170 illud
2775 5116 2842 5169 de
2865 5117 3268 5170 Consolatione
3301 5118 3575 5180 volumen,
3606 5119 3835 5170 Cicero-

328 5219 457 5256 nem
485 5205 763 5265 imitatus,
793 5207 1156 5273 conscripsit.
1185 5207 1347 5261 Nam
1366 5209 1513 5260 sicut
1545 5207 1642 5259 ille
1662 5223 1772 5277 quo
1793 5207 1924 5274 ﬁliae
1947 5205 2289 5261 desiderium
2323 5205 2558 5271 levaret,
2582 5205 2652 5258 de
2676 5209 2997 5258 animorum
3035 5205 3484 5260 immortalitate
3504 5205 3838 5276 disceptans

335 5291 588 5345 Tulliam
605 5295 962 5362 supervivere
977 5296 1277 5358 monstrat,
1300 5295 1385 5347 ita
1405 5295 1705 5349 Severinus
1724 5296 1794 5350 de
1813 5295 1966 5356 falso
1987 5296 2041 5347 et
2060 5310 2184 5346 vero
2205 5293 2366 5358 bono,
2389 5294 2568 5364 deque
2586 5295 2945 5363 providentia
2965 5294 3241 5364 disputat,
3273 5295 3326 5346 et
3345 5296 3539 5347 omnia
3559 5296 3839 5346 voluntate

334 5377 530 5432 divina
543 5379 879 5433 mortalibus
889 5379 1116 5434 evenire
1130 5379 1406 5434 declarat.
1421 5383 1626 5436 Verum
1641 5385 1699 5435 in
1712 5399 1777 5436 eo
1788 5385 2135 5450 opereCicero
2147 5399 2367 5436 carmen
2378 5399 2490 5437 non
2503 5386 2840 5452 attigit.Boet
2847 5385 2934 5435 ius
2944 5389 3232 5453 utramque
3245 5386 3550 5437 orationem
3567 5383 3836 5436 admiscet

330 5467 502 5536 atque
513 5469 597 5519 ita
608 5467 880 5520 admiscet
890 5469 952 5520 ut
948 5467 1139 5533 facile
1155 5470 1456 5538 unicuique
1471 5469 1723 5523 ostendat
1736 5471 2017 5536 ingenium
2031 5471 2140 5524 sibi
2151 5471 2424 5541 quidquid
2437 5473 2707 5525 tentasset
2720 5488 3004 5539 nunquam
3016 5473 3284 5539 defuisse.
3304 5472 3411 5527 Sed
3425 5472 3562 5540 quid
3578 5473 3835 5525 naturali

336 5554 700 5626 philosOphia
712 5556 1014 5624 difﬁcilius
1027 5556 1052 5609 ‘l
1065 5556 1200 5626 quid
1211 5555 1515 5611 dialectica
1526 5561 1814 5627 spinosius
1829 5559 1937 5613 ?At
1954 5562 2246 5630 utrumque
2267 5559 2635 5630 disciplinam
2648 5559 2731 5614 sic
2743 5563 2998 5614 oratione
3007 5577 3114 5615 sua
3125 5565 3470 5631 pervagatus
3486 5563 3566 5614 est
3576 5601 3588 5624 ε
3603 5565 3667 5614 ut
3679 5560 3834 5614 abdi-
