3998 6172
156 260 250 309 235,5
1416 254 1931 311 PROLEGOMENA
1969 256 2390 312 GENERALIA.
3548 266 3647 319 546

155 388 378 443 tissima
398 400 630 457 quisque
648 383 824 439 cuivis
841 388 1107 455 prompta
1122 383 1458 440 reddiderit.
1482 386 1685 456 Neque
1703 402 1834 440 vero
1852 387 2121 441 selectum
2143 403 2316 440 unum
2337 386 2570 457 aliquod
2590 389 2994 458 argumentum
3016 392 3274 444 oratione
3289 395 3650 448 consectatus

154 481 250 538 est,
270 476 370 530 sed
390 474 762 547 philosOphite
779 475 1112 545 penetralia
1127 474 1438 546 ingressus,
1462 492 1530 529 ea
1551 475 1775 530 Latinis
1790 475 2110 530 hominibus
2129 479 2353 546 primus
2371 478 2803 547 reseravzt,quze
2821 481 3087 549 princeps
3110 478 3451 535 Aristoteles
3470 482 3539 535 de
3559 482 3645 537 in-

153 568 369 621 dustria
385 565 649 636 pluribus
664 564 1066 618 occultaverat.
1092 566 1213 629 Qua
1231 563 1292 618 in
1311 581 1372 618 re
1393 564 1638 636 optimos
1655 581 1902 636 quosque
1913 565 2215 629 consuluit,
2239 565 2688 635 Theophrastum
2705 567 2851 632 dico,
2868 567 3204 638 Eudemum,
3225 570 3641 640 Andronicum,

154 663 197 711 Α
204 655 486 727 spasium,
499 654 846 708 Herminum
857 695 869 719 ,
887 659 933 707 Α
947 655 1302 721 lexandrum,
1321 653 1648 724 Syrianum,
1669 655 2073 725 Porphyrium,
2099 654 2470 709 Thmnistium
2481 700 2493 720 ,
2510 656 2578 709 de
2591 673 2830 728 quorum
2845 659 3168 726 sententiis,
3187 662 3465 730 tanquam
3480 662 3645 716 hono-

152 746 332 800 rarius
357 744 597 810 arbiter,
622 744 919 812 dijudicat.
942 746 1268 798 Attestalur
1292 745 1395 798 hoc
1410 745 1686 814 expositio
1708 744 1769 798 in
1791 745 2002 798 librum
2020 749 2066 797 Α
2079 744 2350 798 ricta/clis
2365 745 2434 798 de
2460 746 2868 800 Enuntiatione
2891 750 3009 800 tam
3031 747 3223 818 prima
3237 750 3452 804 duobus
3471 769 3641 822 quam

151 834 391 889 secunda
401 850 505 888 sex
518 833 594 887 lib
604 834 687 888 ris
697 835 979 902 absoluta,
995 833 1055 887 in
1067 851 1307 904 quorum
1320 835 1490 889 tertio
1514 852 1639 888 cum
1653 835 1722 888 de
1742 835 1927 890 tribus
1946 833 2384 903 contingentium
2407 834 2589 888 modis
2605 852 2665 888 se
2680 835 2886 890 melius
2906 836 3206 907 scripsisse
3223 839 3379 893 dicat
3397 845 3456 893 in
3477 841 3643 896 libris

149 922 408 995 physicis,
433 923 848 994 suspicandum
868 923 1183 994 reliquitse
1203 925 1530 978 naturalem
1551 940 1768 995 quoque
1787 922 2209 993 philosOphiam
2225 923 2574 991 enucleasse,
2595 941 2788 978 verum
2809 925 3079 979 hactenus
3101 933 3219 980 tam
3240 926 3300 980 hi
3314 928 3640 985 desideran-

153 1019 234 1066 tur
249 1013 672 1080 commentarii,
700 1013 828 1068 licet
834 1014 1068 1081 fuerint
1093 1013 1413 1069 Tarvisium
1431 1014 1562 1069 hinc
1574 1031 1757 1085 nuper
1772 1016 2074 1085 asportati.
2096 1029 2269 1083 quam
2290 1013 2384 1067 illi
2392 1029 2528 1084 quos
2541 1013 2601 1066 in
2623 1013 2973 1083 Analyticen
2987 1018 3038 1070 et
3063 1015 3304 1087 Topicen
3319 1017 3530 1072 emisit.
3550 1020 3639 1074 Si-

153 1103 363 1174 quidem
389 1105 448 1156 et
477 1103 585 1157 hos
608 1102 733 1172 ipse
751 1102 914 1171 citat,
946 1107 1000 1156 et
1027 1103 1087 1157 in
1111 1103 1359 1174 topicam
1387 1103 1670 1160 Ciceronis
1694 1111 1910 1173 septem
1928 1103 2100 1156 libros
2131 1118 2167 1158 a
2188 1119 2248 1156 se
2275 1103 2564 1167 confectos
2583 1104 2900 1174 proﬁtetur,
2929 1120 3071 1175 opus
3093 1105 3342 1171 varium,
3372 1107 3635 1177 difficile,

152 1192 442 1250 eruditum.
472 1208 577 1246 nec
605 1209 643 1246 a
664 1208 946 1263 quoquam
965 1195 1138 1246 antea
1158 1208 1332 1264 quam
1351 1211 1388 1247 a
1419 1193 1714 1249 Victorino
1718 1194 1960 1261 frustra
1980 1195 2285 1247 tentatum.
2314 1193 2572 1245 Platonis
2592 1192 2848 1265 dialogos
2865 1192 2986 1265 ipse
3011 1195 3246 1250 Latinos
3270 1198 3559 1262 facturum.
3579 1215 3640 1251 se

151 1279 356 1351 recepit.
361 1281 573 1349 factos
594 1281 971 1335 Cassiodorus
989 1286 1298 1348 asseverat,
1315 1281 1562 1336 mirarer
1577 1283 1856 1353 quomodo
1872 1285 2036 1336 tanta
2058 1286 2329 1352 praestare
2343 1284 2615 1352 potuerit,
2633 1282 2749 1336 nisi
2765 1283 2960 1337 divina
2979 1283 3088 1337 illa
3103 1283 3165 1338 in
3188 1285 3395 1340 librum
3420 1288 3623 1340 Aristo

151 1369 260 1423 telis
286 1369 355 1422 de
386 1370 880 1440 Interpretatione
893 1370 1309 1426 commentaria
1329 1371 1555 1425 biennio
1569 1371 1779 1426 scirem
1794 1371 1865 1425 ab
1877 1388 1941 1426 eo
1959 1371 2240 1434 confecta,
2257 1372 2404 1442 quod
2417 1375 2639 1442 tempus
2657 1372 2757 1427 vix
2774 1373 3094 1426 evolvendis
3122 1376 3201 1428 tot
3222 1376 3533 1444 expositori
3539 1377 3568 1429 b
3577 1394 3640 1429 us

150 1458 281 1512 satis
283 1459 482 1526 fuisse
496 1459 745 1527 videtur,
768 1460 975 1514 nedum
988 1475 1182 1514 eorum
1193 1459 1498 1513 sententiis
1507 1460 1852 1531 plerumque
1867 1461 2240 1515 controversis
2251 1463 2306 1514 et
2324 1460 2410 1529 dij
2415 1461 2736 1524 udicandis,
2758 1466 2812 1514 et
2832 1462 3127 1534 eligendis,
3142 1466 3197 1516 et
3215 1466 3640 1519 accommodan-

150 1547 289 1600 dis-.1
290 1551 420 1601 nter
443 1548 866 1620 Peripateticos
886 1549 1036 1604 enim
1057 1549 1296 1604 celebris
1314 1553 1398 1603 est
1417 1551 1599 1615 ferme
1616 1550 1808 1604 nullus
1826 1553 1926 1620 qui
1945 1549 2006 1604 in
2027 1551 2175 1604 hunc
2197 1549 2409 1604 librum
2433 1567 2546 1603 non
2565 1550 2885 1620 scripserit,
2905 1552 3054 1622 quod
3073 1555 3128 1606 et
3145 1568 3493 1625 magnopere
3512 1555 3639 1625 qui-

147 1636 629 1691 demnecessarius
639 1641 734 1703 sit,
757 1641 812 1691 et
826 1639 1008 1693 multa
1018 1638 1282 1692 doctrina
1298 1639 1568 1706 refertus,
1586 1639 1686 1692 sed
1697 1639 1961 1694 acumine
1970 1639 2387 1693 sententiarum
2407 1639 2769 1693 etverborum
2786 1640 3057 1694 brevitate
3073 1643 3472 1711 perobscurus;
3492 1660 3638 1698 com-

148 1726 492 1780 mentabatur
501 1730 695 1780 autem
709 1728 821 1781 hsec
831 1744 938 1797 quo
952 1731 1204 1798 tempore
1228 1727 1609 1783 Theodericus
1620 1728 1909 1799 superatis
1921 1729 2163 1800 Alpibus
2179 1729 2546 1785 Clodoveium
2558 1747 2818 1783 socerum
2848 1732 3193 1784 Francorum
3210 1745 3398 1801 regem
3419 1730 3640 1802 ingenti

144 1815 320 1886 praelia
337 1814 518 1886 profli
516 1816 693 1886 gavit.
716 1819 986 1872 Caeterum
1005 1817 1309 1871 Severinus
1328 1835 1440 1872 non
1458 1820 1680 1871 tantum
1703 1818 1760 1872 in
1781 1819 2215 1891 interpretando
2237 1823 2291 1874 et
2313 1821 2638 1890 exponendo
2660 1821 2975 1873 Aristotele
2993 1823 3254 1874 versatus
3275 1823 3377 1882 est,
3401 1820 3500 1873 sed
3515 1820 3638 1890 ple-

146 1922 304 1975 raque
319 1904 497 1958 etiam
520 1905 644 1975 ipse
666 1905 840 1958 veluti
858 1906 1199 1976 procreavit,
1223 1907 1421 1961 horum
1440 1907 1500 1962 in
1517 1925 1769 1972 numero,
1786 1912 1920 1962 sunt
1931 1909 2308 1980 pulcherrimi
2327 1909 2419 1962 illi
2434 1913 2680 1979 quatuor
2694 1910 2763 1962 de
2782 1909 3127 1978 Diﬂerentiis
3149 1908 3352 1980 tapicis
3367 1909 3502 1962 libri
3511 1909 3635 1980 qui-

145 1994 228 2046 bus
246 1995 588 2051 dialecticos
608 1995 759 2048 locos
781 2012 818 2049 a
841 1995 1141 2049 rhetoricis
1159 1995 1399 2060 dirimit,
1433 2000 1486 2048 et
1511 1995 1744 2049 totidem
1773 1996 1881 2050 alii
1902 1996 1971 2048 de
2000 2000 2237 2068 utroque
2264 1997 2618 2068 syllogismo,
2649 1998 2787 2050 item
2817 1999 2885 2050 de
2915 1997 3192 2051 divisione
3219 2006 3276 2054 et
3303 1998 3638 2069 deﬁnitione

146 2085 346 2151 singuli.
372 2086 540 2138 Nam
563 2084 664 2154 qui
679 2084 755 2138 ad
773 2084 1142 2154 syllogismos
1160 2085 1514 2155 categoricos
1526 2085 1976 2139 introductorius
1987 2086 2336 2148 inscribitur,
2363 2087 2590 2140 titulum
2605 2087 2973 2141 subornatum
2992 2088 3178 2154 habet,
3201 2105 3329 2142 cum
3348 2089 3482 2143 libri
3503 2093 3550 2142 Α
3559 2089 3636 2142 ri-

147 2173 338 2227 stotelis
356 2174 424 2227 de
443 2173 886 2241 Enuntiatione,
902 2175 986 2228 vel
999 2173 1342 2227 breviarium
1361 2173 1452 2240 sit,
1470 2179 1533 2228 ut
1545 2173 1669 2245 ipse
1688 2174 1968 2246 appellat,
1984 2176 2074 2229 vel
2088 2180 2238 2228 certe
2251 2175 2398 2231 idem
2413 2176 2560 2247 quod
2575 2175 2727 2246 prim
2737 2192 2800 2229 us
2814 2176 2882 2229 de
2902 2174 3239 2246 categoricis
3259 2177 3630 2249 sylloqismis.

150 2262 276 2332 Opus
293 2278 510 2332 quoque
532 2263 607 2316 de
623 2263 971 2320 scholastica
987 2263 1315 2335 disciplina,
1344 2281 1455 2317 non
1478 2264 1708 2318 titulum
1723 2264 2020 2333 modo,sed
2041 2268 2092 2320 et
2103 2265 2474 2320 elocutionem
2491 2271 2543 2318 et
2562 2264 2940 2320 inventionem
2965 2265 3260 2332 mentitur,
3286 2266 3459 2320 aliter
3480 2266 3633 2320 enim

148 2350 350 2404 Boetius
375 2352 731 2422 scripsisset,
759 2356 810 2405 si
829 2370 896 2407 ea
916 2354 985 2406 de
1006 2370 1072 2409 re
1090 2352 1336 2408 scribere
1351 2353 1639 2408 voluisset.
1666 2353 1779 2407 Sed
1797 2353 1985 2424 ipsum
2008 2353 2326 2422 mittamus,
2352 2373 2418 2408 ac
2438 2355 2506 2408 de
2525 2355 2962 2410 hebdomadibus
2990 2355 3213 2426 aliquid
3232 2356 3422 2426 potius
3443 2359 3502 2408 in
3519 2372 3633 2410 πρε-

148 2438 277 2494 dium
297 2442 635 2511 offeramus.
660 2445 805 2495 Sunt
822 2447 1016 2497 autem
1036 2444 1414 2497 hebdomades
1434 2459 1611 2515 opera
1631 2445 1843 2513 septem
1858 2441 2121 2512 partibus
2140 2442 2466 2506 distributa,
2489 2441 2662 2497 sicuti
2681 2443 2874 2499 decem
2898 2443 3064 2498 libris
3084 2443 3344 2510 decades,
3366 2447 3419 2497 et
3434 2461 3630 2498 novem

147 2531 413 2585 enneades.
452 2531 871 2585 Hebdomadas
911 2533 1101 2588 Varro
1119 2535 1347 2604 primus
1364 2533 1679 2603 inscripsit,
1701 2531 1904 2586 deinde
1922 2531 2012 2585 hic
2033 2531 2173 2602 ipse,
2198 2531 2488 2603 exquibus
2509 2532 2738 2587 libellus
2757 2533 2826 2587 de
2853 2533 3200 2603 substantiae;
3211 2534 3371 2599 bono,
3403 2536 3457 2586 et
3477 2533 3632 2587 alius

149 2622 202 2676 de
211 2622 410 2677 unitate
425 2630 480 2678 et
495 2640 616 2678 uno
627 2627 882 2694 sumptus
895 2627 1000 2690 est,
1023 2624 1246 2695 reliqua
1260 2628 1361 2678 aut
1374 2626 1523 2679 edita
1537 2642 1641 2678 non
1654 2632 1800 2688 sunt,
1816 2622 1965 2693 quod
1977 2637 2043 2675 ea
2059 2621 2187 2684 sibi,
2205 2624 2270 2674 ut
2281 2625 2592 2690 signiﬁcare
2602 2622 2838 2690 videtur,
2854 2627 3258 2677 commentatus
3271 2629 3422 2689 esset,
3443 2629 3536 2676 aut
3557 2624 3630 2676 ad

150 2727 231 2765 nos
241 2730 403 2783 usque
415 2730 529 2768 non
555 2716 954 2785 pervenerunt.
974 2713 1378 2769 Hebdomades
1384 2714 1422 2781 j
1428 2717 1622 2767 uvenis
1639 2713 1972 2784 composuit,
1987 2712 2091 2766 “vel
2097 2718 2158 2766 ut
2173 2714 2226 2764 et
2238 2713 2307 2765 de
2318 2712 2539 2765 duabus
2558 2713 2782 2767 naturis
2795 2717 2848 2766 et
2870 2730 2984 2766 una
3002 2728 3251 2783 persona
3265 2713 3501 2774 Christi,
3527 2713 3629 2766 hoc

150 2805 196 2853 ut
205 2801 276 2855 ita
287 2802 604 2856 existimem
617 2802 668 2870 ej
673 2819 736 2854 us
751 2803 922 2858 verba
936 2803 1179 2862 faciunt.
1199 2802 1542 2872 Episcopus,
1558 2801 1747 2872 inquit
1759 2801 2002 2872 scriptor
2014 2801 2284 2872 epistolae,
2311 2803 2587 2871 tanquam
2609 2818 2677 2855 va
2685 2801 2775 2856 Ide
2788 2801 3175 2855 necessarium
3187 2818 3315 2855 cum
3331 2801 3628 2870 praeterire

151 2890 403 2956 noluisset,
422 2907 450 2946 e
467 2892 698 2944 duabus
713 2890 936 2945 naturis
956 2891 1250 2946 Christum
1274 2893 1600 2960 consistere,
1625 2898 1679 2946 et
1695 2891 1755 2945 in
1771 2891 1990 2944 duabus
2004 2890 2616 2962 zequalitcrcatholzcos
2628 2891 2871 2956 credere,
2889 2891 3141 2944 novitate
3161 2890 3300 2943 dicti
3307 2890 3618 2958 perculsus.

149 2978 428 3032 meditabar
438 2996 645 3034 omnes
657 2979 849 3033 animo
862 2980 1214 3050 quaestiones.
1237 2983 1531 3034 Decretum
1545 2983 1642 3033 hoc
1645 2980 1857 3048 fuerat
1865 2979 2107 3034 concilio
2136 2979 2495 3032 Chalcedone
2508 2979 2730 3032 celebra
2738 2981 2814 3036 to,
2830 2977 3080 3049 illucque
3097 2981 3200 3031 Leo
3213 2981 3500 3032 Romanus
3514 2982 3624 3046 epi-

145 3072 567 3136 sCOpusvenerat,
589 3071 752 3138 cujus
771 3069 1009 3140 epistola
1026 3072 1273 3124 Romam
1297 3070 1476 3124 missa
1487 3087 1616 3122 cum
1635 3073 1854 3139 postea,
1872 3067 2185 3122 nitentibus
2198 3068 2516 3139 Acephalis
2527 3068 3102 3136 condemnat-umjam
3125 3067 3327 3139 dogma
3341 3083 3618 3134 revocare,

145 3154 360 3222 pluribus
381 3158 715 3212 convocatis
743 3160 924 3212 Romae
961 3159 1230 3229 legerent,
1258 3175 1359 3211 nec
1379 3158 1525 3212 satis
1545 3158 1671 3224 iam
1693 3158 1830 3228 quid
1852 3158 2181 3211 decerneret
2211 3155 2616 3229 intelligerent,
2641 3173 2845 3210 ansam
2879 3157 3075 3210 Boetio
3092 3156 3248 3210 dedit
3263 3171 3390 3209 eum
3412 3155 3620 3209 librum

147 3247 472 3314 componendi
481 3251 694 3301 contra
710 3247 1053 3310 Nestorium,
1071 3247 1169 3317 qui
1188 3247 1408 3300 duabus
1423 3248 1654 3302 naturis
1670 3264 1946 3317 personas
1968 3245 2199 3301 totidem
2217 3247 2584 3317 adjungebat,
2606 3248 2660 3299 et
2678 3246 2986 3317 Eutychen,
3004 3244 3103 3316 qui
3114 3244 3339 3298 unicam
3359 3249 3620 3299 naturam

146 3335 186 3382 et
201 3349 476 3402 personam
501 3336 792 3390 tuebatur.
827 3338 983 3407 Ergo
1001 3337 1054 3391 si
1078 3335 1206 3407 quis
1226 3337 1298 3390 ab
1316 3336 1666 3407 imperatore
1687 3337 1888 3396 Leone.
1917 3342 2016 3408 qui
2035 3337 2313 3405 rejectam
2334 3337 2435 3389 sub
2469 3335 2765 3392 Martiano
2801 3335 3059 3390 Nestorii
3088 3339 3143 3390 et
3172 3336 3462 3407 Eutyches
3491 3335 3617 3406 cpi-

148 3422 330 3478 nionem
359 3425 614 3492 fovebat,
647 3425 1035 3481 adJustinum
1053 3442 1229 3496 usque
1251 3428 1522 3496 supputet
1544 3442 1742 3488 annos,
1756 3427 1932 3497 paulo
1963 3425 2154 3480 minus
2182 3427 2602 3498 quinquaginta
2618 3426 2950 3496 deprendet,
2972 3424 3177 3496 quibus
3195 3424 3265 3478 de
3301 3425 3481 3480 Boetii
3506 3427 3621 3478 vita

152 3509 400 3581 detractis,
425 3521 629 3586 prima
632 3516 960 3584 juventutis
980 3519 1240 3587 tempora
1260 3516 1679 3586 relinquentur.
1711 3517 1920 3571 Verum
1940 3517 2052 3570 huc
2076 3519 2136 3569 ut
2159 3515 2388 3569 libuerit
2408 3515 2644 3586 quisque
2660 3515 2928 3586 accipiat,
2952 3515 3099 3568 illud
3118 3521 3270 3569 certo
3289 3531 3402 3570 non
3416 3514 3625 3569 admit-

150 3602 337 3657 tendum
361 3607 770 3670 contenderim,
813 3606 1077 3662 Boetium
1105 3609 1288 3663 morte
1325 3609 1670 3678 praeventum
1701 3606 1980 3662 Musicam
2007 3622 2120 3660 non
2161 3604 2488 3661 absolvisse.
2526 3607 2684 3659 Nam
2724 3605 2873 3676 quod
2901 3604 3178 3674 objiciunt
3205 3604 3390 3676 aliqui
3419 3604 3616 3659 titulos

147 3705 299 3746 eorum
334 3712 450 3766 quae
473 3697 685 3751 desunt
704 3697 889 3751 adhuc
909 3712 1226 3768 superesse,
1244 3695 1305 3749 id
1325 3711 1426 3750 nos
1444 3695 1506 3749 in
1531 3697 1888 3750 contrariam
1917 3694 2262 3750 sententiam
2289 3693 2482 3765 potius
2510 3693 2705 3762 trahit,
2740 3694 3049 3748 absurdum
3081 3711 3202 3748 esse
3223 3693 3619 3748 existimantes

147 3783 358 3838 nondum
371 3784 720 3856 conscriptis
732 3786 896 3841 rebus
913 3785 1058 3840 velle
1073 3801 1278 3839 nomen
1297 3784 1607 3856 imponere.
1629 3785 1783 3850 Quod
1799 3783 1851 3838 si
1866 3784 2009 3855 quid
2023 3783 2422 3855 imperfectum
2437 3783 2769 3838 Severinum
2781 3784 3032 3855 reliquit,
3055 3783 3115 3838 id
3134 3784 3256 3854 ipse
3277 3783 3615 3855 theologiam

148 3871 288 3926 fuisse
309 3875 650 3930 censuerim.
667 3876 824 3930 Satis
851 3876 1002 3930 enim
1023 3892 1305 3947 superque
1327 3873 1760 3946 PhilosOphimn
1785 3873 2207 3941 illustraverat,
2230 3873 2427 3943 itaque
2453 3871 2649 3926 divina
2672 3873 2986 3940 restabant,
3011 3876 3066 3926 et
3070 3873 3209 3941 jam
3228 3873 3471 3927 multum
3492 3889 3621 3944 pro-

145 3970 350 4020 cesserat
367 3965 758 4037 Augustinum
775 3968 1020 4032 secutus,
1045 3969 1106 4019 ut
1125 3964 1248 4036 ipse
1266 3964 1335 4019 de
1353 3963 1632 4019 Trinitate
1644 3964 1719 4018 ad
1741 3964 2152 4036 Symmachum
2164 3963 2414 4016 scribens
2435 3964 2693 4032 af/irmat
2711 3980 2728 4017 :
2753 3963 2944 4029 Vobis,
2964 3962 3170 4033 inquit,
3193 3961 3607 4033 inspiciendum

145 4054 208 4100 est
224 4070 287 4105 an
305 4072 367 4108 ea:
392 4057 548 4110 beata
580 4054 891 4127 Augustini
915 4053 1148 4126 scriptis
1174 4054 1398 4109 semina
1435 4053 1723 4109 rationum
1743 4054 1810 4110 in
1838 4071 1940 4109 nos
1967 4051 2255 4108 venientia
2277 4052 2501 4116 fructus
2522 4051 2748 4122 aliquos
2773 4050 3094 4107 intulerint.
3132 4053 3214 4105 Ea:
3241 4051 3442 4118 quibus
3472 4052 3618 4105 illud

145 4140 281 4196 etiam
299 4145 580 4213 conjicere
598 4161 921 4217 possumus,
944 4163 1046 4200 cur
1063 4162 1210 4200 nono
1227 4145 1452 4200 demum
1474 4163 1624 4200 anno
1657 4143 2031 4200 Theodoricus
2049 4145 2406 4198 Severzmum
2426 4147 2480 4196 et
2500 4142 2904 4212 Symmachum
2923 4139 3164 4205 necarit,
3191 4156 3260 4192 an
3283 4141 3422 4208 quia
3445 4155 3618 4191 senex

145 4228 190 4280 in
200 4234 502 4301 opinionem
516 4236 658 4290 Arii
668 4235 898 4305 defecit,
918 4239 968 4290 et
991 4234 1266 4292 inimicus
1279 4236 1418 4292 adeo
1439 4233 1736 4290 catholicis
1751 4235 1943 4299 evasit,
1963 4236 2024 4288 ut
2037 4250 2231 4288 eorum
2255 4235 2361 4287 tem
2368 4232 2471 4304 pla
2485 4231 2712 4286 diruere
2723 4231 2783 4284 in
2801 4229 2984 4284 Italia
3004 4228 3264 4295 voluerit,
3282 4229 3335 4282 si
3347 4229 3616 4282 Justinus

148 4323 182 4370 Α
194 4321 424 4380 rianosin
449 4329 497 4380 Α
505 4326 601 4381 sia
617 4342 730 4380 non
749 4325 1093 4382 restitueret.
1119 4327 1428 4398 Propugna
1440 4329 1583 4380 tores
1603 4328 1792 4379 autem
1805 4323 1940 4377 sani
1957 4323 2238 4395 dog-matis
2267 4339 2389 4378 cum
2408 4321 2564 4378 alias
2582 4335 2830 4393 semper,
2849 4325 2965 4374 tum
2980 4319 3260 4390 praecipue
3284 4335 3346 4372 eo
3367 4324 3616 4388 tempore

151 4407 340 4467 Boetius
353 4419 402 4469 et
432 4416 816 4487 Symmachus
832 4417 1189 4471 exstiterunt.
1217 4414 1594 4481 Quamobrem
1610 4417 1890 4485 tyrannus
1907 4415 2187 4484 conjectos
2202 4412 2262 4468 in
2296 4429 2580 4468 carcerem
2602 4408 2933 4466 obtruncari
2945 4408 3145 4479 jussit.
3184 4407 3378 4461 Ticini
3413 4406 3614 4461 incola:

147 4514 326 4572 semper
345 4522 380 4560 a
400 4506 721 4573 majoribus
739 4505 1015 4561 traditum
1036 4507 1366 4561 constanter
1381 4507 1735 4569 asseverant,
1757 4504 2111 4573 Severinum,
2130 4521 2258 4558 cum
2275 4502 2462 4575 regius
2482 4501 2803 4574 spicula/or
2831 4499 3042 4555 lethale
3073 4498 3276 4552 vulnus
3300 4495 3610 4562 intulisset,

148 4591 342 4661 utraque
369 4612 546 4651 manu
566 4595 852 4651 (ii-vulsum
873 4598 1047 4666 caput
1066 4593 1428 4663 sustinuisse,
1451 4593 1981 4664 interrogatumque
2007 4610 2042 4646 a
2073 4610 2317 4664 quonam
2338 4610 2398 4646 se
2415 4608 2750 4664 percussum
2771 4588 3152 4650 existimaret,
3173 4587 3244 4642 ab
3264 4585 3465 4658 impiis
3489 4603 3604 4641 res-

150 4680 384 4745 pondisse,
413 4688 586 4756 atque
615 4684 700 4738 ita
727 4700 854 4740 cum
882 4683 941 4738 in
969 4683 1216 4739 vicinum
1243 4683 1517 4756 templum
1537 4681 1798 4750 venisset,
1823 4686 1878 4736 et
1881 4682 2062 4750 ﬂexis
2080 4681 2316 4754 genibus
2347 4685 2483 4737 ante
2511 4681 2700 4736 altare
2727 4695 2900 4735 sacra
2926 4676 3294 4748 percepisset,
3326 4682 3450 4748 post
3472 4693 3611 4747 pau-

150 4762 238 4819 lum
257 4776 581 4843 exspirasse.
616 4774 946 4829 Exstinctus
974 4774 1195 4829 divinos
1224 4774 1463 4828 honores
1485 4789 1518 4827 a
1545 4771 1755 4827 nostris
1786 4773 2118 4826 consecutus
2143 4777 2245 4833 est,
2279 4771 2428 4842 quod
2456 4787 2560 4841 pro
2577 4767 2884 4824 catholicis
2911 4770 3112 4822 contra
3142 4765 3446 4836 perﬁdiam
3475 4765 3613 4819 Arii

148 4863 346 4914 mortem
373 4851 727 4918 sustinuerit.
763 4863 1023 4935 Suntqui
1037 4864 1290 4920 scribant
1318 4863 1507 4937 ipsum
1537 4867 1711 4917 antea
1738 4863 2074 4916 Ravennam
2096 4861 2471 4926 accersitum,
2503 4858 2872 4930 praetorioque
2891 4856 3039 4928 regis
3058 4855 3444 4927 prmpositum,
3478 4872 3606 4909 mox

149 4956 247 4997 cum
275 4949 478 5021 aliquot
508 4953 867 5008 senatoribus
897 4953 1160 5019 occisum,
1194 4954 1343 5025 quod
1371 4951 1716 5024 Symmacho
1742 4949 1934 5022 potius
1963 4948 2258 5004 convenire
2286 4947 2525 5002 videtur.
2565 4945 2770 5001 Turris
2798 4944 2950 5000 enim
2984 4943 3235 5000 lateritio
3267 4944 3467 5016 lapide
3503 4945 3607 5009 fa-

149 5030 368 5097 brefacta
385 5042 694 5098 etiamnum
717 5042 898 5099 Ticini
916 5046 1290 5111 monstratur,
1321 5041 1508 5096 Boetii
1531 5057 1729 5096 carcer
1749 5039 2181 5110 sepulcrumque
2201 5041 2322 5109 eius
2341 5036 2402 5092 in
2426 5037 2538 5094 aede
2560 5036 2711 5092 beati
2726 5034 3040 5109 Augustini
3053 5034 3276 5104 visitur,
3301 5050 3417 5106 qua
3435 5035 3602 5105 parte

150 5117 195 5172 in
219 5125 429 5197 adytum
462 5132 659 5204 templi
689 5149 958 5188 ascensus
984 5131 1211 5203 incipit,
1242 5132 1344 5185 hoc
1372 5130 1672 5201 epitaphio
1703 5127 1951 5183 incisum
1983 5145 1998 5181 :

909 5248 1134 5298 Miconis
1160 5253 1210 5297 et
1241 5249 1296 5296 in
1328 5248 1471 5296 Latia
1500 5248 1684 5309 lingua
1714 5245 2058 5309 clarissimus,
2086 5247 2137 5292 ct
2165 5243 2255 5306 qui

791 5312 987 5360 Consul
1017 5325 1157 5360 eram
1190 5311 1293 5369 hic,
1326 5311 1453 5373 perii
1485 5307 1761 5373 miséusin
1791 5307 2057 5373 exsilium.

917 5375 979 5422 Et
1003 5375 1128 5444 quia
1158 5387 1299 5444 more
1326 5368 1891 5444 sapuithprobitus‘me
1923 5370 2066 5417 vexit
2091 5368 2159 5417 ad
2192 5380 2365 5426 auras,

791 5434 868 5483 En
894 5434 1037 5485 nunc
1067 5437 1208 5485 fama
1231 5434 1649 5498 viget’umxima,
1677 5435 1808 5481 vivit
1839 5445 1991 5495 opus.

156 5549 528 5623 Circumfertur
546 5565 595 5615 et
618 5558 784 5617 aliud
808 5562 1052 5634 elogium
1083 5577 1194 5633 quo
1212 5561 1538 5633 sepulcrum
1563 5559 1683 5626 ejus
1699 5557 2082 5612 exornabatur
2105 5558 2456 5626 anteaquam
2480 5554 2597 5609 illic
2616 5571 2653 5609 a
2677 5554 3077 5624 Luithprando
3099 5551 3592 5624 Longobardwum

157 5635 252 5708 lege
278 5645 654 5708 collocaretur.
689 5653 889 5723 Ipsum
918 5651 1057 5724 quia
1080 5651 1286 5724 paucis
1312 5651 1496 5707 multa
1528 5648 1773 5706 continet
1801 5648 1878 5704 ad
1910 5647 2030 5716 ejus
2058 5645 2237 5701 vitam
2255 5645 2548 5717 facientia
2576 5642 2972 5717 subjunximus
3000 5661 3020 5699 :
