  <div class='ocr_page' id='page_1' title='image "/cluster/home/n/w/nwhite01/storage/ocr_20150623/63/hvd.32044073498800/279.png"; bbox 0 0 3996 6170; ppageno 0'>
   <div class='ocr_carea' id='block_1_1' title="bbox 392 248 3829 318">
    <p class='ocr_par' dir='ltr' id='par_1_1' title="bbox 392 248 3829 318">
     <span class='ocr_line' id='line_1_1' title="bbox 392 248 3829 318; baseline -0.002 -4"><span class='ocrx_word' id='word_1_1' title='bbox 392 261 494 316; x_wconf 72' lang='lat'><em>547</em></span> <span class='ocrx_word' id='word_1_2' title='bbox 1697 255 1814 312; x_wconf 84' lang='lat' dir='ltr'><em>AN.</em></span> <span class='ocrx_word' id='word_1_3' title='bbox 1855 257 2060 312; x_wconf 83' lang='lat' dir='ltr'><strong>MANL.</strong></span> <span class='ocrx_word' id='word_1_4' title='bbox 2102 255 2254 314; x_wconf 89' lang='lat' dir='ltr'><em>SEV.</em></span> <span class='ocrx_word' id='word_1_5' title='bbox 2298 248 2613 315; x_wconf 87' lang='lat' dir='ltr'><em>BOETIUS.</em></span> <span class='ocrx_word' id='word_1_6' title='bbox 3749 265 3829 318; x_wconf 58' lang='lat' dir='ltr'><em>sig</em></span> 
     </span>
    </p>
   </div>
   <div class='ocr_carea' id='block_1_2' title="bbox 1073 386 2410 450">
    <p class='ocr_par' dir='ltr' id='par_1_2' title="bbox 1073 386 2410 450">
     <span class='ocr_line' id='line_1_2' title="bbox 1073 386 2410 450; baseline -0.001 -12"><span class='ocrx_word' id='word_1_7' title='bbox 1073 389 1202 439; x_wconf 81' lang='lat' dir='ltr'><em>Ecce</em></span> <span class='ocrx_word' id='word_1_8' title='bbox 1232 387 1461 438; x_wconf 81' lang='lat' dir='ltr'><em>Boethus</em></span> <span class='ocrx_word' id='word_1_9' title='bbox 1491 386 1640 436; x_wconf 80' lang='lat' dir='ltr'><em>adest</em></span> <span class='ocrx_word' id='word_1_10' title='bbox 1666 387 1722 435; x_wconf 87' lang='lat' dir='ltr'><em>in</em></span> <span class='ocrx_word' id='word_1_11' title='bbox 1754 387 1888 436; x_wconf 65' lang='lat' dir='ltr'><em>caelo</em></span> <span class='ocrx_word' id='word_1_12' title='bbox 1913 401 2159 450; x_wconf 77' lang='lat' dir='ltr'><em>magnus,</em></span> <span class='ocrx_word' id='word_1_13' title='bbox 2190 391 2242 437; x_wconf 79' lang='lat' dir='ltr'><em>et</em></span> <span class='ocrx_word' id='word_1_14' title='bbox 2265 390 2410 437; x_wconf 86' lang='lat' dir='ltr'><em>omni</em></span> 
     </span>
    </p>
   </div>
   <div class='ocr_carea' id='block_1_3' title="bbox 1198 450 2465 513">
    <p class='ocr_par' dir='ltr' id='par_1_3' title="bbox 1198 450 2465 513">
     <span class='ocr_line' id='line_1_3' title="bbox 1198 450 2465 513; baseline -0.002 -12"><span class='ocrx_word' id='word_1_15' title='bbox 1198 453 1507 513; x_wconf 81' lang='lat' dir='ltr'><em>Perspectus</em></span> <span class='ocrx_word' id='word_1_16' title='bbox 1537 452 1754 513; x_wconf 86' lang='lat' dir='ltr'><em>mundo,</em></span> <span class='ocrx_word' id='word_1_17' title='bbox 1788 451 1953 498; x_wconf 84' lang='lat' dir='ltr'><em>mirus</em></span> <span class='ocrx_word' id='word_1_18' title='bbox 1982 450 2257 499; x_wconf 80' lang='lat' dir='ltr'><em>habendus</em></span> <span class='ocrx_word' id='word_1_19' title='bbox 2286 451 2465 500; x_wconf 88' lang='lat' dir='ltr'><em>homo.</em></span> 
     </span>
    </p>
   </div>
   <div class='ocr_carea' id='block_1_4' title="bbox 1079 512 2115 574">
    <p class='ocr_par' dir='ltr' id='par_1_4' title="bbox 1079 512 2115 574">
     <span class='ocr_line' id='line_1_4' title="bbox 1079 512 2115 574; baseline -0.001 -13"><span class='ocrx_word' id='word_1_20' title='bbox 1079 514 1180 570; x_wconf 87' lang='lat' dir='ltr'><em>Qui</em></span> <span class='ocrx_word' id='word_1_21' title='bbox 1206 512 1532 561; x_wconf 77' lang='lat' dir='ltr'><em>TheOdorico</em></span> <span class='ocrx_word' id='word_1_22' title='bbox 1560 512 1670 574; x_wconf 84' lang='lat' dir='ltr'><em>regi</em></span> <span class='ocrx_word' id='word_1_23' title='bbox 1696 513 1902 560; x_wconf 78' lang='lat' dir='ltr'><em>delatus</em></span> <span class='ocrx_word' id='word_1_24' title='bbox 1932 513 2115 574; x_wconf 85' lang='lat' dir='ltr'><em>iniquo</em></span> 
     </span>
    </p>
   </div>
   <div class='ocr_carea' id='block_1_5' title="bbox 1201 575 2110 624">
    <p class='ocr_par' dir='ltr' id='par_1_5' title="bbox 1201 575 2110 624">
     <span class='ocr_line' id='line_1_5' title="bbox 1201 575 2110 624; baseline -0.001 -1"><span class='ocrx_word' id='word_1_25' title='bbox 1201 576 1367 624; x_wconf 86' lang='lat' dir='ltr'><em>Ticini</em></span> <span class='ocrx_word' id='word_1_26' title='bbox 1398 576 1606 624; x_wconf 86' lang='lat' dir='ltr'><em>senium</em></span> <span class='ocrx_word' id='word_1_27' title='bbox 1638 575 1791 623; x_wconf 69' lang='lat' dir='ltr'><em>duxit.</em></span> <span class='ocrx_word' id='word_1_28' title='bbox 1820 575 1874 622; x_wconf 87' lang='lat' dir='ltr'><em>in</em></span> <span class='ocrx_word' id='word_1_29' title='bbox 1905 575 2110 623; x_wconf 81' lang='lat' dir='ltr'><em>exsilio.</em></span> 
     </span>
    </p>
   </div>
   <div class='ocr_carea' id='block_1_6' title="bbox 1071 635 2449 700">
    <p class='ocr_par' dir='ltr' id='par_1_6' title="bbox 1071 635 2449 700">
     <span class='ocr_line' id='line_1_6' title="bbox 1071 635 2449 700; baseline 0.001 -16"><span class='ocrx_word' id='word_1_30' title='bbox 1071 638 1131 686; x_wconf 88' lang='lat' dir='ltr'><em>In</em></span> <span class='ocrx_word' id='word_1_31' title='bbox 1158 652 1260 700; x_wconf 83' lang='lat' dir='ltr'><em>qua</em></span> <span class='ocrx_word' id='word_1_32' title='bbox 1287 651 1341 686; x_wconf 84' lang='lat' dir='ltr'><em>se</em></span> <span class='ocrx_word' id='word_1_33' title='bbox 1372 641 1620 700; x_wconf 67' lang='lat' dir='ltr'><em>mmstum</em></span> <span class='ocrx_word' id='word_1_34' title='bbox 1649 638 1826 686; x_wconf 72' lang='lat' dir='ltr'><em>solans</em></span> <span class='ocrx_word' id='word_1_35' title='bbox 1857 637 2001 686; x_wconf 83' lang='lat' dir='ltr'><em>dedit</em></span> <span class='ocrx_word' id='word_1_36' title='bbox 2035 637 2161 700; x_wconf 69' lang='lat' dir='ltr'><em>urbe</em></span> <span class='ocrx_word' id='word_1_37' title='bbox 2191 635 2449 694; x_wconf 82' lang='lat' dir='ltr'><em>libellum,</em></span> 
     </span>
    </p>
   </div>
   <div class='ocr_carea' id='block_1_7' title="bbox 1197 699 2144 762">
    <p class='ocr_par' dir='ltr' id='par_1_7' title="bbox 1197 699 2144 762">
     <span class='ocr_line' id='line_1_7' title="bbox 1197 699 2144 762; baseline -0.001 -13"><span class='ocrx_word' id='word_1_38' title='bbox 1197 701 1322 749; x_wconf 82' lang='lat' dir='ltr'><em>Post</em></span> <span class='ocrx_word' id='word_1_39' title='bbox 1347 700 1481 749; x_wconf 81' lang='lat' dir='ltr'><em>ictus</em></span> <span class='ocrx_word' id='word_1_40' title='bbox 1511 699 1706 762; x_wconf 81' lang='lat' dir='ltr'><em>gladio,</em></span> <span class='ocrx_word' id='word_1_41' title='bbox 1733 700 1862 749; x_wconf 82' lang='lat' dir='ltr'>exiit</span> <span class='ocrx_word' id='word_1_42' title='bbox 1890 713 1918 749; x_wconf 88' lang='lat' dir='ltr'><em>e</em></span> <span class='ocrx_word' id='word_1_43' title='bbox 1947 699 2144 749; x_wconf 87' lang='lat' dir='ltr'><em>medio.</em></span> 
     </span>
    </p>
   </div>
   <div class='ocr_carea' id='block_1_8' title="bbox 390 824 3835 902">
    <p class='ocr_par' dir='ltr' id='par_1_8' title="bbox 390 824 3835 902">
     <span class='ocr_line' id='line_1_8' title="bbox 390 824 3835 902; baseline 0.001 -18"><span class='ocrx_word' id='word_1_44' title='bbox 390 829 509 884; x_wconf 86' lang='lat' dir='ltr'><em>Hic</em></span> <span class='ocrx_word' id='word_1_45' title='bbox 535 828 672 893; x_wconf 79' lang='lat' dir='ltr'><em>ﬁnis</em></span> <span class='ocrx_word' id='word_1_46' title='bbox 697 825 809 882; x_wconf 87' lang='lat' dir='ltr'><em>viri</em></span> <span class='ocrx_word' id='word_1_47' title='bbox 845 825 1160 881; x_wconf 77' lang='lat' dir='ltr'><em>clarissimi</em></span> <span class='ocrx_word' id='word_1_48' title='bbox 1197 825 1310 888; x_wconf 86' lang='lat' dir='ltr'><em>fuit</em></span> <span class='ocrx_word' id='word_1_49' title='bbox 1339 825 1438 896; x_wconf 86' lang='lat' dir='ltr'><em>qui</em></span> <span class='ocrx_word' id='word_1_50' title='bbox 1451 825 1770 893; x_wconf 80' lang='lat' dir='ltr'><em>facundia,</em></span> <span class='ocrx_word' id='word_1_51' title='bbox 1801 825 2110 898; x_wconf 75' lang='lat' dir='ltr'><em>probitate,</em></span> <span class='ocrx_word' id='word_1_52' title='bbox 2138 824 2419 890; x_wconf 79' lang='lat' dir='ltr'><em>doctrina,</em></span> <span class='ocrx_word' id='word_1_53' title='bbox 2447 824 2765 897; x_wconf 90' lang='lat' dir='ltr'><em>plurimum</em></span> <span class='ocrx_word' id='word_1_54' title='bbox 2801 825 3086 890; x_wconf 75' lang='lat' dir='ltr'><em>excetluit,</em></span> <span class='ocrx_word' id='word_1_55' title='bbox 3134 825 3374 882; x_wconf 87' lang='lat' dir='ltr'><em>ultimus</em></span> <span class='ocrx_word' id='word_1_56' title='bbox 3404 828 3638 883; x_wconf 89' lang='lat' dir='ltr'><em>omnium</em></span> <span class='ocrx_word' id='word_1_57' title='bbox 3674 832 3759 902; x_wconf 96' lang='lat' dir='ltr'><em>qui</em></span> <span class='ocrx_word' id='word_1_58' title='bbox 3783 851 3835 888; x_wconf 69' lang='lat' dir='ltr'><em>es</em></span> 
     </span>
    </p>
   </div>
   <div class='ocr_carea' id='block_1_9' title="bbox 389 912 3835 990">
    <p class='ocr_par' dir='ltr' id='par_1_9' title="bbox 389 912 3835 990">
     <span class='ocr_line' id='line_1_9' title="bbox 389 912 3835 990; baseline 0.001 -17"><span class='ocrx_word' id='word_1_59' title='bbox 389 919 645 988; x_wconf 76' lang='lat' dir='ltr'><em>antiquis</em></span> <span class='ocrx_word' id='word_1_60' title='bbox 672 914 949 971; x_wconf 88' lang='lat' dir='ltr'><em>Romanis</em></span> <span class='ocrx_word' id='word_1_61' title='bbox 977 914 1200 985; x_wconf 86' lang='lat' dir='ltr'><em>aliquid</em></span> <span class='ocrx_word' id='word_1_62' title='bbox 1230 915 1559 970; x_wconf 88' lang='lat' dir='ltr'><em>litterarum</em></span> <span class='ocrx_word' id='word_1_63' title='bbox 1590 912 1971 969; x_wconf 70' lang='lat' dir='ltr'><em>monumentis</em></span> <span class='ocrx_word' id='word_1_64' title='bbox 1998 913 2406 979; x_wconf 86' lang='lat' dir='ltr'><em>consecrarint,</em></span> <span class='ocrx_word' id='word_1_65' title='bbox 2430 912 2654 984; x_wconf 85' lang='lat' dir='ltr'><em>primus</em></span> <span class='ocrx_word' id='word_1_66' title='bbox 2673 913 2928 968; x_wconf 88' lang='lat' dir='ltr'><em>omnium</em></span> <span class='ocrx_word' id='word_1_67' title='bbox 2949 914 3050 985; x_wconf 86' lang='lat' dir='ltr'><em>qui</em></span> <span class='ocrx_word' id='word_1_68' title='bbox 3069 915 3496 972; x_wconf 82' lang='lat' dir='ltr'><em>Aristotelicam</em></span> <span class='ocrx_word' id='word_1_69' title='bbox 3517 919 3835 990; x_wconf 84' lang='lat' dir='ltr'><em>disciplinam</em></span> 
     </span>
    </p>
   </div>
   <div class='ocr_carea' id='block_1_10' title="bbox 389 1001 3834 1082">
    <p class='ocr_par' dir='ltr' id='par_1_10' title="bbox 389 1001 3834 1082">
     <span class='ocr_line' id='line_1_10' title="bbox 389 1001 3834 1082; baseline 0 -20"><span class='ocrx_word' id='word_1_70' title='bbox 389 1008 616 1063; x_wconf 77' lang='lat' dir='ltr'><em>Latinis</em></span> <span class='ocrx_word' id='word_1_71' title='bbox 644 1007 855 1061; x_wconf 83' lang='lat' dir='ltr'><em>litteris</em></span> <span class='ocrx_word' id='word_1_72' title='bbox 886 1006 1182 1060; x_wconf 87' lang='lat' dir='ltr'><em>illustrare</em></span> <span class='ocrx_word' id='word_1_73' title='bbox 1211 1005 1496 1075; x_wconf 68' lang='lat' dir='ltr'><em>cwperint,</em></span> <span class='ocrx_word' id='word_1_74' title='bbox 1526 1008 1696 1060; x_wconf 72' lang='lat' dir='ltr'><em>tantae</em></span> <span class='ocrx_word' id='word_1_75' title='bbox 1725 1005 1880 1076; x_wconf 89' lang='lat' dir='ltr'><em>apud</em></span> <span class='ocrx_word' id='word_1_76' title='bbox 1896 1008 2152 1074; x_wconf 75' lang='lat' dir='ltr'><em>posteros</em></span> <span class='ocrx_word' id='word_1_77' title='bbox 2180 1001 2565 1068; x_wconf 75' lang='lat' dir='ltr'><em>auctoritatis,</em></span> <span class='ocrx_word' id='word_1_78' title='bbox 2590 1007 2654 1057; x_wconf 88' lang='lat' dir='ltr'><em>ut</em></span> <span class='ocrx_word' id='word_1_79' title='bbox 2689 1002 2760 1056; x_wconf 94' lang='lat' dir='ltr'><em>ab</em></span> <span class='ocrx_word' id='word_1_80' title='bbox 2791 1001 2914 1073; x_wconf 90' lang='lat' dir='ltr'><em>ejus</em></span> <span class='ocrx_word' id='word_1_81' title='bbox 2937 1003 3238 1058; x_wconf 81' lang='lat' dir='ltr'><em>sententiis</em></span> <span class='ocrx_word' id='word_1_82' title='bbox 3262 1006 3424 1062; x_wconf 87' lang='lat' dir='ltr'><em>nulla</em></span> <span class='ocrx_word' id='word_1_83' title='bbox 3444 1007 3623 1072; x_wconf 81' lang='lat' dir='ltr'><em>ferme</em></span> <span class='ocrx_word' id='word_1_84' title='bbox 3649 1009 3717 1062; x_wconf 78' lang='lat' dir='ltr'><em>sit</em></span> <span class='ocrx_word' id='word_1_85' title='bbox 3733 1029 3834 1082; x_wconf 85' lang='lat' dir='ltr'><em>pro-</em></span> 
     </span>
    </p>
   </div>
   <div class='ocr_carea' id='block_1_11' title="bbox 389 1092 3834 1165">
    <p class='ocr_par' dir='ltr' id='par_1_11' title="bbox 389 1092 3834 1165">
     <span class='ocr_line' id='line_1_11' title="bbox 389 1092 3834 1165; baseline 0 -12"><span class='ocrx_word' id='word_1_86' title='bbox 389 1098 627 1153; x_wconf 82' lang='lat' dir='ltr'><em>vocatio.</em></span> <span class='ocrx_word' id='word_1_87' title='bbox 662 1095 860 1165; x_wconf 84' lang='lat' dir='ltr'><em>Hujus</em></span> <span class='ocrx_word' id='word_1_88' title='bbox 887 1098 1068 1150; x_wconf 89' lang='lat' dir='ltr'><em>morte</em></span> <span class='ocrx_word' id='word_1_89' title='bbox 1095 1110 1367 1165; x_wconf 84' lang='lat' dir='ltr'><em>magnam</em></span> <span class='ocrx_word' id='word_1_90' title='bbox 1411 1111 1530 1148; x_wconf 84' lang='lat' dir='ltr'><em>rem</em></span> <span class='ocrx_word' id='word_1_91' title='bbox 1577 1094 1899 1160; x_wconf 86' lang='lat' dir='ltr'><em>amisimus,</em></span> <span class='ocrx_word' id='word_1_92' title='bbox 1945 1096 1998 1146; x_wconf 90' lang='lat' dir='ltr'><em>et</em></span> <span class='ocrx_word' id='word_1_93' title='bbox 2013 1093 2251 1162; x_wconf 84' lang='lat' dir='ltr'><em>frustra</em></span> <span class='ocrx_word' id='word_1_94' title='bbox 2280 1109 2317 1146; x_wconf 91' lang='lat' dir='ltr'><em>a</em></span> <span class='ocrx_word' id='word_1_95' title='bbox 2360 1092 2555 1146; x_wconf 84' lang='lat' dir='ltr'><em>multis</em></span> <span class='ocrx_word' id='word_1_96' title='bbox 2579 1094 2783 1162; x_wconf 91' lang='lat' dir='ltr'><em>postea</em></span> <span class='ocrx_word' id='word_1_97' title='bbox 2819 1094 3123 1159; x_wconf 80' lang='lat' dir='ltr'><em>tentatum,</em></span> <span class='ocrx_word' id='word_1_98' title='bbox 3173 1092 3432 1148; x_wconf 88' lang='lat' dir='ltr'><em>Platonis</em></span> <span class='ocrx_word' id='word_1_99' title='bbox 3468 1099 3522 1148; x_wconf 91' lang='lat' dir='ltr'><em>et</em></span> <span class='ocrx_word' id='word_1_100' title='bbox 3549 1097 3834 1154; x_wconf 83' lang='lat' dir='ltr'><em>Aristotelis</em></span> 
     </span>
    </p>
   </div>
   <div class='ocr_carea' id='block_1_12' title="bbox 388 1179 3830 1257">
    <p class='ocr_par' dir='ltr' id='par_1_12' title="bbox 388 1179 3830 1257">
     <span class='ocr_line' id='line_1_12' title="bbox 388 1179 3830 1257; baseline 0.001 -16"><span class='ocrx_word' id='word_1_101' title='bbox 388 1185 771 1250; x_wconf 76' lang='lat' dir='ltr'><em>concordiam,</em></span> <span class='ocrx_word' id='word_1_102' title='bbox 805 1199 978 1255; x_wconf 89' lang='lat' dir='ltr'><em>quam</em></span> <span class='ocrx_word' id='word_1_103' title='bbox 1016 1184 1311 1254; x_wconf 87' lang='lat' dir='ltr'><em>utriusque</em></span> <span class='ocrx_word' id='word_1_104' title='bbox 1333 1183 1704 1254; x_wconf 65' lang='lat' dir='ltr'><em>philosOphiw</em></span> <span class='ocrx_word' id='word_1_105' title='bbox 1731 1182 2116 1254; x_wconf 72' lang='lat' dir='ltr'><em>peritissimus</em></span> <span class='ocrx_word' id='word_1_106' title='bbox 2142 1185 2199 1236; x_wconf 89' lang='lat' dir='ltr'><em>et</em></span> <span class='ocrx_word' id='word_1_107' title='bbox 2222 1180 2521 1252; x_wconf 80' lang='lat' dir='ltr'><em>pollicitus</em></span> <span class='ocrx_word' id='word_1_108' title='bbox 2547 1183 2759 1250; x_wconf 83' lang='lat' dir='ltr'><em>fuerat,</em></span> <span class='ocrx_word' id='word_1_109' title='bbox 2791 1183 2846 1234; x_wconf 89' lang='lat' dir='ltr'><em>et</em></span> <span class='ocrx_word' id='word_1_110' title='bbox 2874 1179 2991 1234; x_wconf 88' lang='lat' dir='ltr'><em>nisi</em></span> <span class='ocrx_word' id='word_1_111' title='bbox 3023 1184 3203 1236; x_wconf 86' lang='lat' dir='ltr'><em>vitam</em></span> <span class='ocrx_word' id='word_1_112' title='bbox 3233 1184 3580 1254; x_wconf 66' lang='lat' dir='ltr'><em>eripuissent</em></span> <span class='ocrx_word' id='word_1_113' title='bbox 3604 1188 3830 1257; x_wconf 82' lang='lat' dir='ltr'><em>improbi,</em></span> 
     </span>
    </p>
   </div>
   <div class='ocr_carea' id='block_1_13' title="bbox 386 1268 3834 1347">
    <p class='ocr_par' dir='ltr' id='par_1_13' title="bbox 386 1268 3834 1347">
     <span class='ocr_line' id='line_1_13' title="bbox 386 1268 3834 1347; baseline 0 -17"><span class='ocrx_word' id='word_1_114' title='bbox 386 1279 656 1344; x_wconf 73' lang='lat' dir='ltr'><em>praestare</em></span> <span class='ocrx_word' id='word_1_115' title='bbox 691 1274 845 1328; x_wconf 88' lang='lat' dir='ltr'><em>solus</em></span> <span class='ocrx_word' id='word_1_116' title='bbox 870 1273 1172 1343; x_wconf 87' lang='lat' dir='ltr'><em>potu-isset.</em></span> <span class='ocrx_word' id='word_1_117' title='bbox 1215 1271 1369 1326; x_wconf 91' lang='lat' dir='ltr'><em>Ultio</em></span> <span class='ocrx_word' id='word_1_118' title='bbox 1403 1275 1596 1326; x_wconf 89' lang='lat' dir='ltr'><em>tamen</em></span> <span class='ocrx_word' id='word_1_119' title='bbox 1625 1271 1800 1340; x_wconf 90' lang='lat' dir='ltr'><em>paulo</em></span> <span class='ocrx_word' id='word_1_120' title='bbox 1828 1275 1955 1342; x_wconf 90' lang='lat' dir='ltr'><em>post</em></span> <span class='ocrx_word' id='word_1_121' title='bbox 1971 1272 2234 1326; x_wconf 87' lang='lat' dir='ltr'><em>insecuta</em></span> <span class='ocrx_word' id='word_1_122' title='bbox 2255 1272 2341 1323; x_wconf 89' lang='lat' dir='ltr'><em>est</em></span> <span class='ocrx_word' id='word_1_123' title='bbox 2359 1268 2640 1323; x_wconf 74' lang='lat' dir='ltr'><em>divinitus</em></span> <span class='ocrx_word' id='word_1_124' title='bbox 2665 1287 2684 1324; x_wconf 90' lang='lat'><em>:</em></span> <span class='ocrx_word' id='word_1_125' title='bbox 2703 1269 2955 1324; x_wconf 63' lang='lat' dir='ltr'><em>cenanti</em></span> <span class='ocrx_word' id='word_1_126' title='bbox 2986 1270 3332 1325; x_wconf 86' lang='lat' dir='ltr'><em>Theodorico</em></span> <span class='ocrx_word' id='word_1_127' title='bbox 3350 1288 3479 1326; x_wconf 89' lang='lat' dir='ltr'><em>cum</em></span> <span class='ocrx_word' id='word_1_128' title='bbox 3504 1272 3671 1344; x_wconf 84' lang='lat' dir='ltr'><em>piscis</em></span> <span class='ocrx_word' id='word_1_129' title='bbox 3694 1287 3834 1347; x_wconf 83' lang='lat' dir='ltr'><em>caput</em></span> 
     </span>
    </p>
   </div>
   <div class='ocr_carea' id='block_1_14' title="bbox 389 1358 3836 1432">
    <p class='ocr_par' dir='ltr' id='par_1_14' title="bbox 389 1358 3836 1432">
     <span class='ocr_line' id='line_1_14' title="bbox 389 1358 3836 1432; baseline 0.001 -13"><span class='ocrx_word' id='word_1_130' title='bbox 389 1366 618 1419; x_wconf 88' lang='lat' dir='ltr'><em>illatum</em></span> <span class='ocrx_word' id='word_1_131' title='bbox 646 1366 814 1432; x_wconf 86' lang='lat' dir='ltr'><em>esset,</em></span> <span class='ocrx_word' id='word_1_132' title='bbox 842 1362 997 1416; x_wconf 81' lang='lat' dir='ltr'><em>visus</em></span> <span class='ocrx_word' id='word_1_133' title='bbox 1029 1365 1110 1415; x_wconf 90' lang='lat' dir='ltr'><em>est</em></span> <span class='ocrx_word' id='word_1_134' title='bbox 1137 1361 1248 1416; x_wconf 83' lang='lat' dir='ltr'><em>sibi</em></span> <span class='ocrx_word' id='word_1_135' title='bbox 1269 1377 1366 1416; x_wconf 82' lang='lat' dir='ltr'><em>rea:</em></span> <span class='ocrx_word' id='word_1_136' title='bbox 1394 1360 1457 1414; x_wconf 90' lang='lat' dir='ltr'><em>in</em></span> <span class='ocrx_word' id='word_1_137' title='bbox 1487 1378 1551 1415; x_wconf 92' lang='lat' dir='ltr'><em>eo</em></span> <span class='ocrx_word' id='word_1_138' title='bbox 1577 1360 1767 1416; x_wconf 87' lang='lat' dir='ltr'><em>videre</em></span> <span class='ocrx_word' id='word_1_139' title='bbox 1793 1359 2129 1432; x_wconf 81' lang='lat' dir='ltr'><em>Symmachi</em></span> <span class='ocrx_word' id='word_1_140' title='bbox 2128 1359 2356 1429; x_wconf 88' lang='lat' dir='ltr'><em>faciem</em></span> <span class='ocrx_word' id='word_1_141' title='bbox 2379 1358 2626 1427; x_wconf 85' lang='lat' dir='ltr'><em>inferius</em></span> <span class='ocrx_word' id='word_1_142' title='bbox 2653 1358 2878 1412; x_wconf 82' lang='lat' dir='ltr'><em>labrum</em></span> <span class='ocrx_word' id='word_1_143' title='bbox 2904 1358 3193 1414; x_wconf 86' lang='lat' dir='ltr'><em>mordicus</em></span> <span class='ocrx_word' id='word_1_144' title='bbox 3211 1362 3730 1432; x_wconf 87' lang='lat' dir='ltr'><em>apprehendentem,</em></span> <span class='ocrx_word' id='word_1_145' title='bbox 3751 1375 3836 1421; x_wconf 82' lang='lat' dir='ltr'><em>tor-</em></span> 
     </span>
    </p>
   </div>
   <div class='ocr_carea' id='block_1_15' title="bbox 389 1447 3836 1529">
    <p class='ocr_par' dir='ltr' id='par_1_15' title="bbox 389 1447 3836 1529">
     <span class='ocr_line' id='line_1_15' title="bbox 389 1447 3836 1529; baseline 0.001 -21"><span class='ocrx_word' id='word_1_146' title='bbox 389 1453 584 1524; x_wconf 84' lang='lat' dir='ltr'><em>visque</em></span> <span class='ocrx_word' id='word_1_147' title='bbox 611 1451 792 1507; x_wconf 89' lang='lat' dir='ltr'><em>oculis</em></span> <span class='ocrx_word' id='word_1_148' title='bbox 819 1450 1060 1506; x_wconf 87' lang='lat' dir='ltr'><em>subinde</em></span> <span class='ocrx_word' id='word_1_149' title='bbox 1084 1449 1469 1517; x_wconf 86' lang='lat' dir='ltr'><em>minitantem,</em></span> <span class='ocrx_word' id='word_1_150' title='bbox 1501 1467 1564 1504; x_wconf 91' lang='lat' dir='ltr'><em>eo</em></span> <span class='ocrx_word' id='word_1_151' title='bbox 1586 1450 1914 1521; x_wconf 85' lang='lat' dir='ltr'><em>spectaculo</em></span> <span class='ocrx_word' id='word_1_152' title='bbox 1934 1453 2331 1505; x_wconf 83' lang='lat' dir='ltr'><em>consternatus</em></span> <span class='ocrx_word' id='word_1_153' title='bbox 2353 1453 2635 1520; x_wconf 79' lang='lat' dir='ltr'><em>tyrannus</em></span> <span class='ocrx_word' id='word_1_154' title='bbox 2658 1447 2720 1502; x_wconf 87' lang='lat' dir='ltr'><em>in</em></span> <span class='ocrx_word' id='word_1_155' title='bbox 2740 1449 2998 1504; x_wconf 88' lang='lat' dir='ltr'><em>morbum</em></span> <span class='ocrx_word' id='word_1_156' title='bbox 3025 1449 3252 1516; x_wconf 86' lang='lat' dir='ltr'><em>incidit,</em></span> <span class='ocrx_word' id='word_1_157' title='bbox 3275 1455 3330 1506; x_wconf 89' lang='lat' dir='ltr'><em>et</em></span> <span class='ocrx_word' id='word_1_158' title='bbox 3357 1453 3532 1507; x_wconf 89' lang='lat' dir='ltr'><em>simul</em></span> <span class='ocrx_word' id='word_1_159' title='bbox 3549 1462 3703 1526; x_wconf 90' lang='lat' dir='ltr'><em>atque</em></span> <span class='ocrx_word' id='word_1_160' title='bbox 3720 1460 3836 1529; x_wconf 84' lang='lat' dir='ltr'><em>quod</em></span> 
     </span>
    </p>
   </div>
   <div class='ocr_carea' id='block_1_16' title="bbox 389 1537 3838 1610">
    <p class='ocr_par' dir='ltr' id='par_1_16' title="bbox 389 1537 3838 1610">
     <span class='ocr_line' id='line_1_16' title="bbox 389 1537 3838 1610; baseline 0.001 -13"><span class='ocrx_word' id='word_1_161' title='bbox 389 1543 612 1596; x_wconf 85' lang='lat' dir='ltr'><em>viderat</em></span> <span class='ocrx_word' id='word_1_162' title='bbox 640 1542 701 1596; x_wconf 88' lang='lat' dir='ltr'><em>id</em></span> <span class='ocrx_word' id='word_1_163' title='bbox 719 1558 780 1594; x_wconf 92' lang='lat' dir='ltr'><em>se</em></span> <span class='ocrx_word' id='word_1_164' title='bbox 806 1539 1016 1594; x_wconf 81' lang='lat' dir='ltr'><em>vidisse</em></span> <span class='ocrx_word' id='word_1_165' title='bbox 1043 1538 1339 1606; x_wconf 88' lang='lat' dir='ltr'><em>confessus</em></span> <span class='ocrx_word' id='word_1_166' title='bbox 1363 1542 1466 1605; x_wconf 88' lang='lat' dir='ltr'><em>est,</em></span> <span class='ocrx_word' id='word_1_167' title='bbox 1496 1537 1825 1609; x_wconf 72' lang='lat' dir='ltr'><em>exspiravit.</em></span> <span class='ocrx_word' id='word_1_168' title='bbox 1863 1540 1992 1592; x_wconf 91' lang='lat' dir='ltr'><em>Ictu</em></span> <span class='ocrx_word' id='word_1_169' title='bbox 2018 1537 2318 1610; x_wconf 83' lang='lat' dir='ltr'><em>sanguinis</em></span> <span class='ocrx_word' id='word_1_170' title='bbox 2337 1544 2629 1592; x_wconf 90' lang='lat' dir='ltr'><em>mortuum</em></span> <span class='ocrx_word' id='word_1_171' title='bbox 2647 1537 2738 1591; x_wconf 88' lang='lat' dir='ltr'><em>sui</em></span> <span class='ocrx_word' id='word_1_172' title='bbox 2753 1537 3142 1609; x_wconf 81' lang='lat' dir='ltr'><em>divulgarunt,</em></span> <span class='ocrx_word' id='word_1_173' title='bbox 3159 1557 3355 1596; x_wconf 89' lang='lat' dir='ltr'><em>verum</em></span> <span class='ocrx_word' id='word_1_174' title='bbox 3376 1543 3757 1600; x_wconf 84' lang='lat' dir='ltr'><em>Amalasiunta</em></span> <span class='ocrx_word' id='word_1_175' title='bbox 3773 1549 3838 1601; x_wconf 83' lang='lat' dir='ltr'><em>rei</em></span> 
     </span>
    </p>
   </div>
   <div class='ocr_carea' id='block_1_17' title="bbox 391 1626 3836 1701">
    <p class='ocr_par' dir='ltr' id='par_1_17' title="bbox 391 1626 3836 1701">
     <span class='ocr_line' id='line_1_17' title="bbox 391 1626 3836 1701; baseline 0.002 -16"><span class='ocrx_word' id='word_1_176' title='bbox 391 1632 625 1685; x_wconf 88' lang='lat' dir='ltr'><em>conscia</em></span> <span class='ocrx_word' id='word_1_177' title='bbox 656 1647 783 1684; x_wconf 91' lang='lat' dir='ltr'><em>cum</em></span> <span class='ocrx_word' id='word_1_178' title='bbox 822 1630 883 1681; x_wconf 81' lang='lat' dir='ltr'><em>in</em></span> <span class='ocrx_word' id='word_1_179' title='bbox 913 1643 1087 1699; x_wconf 78' lang='lat' dir='ltr'><em>regno</em></span> <span class='ocrx_word' id='word_1_180' title='bbox 1111 1627 1493 1694; x_wconf 80' lang='lat' dir='ltr'><em>successisset,</em></span> <span class='ocrx_word' id='word_1_181' title='bbox 1523 1627 1710 1698; x_wconf 84' lang='lat' dir='ltr'><em>patris</em></span> <span class='ocrx_word' id='word_1_182' title='bbox 1739 1630 1871 1683; x_wconf 87' lang='lat' dir='ltr'><em>acta</em></span> <span class='ocrx_word' id='word_1_183' title='bbox 1891 1632 2093 1682; x_wconf 85' lang='lat' dir='ltr'><em>contra</em></span> <span class='ocrx_word' id='word_1_184' title='bbox 2096 1629 2202 1698; x_wconf 88' lang='lat' dir='ltr'><em>jus</em></span> <span class='ocrx_word' id='word_1_185' title='bbox 2216 1631 2271 1681; x_wconf 89' lang='lat' dir='ltr'><em>et</em></span> <span class='ocrx_word' id='word_1_186' title='bbox 2275 1628 2389 1695; x_wconf 88' lang='lat' dir='ltr'><em>fas</em></span> <span class='ocrx_word' id='word_1_187' title='bbox 2413 1627 2642 1681; x_wconf 87' lang='lat' dir='ltr'><em>decreta</em></span> <span class='ocrx_word' id='word_1_188' title='bbox 2662 1626 2915 1695; x_wconf 83' lang='lat' dir='ltr'><em>rescidit,</em></span> <span class='ocrx_word' id='word_1_189' title='bbox 2939 1633 2994 1682; x_wconf 92' lang='lat' dir='ltr'><em>et</em></span> <span class='ocrx_word' id='word_1_190' title='bbox 3014 1630 3273 1685; x_wconf 85' lang='lat' dir='ltr'><em>Severini</em></span> <span class='ocrx_word' id='word_1_191' title='bbox 3288 1648 3360 1686; x_wconf 91' lang='lat' dir='ltr'><em>ac</em></span> <span class='ocrx_word' id='word_1_192' title='bbox 3387 1633 3706 1701; x_wconf 79' lang='lat' dir='ltr'><em>Symmachi</em></span> <span class='ocrx_word' id='word_1_193' title='bbox 3722 1637 3836 1692; x_wconf 88' lang='lat' dir='ltr'><em>bona</em></span> 
     </span>
    </p>
   </div>
   <div class='ocr_carea' id='block_1_18' title="bbox 388 1715 3838 1790">
    <p class='ocr_par' dir='ltr' id='par_1_18' title="bbox 388 1715 3838 1790">
     <span class='ocr_line' id='line_1_18' title="bbox 388 1715 3838 1790; baseline 0.003 -18"><span class='ocrx_word' id='word_1_194' title='bbox 388 1720 454 1774; x_wconf 87' lang='lat' dir='ltr'><em>in</em></span> <span class='ocrx_word' id='word_1_195' title='bbox 463 1721 667 1790; x_wconf 82' lang='lat' dir='ltr'><em>ﬁscum</em></span> <span class='ocrx_word' id='word_1_196' title='bbox 685 1717 920 1772; x_wconf 90' lang='lat' dir='ltr'><em>redacta</em></span> <span class='ocrx_word' id='word_1_197' title='bbox 942 1733 1134 1771; x_wconf 86' lang='lat' dir='ltr'><em>eorum</em></span> <span class='ocrx_word' id='word_1_198' title='bbox 1153 1717 1348 1772; x_wconf 87' lang='lat' dir='ltr'><em>liberis</em></span> <span class='ocrx_word' id='word_1_199' title='bbox 1369 1718 1639 1783; x_wconf 78' lang='lat' dir='ltr'><em>restituit,</em></span> <span class='ocrx_word' id='word_1_200' title='bbox 1672 1717 1870 1788; x_wconf 86' lang='lat' dir='ltr'><em>paucis</em></span> <span class='ocrx_word' id='word_1_201' title='bbox 1894 1716 2065 1771; x_wconf 85' lang='lat' dir='ltr'><em>annis</em></span> <span class='ocrx_word' id='word_1_202' title='bbox 2082 1720 2257 1772; x_wconf 89' lang='lat' dir='ltr'><em>antea</em></span> <span class='ocrx_word' id='word_1_203' title='bbox 2287 1733 2463 1788; x_wconf 90' lang='lat' dir='ltr'><em>quam</em></span> <span class='ocrx_word' id='word_1_204' title='bbox 2482 1715 2805 1770; x_wconf 85' lang='lat' dir='ltr'><em>Belisarius</em></span> <span class='ocrx_word' id='word_1_205' title='bbox 2833 1734 2871 1771; x_wconf 94' lang='lat' dir='ltr'><em>a</em></span> <span class='ocrx_word' id='word_1_206' title='bbox 2889 1719 3227 1776; x_wconf 87' lang='lat' dir='ltr'><em>Justiniano</em></span> <span class='ocrx_word' id='word_1_207' title='bbox 3249 1720 3461 1777; x_wconf 86' lang='lat' dir='ltr'><em>missus</em></span> <span class='ocrx_word' id='word_1_208' title='bbox 3480 1725 3510 1776; x_wconf 93' lang='grc' dir='ltr'><em>Ι</em></span> <span class='ocrx_word' id='word_1_209' title='bbox 3517 1724 3652 1778; x_wconf 89' lang='lat' dir='ltr'><em>talia</em></span> <span class='ocrx_word' id='word_1_210' title='bbox 3669 1728 3838 1781; x_wconf 82' lang='lat' dir='ltr'><em>Gothos</em></span> 
     </span>
    </p>
   </div>
   <div class='ocr_carea' id='block_1_19' title="bbox 393 1806 3838 1881">
    <p class='ocr_par' dir='ltr' id='par_1_19' title="bbox 393 1806 3838 1881">
     <span class='ocr_line' id='line_1_19' title="bbox 393 1806 3838 1881; baseline 0.001 -18"><span class='ocrx_word' id='word_1_211' title='bbox 393 1825 588 1864; x_wconf 89' lang='lat' dir='ltr'><em>omnes</em></span> <span class='ocrx_word' id='word_1_212' title='bbox 616 1808 851 1878; x_wconf 72' lang='lat' dir='ltr'><em>expulit.</em></span> <span class='ocrx_word' id='word_1_213' title='bbox 879 1807 1066 1861; x_wconf 87' lang='lat' dir='ltr'><em>Porro</em></span> <span class='ocrx_word' id='word_1_214' title='bbox 1097 1807 1286 1860; x_wconf 85' lang='lat' dir='ltr'><em>Boetii</em></span> <span class='ocrx_word' id='word_1_215' title='bbox 1312 1806 1480 1861; x_wconf 88' lang='lat' dir='ltr'><em>multi</em></span> <span class='ocrx_word' id='word_1_216' title='bbox 1510 1807 1776 1864; x_wconf 84' lang='lat' dir='ltr'><em>fuerunt:</em></span> <span class='ocrx_word' id='word_1_217' title='bbox 1797 1806 2017 1877; x_wconf 88' lang='lat' dir='ltr'><em>primus</em></span> <span class='ocrx_word' id='word_1_218' title='bbox 2038 1808 2277 1873; x_wconf 86' lang='lat' dir='ltr'><em>Stoicus,</em></span> <span class='ocrx_word' id='word_1_219' title='bbox 2296 1806 2366 1860; x_wconf 88' lang='lat' dir='ltr'><em>de</em></span> <span class='ocrx_word' id='word_1_220' title='bbox 2389 1822 2498 1876; x_wconf 92' lang='lat' dir='ltr'><em>quo</em></span> <span class='ocrx_word' id='word_1_221' title='bbox 2515 1806 2854 1862; x_wconf 86' lang='lat' dir='ltr'><em>mentionem</em></span> <span class='ocrx_word' id='word_1_222' title='bbox 2858 1808 3020 1876; x_wconf 89' lang='lat' dir='ltr'><em>facit</em></span> <span class='ocrx_word' id='word_1_223' title='bbox 3044 1809 3318 1881; x_wconf 87' lang='lat' dir='ltr'><em>Diogenes</em></span> <span class='ocrx_word' id='word_1_224' title='bbox 3347 1811 3407 1865; x_wconf 86' lang='lat' dir='ltr'><em>in</em></span> <span class='ocrx_word' id='word_1_225' title='bbox 3438 1813 3676 1867; x_wconf 86' lang='lat' dir='ltr'><em>Zenonis</em></span> <span class='ocrx_word' id='word_1_226' title='bbox 3703 1816 3838 1880; x_wconf 83' lang='lat' dir='ltr'><em>Vita;</em></span> 
     </span>
    </p>
   </div>
   <div class='ocr_carea' id='block_1_20' title="bbox 392 1894 3841 1966">
    <p class='ocr_par' dir='ltr' id='par_1_20' title="bbox 392 1894 3841 1966">
     <span class='ocr_line' id='line_1_20' title="bbox 392 1894 3841 1966; baseline 0.002 -15"><span class='ocrx_word' id='word_1_227' title='bbox 392 1897 672 1951; x_wconf 88' lang='lat' dir='ltr'><em>secundus</em></span> <span class='ocrx_word' id='word_1_228' title='bbox 702 1896 1038 1966; x_wconf 85' lang='lat' dir='ltr'><em>Epicureus,</em></span> <span class='ocrx_word' id='word_1_229' title='bbox 1084 1911 1247 1964; x_wconf 86' lang='lat' dir='ltr'><em>quem</em></span> <span class='ocrx_word' id='word_1_230' title='bbox 1281 1895 1627 1949; x_wconf 83' lang='lat' dir='ltr'><em>Plutarchus</em></span> <span class='ocrx_word' id='word_1_231' title='bbox 1653 1894 1716 1948; x_wconf 89' lang='lat' dir='ltr'><em>in</em></span> <span class='ocrx_word' id='word_1_232' title='bbox 1747 1894 2034 1949; x_wconf 80' lang='lat' dir='ltr'><em>Conviviis</em></span> <span class='ocrx_word' id='word_1_233' title='bbox 2070 1895 2419 1961; x_wconf 78' lang='lat' dir='ltr'><em>introducit;</em></span> <span class='ocrx_word' id='word_1_234' title='bbox 2461 1895 2663 1950; x_wconf 86' lang='lat' dir='ltr'><em>tertius</em></span> <span class='ocrx_word' id='word_1_235' title='bbox 2709 1897 2993 1953; x_wconf 87' lang='lat' dir='ltr'><em>Cretensis</em></span> <span class='ocrx_word' id='word_1_236' title='bbox 3029 1898 3359 1955; x_wconf 80' lang='lat' dir='ltr'><em>Aristotelis</em></span> <span class='ocrx_word' id='word_1_237' title='bbox 3397 1903 3669 1959; x_wconf 86' lang='lat' dir='ltr'><em>studiosus</em></span> <span class='ocrx_word' id='word_1_238' title='bbox 3701 1908 3746 1959; x_wconf 88' lang='lat' dir='ltr'><em>et</em></span> <span class='ocrx_word' id='word_1_239' title='bbox 3774 1905 3841 1961; x_wconf 69' lang='lat' dir='ltr'><em>vir</em></span> 
     </span>
    </p>
   </div>
   <div class='ocr_carea' id='block_1_21' title="bbox 391 1984 3842 2068">
    <p class='ocr_par' dir='ltr' id='par_1_21' title="bbox 391 1984 3842 2068">
     <span class='ocr_line' id='line_1_21' title="bbox 391 1984 3842 2068; baseline 0.002 -27"><span class='ocrx_word' id='word_1_240' title='bbox 391 1986 717 2042; x_wconf 86' lang='lat' dir='ltr'><em>consularis</em></span> <span class='ocrx_word' id='word_1_241' title='bbox 743 2003 780 2040; x_wconf 94' lang='lat' dir='ltr'><em>a</em></span> <span class='ocrx_word' id='word_1_242' title='bbox 807 1986 1032 2042; x_wconf 85' lang='lat' dir='ltr'><em>Galeno</em></span> <span class='ocrx_word' id='word_1_243' title='bbox 1063 1985 1406 2042; x_wconf 87' lang='lat' dir='ltr'><em>celebratus.</em></span> <span class='ocrx_word' id='word_1_244' title='bbox 1452 1987 1672 2040; x_wconf 60' lang='lat' dir='ltr'><em>Prwter</em></span> <span class='ocrx_word' id='word_1_245' title='bbox 1701 1985 1802 2039; x_wconf 90' lang='lat' dir='ltr'><em>hos</em></span> <span class='ocrx_word' id='word_1_246' title='bbox 1829 1984 1938 2039; x_wconf 87' lang='lat' dir='ltr'><em>alii</em></span> <span class='ocrx_word' id='word_1_247' title='bbox 1976 1985 2202 2042; x_wconf 89' lang='lat' dir='ltr'><em>fuerunt</em></span> <span class='ocrx_word' id='word_1_248' title='bbox 2227 1990 2281 2040; x_wconf 87' lang='lat' dir='ltr'><em>et</em></span> <span class='ocrx_word' id='word_1_249' title='bbox 2306 1985 2631 2056; x_wconf 83' lang='lat' dir='ltr'><em>philosophi</em></span> <span class='ocrx_word' id='word_1_250' title='bbox 2659 1985 2828 2040; x_wconf 89' lang='lat' dir='ltr'><em>ambo</em></span> <span class='ocrx_word' id='word_1_251' title='bbox 2868 1990 2923 2040; x_wconf 90' lang='lat' dir='ltr'><em>et</em></span> <span class='ocrx_word' id='word_1_252' title='bbox 2955 1987 3351 2059; x_wconf 83' lang='lat' dir='ltr'><em>Peripatetici,</em></span> <span class='ocrx_word' id='word_1_253' title='bbox 3382 2009 3528 2047; x_wconf 89' lang='lat' dir='ltr'><em>unus</em></span> <span class='ocrx_word' id='word_1_254' title='bbox 3558 1994 3640 2049; x_wconf 82' lang='lat' dir='ltr'><em>hic</em></span> <span class='ocrx_word' id='word_1_255' title='bbox 3665 1994 3767 2068; x_wconf 86' lang='lat' dir='ltr'><em>ipse</em></span> <span class='ocrx_word' id='word_1_256' title='bbox 3789 1995 3842 2049; x_wconf 89' lang='lat' dir='ltr'><em>de</em></span> 
     </span>
    </p>
   </div>
   <div class='ocr_carea' id='block_1_22' title="bbox 393 2074 3840 2155">
    <p class='ocr_par' dir='ltr' id='par_1_22' title="bbox 393 2074 3840 2155">
     <span class='ocr_line' id='line_1_22' title="bbox 393 2074 3840 2155; baseline 0.003 -26"><span class='ocrx_word' id='word_1_257' title='bbox 393 2093 503 2147; x_wconf 91' lang='lat' dir='ltr'><em>quo</em></span> <span class='ocrx_word' id='word_1_258' title='bbox 538 2075 685 2128; x_wconf 84' lang='lat' dir='ltr'><em>satis</em></span> <span class='ocrx_word' id='word_1_259' title='bbox 706 2075 836 2144; x_wconf 86' lang='lat' dir='ltr'><em>jam</em></span> <span class='ocrx_word' id='word_1_260' title='bbox 865 2074 1076 2128; x_wconf 87' lang='lat' dir='ltr'><em>dictum</em></span> <span class='ocrx_word' id='word_1_261' title='bbox 1104 2076 1208 2139; x_wconf 87' lang='lat' dir='ltr'><em>est,</em></span> <span class='ocrx_word' id='word_1_262' title='bbox 1248 2074 1538 2128; x_wconf 85' lang='lat' dir='ltr'><em>Patricius</em></span> <span class='ocrx_word' id='word_1_263' title='bbox 1576 2075 1890 2142; x_wconf 88' lang='lat' dir='ltr'><em>Romanus,</em></span> <span class='ocrx_word' id='word_1_264' title='bbox 1931 2075 2083 2129; x_wconf 89' lang='lat' dir='ltr'><em>alter</em></span> <span class='ocrx_word' id='word_1_265' title='bbox 2110 2077 2339 2129; x_wconf 69' lang='lat' dir='ltr'><em>Graecus</em></span> <span class='ocrx_word' id='word_1_266' title='bbox 2367 2077 2422 2128; x_wconf 91' lang='lat' dir='ltr'><em>et</em></span> <span class='ocrx_word' id='word_1_267' title='bbox 2449 2074 2765 2145; x_wconf 87' lang='lat' dir='ltr'><em>antiquior,</em></span> <span class='ocrx_word' id='word_1_268' title='bbox 2800 2091 2971 2146; x_wconf 86' lang='lat' dir='ltr'><em>quem</em></span> <span class='ocrx_word' id='word_1_269' title='bbox 3011 2080 3066 2130; x_wconf 91' lang='lat' dir='ltr'><em>et</em></span> <span class='ocrx_word' id='word_1_270' title='bbox 3097 2078 3189 2133; x_wconf 89' lang='lat' dir='ltr'><em>hic</em></span> <span class='ocrx_word' id='word_1_271' title='bbox 3214 2079 3340 2148; x_wconf 87' lang='lat' dir='ltr'><em>ipse</em></span> <span class='ocrx_word' id='word_1_272' title='bbox 3380 2082 3441 2135; x_wconf 89' lang='lat' dir='ltr'><em>in</em></span> <span class='ocrx_word' id='word_1_273' title='bbox 3472 2084 3772 2155; x_wconf 81' lang='lat' dir='ltr'><em>Porphyrio</em></span> <span class='ocrx_word' id='word_1_274' title='bbox 3799 2090 3840 2138; x_wconf 91' lang='lat' dir='ltr'><em>et</em></span> 
     </span>
    </p>
   </div>
   <div class='ocr_carea' id='block_1_23' title="bbox 392 2161 3843 2244">
    <p class='ocr_par' dir='ltr' id='par_1_23' title="bbox 392 2161 3843 2244">
     <span class='ocr_line' id='line_1_23' title="bbox 392 2161 3843 2244; baseline 0.003 -26"><span class='ocrx_word' id='word_1_275' title='bbox 392 2162 738 2219; x_wconf 82' lang='lat' dir='ltr'><em>Ammonius</em></span> <span class='ocrx_word' id='word_1_276' title='bbox 766 2166 936 2233; x_wconf 84' lang='lat' dir='ltr'><em>atque</em></span> <span class='ocrx_word' id='word_1_277' title='bbox 956 2161 1293 2233; x_wconf 86' lang='lat' dir='ltr'><em>Simplicius</em></span> <span class='ocrx_word' id='word_1_278' title='bbox 1317 2165 1377 2216; x_wconf 93' lang='lat' dir='ltr'><em>ut</em></span> <span class='ocrx_word' id='word_1_279' title='bbox 1407 2161 1744 2218; x_wconf 80' lang='lat' dir='ltr'><em>Aristotelis</em></span> <span class='ocrx_word' id='word_1_280' title='bbox 1772 2162 2143 2235; x_wconf 89' lang='lat' dir='ltr'><em>interpretem</em></span> <span class='ocrx_word' id='word_1_281' title='bbox 2167 2166 2495 2235; x_wconf 85' lang='lat' dir='ltr'><em>agnoscunt.</em></span> <span class='ocrx_word' id='word_1_282' title='bbox 2524 2164 2778 2217; x_wconf 83' lang='lat' dir='ltr'><em>Fuerunt</em></span> <span class='ocrx_word' id='word_1_283' title='bbox 2800 2164 2998 2219; x_wconf 83' lang='lat' dir='ltr'><em>itidem</em></span> <span class='ocrx_word' id='word_1_284' title='bbox 3016 2172 3073 2221; x_wconf 89' lang='lat' dir='ltr'><em>et</em></span> <span class='ocrx_word' id='word_1_285' title='bbox 3097 2167 3208 2221; x_wconf 88' lang='lat' dir='ltr'><em>duo</em></span> <span class='ocrx_word' id='word_1_286' title='bbox 3226 2170 3563 2239; x_wconf 83' lang='lat' dir='ltr'><em>Symmachi</em></span> <span class='ocrx_word' id='word_1_287' title='bbox 3587 2189 3778 2244; x_wconf 61' lang='lat' dir='ltr'><em>magna</em></span> <span class='ocrx_word' id='word_1_288' title='bbox 3795 2174 3843 2226; x_wconf 83' lang='lat' dir='ltr'><em>in</em></span> 
     </span>
    </p>
   </div>
   <div class='ocr_carea' id='block_1_24' title="bbox 393 2249 3838 2324">
    <p class='ocr_par' dir='ltr' id='par_1_24' title="bbox 393 2249 3838 2324">
     <span class='ocr_line' id='line_1_24' title="bbox 393 2249 3838 2324; baseline 0.003 -17"><span class='ocrx_word' id='word_1_289' title='bbox 393 2251 604 2307; x_wconf 86' lang='lat' dir='ltr'><em>litteris</em></span> <span class='ocrx_word' id='word_1_290' title='bbox 629 2249 1071 2306; x_wconf 69' lang='lat' dir='ltr'><em>existimationis</em></span> <span class='ocrx_word' id='word_1_291' title='bbox 1089 2254 1322 2321; x_wconf 86' lang='lat' dir='ltr'><em>uterque</em></span> <span class='ocrx_word' id='word_1_292' title='bbox 1347 2271 1362 2305; x_wconf 91' lang='lat'><strong><em>:</em></strong></span> <span class='ocrx_word' id='word_1_293' title='bbox 1388 2252 1614 2322; x_wconf 87' lang='lat' dir='ltr'><em>primus</em></span> <span class='ocrx_word' id='word_1_294' title='bbox 1632 2252 1903 2306; x_wconf 86' lang='lat' dir='ltr'><em>Gratiani</em></span> <span class='ocrx_word' id='word_1_295' title='bbox 1918 2254 1973 2306; x_wconf 92' lang='lat' dir='ltr'><em>et</em></span> <span class='ocrx_word' id='word_1_296' title='bbox 2009 2251 2412 2307; x_wconf 80' lang='lat' dir='ltr'><em>Valentiniani</em></span> <span class='ocrx_word' id='word_1_297' title='bbox 2442 2253 2824 2324; x_wconf 84' lang='lat' dir='ltr'><em>temporibus;</em></span> <span class='ocrx_word' id='word_1_298' title='bbox 2854 2255 3140 2310; x_wconf 86' lang='lat' dir='ltr'><em>secundus</em></span> <span class='ocrx_word' id='word_1_299' title='bbox 3169 2259 3426 2313; x_wconf 89' lang='lat' dir='ltr'><em>Zenonis</em></span> <span class='ocrx_word' id='word_1_300' title='bbox 3450 2264 3505 2314; x_wconf 88' lang='lat' dir='ltr'><em>et</em></span> <span class='ocrx_word' id='word_1_301' title='bbox 3539 2263 3838 2317; x_wconf 76' lang='lat' dir='ltr'><em>Anastasii:</em></span> 
     </span>
    </p>
   </div>
   <div class='ocr_carea' id='block_1_25' title="bbox 393 2340 3841 2422">
    <p class='ocr_par' dir='ltr' id='par_1_25' title="bbox 393 2340 3841 2422">
     <span class='ocr_line' id='line_1_25' title="bbox 393 2340 3841 2422; baseline 0.002 -26"><span class='ocrx_word' id='word_1_302' title='bbox 393 2341 555 2396; x_wconf 85' lang='lat' dir='ltr'><em>illius</em></span> <span class='ocrx_word' id='word_1_303' title='bbox 582 2341 836 2412; x_wconf 72' lang='lat' dir='ltr'><em>epistolae</em></span> <span class='ocrx_word' id='word_1_304' title='bbox 849 2340 1334 2405; x_wconf 81' lang='lat' dir='ltr'><em>circumferuntur</em></span> <span class='ocrx_word' id='word_1_305' title='bbox 1360 2341 1672 2411; x_wconf 90' lang='lat' dir='ltr'><em>crebraque</em></span> <span class='ocrx_word' id='word_1_306' title='bbox 1699 2341 1768 2394; x_wconf 91' lang='lat' dir='ltr'><em>de</em></span> <span class='ocrx_word' id='word_1_307' title='bbox 1796 2357 1860 2395; x_wconf 90' lang='lat' dir='ltr'><em>eo</em></span> <span class='ocrx_word' id='word_1_308' title='bbox 1887 2341 1950 2394; x_wconf 87' lang='lat' dir='ltr'><em>in</em></span> <span class='ocrx_word' id='word_1_309' title='bbox 1980 2342 2262 2396; x_wconf 85' lang='lat' dir='ltr'><em>Macrobii</em></span> <span class='ocrx_word' id='word_1_310' title='bbox 2291 2342 2699 2398; x_wconf 81' lang='lat' dir='ltr'><em>Saturnalibus</em></span> <span class='ocrx_word' id='word_1_311' title='bbox 2723 2343 2937 2400; x_wconf 88' lang='lat' dir='ltr'><em>mentio</em></span> <span class='ocrx_word' id='word_1_312' title='bbox 2966 2345 3224 2400; x_wconf 87' lang='lat' dir='ltr'><em>habetur.</em></span> <span class='ocrx_word' id='word_1_313' title='bbox 3268 2348 3468 2418; x_wconf 85' lang='lat' dir='ltr'><em>Hujus</em></span> <span class='ocrx_word' id='word_1_314' title='bbox 3491 2351 3630 2405; x_wconf 88' lang='lat' dir='ltr'><em>nihil</em></span> <span class='ocrx_word' id='word_1_315' title='bbox 3655 2353 3841 2422; x_wconf 81' lang='lat' dir='ltr'><em>quidem</em></span> 
     </span>
    </p>
   </div>
   <div class='ocr_carea' id='block_1_26' title="bbox 394 2427 3838 2507">
    <p class='ocr_par' dir='ltr' id='par_1_26' title="bbox 394 2427 3838 2507">
     <span class='ocr_line' id='line_1_26' title="bbox 394 2427 3838 2507; baseline 0.003 -23"><span class='ocrx_word' id='word_1_316' title='bbox 394 2433 610 2495; x_wconf 71' lang='lat' dir='ltr'><em>exstat;</em></span> <span class='ocrx_word' id='word_1_317' title='bbox 647 2428 766 2493; x_wconf 88' lang='lat' dir='ltr'><em>sed,</em></span> <span class='ocrx_word' id='word_1_318' title='bbox 799 2431 862 2481; x_wconf 89' lang='lat' dir='ltr'><em>ut</em></span> <span class='ocrx_word' id='word_1_319' title='bbox 891 2427 1081 2482; x_wconf 89' lang='lat' dir='ltr'><em>Boetii</em></span> <span class='ocrx_word' id='word_1_320' title='bbox 1110 2427 1500 2483; x_wconf 86' lang='lat' dir='ltr'><em>testimonium</em></span> <span class='ocrx_word' id='word_1_321' title='bbox 1531 2435 1882 2500; x_wconf 63' lang='lat' dir='ltr'><em>prmteream,</em></span> <span class='ocrx_word' id='word_1_322' title='bbox 1921 2428 2248 2485; x_wconf 87' lang='lat' dir='ltr'><em>Priscianus</em></span> <span class='ocrx_word' id='word_1_323' title='bbox 2270 2430 2629 2488; x_wconf 74' lang='lat' dir='ltr'><em>Caesariensis</em></span> <span class='ocrx_word' id='word_1_324' title='bbox 2659 2432 2729 2486; x_wconf 89' lang='lat' dir='ltr'><em>de</em></span> <span class='ocrx_word' id='word_1_325' title='bbox 2746 2433 3094 2504; x_wconf 85' lang='lat' dir='ltr'><em>ponderibus</em></span> <span class='ocrx_word' id='word_1_326' title='bbox 3115 2437 3396 2506; x_wconf 84' lang='lat' dir='ltr'><em>scribens,</em></span> <span class='ocrx_word' id='word_1_327' title='bbox 3416 2439 3500 2494; x_wconf 90' lang='lat' dir='ltr'><em>sic</em></span> <span class='ocrx_word' id='word_1_328' title='bbox 3521 2457 3639 2496; x_wconf 90' lang='lat' dir='ltr'><em>eum</em></span> <span class='ocrx_word' id='word_1_329' title='bbox 3656 2442 3838 2507; x_wconf 86' lang='lat' dir='ltr'><em>laudat,</em></span> 
     </span>
    </p>
   </div>
   <div class='ocr_carea' id='block_1_27' title="bbox 396 2516 2364 2589">
    <p class='ocr_par' dir='ltr' id='par_1_27' title="bbox 396 2516 2364 2589">
     <span class='ocr_line' id='line_1_27' title="bbox 396 2516 2364 2589; baseline -0.001 -15"><span class='ocrx_word' id='word_1_330' title='bbox 396 2523 460 2574; x_wconf 90' lang='lat' dir='ltr'><em>ut</em></span> <span class='ocrx_word' id='word_1_331' title='bbox 486 2535 682 2573; x_wconf 87' lang='lat' dir='ltr'><em>omnes</em></span> <span class='ocrx_word' id='word_1_332' title='bbox 711 2517 965 2572; x_wconf 87' lang='lat' dir='ltr'><em>omnium</em></span> <span class='ocrx_word' id='word_1_333' title='bbox 991 2516 1439 2588; x_wconf 85' lang='lat' dir='ltr'><em>disciplinarum</em></span> <span class='ocrx_word' id='word_1_334' title='bbox 1471 2534 1666 2589; x_wconf 77' lang='lat' dir='ltr'><em>apices</em></span> <span class='ocrx_word' id='word_1_335' title='bbox 1694 2521 2027 2573; x_wconf 86' lang='lat' dir='ltr'><em>consecutus</em></span> <span class='ocrx_word' id='word_1_336' title='bbox 2051 2518 2364 2576; x_wconf 89' lang='lat' dir='ltr'><em>videretur.</em></span> 
     </span>
    </p>
   </div>
   <div class='ocr_carea' id='block_1_28' title="bbox 405 2674 3830 2702">
    <p class='ocr_par' dir='ltr' id='par_1_28' title="bbox 405 2674 3830 2702">
     <span class='ocr_line' id='line_1_28' title="bbox 405 2674 3830 2702; baseline 0 -12"><span class='ocrx_word' id='word_1_337' title='bbox 405 2674 3830 2702; x_wconf 73' lang='lat'><em>——-———-——————————_————___</em></span> 
     </span>
    </p>
   </div>
   <div class='ocr_carea' id='block_1_29' title="bbox 1407 2795 2877 2883">
    <p class='ocr_par' dir='ltr' id='par_1_29' title="bbox 1407 2795 2877 2883">
     <span class='ocr_line' id='line_1_29' title="bbox 1407 2795 2877 2883; baseline 0.003 -5"><span class='ocrx_word' id='word_1_338' title='bbox 1407 2795 1938 2878; x_wconf 70' lang='grc' dir='ltr'><em>οΡΕιιυιπ</em></span> <span class='ocrx_word' id='word_1_339' title='bbox 2013 2796 2349 2879; x_wconf 77' lang='lat' dir='ltr'><strong>PARS</strong></span> <span class='ocrx_word' id='word_1_340' title='bbox 2424 2797 2877 2883; x_wconf 75' lang='lat' dir='ltr'><em>PRIMA.</em></span> 
     </span>
    </p>
   </div>
   <div class='ocr_carea' id='block_1_30' title="bbox 1050 2950 3228 3086">
    <p class='ocr_par' dir='ltr' id='par_1_30' title="bbox 1050 2950 3228 3086">
     <span class='ocr_line' id='line_1_30' title="bbox 1050 2950 3228 3086; baseline 0.004 -7"><span class='ocrx_word' id='word_1_341' title='bbox 1050 2950 1677 3080; x_wconf 81' lang='lat' dir='ltr'><em>OPERA</em></span> <span class='ocrx_word' id='word_1_342' title='bbox 1779 2953 3228 3086; x_wconf 89' lang='lat' dir='ltr'><em>PHILOSOPHICA.</em></span> 
     </span>
    </p>
   </div>
   <div class='ocr_carea' id='block_1_31' title="bbox 579 3215 3702 3415">
    <p class='ocr_par' dir='ltr' id='par_1_31' title="bbox 579 3215 3702 3415">
     <span class='ocr_line' id='line_1_31' title="bbox 579 3215 3702 3415; baseline 0.006 -18"><span class='ocrx_word' id='word_1_343' title='bbox 579 3275 790 3398; x_wconf 88' lang='lat' dir='ltr'>DE</span> <span class='ocrx_word' id='word_1_344' title='bbox 895 3215 2337 3400; x_wconf 88' lang='lat' dir='ltr'><em>CONSOLATIONE</em></span> <span class='ocrx_word' id='word_1_345' title='bbox 2440 3275 3702 3415; x_wconf 68' lang='lat' dir='ltr'><em>PHILOSOPHsz</em></span> 
     </span>
    </p>
   </div>
   <div class='ocr_carea' id='block_1_32' title="bbox 1839 3477 2562 3564">
    <p class='ocr_par' dir='ltr' id='par_1_32' title="bbox 1839 3477 2562 3564">
     <span class='ocr_line' id='line_1_32' title="bbox 1839 3477 2562 3564; baseline 0.003 -7"><span class='ocrx_word' id='word_1_346' title='bbox 1839 3477 2270 3561; x_wconf 82' lang='lat' dir='ltr'><em>LIBRI</em></span> <span class='ocrx_word' id='word_1_347' title='bbox 2348 3483 2458 3564; x_wconf 90' lang='lat' dir='ltr'><em>V.</em></span> <span class='ocrx_word' id='word_1_348' title='bbox 2557 3554 2562 3559; x_wconf 86' lang='lat'><em>.</em></span> 
     </span>
    </p>
   </div>
   <div class='ocr_carea' id='block_1_33' title="bbox 1675 3633 2630 3704">
    <p class='ocr_par' dir='ltr' id='par_1_33' title="bbox 1675 3633 2630 3704">
     <span class='ocr_line' id='line_1_33' title="bbox 1675 3633 2630 3704; baseline 0.007 -21"><span class='ocrx_word' id='word_1_349' title='bbox 1675 3633 1774 3696; x_wconf 86' lang='lat' dir='ltr'><em>(Ex</em></span> <span class='ocrx_word' id='word_1_350' title='bbox 1805 3634 2036 3685; x_wconf 82' lang='lat' dir='ltr'><em>editione</em></span> <span class='ocrx_word' id='word_1_351' title='bbox 2067 3635 2130 3684; x_wconf 86' lang='lat' dir='ltr'><em>ad</em></span> <span class='ocrx_word' id='word_1_352' title='bbox 2162 3651 2316 3687; x_wconf 86' lang='lat' dir='ltr'><em>usum</em></span> <span class='ocrx_word' id='word_1_353' title='bbox 2346 3639 2630 3704; x_wconf 85' lang='lat' dir='ltr'><em>Delphini.)</em></span> 
     </span>
    </p>
   </div>
   <div class='ocr_carea' id='block_1_34' title="bbox 1817 3833 2488 3898">
    <p class='ocr_par' dir='ltr' id='par_1_34' title="bbox 1817 3833 2488 3898">
     <span class='ocr_line' id='line_1_34' title="bbox 1817 3833 2488 3898; baseline 0.003 -6"><span class='ocrx_word' id='word_1_354' title='bbox 1817 3833 2488 3898; x_wconf 81' lang='lat' dir='ltr'><em>PROLEGOMENA.</em></span> 
     </span>
    </p>
   </div>
   <div class='ocr_carea' id='block_1_35' title="bbox 1522 4074 2776 4168">
    <p class='ocr_par' dir='ltr' id='par_1_35' title="bbox 1522 4074 2776 4168">
     <span class='ocr_line' id='line_1_35' title="bbox 1522 4074 2776 4168; baseline 0.004 -6"><span class='ocrx_word' id='word_1_355' title='bbox 1522 4074 2008 4165; x_wconf 87' lang='lat' dir='ltr'><em>EPISTOLA</em></span> <span class='ocrx_word' id='word_1_356' title='bbox 2075 4075 2776 4168; x_wconf 83' lang='lat' dir='ltr'><em>DEDICATOBIA.</em></span> 
     </span>
    </p>
   </div>
   <div class='ocr_carea' id='block_1_36' title="bbox 486 4249 1773 4328">
    <p class='ocr_par' dir='ltr' id='par_1_36' title="bbox 486 4249 1773 4328">
     <span class='ocr_line' id='line_1_36' title="bbox 486 4249 1773 4328; baseline -0.003 -16"><span class='ocrx_word' id='word_1_357' title='bbox 486 4250 892 4312; x_wconf 87' lang='lat' dir='ltr'><em>Serenissimo</em></span> <span class='ocrx_word' id='word_1_358' title='bbox 924 4249 1230 4327; x_wconf 84' lang='lat' dir='ltr'><em>Delphino</em></span> <span class='ocrx_word' id='word_1_359' title='bbox 1260 4252 1477 4308; x_wconf 78' lang='lat' dir='ltr'><em>Petrus</em></span> <span class='ocrx_word' id='word_1_360' title='bbox 1500 4249 1773 4328; x_wconf 84' lang='lat' dir='ltr'><em>Callyus.</em></span> 
     </span>
    </p>
   </div>
   <div class='ocr_carea' id='block_1_37' title="bbox 493 4347 3855 4433">
    <p class='ocr_par' dir='ltr' id='par_1_37' title="bbox 493 4347 3855 4433">
     <span class='ocr_line' id='line_1_37' title="bbox 493 4347 3855 4433; baseline 0 -22"><span class='ocrx_word' id='word_1_361' title='bbox 493 4349 826 4431; x_wconf 83' lang='lat' dir='ltr'><em>Quidquid</em></span> <span class='ocrx_word' id='word_1_362' title='bbox 881 4349 1246 4408; x_wconf 83' lang='lat' dir='ltr'><em>Ludovicus</em></span> <span class='ocrx_word' id='word_1_363' title='bbox 1304 4347 1613 4427; x_wconf 82' lang='lat' dir='ltr'><em>Magnus,</em></span> <span class='ocrx_word' id='word_1_364' title='bbox 1674 4358 1990 4428; x_wconf 80' lang='lat' dir='ltr'><em>augustas</em></span> <span class='ocrx_word' id='word_1_365' title='bbox 2037 4367 2281 4428; x_wconf 89' lang='lat' dir='ltr'><em>parens</em></span> <span class='ocrx_word' id='word_1_366' title='bbox 2339 4359 2487 4410; x_wconf 90' lang='lat' dir='ltr'><em>tuus</em></span> <span class='ocrx_word' id='word_1_367' title='bbox 2543 4352 2836 4428; x_wconf 82' lang='lat' dir='ltr'><em>molitur,</em></span> <span class='ocrx_word' id='word_1_368' title='bbox 2903 4353 3349 4418; x_wconf 82' lang='lat' dir='ltr'><em>SERENISSIME</em></span> <span class='ocrx_word' id='word_1_369' title='bbox 3419 4360 3760 4433; x_wconf 80' lang='lat' dir='ltr'><em>DELPHINE,</em></span> <span class='ocrx_word' id='word_1_370' title='bbox 3804 4353 3855 4413; x_wconf 85' lang='lat' dir='ltr'><em>id</em></span> 
     </span>
    </p>
   </div>
   <div class='ocr_carea' id='block_1_38' title="bbox 405 4446 3855 4538">
    <p class='ocr_par' dir='ltr' id='par_1_38' title="bbox 405 4446 3855 4538">
     <span class='ocr_line' id='line_1_38' title="bbox 405 4446 3855 4538; baseline 0.002 -29"><span class='ocrx_word' id='word_1_371' title='bbox 405 4469 585 4508; x_wconf 88' lang='lat' dir='ltr'><em>omne</em></span> <span class='ocrx_word' id='word_1_372' title='bbox 638 4466 940 4527; x_wconf 84' lang='lat' dir='ltr'><em>magnum</em></span> <span class='ocrx_word' id='word_1_373' title='bbox 979 4457 1114 4523; x_wconf 86' lang='lat' dir='ltr'><em>est;</em></span> <span class='ocrx_word' id='word_1_374' title='bbox 1163 4464 1273 4506; x_wconf 88' lang='lat' dir='ltr'><em>seu</em></span> <span class='ocrx_word' id='word_1_375' title='bbox 1305 4447 1580 4524; x_wconf 88' lang='lat' dir='ltr'><em>populos</em></span> <span class='ocrx_word' id='word_1_376' title='bbox 1627 4446 1840 4526; x_wconf 81' lang='lat' dir='ltr'><em>regit;</em></span> <span class='ocrx_word' id='word_1_377' title='bbox 1887 4465 1999 4506; x_wconf 88' lang='lat' dir='ltr'><em>seu</em></span> <span class='ocrx_word' id='word_1_378' title='bbox 2043 4446 2252 4508; x_wconf 81' lang='lat' dir='ltr'><em>hostes</em></span> <span class='ocrx_word' id='word_1_379' title='bbox 2301 4459 2672 4528; x_wconf 81' lang='lat' dir='ltr'><em>expugnat;</em></span> <span class='ocrx_word' id='word_1_380' title='bbox 2713 4469 2824 4511; x_wconf 88' lang='lat' dir='ltr'><em>seu</em></span> <span class='ocrx_word' id='word_1_381' title='bbox 2871 4453 3162 4533; x_wconf 85' lang='lat' dir='ltr'><em>utrisque</em></span> <span class='ocrx_word' id='word_1_382' title='bbox 3201 4475 3501 4519; x_wconf 88' lang='lat' dir='ltr'><em>concessa</em></span> <span class='ocrx_word' id='word_1_383' title='bbox 3536 4475 3694 4538; x_wconf 88' lang='lat' dir='ltr'><em>pace</em></span> <span class='ocrx_word' id='word_1_384' title='bbox 3733 4467 3855 4534; x_wconf 74' lang='lat' dir='ltr'><em>gra-</em></span> 
     </span>
    </p>
   </div>
   <div class='ocr_carea' id='block_1_39' title="bbox 405 4543 3853 4636">
    <p class='ocr_par' dir='ltr' id='par_1_39' title="bbox 405 4543 3853 4636">
     <span class='ocr_line' id='line_1_39' title="bbox 405 4543 3853 4636; baseline 0.001 -31"><span class='ocrx_word' id='word_1_385' title='bbox 405 4547 715 4627; x_wconf 70' lang='lat' dir='ltr'><em>tiﬁcatur.</em></span> <span class='ocrx_word' id='word_1_386' title='bbox 769 4545 902 4604; x_wconf 89' lang='lat' dir='ltr'><em>Sed</em></span> <span class='ocrx_word' id='word_1_387' title='bbox 955 4545 1207 4604; x_wconf 81' lang='lat' dir='ltr'><em>indoles</em></span> <span class='ocrx_word' id='word_1_388' title='bbox 1261 4553 1324 4603; x_wconf 89' lang='lat' dir='ltr'><em>et</em></span> <span class='ocrx_word' id='word_1_389' title='bbox 1372 4543 1692 4605; x_wconf 84' lang='lat' dir='ltr'><em>institutio</em></span> <span class='ocrx_word' id='word_1_390' title='bbox 1768 4553 1879 4604; x_wconf 89' lang='lat' dir='ltr'><em>tua</em></span> <span class='ocrx_word' id='word_1_391' title='bbox 1924 4545 2260 4625; x_wconf 81' lang='lat' dir='ltr'><em>regiorum</em></span> <span class='ocrx_word' id='word_1_392' title='bbox 2314 4563 2577 4624; x_wconf 87' lang='lat' dir='ltr'><em>operum</em></span> <span class='ocrx_word' id='word_1_393' title='bbox 2631 4565 2828 4626; x_wconf 82' lang='lat' dir='ltr'><em>opera</em></span> <span class='ocrx_word' id='word_1_394' title='bbox 2894 4560 3042 4610; x_wconf 91' lang='lat' dir='ltr'><em>sunt</em></span> <span class='ocrx_word' id='word_1_395' title='bbox 3099 4554 3406 4615; x_wconf 83' lang='lat' dir='ltr'><em>maxima.</em></span> <span class='ocrx_word' id='word_1_396' title='bbox 3476 4557 3570 4617; x_wconf 86' lang='lat' dir='ltr'><em>Tu</em></span> <span class='ocrx_word' id='word_1_397' title='bbox 3622 4552 3853 4636; x_wconf 79' lang='lat' dir='ltr'><em>quidem,</em></span> 
     </span>
    </p>
   </div>
   <div class='ocr_carea' id='block_1_40' title="bbox 405 4641 3854 4732">
    <p class='ocr_par' dir='ltr' id='par_1_40' title="bbox 405 4641 3854 4732">
     <span class='ocr_line' id='line_1_40' title="bbox 405 4641 3854 4732; baseline 0.001 -30"><span class='ocrx_word' id='word_1_398' title='bbox 405 4644 581 4703; x_wconf 80' lang='lat' dir='ltr'><em>velut</em></span> <span class='ocrx_word' id='word_1_399' title='bbox 628 4642 839 4702; x_wconf 86' lang='lat' dir='ltr'><em>nobile</em></span> <span class='ocrx_word' id='word_1_400' title='bbox 885 4643 1236 4722; x_wconf 84' lang='lat' dir='ltr'><em>speculum,</em></span> <span class='ocrx_word' id='word_1_401' title='bbox 1300 4641 1565 4720; x_wconf 84' lang='lat' dir='ltr'><em>regales</em></span> <span class='ocrx_word' id='word_1_402' title='bbox 1601 4660 1736 4701; x_wconf 90' lang='lat' dir='ltr'><em>cum</em></span> <span class='ocrx_word' id='word_1_403' title='bbox 1786 4641 2008 4718; x_wconf 83' lang='lat' dir='ltr'><em>animi,</em></span> <span class='ocrx_word' id='word_1_404' title='bbox 2071 4652 2202 4702; x_wconf 90' lang='lat' dir='ltr'><em>tum</em></span> <span class='ocrx_word' id='word_1_405' title='bbox 2257 4644 2558 4722; x_wconf 82' lang='lat' dir='ltr'><em>corporis</em></span> <span class='ocrx_word' id='word_1_406' title='bbox 2611 4645 2794 4707; x_wconf 91' lang='lat' dir='ltr'><em>dotes</em></span> <span class='ocrx_word' id='word_1_407' title='bbox 2841 4646 2919 4706; x_wconf 89' lang='lat' dir='ltr'><em>ab</em></span> <span class='ocrx_word' id='word_1_408' title='bbox 2975 4649 3114 4729; x_wconf 85' lang='lat' dir='ltr'><em>ipso</em></span> <span class='ocrx_word' id='word_1_409' title='bbox 3171 4664 3471 4732; x_wconf 90' lang='lat' dir='ltr'><em>acceptas</em></span> <span class='ocrx_word' id='word_1_410' title='bbox 3515 4655 3608 4714; x_wconf 82' lang='lat' dir='ltr'><em>sic</em></span> <span class='ocrx_word' id='word_1_411' title='bbox 3650 4648 3854 4717; x_wconf 83' lang='lat' dir='ltr'><em>reddis,</em></span> 
     </span>
    </p>
   </div>
   <div class='ocr_carea' id='block_1_41' title="bbox 406 4737 3856 4819">
    <p class='ocr_par' dir='ltr' id='par_1_41' title="bbox 406 4737 3856 4819">
     <span class='ocr_line' id='line_1_41' title="bbox 406 4737 3856 4819; baseline 0.001 -19"><span class='ocrx_word' id='word_1_412' title='bbox 406 4740 570 4800; x_wconf 86' lang='lat' dir='ltr'><em>nihil</em></span> <span class='ocrx_word' id='word_1_413' title='bbox 615 4751 683 4800; x_wconf 91' lang='lat' dir='ltr'><em>ut</em></span> <span class='ocrx_word' id='word_1_414' title='bbox 728 4741 792 4800; x_wconf 90' lang='lat' dir='ltr'><em>in</em></span> <span class='ocrx_word' id='word_1_415' title='bbox 840 4750 903 4800; x_wconf 91' lang='lat' dir='ltr'><em>te</em></span> <span class='ocrx_word' id='word_1_416' title='bbox 945 4741 1357 4801; x_wconf 84' lang='lat' dir='ltr'><em>desideretur</em></span> <span class='ocrx_word' id='word_1_417' title='bbox 1405 4737 1576 4818; x_wconf 88' lang='lat' dir='ltr'><em>quod</em></span> <span class='ocrx_word' id='word_1_418' title='bbox 1624 4739 2072 4818; x_wconf 65' lang='lat' dir='ltr'><em>imperatoria’</em></span> <span class='ocrx_word' id='word_1_419' title='bbox 2111 4741 2474 4819; x_wconf 86' lang='lat' dir='ltr'><em>majestatis</em></span> <span class='ocrx_word' id='word_1_420' title='bbox 2519 4761 2654 4803; x_wconf 89' lang='lat' dir='ltr'><em>esse</em></span> <span class='ocrx_word' id='word_1_421' title='bbox 2699 4746 2953 4814; x_wconf 86' lang='lat' dir='ltr'><em>possit:</em></span> <span class='ocrx_word' id='word_1_422' title='bbox 3001 4757 3174 4809; x_wconf 91' lang='lat' dir='ltr'><em>tuam</em></span> <span class='ocrx_word' id='word_1_423' title='bbox 3223 4769 3376 4812; x_wconf 85' lang='lat' dir='ltr'><em>vero</em></span> <span class='ocrx_word' id='word_1_424' title='bbox 3421 4751 3856 4819; x_wconf 82' lang='lat' dir='ltr'><em>institutionem,</em></span> 
     </span>
    </p>
   </div>
   <div class='ocr_carea' id='block_1_42' title="bbox 407 4837 3857 4926">
    <p class='ocr_par' dir='ltr' id='par_1_42' title="bbox 407 4837 3857 4926">
     <span class='ocr_line' id='line_1_42' title="bbox 407 4837 3857 4926; baseline 0.002 -30"><span class='ocrx_word' id='word_1_425' title='bbox 407 4856 596 4918; x_wconf 91' lang='lat' dir='ltr'><em>quam</em></span> <span class='ocrx_word' id='word_1_426' title='bbox 643 4857 770 4897; x_wconf 88' lang='lat' dir='ltr'><em>rex</em></span> <span class='ocrx_word' id='word_1_427' title='bbox 835 4839 953 4898; x_wconf 86' lang='lat' dir='ltr'><em>ille</em></span> <span class='ocrx_word' id='word_1_428' title='bbox 997 4837 1491 4918; x_wconf 77' lang='lat' dir='ltr'><em>sapientissimis</em></span> <span class='ocrx_word' id='word_1_429' title='bbox 1550 4837 1686 4896; x_wconf 84' lang='lat' dir='ltr'><em>suis</em></span> <span class='ocrx_word' id='word_1_430' title='bbox 1734 4837 2026 4896; x_wconf 85' lang='lat' dir='ltr'><em>consiliis</em></span> <span class='ocrx_word' id='word_1_431' title='bbox 2085 4857 2358 4898; x_wconf 86' lang='lat' dir='ltr'><em>exorsus</em></span> <span class='ocrx_word' id='word_1_432' title='bbox 2419 4850 2535 4916; x_wconf 89' lang='lat' dir='ltr'><em>est,</em></span> <span class='ocrx_word' id='word_1_433' title='bbox 2599 4842 3155 4926; x_wconf 84' lang='lat' dir='ltr'><em>selectissimisque</em></span> <span class='ocrx_word' id='word_1_434' title='bbox 3209 4850 3372 4910; x_wconf 78' lang='lat' dir='ltr'><em>viris</em></span> <span class='ocrx_word' id='word_1_435' title='bbox 3437 4846 3857 4917; x_wconf 77' lang='lat' dir='ltr'><em>corroboravit,</em></span> 
     </span>
    </p>
   </div>
   <div class='ocr_carea' id='block_1_43' title="bbox 406 4935 3858 5027">
    <p class='ocr_par' dir='ltr' id='par_1_43' title="bbox 406 4935 3858 5027">
     <span class='ocr_line' id='line_1_43' title="bbox 406 4935 3858 5027; baseline 0.002 -32"><span class='ocrx_word' id='word_1_436' title='bbox 406 4936 1046 5014; x_wconf 80' lang='lat' dir='ltr'><em>magniﬁcentissimo</em></span> <span class='ocrx_word' id='word_1_437' title='bbox 1088 4935 1403 4995; x_wconf 87' lang='lat' dir='ltr'><em>librorum</em></span> <span class='ocrx_word' id='word_1_438' title='bbox 1441 4944 1765 5013; x_wconf 88' lang='lat' dir='ltr'><em>apparatu</em></span> <span class='ocrx_word' id='word_1_439' title='bbox 1812 4937 1906 4992; x_wconf 87' lang='lat' dir='ltr'><em>ita</em></span> <span class='ocrx_word' id='word_1_440' title='bbox 1934 4935 2227 5016; x_wconf 85' lang='lat' dir='ltr'><em>perﬁcit,</em></span> <span class='ocrx_word' id='word_1_441' title='bbox 2283 4947 2352 4996; x_wconf 88' lang='lat' dir='ltr'><em>ut</em></span> <span class='ocrx_word' id='word_1_442' title='bbox 2389 4939 2712 5019; x_wconf 66' lang='lat' dir='ltr'><em>ineﬂabili</em></span> <span class='ocrx_word' id='word_1_443' title='bbox 2757 4942 3035 5022; x_wconf 89' lang='lat' dir='ltr'><em>quadam</em></span> <span class='ocrx_word' id='word_1_444' title='bbox 3081 4948 3573 5024; x_wconf 83' lang='lat' dir='ltr'><em>necessitudine,</em></span> <span class='ocrx_word' id='word_1_445' title='bbox 3603 4956 3858 5027; x_wconf 87' lang='lat' dir='ltr'><em>quantum</em></span> 
     </span>
    </p>
   </div>
   <div class='ocr_carea' id='block_1_44' title="bbox 403 5031 3862 5116">
    <p class='ocr_par' dir='ltr' id='par_1_44' title="bbox 403 5031 3862 5116">
     <span class='ocr_line' id='line_1_44' title="bbox 403 5031 3862 5116; baseline 0 -22"><span class='ocrx_word' id='word_1_446' title='bbox 403 5034 588 5112; x_wconf 82' lang='lat' dir='ltr'><em>ﬁlius</em></span> <span class='ocrx_word' id='word_1_447' title='bbox 625 5044 915 5112; x_wconf 89' lang='lat' dir='ltr'><em>parente,</em></span> <span class='ocrx_word' id='word_1_448' title='bbox 953 5043 1197 5093; x_wconf 88' lang='lat' dir='ltr'><em>tantum</em></span> <span class='ocrx_word' id='word_1_449' title='bbox 1217 5051 1463 5112; x_wconf 87' lang='lat' dir='ltr'><em>parens</em></span> <span class='ocrx_word' id='word_1_450' title='bbox 1490 5031 1650 5112; x_wconf 86' lang='lat' dir='ltr'><em>ﬁlio</em></span> <span class='ocrx_word' id='word_1_451' title='bbox 1699 5049 1929 5110; x_wconf 85' lang='lat' dir='ltr'><em>regum</em></span> <span class='ocrx_word' id='word_1_452' title='bbox 1983 5035 2258 5092; x_wconf 84' lang='lat' dir='ltr'><em>omnium</em></span> <span class='ocrx_word' id='word_1_453' title='bbox 2295 5037 2758 5111; x_wconf 76' lang='lat' dir='ltr'><em>pra’stantiam</em></span> <span class='ocrx_word' id='word_1_454' title='bbox 2801 5043 3036 5099; x_wconf 84' lang='lat' dir='ltr'><em>vincat.</em></span> <span class='ocrx_word' id='word_1_455' title='bbox 3079 5041 3278 5116; x_wconf 86' lang='lat' dir='ltr'><em>Ecce,</em></span> <span class='ocrx_word' id='word_1_456' title='bbox 3328 5046 3689 5104; x_wconf 87' lang='lat' dir='ltr'><em>continuato</em></span> <span class='ocrx_word' id='word_1_457' title='bbox 3713 5040 3862 5100; x_wconf 83' lang='lat' dir='ltr'><em>illius</em></span> 
     </span>
    </p>
   </div>
   <div class='ocr_carea' id='block_1_45' title="bbox 389 5127 3857 5219">
    <p class='ocr_par' dir='ltr' id='par_1_45' title="bbox 389 5127 3857 5219">
     <span class='ocr_line' id='line_1_45' title="bbox 389 5127 3857 5219; baseline -0 -27"><span class='ocrx_word' id='word_1_458' title='bbox 389 5132 604 5212; x_wconf 86' lang='lat' dir='ltr'><em>jussu,</em></span> <span class='ocrx_word' id='word_1_459' title='bbox 641 5132 812 5192; x_wconf 84' lang='lat' dir='ltr'><em>inter</em></span> <span class='ocrx_word' id='word_1_460' title='bbox 843 5131 1140 5210; x_wconf 86' lang='lat' dir='ltr'><em>antiquos</em></span> <span class='ocrx_word' id='word_1_461' title='bbox 1185 5138 1486 5189; x_wconf 90' lang='lat' dir='ltr'><em>auctores</em></span> <span class='ocrx_word' id='word_1_462' title='bbox 1516 5128 1750 5187; x_wconf 85' lang='lat' dir='ltr'><em>emicat</em></span> <span class='ocrx_word' id='word_1_463' title='bbox 1798 5127 2180 5191; x_wconf 78' lang='lat' dir='ltr'><em>SEVERINUS</em></span> <span class='ocrx_word' id='word_1_464' title='bbox 2229 5127 2550 5206; x_wconf 83' lang='lat' dir='ltr'><em>BOETIUS,</em></span> <span class='ocrx_word' id='word_1_465' title='bbox 2599 5150 2791 5212; x_wconf 87' lang='lat' dir='ltr'><em>seque</em></span> <span class='ocrx_word' id='word_1_466' title='bbox 2834 5134 2949 5194; x_wconf 85' lang='lat' dir='ltr'><em>tibi</em></span> <span class='ocrx_word' id='word_1_467' title='bbox 2978 5137 3174 5215; x_wconf 85' lang='lat' dir='ltr'><em>sistit,</em></span> <span class='ocrx_word' id='word_1_468' title='bbox 3215 5149 3285 5198; x_wconf 89' lang='lat' dir='ltr'><em>ut</em></span> <span class='ocrx_word' id='word_1_469' title='bbox 3327 5140 3587 5202; x_wconf 83' lang='lat' dir='ltr'><em>meliori</em></span> <span class='ocrx_word' id='word_1_470' title='bbox 3625 5135 3857 5219; x_wconf 83' lang='lat' dir='ltr'><em>quodam</em></span> 
     </span>
    </p>
   </div>
   <div class='ocr_carea' id='block_1_46' title="bbox 391 5224 1986 5310">
    <p class='ocr_par' dir='ltr' id='par_1_46' title="bbox 391 5224 1986 5310">
     <span class='ocr_line' id='line_1_46' title="bbox 391 5224 1986 5310; baseline -0.002 -20"><span class='ocrx_word' id='word_1_471' title='bbox 391 5229 573 5310; x_wconf 87' lang='lat' dir='ltr'><em>jure,</em></span> <span class='ocrx_word' id='word_1_472' title='bbox 606 5231 703 5289; x_wconf 87' lang='lat' dir='ltr'><em>sic</em></span> <span class='ocrx_word' id='word_1_473' title='bbox 733 5229 969 5308; x_wconf 85' lang='lat' dir='ltr'><em>majori</em></span> <span class='ocrx_word' id='word_1_474' title='bbox 995 5245 1103 5306; x_wconf 89' lang='lat' dir='ltr'><em>spe</em></span> <span class='ocrx_word' id='word_1_475' title='bbox 1109 5226 1462 5305; x_wconf 88' lang='lat' dir='ltr'><em>fructuum</em></span> <span class='ocrx_word' id='word_1_476' title='bbox 1491 5224 1986 5287; x_wconf 83' lang='lat' dir='ltr'><em>uberrimorum.</em></span> 
     </span>
    </p>
   </div>
   <div class='ocr_carea' id='block_1_47' title="bbox 497 5323 3858 5402">
    <p class='ocr_par' dir='ltr' id='par_1_47' title="bbox 497 5323 3858 5402">
     <span class='ocr_line' id='line_1_47' title="bbox 497 5323 3858 5402; baseline -0.001 -13"><span class='ocrx_word' id='word_1_477' title='bbox 497 5327 794 5389; x_wconf 84' lang='lat' dir='ltr'><em>Omnium</em></span> <span class='ocrx_word' id='word_1_478' title='bbox 823 5335 1000 5386; x_wconf 90' lang='lat' dir='ltr'><em>certe</em></span> <span class='ocrx_word' id='word_1_479' title='bbox 1030 5323 1343 5402; x_wconf 83' lang='lat' dir='ltr'><em>ejusmodi</em></span> <span class='ocrx_word' id='word_1_480' title='bbox 1372 5333 1709 5383; x_wconf 88' lang='lat' dir='ltr'><em>auctorum</em></span> <span class='ocrx_word' id='word_1_481' title='bbox 1739 5323 2154 5384; x_wconf 83' lang='lat' dir='ltr'><em>meritissimo</em></span> <span class='ocrx_word' id='word_1_482' title='bbox 2184 5326 2480 5386; x_wconf 86' lang='lat' dir='ltr'><em>BOETIUS</em></span> <span class='ocrx_word' id='word_1_483' title='bbox 2522 5326 2638 5386; x_wconf 85' lang='lat' dir='ltr'><em>tibi</em></span> <span class='ocrx_word' id='word_1_484' title='bbox 2674 5346 2743 5388; x_wconf 91' lang='lat' dir='ltr'><em>se</em></span> <span class='ocrx_word' id='word_1_485' title='bbox 2784 5330 2980 5390; x_wconf 84' lang='lat' dir='ltr'><em>sistit.</em></span> <span class='ocrx_word' id='word_1_486' title='bbox 3022 5331 3143 5392; x_wconf 84' lang='lat' dir='ltr'><em>Illi</em></span> <span class='ocrx_word' id='word_1_487' title='bbox 3179 5335 3344 5394; x_wconf 84' lang='lat' dir='ltr'><em>enim</em></span> <span class='ocrx_word' id='word_1_488' title='bbox 3381 5336 3641 5396; x_wconf 75' lang='lat' dir='ltr'><em>advena&#39;</em></span> <span class='ocrx_word' id='word_1_489' title='bbox 3682 5327 3858 5392; x_wconf 78' lang='lat' dir='ltr'><em>Galli-</em></span> 
     </span>
    </p>
   </div>
   <div class='ocr_carea' id='block_1_48' title="bbox 409 5419 3854 5511">
    <p class='ocr_par' dir='ltr' id='par_1_48' title="bbox 409 5419 3854 5511">
     <span class='ocr_line' id='line_1_48' title="bbox 409 5419 3854 5511; baseline -0 -26"><span class='ocrx_word' id='word_1_490' title='bbox 409 5443 755 5505; x_wconf 90' lang='lat' dir='ltr'><em>corumque</em></span> <span class='ocrx_word' id='word_1_491' title='bbox 802 5423 1248 5483; x_wconf 85' lang='lat' dir='ltr'><em>institutorum</em></span> <span class='ocrx_word' id='word_1_492' title='bbox 1288 5419 1546 5498; x_wconf 88' lang='lat' dir='ltr'><em>penitus</em></span> <span class='ocrx_word' id='word_1_493' title='bbox 1595 5420 1844 5499; x_wconf 85' lang='lat' dir='ltr'><em>ignari,</em></span> <span class='ocrx_word' id='word_1_494' title='bbox 1880 5439 2188 5500; x_wconf 80' lang='lat' dir='ltr'><em>prcecone</em></span> <span class='ocrx_word' id='word_1_495' title='bbox 2235 5423 2633 5502; x_wconf 79' lang='lat' dir='ltr'><em>indigebant,</em></span> <span class='ocrx_word' id='word_1_496' title='bbox 2695 5428 2826 5506; x_wconf 88' lang='lat' dir='ltr'><em>qui,</em></span> <span class='ocrx_word' id='word_1_497' title='bbox 2866 5430 3237 5506; x_wconf 66' lang='lat' dir='ltr'><em>praedicata</em></span> <span class='ocrx_word' id='word_1_498' title='bbox 3286 5453 3503 5494; x_wconf 90' lang='lat' dir='ltr'><em>eorum</em></span> <span class='ocrx_word' id='word_1_499' title='bbox 3557 5432 3854 5511; x_wconf 84' lang='lat' dir='ltr'><em>dignitate,</em></span> 
     </span>
    </p>
   </div>
   <div class='ocr_carea' id='block_1_49' title="bbox 408 5518 3856 5608">
    <p class='ocr_par' dir='ltr' id='par_1_49' title="bbox 408 5518 3856 5608">
     <span class='ocr_line' id='line_1_49' title="bbox 408 5518 3856 5608; baseline 0 -24"><span class='ocrx_word' id='word_1_500' title='bbox 408 5525 698 5603; x_wconf 85' lang='lat' dir='ltr'><em>aliquam</em></span> <span class='ocrx_word' id='word_1_501' title='bbox 733 5524 799 5583; x_wconf 82' lang='lat' dir='ltr'><em>in</em></span> <span class='ocrx_word' id='word_1_502' title='bbox 840 5523 996 5582; x_wconf 90' lang='lat' dir='ltr'><em>aula</em></span> <span class='ocrx_word' id='word_1_503' title='bbox 1029 5518 1256 5580; x_wconf 86' lang='lat' dir='ltr'><em>iisdem</em></span> <span class='ocrx_word' id='word_1_504' title='bbox 1284 5527 1698 5596; x_wconf 87' lang='lat' dir='ltr'><em>compararet</em></span> <span class='ocrx_word' id='word_1_505' title='bbox 1737 5518 2279 5580; x_wconf 84' lang='lat' dir='ltr'><em>existimationem</em></span> <span class='ocrx_word' id='word_1_506' title='bbox 2313 5540 2332 5581; x_wconf 93' lang='lat'><strong><em>:</em></strong></span> <span class='ocrx_word' id='word_1_507' title='bbox 2371 5521 2476 5580; x_wconf 84' lang='lat' dir='ltr'><em>hic</em></span> <span class='ocrx_word' id='word_1_508' title='bbox 2494 5522 2756 5602; x_wconf 86' lang='lat' dir='ltr'><em>pridem</em></span> <span class='ocrx_word' id='word_1_509' title='bbox 2788 5543 2827 5584; x_wconf 91' lang='lat' dir='ltr'><em>a</em></span> <span class='ocrx_word' id='word_1_510' title='bbox 2857 5526 3163 5608; x_wconf 72' lang='lat' dir='ltr'><em>Philippo</em></span> <span class='ocrx_word' id='word_1_511' title='bbox 3206 5531 3493 5592; x_wconf 88' lang='lat' dir='ltr'><em>Pulchro</em></span> <span class='ocrx_word' id='word_1_512' title='bbox 3533 5530 3856 5591; x_wconf 86' lang='lat' dir='ltr'><em>Galliarum</em></span> 
     </span>
    </p>
   </div>
   <div class='ocr_carea' id='block_1_50' title="bbox 408 5615 3858 5712">
    <p class='ocr_par' dir='ltr' id='par_1_50' title="bbox 408 5615 3858 5712">
     <span class='ocr_line' id='line_1_50' title="bbox 408 5615 3858 5712; baseline -0.001 -30"><span class='ocrx_word' id='word_1_513' title='bbox 408 5640 591 5702; x_wconf 85' lang='lat' dir='ltr'><em>rege,</em></span> <span class='ocrx_word' id='word_1_514' title='bbox 641 5621 1016 5681; x_wconf 84' lang='lat' dir='ltr'><em>litterarum</em></span> <span class='ocrx_word' id='word_1_515' title='bbox 1082 5619 1648 5696; x_wconf 87' lang='lat' dir='ltr'><em>litteratorumque</em></span> <span class='ocrx_word' id='word_1_516' title='bbox 1715 5615 2152 5677; x_wconf 84' lang='lat' dir='ltr'><em>amantissimo</em></span> <span class='ocrx_word' id='word_1_517' title='bbox 2208 5619 2532 5700; x_wconf 82' lang='lat' dir='ltr'><em>principe,</em></span> <span class='ocrx_word' id='word_1_518' title='bbox 2598 5621 3242 5704; x_wconf 84' lang='lat' dir='ltr'><em>honoriﬁcentissime</em></span> <span class='ocrx_word' id='word_1_519' title='bbox 3311 5640 3628 5712; x_wconf 82' lang='lat' dir='ltr'><em>exceptus,</em></span> <span class='ocrx_word' id='word_1_520' title='bbox 3683 5635 3858 5706; x_wconf 80' lang='lat' dir='ltr'><em>prope</em></span> 
     </span>
    </p>
   </div>
  </div>
