3996 6170
173 251 264 304 549
814 249 882 302 IN
925 249 1170 304 LIBROS
1216 249 1303 302 DE
1343 249 1866 305 CONSOLATIONE
1907 250 2404 307 PHILOSOPHUS.
2450 253 2984 310 PHOLEGOMENA.
3553 259 3650 311 550

170 386 538 447 domesticus
567 393 684 460 est,
738 386 1233 467 aulicorumque
1273 405 1520 446 morum
1559 397 1688 446 tam
1729 405 2002 468 gnarus,
2047 408 2236 468 quam
2272 387 2350 448 ab
2393 389 2632 449 aulicis
2675 400 2879 451 notus.
2934 390 3056 452 Illi
3094 393 3385 473 profani,
3441 397 3647 468 nulla,

171 484 284 544 nisi
324 502 509 564 quam
534 481 737 562 forte
788 503 828 543 a
875 485 1054 544 novis
1109 485 1573 564 interpretibus
1628 495 2034 563 acceperunt,
2096 487 2346 566 pietate
2415 488 2981 564 commendantur;
3043 490 3147 550 hic
3195 511 3406 564 sacer,
3459 493 3650 554 Chri-

171 583 366 642 stiana
423 581 745 660 martyris
791 582 1197 661 splendidius
1253 603 1440 664 quam
1509 584 1795 644 Romana
1842 585 2115 662 patricii
2189 586 2386 645 micat
2429 606 2753 665 purpura.
2822 587 2936 646 Illi
2992 589 3056 646 in
3133 608 3255 649 uno
3311 590 3652 665 jduntaxat

171 680 410 742 dicendi
453 698 690 760 genere
734 682 998 750 versati,
1047 691 1161 742 aut
1198 683 1477 742 solutam
1515 683 1653 742 sine
1699 681 1954 751 stricta,
2001 693 2113 742 aut
2152 683 2452 743 strictam
2495 685 2631 743 sine
2681 685 2896 743 soluta
2954 685 3312 745 orationem
3369 686 3646 747 habent:

172 781 262 839 hic
276 780 605 860 utriusque
625 780 940 840 sermonis
966 781 1452 854 scientissimus,
1483 791 1552 841 ut
1570 780 1934 860 persuadet
1962 791 2195 842 orator
2227 783 2548 862 eloquens,
2582 783 2679 841 sic
2696 793 2893 862 poeta
2929 786 3143 842 suavis
3171 783 3480 845 delectat.
3529 786 3652 845 Illi

174 877 365 945 Musis
393 876 803 938 mollioribus
829 878 1152 957 inspirati,
1197 878 1332 938 suis
1359 878 1693 938 sententiis
1719 877 1778 936 si
1808 895 1929 937 non
1963 879 2231 954 la’dunt,
2268 881 2491 940 lwsam
2524 880 2862 940 ostendunt
2884 891 3172 955 mentem,
3200 902 3384 962 quam
3413 902 3652 944 sanare

170 985 495 1055 nequeunt;
523 974 644 1049 hic,
679 975 946 1036 docente
967 977 1287 1036 severiori
1298 977 1729 1056 philosophia,
1756 978 2301 1053 perturbationes,
2330 997 2630 1040 errorum
2662 979 3090 1060 vitiorumque
3117 999 3365 1056 causas,
3393 982 3486 1040 ita
3526 981 3649 1041 de-

174 1073 338 1153 tegit,
374 1082 443 1132 ut
475 1071 562 1131 ad
583 1073 812 1132 mentis
839 1073 1115 1132 salutem
1147 1074 1415 1133 multum
1449 1073 1761 1153 conferre
1783 1095 1968 1154 posse
2000 1078 2322 1138 videatur.

237 1170 305 1228 Si
333 1186 484 1227 vero
515 1178 745 1228 auctor
776 1169 896 1229 ille
906 1169 1168 1248 faciles
1183 1170 1269 1230 ad
1298 1180 1360 1230 te
1387 1170 1684 1233 habuerit
1708 1174 1948 1247 aditus,
1977 1175 2419 1234 SERENISSIME
2450 1177 2804 1250 DELPHINE,
2831 1175 3142 1255 majorem
3163 1175 3486 1237 doctrina?
3516 1178 3650 1238 vir-

167 1270 420 1346 tutisque
443 1268 870 1326 accessionem
901 1286 970 1327 se
991 1268 1278 1345 sperabit
1290 1269 1664 1348 facturum,
1697 1290 1820 1332 non
1848 1272 2055 1331 solum
2087 1272 2151 1330 in
2197 1281 2296 1346 te;
2325 1271 2440 1331 sed
2470 1273 2534 1330 in
2579 1271 2863 1331 omnibus
2893 1273 3085 1332 etiam
3117 1273 3647 1349 adolescentibus,

169 1365 242 1424 ad
262 1383 433 1444 quos,
469 1366 646 1424 velut
672 1385 711 1424 a
742 1366 951 1443 capite
975 1366 1060 1424 ad
1089 1366 1392 1440 membra,
1426 1369 1640 1448 regia:
1669 1380 1801 1429 tua)
1828 1369 2253 1430 institutionis
2265 1368 2503 1448 forma
2533 1368 2892 1429 derivatur.

235 1463 547 1541 Magnum
575 1463 831 1543 quidem
865 1473 980 1538 est,
1017 1475 1080 1523 te
1103 1465 1599 1545 geographiam,
1648 1468 2162 1546 chronologiam,
2210 1465 2550 1525 historiam
2599 1475 2726 1525 tam
2757 1466 3109 1546 profanam
3149 1486 3336 1547 quam
3366 1487 3646 1541 sacram,

163 1561 378 1622 eximia
414 1561 774 1620 Latinitate
803 1563 1189 1634 cumulatus,
1215 1564 1703 1643 perfectissime
1726 1567 1977 1626 callere
2000 1584 2021 1637 ;
2048 1564 2162 1623 sed
2197 1564 2390 1642 longe
2420 1564 2653 1641 majus,
2695 1565 2904 1639 illius,
2947 1584 3134 1643 quam
3175 1565 3432 1624 insitam
3462 1566 3652 1625 habes

163 1680 281 1720 cum
309 1658 386 1718 de
432 1668 520 1734 te,
583 1669 714 1718 tum
759 1658 839 1719 de
887 1662 1046 1735 Deo,
1101 1663 1356 1720 notitia’
1395 1663 1936 1742 philosophicum,
1989 1660 2158 1741 quod
2199 1664 2486 1721 ‘BOE'I‘IUS
2545 1660 2648 1719 hic
2688 1662 3018 1741 suggerit,
3087 1663 3382 1740 accipere
3438 1663 3651 1722 incre-

163 1765 455 1815 mentum:
512 1755 659 1815 illa?
713 1757 943 1815 etenim
978 1757 1245 1836 priores
1279 1758 1649 1838 disciplina’
1696 1760 1844 1820 huic
1880 1759 2268 1838 posteriori,
2305 1776 2426 1817 non
2455 1777 2640 1818 secus
2680 1778 2759 1818 ac
2808 1759 3128 1838 mancipia
3175 1759 3474 1835 dominae,
3511 1759 3637 1840 fa-

165 1855 488 1914 mulantur.
531 1853 687 1914 Hac
719 1855 1184 1934 informatione
1195 1857 1504 1936 princeps
1546 1868 1727 1918 tanto
1750 1859 1953 1918 altius
1971 1858 2243 1936 populos
2271 1857 2726 1936 supereminet,
2756 1867 2992 1937 quanto
3021 1857 3124 1917 sui
3145 1859 3455 1918 conscius.
3491 1858 3651 1919 Con-

165 1953 499 2032 ditorisque
525 1954 928 2032 intelligens,
971 1954 1244 2027 divitiis,
1278 1954 1645 2029 honoribus,
1677 1957 2202 2036 voluptatumque
2228 1954 2580 2029 illecebris,
2607 1954 2831 2035 quibus
2852 1956 3086 2034 regale
3105 1956 3341 2015 solium
3370 1957 3648 2016 circum-

153 2051 334 2129 fundi
361 2051 556 2125 solet,
592 2051 990 2129 contemptis,
1034 2062 1098 2111 et
1141 2050 1522 2113 humiliores
1561 2054 1642 2113 de
1679 2054 2018 2133 semetipso
2067 2063 2129 2113 et
2168 2052 2580 2113 sublimiores
2618 2051 2696 2112 de
2724 2054 2942 2113 divina
2983 2053 3320 2133 majestate
3370 2056 3653 2134 concipit

163 2166 373 2206 sensus.
404 2148 560 2208 Non
592 2148 965 2207 omittenda:
993 2159 1181 2208 erant
1213 2169 1308 2209 ea:
1339 2169 1484 2230 quce
1503 2152 1714 2210 animo
1743 2161 1852 2212 tuo
1883 2171 2033 2212 vere
2048 2153 2239 2231 regio
2267 2153 2604 2230 impressa
2620 2162 2789 2227 sunt,
2815 2161 2994 2211 artes
3019 2152 3361 2232 ingenua’;
3382 2153 3496 2213 sed
3527 2155 3650 2214 illa

165 2265 324 2324 quam
357 2245 658 2305 BOE'I‘IUS
703 2246 1000 2324 inspirat.
1035 2246 1328 2306 humanae
1357 2248 1707 2329 divinzeque
1740 2259 2001 2309 natura:
2047 2250 2281 2308 notitia
2325 2250 2442 2308 tibi
2485 2250 2736 2309 omnino
2779 2249 3149 2308 necessaria
3197 2249 3651 2325 videtur;suis

165 2345 326 2402 etiam
357 2353 622 2422 sceptra
653 2362 774 2402 non
798 2353 1023 2403 carent
1053 2345 1359 2416 miseriis,
1395 2346 1620 2425 quibus
1634 2347 2153 2426 philosophicum
2183 2346 2355 2406 illud
2387 2347 2670 2407 consulis
2701 2346 2978 2407 Romani
3008 2346 3363 2406 remedium
3388 2347 3648 2407 utiliter

158 2451 337 2520 potest
369 2441 694 2501 adhiberi.

234 2539 528 2612 Quamvis
556 2549 769 2598 autem
801 2549 1145 2620 augustum
1176 2551 1355 2601 tuum
1385 2560 1591 2622 genus
1617 2553 1677 2603 et
1689 2542 2242 2622 praestantissima
2273 2552 2385 2602 tua
2416 2542 2704 2602 eruditio
2735 2553 2798 2602 te
2827 2542 2991 2603 adeo
3020 2543 3406 2616 evexissent,
3436 2553 3506 2602 ut
3535 2562 3647 2604 au-

165 2657 286 2698 reus
307 2638 404 2698 hic
435 2637 610 2698 liber
641 2657 873 2719 magno
897 2639 1010 2698 tibi
1039 2639 1340 2719 deinceps
1369 2643 1515 2700 usui
1545 2660 1681 2701 esse
1711 2661 1834 2701 non
1853 2651 2103 2721 posset,
2135 2640 2390 2720 grande
2413 2651 2622 2700 tamen
2645 2651 2821 2700 tuum
2845 2641 3170 2702 DELPHINI
3202 2641 3396 2702 decus
3426 2642 3494 2701 id
3515 2661 3555 2700 a
3588 2651 3650 2700 te

166 2736 387 2797 videtur
404 2738 782 2817 postulare,
818 2738 1006 2797 illum
1039 2747 1106 2797 ut
1139 2737 1373 2798 librum
1405 2739 1522 2798 tibi
1556 2739 1692 2818 legi
1733 2757 1944 2813 cures,
1997 2758 2136 2799 cum
2169 2739 2341 2798 alias
2379 2739 2453 2798 ob
2493 2758 2744 2813 causas,
2779 2750 2910 2799 tum
2943 2741 3225 2800 maxime
3257 2750 3327 2799 ut
3357 2741 3649 2801 BOETIUS

174 2833 419 2895 Gallicis
443 2835 828 2909 acadcmiis,
873 2855 912 2894 a
941 2835 1168 2916 quibus
1191 2839 1352 2916 pari
1381 2856 1507 2918 qua
1539 2838 1696 2897 olim
1740 2857 1778 2895 a
1826 2837 2132 2897 Romanis
2176 2835 2480 2895 ma’nibus
2511 2836 2832 2915 injustitia
2879 2836 3120 2896 dudum
3153 2837 3502 2912 exsulavit,
3538 2846 3648 2895 tuo

171 2935 357 3013 regali
387 2935 692 3014 exemplo
721 2935 1157 3010 restituatur;
1187 2945 1376 3014 turpe
1405 2936 1706 2994 nimirum
1736 2953 1941 3014 regno
1977 2934 2532 2995 Christianissimo
2561 2953 2817 2993 sacrum
2850 2934 3013 2993 hunc
3042 2935 3375 2994 doctorem
3423 2934 3648 3012 Virgi-

173 3032 260 3106 lio,
298 3033 621 3107 Ciceroni,
656 3034 1032 3107 Aristoteli,
1063 3034 1448 3114 ca’terisque
1477 3034 1828 3113 religionis
1863 3033 2261 3093 Christiana,
2284 3031 2565 3090 hostibus
2577 3041 2729 3111 post
2756 3032 2940 3111 poni,
2985 3049 3180 3112 eoque
3211 3033 3422 3112 magis
3451 3031 3643 3112 quod,

172 3129 264 3187 ille
289 3149 400 3190 non
431 3131 854 3211 intelligendi
883 3132 1115 3208 solum,
1149 3132 1264 3192 sed
1285 3133 1478 3192 etiam
1509 3131 1768 3191 dicendi
1795 3131 2226 3211 gravissimus
2253 3139 2486 3189 auctor
2508 3139 2571 3189 et
2596 3130 2914 3209 magister
2943 3140 3202 3192 nostras
3240 3129 3646 3190 Christiano-

170 3245 285 3285 rum
312 3231 569 3288 scholas
598 3229 1029 3308 afﬂuentibus
1055 3229 1504 3290 doctrinarum
1531 3231 1806 3290 omnium
1849 3229 2058 3308 copiis
2086 3227 2423 3296 ditaverit,
2465 3225 2992 3304 Grammaticam,
3011 3227 3273 3308 fugata
3322 3227 3642 3302 barbarie,

171 3335 387 3385 sanctos
408 3326 817 3406 fabularum
859 3347 1011 3387 usus
1055 3327 1318 3402 docuit;
1356 3327 1749 3387 rhetoricam
1801 3327 2170 3388 lectissimis
2213 3325 2419 3389 verbis
2463 3327 2938 3407 verissimisque
2987 3326 3322 3386 sententiis
3369 3325 3643 3402 ornavit,

167 3419 607 3502 philosophiam
637 3423 1033 3484 obscuritate
1062 3424 1405 3484 liberatam
1436 3425 1529 3484 ita
1562 3425 1875 3502 excoluit,
1903 3436 1972 3486 ut
1991 3425 2345 3507 quicunque
2369 3425 2516 3486 huic
2541 3443 2784 3504 parere
2808 3424 3110 3501 voluerit,
3137 3425 3193 3486 is
3223 3443 3404 3486 omne
3434 3423 3649 3484 aetatis

173 3525 380 3597 tempus
400 3523 617 3600 possit
647 3523 786 3583 sine
816 3522 1114 3582 molestia
1147 3523 1541 3602 transigere.

234 3619 451 3680 Patere
506 3639 701 3700 ergo,
766 3621 1214 3682 SERENISSIME
1257 3622 1626 3696 DELPHINE,
1686 3622 1896 3681 virum
1943 3623 2210 3700 pariter
2259 3621 2556 3698 nobilem,
2615 3621 2877 3682 doctum
2922 3633 2984 3681 et
3028 3630 3340 3693 sanctum,
3391 3621 3647 3700 regiam

173 3713 421 3793 ingredi,
463 3720 733 3779 caeteris
773 3718 1150 3780 auctoribus
1187 3719 1318 3778 tuis
1351 3719 1792 3791 annumerari,
1837 3728 1898 3778 et
1943 3719 2114 3779 inter
2155 3721 2333 3795 illas,
2381 3738 2540 3799 quas
2583 3721 2647 3778 in
2681 3719 2926 3778 litteris
2949 3719 3264 3798 feliciter
3304 3719 3643 3793 consumis,

173 3830 367 3890 operas
413 3817 534 3876 tibi
579 3817 969 3878 audiendum
1017 3817 1339 3898 proponi;
1387 3817 1795 3877 sanctitatem
1846 3816 1950 3880 hic
1999 3835 2138 3876 cum
2193 3817 2522 3888 docrrina,
2580 3825 2921 3894 utramque
2970 3834 3109 3874 cum
3167 3815 3507 3874 nobilitate
3552 3815 3650 3874 sic

173 3912 613 3976 animadvertes
645 3917 1075 3996 conjunctam,
1110 3926 1180 3976 ut
1209 3915 1523 3996 quidquid
1554 3915 1786 3975 ibidem
1820 3913 1949 3974 erit
1974 3913 2242 3988 obvium,
2272 3913 2340 3972 id
2362 3922 2642 3991 augusta
2673 3921 2785 3970 tua
2807 3911 2978 3971 haud
3000 3911 3337 3991 indignum
3363 3912 3646 3991 origine,

171 4019 220 4067 et
255 4012 330 4071 ad
359 4023 534 4073 tuam
566 4016 905 4075 scientiam
937 4015 1304 4096 augendam
1337 4025 1399 4074 et
1427 4014 1514 4074 ad
1556 4032 1860 4074 coronam
1889 4021 2223 4087 a’ternam,
2258 4011 2362 4070 cui
2394 4028 2586 4090 reges
2617 4027 2828 4070 omnes
2856 4007 3119 4069 studere
3144 4008 3393 4085 debent,
3428 4026 3648 4070 conse-

171 4109 442 4185 quendam
474 4111 843 4172 conducere
873 4114 1226 4192 plurimum
1245 4112 1483 4191 possit.
1525 4111 1798 4172 Cadomi
1830 4109 1959 4169 cal.
1993 4107 2300 4171 Novemb.
2335 4125 2498 4167 anno
2528 4107 2792 4168 Domini
2819 4104 3016 4187 167g.

1635 4341 2149 4431 PREFATIO
2176 4414 2182 4421 .

177 4475 302 4529 Inter
335 4479 581 4547 plurima
626 4479 805 4532 Boetii
837 4477 1020 4533 nostri
1066 4493 1260 4549 opera,
1294 4475 1832 4548 pnestantissimum
1870 4479 1917 4531 Α
1947 4475 2099 4528 mani
2130 4472 2457 4543 Thuringi?
2490 4489 2562 4527 an
2596 4488 2724 4544 quze
2750 4471 2952 4527 Benati
2983 4469 3188 4524 Vallini
3223 4469 3649 4524 Nannetensis?

178 4567 698 4639 celeberrimumque
731 4573 818 4623 est
856 4569 997 4623 illud
1029 4569 1182 4640 quod
1212 4567 1545 4622 inscribitur
1584 4567 1840 4621 Consola-
1951 4564 2139 4630 Plura,
2191 4562 2364 4615 etiam
2408 4561 2844 4633 diligentissime
2902 4559 3244 4630 conquisita,
3293 4559 3484 4613 videre
3532 4575 3649 4612 non

180 4655 237 4704 tio
269 4657 634 4726 philosophia.
679 4658 782 4713 Sed
830 4674 958 4728 quas
1001 4658 1275 4711 hactenus
1305 4656 1457 4711 edita
1484 4663 1618 4710 sunt
1663 4655 1836 4725 hujus
1947 4652 2127 4722 potui.
2160 4651 2268 4706 Sed
2303 4651 2424 4705 haec
2455 4651 2651 4705 omnia
2680 4655 2775 4704 aut
2805 4649 3044 4703 ridicula
3074 4653 3227 4715 sunt,
3261 4657 3362 4703 aut
3387 4648 3458 4703 ad
3489 4653 3648 4719 pate-

180 4742 337 4808 uperis
365 4747 796 4812 commentaria,
821 4747 942 4799 haec
981 4752 1098 4799 tam
1124 4745 1459 4816 imperfecta
1489 4745 1740 4810 fuerunt,
1777 4747 1840 4797 ut
1948 4740 2239 4795 faciendas
2271 4740 2453 4795 Boetii
2485 4740 2864 4810 cogitationes
2886 4737 3124 4791 minime
3156 4737 3382 4792 idonea.

181 4841 270 4880 non
301 4831 578 4886 immerito
627 4834 696 4887 ad
747 4850 916 4887 usum
970 4833 1330 4887 Serenissimi
1373 4832 1642 4902 Dclphini
1691 4847 1839 4885 nova
2020 4830 2279 4884 Primum
2313 4829 2470 4883 enim
2500 4845 2628 4898 quae
2667 4828 2721 4881 S.
2768 4828 3002 4881 Thomzn
3047 4827 3384 4881 tribuuntur
3413 4826 3472 4881 in
3503 4826 3652 4882 hanc

183 4912 368 4972 institui
397 4924 761 4977 mandentur.
798 4925 874 4977 De
907 4923 1157 4994 antiquis
1188 4922 1464 4992 novisque
1493 4938 1673 4992 pauca
1699 4937 1838 4991 prai-
1947 4920 2410 4976 Consolationem
2452 4917 2830 4988 philosophia:
2864 4917 3301 4982 commentaria,
3358 4917 3478 4971 haec
3510 4917 3649 4971 ridi-

185 5001 374 5074 loquar.
1949 5010 2078 5064 cula
2108 5013 2239 5063 sunt
2265 5025 2276 5062 :
2303 5023 2454 5074 nam,
2489 5011 2552 5060 ut
2581 5005 2804 5060 inﬁnita
2831 5007 3113 5073 omittam,
3149 5007 3278 5077 quis
3310 5010 3646 5076 tempereta

970 5102 1011 5154 Ι.
1950 5101 2086 5164 risu,
2119 5097 2363 5168 legendo
2399 5097 2518 5150 haec
2549 5095 2643 5149 lib.
2677 5111 2715 5161 Ι,
2763 5111 2914 5166 pros.
2961 5098 2977 5147 1
3010 5112 3022 5150 :
3083 5097 3263 5163 Eleys,
3309 5095 3523 5165 inquit,
3575 5098 3653 5148 est

240 5185 484 5256 Antiqua,
517 5190 778 5260 inquam,
825 5188 1227 5243 consolationis
1272 5187 1710 5260 philosophicas,
1745 5192 1844 5242 aut
1950 5190 2144 5242 civitas
2177 5187 2418 5251 Graecia,
2447 5187 2505 5238 in
2539 5201 2649 5253 qua
2669 5185 2883 5238 studuit
2916 5186 3241 5238 Aristoteles
3267 5199 3278 5240 :
3304 5184 3446 5238 unde
3462 5182 3653 5235 studia

186 5272 346 5337 potius
376 5277 562 5330 minus
588 5279 840 5333 recentia
869 5278 1285 5332 commentaria
1315 5282 1450 5330 sunt
1469 5277 1802 5347 imperfecta
1827 5292 1840 5330 :
1951 5291 2050 5330 sua
2083 5276 2344 5329 dicuntur
2375 5275 2636 5329 Eleatica.
2670 5273 2969 5328 Academia
3001 5278 3180 5327 autem
3210 5274 3325 5337 fuit
3353 5274 3546 5325 civ-itas
3570 5271 3654 5324 vel

187 5373 291 5426 quae
311 5364 455 5417 enim
486 5368 849 5422 commendes
870 5367 896 5420 ἱ)
925 5383 1066 5421 eane
1089 5383 1216 5437 quin
1238 5367 1290 5421 S.
1321 5367 1554 5420 Thomae
1578 5367 1840 5420 tribuun-
1951 5366 2103 5428 villa,
2136 5365 2195 5417 in
2223 5379 2334 5432 qua
2359 5364 2574 5418 studuit
2617 5365 2809 5428 Plato;
2844 5363 2987 5416 unde
3023 5361 3212 5415 studia
3252 5375 3354 5413 sua
3387 5360 3652 5412 dicuntur

190 5448 391 5505 tur?an
435 5469 499 5508 ea
527 5473 653 5526 quas
709 5464 838 5511 sunt
898 5456 1225 5526 Raymuudi
1283 5455 1530 5510 Palasini
1563 5454 1846 5508 Albiensis
1955 5453 2279 5507 Academici:
2301 5472 2321 5518 ,-
2340 5457 2438 5506 aut
2492 5453 2614 5506 haec
2671 5451 2765 5505 lib.
2809 5468 2868 5518 η,
2940 5453 3074 5503 met.
3119 5452 3170 5514 5,
3205 5447 3277 5501 ad
3324 5447 3431 5501 ista
3451 5448 3647 5514 verba,

194 5533 306 5590 dicti
344 5540 653 5601 Valderici?
702 5564 774 5600 an
806 5563 934 5617 qua:
973 5546 1169 5600 Jodoci
1219 5545 1378 5600 Badii
1424 5543 1723 5600 Ascensii?
1773 5559 1846 5597 an
1953 5541 2119 5612 Tyrio
2153 5541 2389 5594 miscere
2436 5555 2693 5594 veneno:
2742 5539 2964 5604 Titi-rus,
3005 5538 3102 5602 ait,
3135 5540 3214 5588 est
3255 5539 3452 5590 vermis
3495 5552 3654 5590 vene-

193 5637 301 5692 (Ιιιδξ
326 5630 545 5688 Joannis
563 5635 840 5693 Bernartii
871 5637 1060 5707 Belgae
1081 5635 1108 5689 ?
1140 5651 1212 5690 an
1243 5651 1371 5707 quae
1397 5632 1681 5691 Theodori
1701 5633 1846 5689 Sitz-
1955 5645 2135 5693 nosus,
2159 5634 2217 5684 in
2243 5631 2398 5700 cujus
2424 5631 2692 5700 sanguine
2741 5628 3037 5694 intingitur
3059 5639 3352 5694 purpura;
3392 5628 3490 5680 aut
3531 5624 3655 5678 haec
