3996 6170
1591 231 1707 285 AN.
1757 229 1964 285 MANL.
2009 228 2168 286 SEV.
2217 231 2529 288 BOETIUS.

3719 239 3820 291 552

320 356 417 410 lib.
447 372 530 422 ιιι,
574 370 728 424 pros.
763 357 828 408 8:
869 353 1206 415 Alcibiades,
1262 349 1469 420 inquit,
1509 351 1704 404 mulier
1733 353 1847 416 fuit
1891 352 2012 419 pul-
2048 354 2092 406 A
2189 353 2572 416 Quamobrem
2604 372 2668 409 ex
2701 355 2790 409 his
2807 356 3012 434 Jtribns
3073 357 3328 428 primum
3380 358 3543 414 nobis
3602 359 3824 413 videtur

320 446 611 510 cherrima,
656 458 818 511 quam
857 442 1097 495 videntes
1131 439 1357 507 quidam
1401 439 1661 506 discipuli
1699 439 2014 492 Aristotelis

322 536 597 589 durarunt
619 548 732 585 eam
757 531 830 583 ad
846 530 1208 588 Aristotelem,
1234 533 1294 580 ut
1313 531 1489 596 ipsam
1503 529 1711 580 videret
1735 544 1746 592 ;
1772 542 1881 596 qua
1896 531 2016 579 visa

323 626 505 678 dixit:
544 625 604 677 Si
643 623 878 673 homines
910 621 1120 685 lynceos
1167 618 1344 671 oculos
1379 617 1655 683 haberent,
1699 621 1758 670 ut
1789 631 2014 686 quaeque

322 714 596 768 obstantia
635 714 1004 780 penetrarent,
1055 709 1398 774 introspectis
1450 706 1764 772 visceribus,
1820 720 2012 774 corpus

324 803 468 872 quod
513 804 744 870 apparet
782 796 1235 868 pulcherrimum,
1286 797 1664 864 turpissimum
1701 795 2012 861 videretur;

322 897 420 946 aut
439 893 557 945 haec
585 888 838 959 ejusdem
869 886 994 952 lib.,
1036 890 1170 939 met.
1206 888 1256 938 8.
1293 883 1364 938 ad
1420 885 1563 952 haec,
1595 883 1825 954 Asperis
1855 884 2008 937 echi-

321 982 408 1035 nis
433 998 444 1034 :
475 981 713 1047 echinus,
746 976 954 1048 inquit,
989 980 1067 1030 est
1093 977 1262 1044 piscis
1286 989 1494 1044 parvus
1524 974 1887 1043 semipedalis,
1917 975 2014 1042 qui

319 1069 640 1125 adhaerendo
670 1067 890 1120 videtur
917 1067 1148 1119 retinere
1179 1080 1371 1118 navem
1396 1079 1407 1117 :
1435 1063 1530 1117 ubi
1549 1065 1774 1133 ὲχενηὶς,
1802 1063 2013 1117 Latinis

320 1175 562 1223 remora,
606 1173 735 1210 cum
764 1155 983 1210 echinis
1029 1153 1416 1208 confunditur.
1469 1153 1739 1208 Inﬁnitus
1797 1153 1925 1218 sim,
1965 1152 2013 1206 si

318 1265 514 1303 omnes
547 1247 718 1315 hujus
745 1243 1057 1299 commenti
1086 1243 1279 1314 potius
1305 1259 1478 1314 quam
1526 1244 1921 1297 commentarii
1951 1243 2012 1296 in

317 1339 769 1408 grammaticam,
812 1333 1052 1405 poesim,
1099 1332 1416 1399 historiam,
1459 1339 1515 1387 et
1542 1339 1794 1387 mentem
1834 1333 2012 1403 ipsius

319 1428 502 1483 Boetii
522 1441 744 1482 errores
763 1423 1100 1477 contendam
1127 1439 1486 1477 enumerare.
1509 1424 1692 1487 Quare
1714 1424 1823 1477 hoc
1867 1438 2012 1493 opus

315 1533 432 1572 non
460 1513 802 1570 crediderim
834 1530 952 1567 esse
986 1512 1038 1566 S.
1074 1512 1328 1567 Thomze.

386 1643 624 1696 Videtur
654 1642 844 1694 autem
893 1637 1000 1691 hoc
1031 1653 1172 1707 Opus
1229 1652 1350 1690 esse
1409 1637 1641 1690 Thomas
1691 1637 2006 1707 cujusdam,

314 1731 548 1786 natione
593 1728 782 1799 Angli,
828 1728 1014 1797 patria
1063 1727 1358 1792 Walensis,
1405 1726 1605 1780 ordine
1649 1725 2011 1780 Dominicani

316 1821 405 1874 cui
433 1821 603 1873 etiam
637 1817 912 1871 tribuitur
941 1816 1179 1868 Summa
1202 1816 1417 1882 logicze,
1446 1831 1572 1884 qua:
1596 1816 1762 1885 vulgo
1784 1815 1836 1870 S.
1871 1817 2014 1870 Tho-

319 1891 425 1964 mee
456 1906 753 1978 Aquinatis
786 1905 1017 1958 nomine
1063 1905 1341 1974 impressa
1374 1904 1615 1973 legitur:
1661 1905 1812 1975 quod
1855 1906 2011 1960 enim

313 1999 557 2052 Thomas
591 1996 687 2049 ille
727 1995 1010 2049 diceretur
1063 1996 1347 2061 Anglicus,
1400 2000 1454 2047 et
1487 1995 1891 2048 Dominicanus
1921 2012 2009 2048 es-

315 2093 419 2150 set,
451 2091 687 2156 propter
724 2085 990 2138 eumdem
1022 2084 1286 2137 ordinem
1320 2088 1378 2136 et
1408 2085 1718 2154 quamdam
1751 2085 2012 2154 appella—

312 2177 485 2232 tionis
515 2174 970 2230 similitudinem.
1006 2189 1195 2226 errore
1226 2174 1717 2243 typographorum
1763 2173 1870 2226 dici
1905 2191 2009 2243 po-

311 2267 422 2321 tuit
453 2265 708 2335 primum
747 2264 1058 2330 Angelicus,
1113 2267 1310 2332 postea
1357 2263 1410 2314 S.
1445 2263 1708 2315 Thomas.
1747 2262 1883 2315 Hinc
1936 2261 2010 2315 ab

311 2358 419 2410 isto
450 2358 842 2409 commentore
893 2352 989 2405 lib.
1031 2368 1094 2416 ιι,
1145 2357 1279 2404 met.
1320 2355 1365 2415 l,
1408 2351 1615 2404 citetur
1644 2352 1875 2416 Alanus,
1910 2351 2011 2421 qui

312 2462 426 2499 non
476 2444 670 2498 ﬂoruit
714 2442 825 2494 nisi
874 2442 1081 2494 smculo
1132 2440 1352 2493 decimo
1384 2445 1611 2510 quarto,
1658 2457 1786 2494 cum
1817 2445 2009 2495 tamen

311 2536 366 2589 S.
403 2535 643 2587 Thomas
681 2530 884 2584 vixerit
933 2545 1084 2582 anno
1120 2530 1275 2582 l27i.
1322 2528 1460 2582 Hinc
1498 2534 1637 2599 puto
1681 2529 1836 2583 hunc
1866 2531 2010 2584 Tho-

227 2643 233 2648 ·
314 2638 465 2676 mam
497 2620 732 2689 Anglice
765 2619 1018 2672 locutum
1050 2619 1150 2687 lib,
1197 2635 1234 2682 ι,
1269 2634 1419 2688 pros.
1466 2621 1516 2684 5,
1564 2617 1682 2685 ubi,
1715 2619 2005 2687 Coemptio,

313 2712 521 2782 inquit,
554 2715 631 2764 est
661 2710 936 2763 institutio
967 2724 1130 2777 super
1159 2709 1350 2774 aliqua
1378 2711 1620 2776 portione
1649 2707 1836 2761 danda
1866 2709 1930 2760 de
1950 2725 2009 2762 re

310 2800 537 2855 emenda
573 2801 656 2853 vel
697 2797 998 2864 vendenda,
1061 2802 1110 2850 et
1160 2800 1382 2850 vocatur
1428 2799 1734 2864 uulgariter
1767 2797 2006 2860 UNGELT,

310 2904 638 2961 quanquam
681 2888 846 2952 forte,
881 2891 1104 2939 errante
1126 2885 1506 2956 typographo,
1539 2902 1723 2939 sermo
1752 2886 1862 2939 fuit
1903 2886 2008 2939 de-

309 2984 595 3050 pravatu5°
651 2976 858 3032 Gallice
914 2975 1154 3029 dicimus
1218 2977 1515 3043 monopole.
1579 2975 1775 3029 Nescio
1828 2977 2002 3029 etiam

309 3068 596 3138 quomodo
627 3083 658 3119 a
679 3065 732 3120 S.
766 3066 984 3118 Thoma
1014 3063 1124 3118 dici
1146 3063 1424 3134 potuisset
1448 3064 1517 3118 ad
1564 3064 1740 3118 ﬁnem
1768 3067 1800 3117 2
1833 3064 2002 3119 metri

309 3157 406 3210 lib.
441 3173 479 3222 1,
515 3156 623 3209 hac
648 3153 1040 3221 Marquardus.

379 3284 456 3336 Ac
487 3297 558 3334 ne
609 3283 775 3349 putes
825 3293 915 3331 me
960 3277 1084 3330 hmc
1131 3280 1347 3331 temere
1397 3277 1635 3346 lingere,
1696 3278 1998 3332 consulere

308 3370 523 3442 poteris
571 3384 699 3421 cum
743 3367 1052 3431 Vallinum,
1090 3370 1211 3419 tum
1265 3365 1437 3420 etiam
1493 3365 1844 3431 Ascensium,
1903 3367 2002 3436 qui

309 3459 522 3531 pariter
550 3461 761 3526 negant
785 3456 836 3511 S.
870 3457 1143 3509 Thomam
1177 3471 1296 3508 esse
1330 3456 1537 3508 horum
1572 3456 2003 3509 commentario-

306 3565 435 3602 rum
463 3553 771 3600 auctorem.
805 3547 936 3615 Non.
973 3549 1151 3598 tamen
1173 3546 1424 3598 continuo
1445 3547 1620 3599 sancti
1655 3546 1865 3599 Thomm
1892 3561 2002 3599 cre-

305 3637 558 3701 diderim,
612 3635 799 3705 inquit
831 3633 1138 3688 Ascensius
1187 3632 1521 3704 praefatione
1573 3634 1634 3686 in
1673 3635 1776 3688 hos
1826 3633 2002 3689 Boetii

309 3727 502 3792 libros,
535 3741 653 3779 cum
682 3740 853 3789 neque
882 3725 1131 3792 phrasim
1153 3723 1269 3792 ejus
1298 3724 1590 3787 redoleant,
1623 3739 1794 3789 neque
1819 3726 2003 3790 fecun-

306 3817 534 3869 ditatem
561 3815 714 3868 illam
763 3813 1088 3875 mirabilem,
1126 3828 1244 3881 quae
1271 3816 1329 3866 in
1360 3816 1563 3868 caeteris
1594 3813 1856 3868 doctrinis
1883 3813 2002 3882 ejus

300 3911 398 3973 est,
431 3908 812 3974 assequuntur,
851 3918 1018 3971 neque
1050 3905 1278 3971 tempori
1305 3909 1648 3969 congruant;
1683 3919 1808 3957 nam
1829 3901 2002 3958 Alani

302 3995 582 4065 opuscula,
626 4009 780 4062 quem
821 3993 1099 4062 plusculos
1139 4007 1312 4047 annos
1359 3997 1485 4062 post
1524 3995 1701 4062 ipsum
1753 3997 1999 4046 sanctum

308 4086 561 4139 Thomam
591 4081 785 4137 obiisse
834 4082 1060 4137 tradunt
1090 4097 1275 4137 earum
1305 4097 1484 4137 rerum
1510 4085 1700 4152 periti,
1744 4097 1998 4136 nonnun-

302 4191 464 4244 quam
486 4175 743 4241 allegant.

2125 457 2239 496 non
2284 443 2563 505 sufﬁcere,
2615 446 2930 498 secundum
2975 446 3314 508 redundare,
3367 447 3605 502 tertium
3639 448 3824 519 impe-

2125 529 2380 584 dimento
2442 548 2562 585 esse
2623 533 2694 586 ad
2743 538 2998 588 mentem
3036 535 3215 591 Boetii
3245 535 3338 589 hic
3366 537 3822 607 percipiendam.

2195 621 2399 675 Postea
2430 622 2754 689 Ascensius,
2788 628 2853 678 ut
2893 623 3016 694 ipse
3054 625 3278 694 jactitat
3314 625 3586 695 praedicta
3619 625 3825 696 prmia-

2122 709 2302 773 tione,
2361 711 2544 765 docuit
2603 714 2905 767 carminum
2949 714 3106 781 leges,
3154 718 3203 766 et
3248 716 3538 781 veritates;
3587 713 3827 779 fabellas

2124 813 2333 867 quoque
2365 806 2413 854 et
2447 801 2706 855 historias
2757 802 3075 870 diligentius
3105 805 3398 865 recitavit;
3425 808 3477 856 et
3506 806 3826 858 Latinitatis

2123 892 2218 940 aut
2239 895 2463 943 servatae
2501 896 2599 944 aut
2636 892 2884 957 neglecta
2913 895 3167 946 virtutem
3199 895 3434 960 aperuit,
3467 893 3652 946 dolens
3681 893 3827 961 quod

2125 975 2310 1031 Graeca
2340 978 2501 1032 verba
2541 980 2768 1034 subinde
2798 981 3005 1034 incerta
3056 984 3292 1050 reperire
3321 997 3592 1050 nusquam
3618 986 3822 1050 potuit-

2193 1068 2264 1119 At
2287 1066 2570 1138 interpres
2621 1068 2743 1128 iste,
2781 1085 3114 1140 quanquam
3166 1070 3275 1124 sibi
3324 1087 3678 1141 magnopere
3710 1073 3828 1140 pla-

2123 1159 2264 1223 ceat,
2302 1157 2457 1226 apud
2487 1157 2628 1211 alios
2659 1161 2852 1212 tamen
2889 1160 3033 1213 male
3066 1160 3254 1214 audit:
3277 1161 3572 1215 Ascensius
3590 1159 3825 1224 Badius,

2122 1243 2314 1316 inquit
2343 1246 2672 1300 Theodorus
2699 1247 3042 1316 Sitzmanus,
3077 1248 3146 1303 de
3197 1265 3309 1320 quo
3340 1249 3533 1303 statim
3578 1249 3824 1315 dicetur,

2124 1334 2264 1388 hunc
2303 1336 2545 1401 aliosque
2571 1339 2801 1405 optimos
2832 1343 3075 1392 auctores
3097 1338 3422 1409 quisquiliis
3441 1339 3720 1404 merisque
3742 1341 3827 1405 af-

2122 1425 2294 1489 faniis
2311 1427 2619 1493 inquinare,
2639 1425 2984 1495 impudenter
2998 1427 3196 1494 dicam,
3221 1443 3293 1481 an
3305 1428 3704 1497 imprudenter,
3718 1444 3827 1482 non

2123 1513 2404 1568 abstinuit.
2433 1514 2590 1578 Quod
2613 1515 2862 1569 Ascensii
2901 1515 3106 1570 vitium
3137 1517 3396 1588 quamvis
3449 1534 3564 1571 non
3597 1522 3826 1572 consta-

2124 1608 2229 1670 ret,
2282 1604 2438 1658 idem
2485 1604 2860 1658 nihilominus
2904 1607 3207 1660 Ascensius
3245 1607 3397 1677 ipsos
3429 1623 3545 1660 non
3581 1609 3825 1662 excessit

2122 1693 2506 1763 grammatica?
2561 1695 2794 1761 limites,
2848 1696 2995 1749 ultra
3044 1712 3187 1766 quos
3230 1697 3296 1750 ad
3345 1702 3669 1750 accuratam
3717 1699 3824 1752 ho-

2119 1798 2251 1836 rum
2291 1782 2570 1837 librorum
2612 1783 3056 1855 intelligentiam
3111 1785 3325 1855 aliquid
3359 1786 3543 1856 majus
3593 1786 3823 1841 deside-

2118 1878 2297 1927 ratur.

2190 1962 2355 2016 Subit
2383 1963 2630 2016 Joannes
2687 1964 3030 2030 Bernartius,
3065 1964 3182 2035 qui,
3227 1965 3422 2034 paucis
3455 1963 3511 2018 iu
3544 1966 3816 2026 solutam.

2117 2051 2600 2123 paucioribusque
2635 2053 2696 2106 in
2747 2053 3002 2107 strictam
3050 2054 3200 2107 hanc
3250 2054 3425 2108 Boetii
3486 2056 3815 2108 orationem

2115 2140 2343 2205 notatis,
2371 2141 2624 2210 seipsum
2648 2141 2873 2196 videtur
2917 2143 3319 2197 illustrandum
3369 2144 3818 2215 ornandumque

2116 2229 2195 2283 ita
2238 2231 2571 2300 suscepisse,
2624 2238 2687 2286 ut
2719 2232 2814 2285 ubi
2845 2233 3098 2303 primum
3130 2234 3218 2288 vel
3249 2234 3546 2287 minimam
3579 2233 3819 2287 nancis-

2117 2320 2265 2373 citur
2293 2321 2648 2373 occasionem
2682 2337 2884 2374 eorum
2928 2339 3172 2392 quorum
3227 2323 3558 2376 recordatur
3619 2324 3820 2377 dicen-

2120 2408 2346 2474 dorum,
2380 2408 2503 2462 haec
2535 2409 2649 2462 sive
2683 2410 2750 2462 ad
2785 2410 3114 2464 institutum
3136 2411 3492 2480 fonnducant,
3525 2411 3643 2464 sive
3675 2428 3816 2477 non,

2118 2502 2407 2566 congerat,
2445 2513 2606 2551 suam
2656 2499 2847 2567 potius
2899 2498 3278 2552 eruditionem
3338 2515 3510 2569 quam
3563 2501 3819 2553 auctoris

2118 2594 2374 2640 mentem
2407 2589 2787 2656 expositurus.
2839 2588 2954 2653 Hic,
2994 2588 3176 2657 inquit
3228 2589 3532 2656 praedictus
3571 2589 3817 2643 Sitzma-

2118 2690 2244 2739 nus,
2283 2675 2480 2728 librum
2529 2675 2668 2729 hunc
2696 2676 2848 2729 nobis
2899 2676 3217 2730 tradidisset
3245 2679 3412 2731 multo
3444 2683 3744 2742 tersiorem,
3770 2683 3818 2732 si

2119 2764 2391 2817 licuisset:
2415 2764 2508 2817 sed
2544 2767 2842 2818 immatura
2864 2771 3032 2818 morte
3062 2766 3307 2820 sublatus
3340 2769 3397 2820 in
3419 2772 3687 2822 rationem
3722 2769 3816 2820 Li-

2117 2853 2301 2906 bitinae
2326 2855 2488 2920 venit,
2522 2855 2804 2922 telumque,
2832 2869 2994 2919 quam
3015 2859 3132 2907 erat
3161 2845 3405 2916 exorsus,
3438 2859 3816 2924 imperfectam

2048 2941 2087 2997 C
2116 2943 2359 3011 reliquit.

2185 3031 2445 3085 Succedit
2475 3031 2595 3101 ipse
2633 3031 2965 3085 Theodorus
3014 3031 3356 3098 Sitzmanus,
3407 3032 3506 3103 qui
3538 3038 3691 3086 totus
3731 3039 3813 3087 est

2112 3120 2172 3173 in
2201 3120 2614 3189 componendis
2647 3120 2816 3173 variis
2865 3120 3227 3187 lectionibus,
3282 3128 3345 3174 ut
3376 3137 3548 3190 quam
3603 3123 3812 3176 melius

2114 3225 2398 3278 exponere
2429 3225 2592 3262 sensa
2624 3209 2802 3262 Boetii
2851 3209 3274 3275 existimaverit,
3325 3209 3471 3262 hanc
3506 3213 3809 3279 expunctis

2111 3299 2333 3353 caeteris
2367 3303 2594 3351 moneat
2624 3297 3004 3350 retinendam.
3033 3321 3057 3343 «
3082 3298 3297 3361 Quibus
3334 3304 3549 3363 tamen,
3582 3305 3645 3353 ut
3685 3301 3808 3370 ipse

2113 3389 2182 3442 de
2213 3387 2518 3457 semetipso
2556 3387 2656 3450 ait,
2707 3403 2826 3439 non
2874 3403 3004 3439 raro
3045 3386 3327 3456 inspergit
3358 3387 3469 3441 alia
3515 3389 3806 3458 quaedam,

2110 3475 2198 3529 vel
2225 3491 2290 3527 ex
2327 3475 2660 3544 philologia,
2697 3475 2787 3527 cui
2814 3473 2976 3528 unice
3009 3475 3280 3528 hactenus
3301 3475 3486 3530 fuerat
3515 3477 3808 3531 addictus:

2109 3564 2197 3617 vel
2231 3579 2292 3617 ex
2319 3562 2790 3633 jurisprudentia:
2841 3564 3166 3631 politicesve
3208 3580 3398 3634 penu;
3430 3565 3518 3618 vel
3561 3581 3626 3619 ex
3675 3567 3811 3620 orbe

2109 3653 2210 3706 illo
2245 3652 2703 3722 disciplinarum,
2738 3668 2868 3723 qua:
2896 3652 3083 3707 studio
3109 3653 3404 3723 sapientiai
3432 3654 3806 3720 famulantur,

2107 3742 2302 3813 petita.
2368 3741 2521 3807 Quod
2572 3743 2834 3810 profecto,
2884 3742 3061 3808 addit,
3112 3757 3219 3796 non
3267 3744 3435 3797 aliam
3488 3744 3551 3797 ob
3582 3760 3804 3799 causam

2109 3832 2235 3898 feci,
2273 3847 2436 3898 quam
2465 3836 2528 3883 ut
2545 3835 2706 3898 grata
2731 3835 2845 3885 vice
2870 3846 3011 3885 nunc
3041 3831 3368 3899 prodessent,
3401 3847 3543 3886 nunc
3570 3832 3805 3889 delecta-

2108 3936 2242 3985 rem,
2271 3921 2365 3974 hoc
2397 3923 2496 3984 est,
2526 3921 2660 3973 utile
2691 3920 2845 3974 dulce
2888 3923 3178 3974 miscerem.
3211 3941 3240 3968 ››

2184 4009 2453 4063 Fidemne
2515 4009 2842 4063 liberaverit
2897 4025 3058 4063 suam
3085 4009 3177 4064 hic
3235 4010 3541 4081 interpres,
3606 4029 3805 4084 inquas

2108 4099 2288 4154 lector
2313 4098 2552 4168 judicet.
2605 4098 2722 4168 Ego
2755 4115 2888 4153 vero
2939 4099 3226 4164 existimo,
3268 4101 3521 4170 primum
3565 4104 3800 4173 quidem

2109 4189 2301 4258 ipsum
2319 4187 2591 4241 orationis
2614 4188 2900 4242 Boetianze
2923 4193 3272 4253 contextum,
3299 4206 3472 4261 quem
3493 4193 3797 4261 recensuit,

372 4283 587 4337 Deinde
617 4279 1031 4335 commentaria
1074 4279 1396 4350 Raymundi
1438 4277 1678 4332 Palasmi
1706 4279 1990 4335 Albiensis
2031 4281 2071 4334 D
2105 4278 2230 4333 aliis
2271 4277 2783 4348 perspicacioribus
2815 4278 2992 4332 oculis
3022 4278 3378 4348 indiguisse;
3415 4280 3622 4335 deinde
3651 4283 3800 4337 hunc

301 4373 436 4427 dicti
467 4370 744 4424 Valderici
777 4369 835 4422 in
887 4368 1066 4423 tribus
1122 4367 1443 4438 praesertim
1474 4373 1806 4423 versantur:
1849 4373 1901 4422 l°
1938 4369 1996 4424 in

301 4459 651 4516 brevissimis
673 4456 1017 4528 quibusdam
1040 4456 1339 4510 nominum
1357 4455 1576 4526 aliquot
1596 4456 1993 4512 obscuriorum

301 4547 892 4619 interpretationibus,
945 4545 1206 4615 margine
1254 4544 1387 4599 libri
1435 4544 1765 4616 inscriptis:
1823 4550 1880 4600 2°
1930 4547 1991 4602 in

301 4635 542 4708 longiori
577 4635 822 4706 quadam
863 4635 1105 4689 lectione
1153 4633 1554 4702 astronomica,
1596 4636 1668 4689 ad
1700 4652 1990 4706 exponen-

300 4728 398 4780 das
429 4726 576 4778 vices
610 4723 841 4793 Hesperi
872 4724 1221 4778 occidentem
1252 4723 1422 4777 modo
1476 4725 1790 4795 sequentis,
1821 4726 1990 4782 modo

300 4815 580 4868 orientem
629 4814 938 4884 praeeuntis
989 4813 1207 4868 solem:
1253 4815 1355 4867 Pro
1409 4827 1637 4881 quorum
1692 4815 1988 4880 intellectu,

299 4902 488 4974 inquit
535 4903 606 4956 ad
638 4906 801 4957 metr.
831 4906 860 4955 5
894 4903 989 4956 lib.
1031 4919 1067 4970 1,
1101 4906 1177 4956 est
1209 4917 1343 4971 opus
1382 4902 1773 4971 archimedare,
1810 4903 1871 4957 id
1915 4908 1992 4957 est

298 4996 547 5062 conﬁcere
604 4996 832 5061 ﬁguras,
890 5007 1123 5060 quarum
1180 4993 1428 5047 inventor
1467 4991 1813 5048 Archimedes
1855 4995 1986 5059 fuit.

302 5085 522 5138 Notetur
565 5081 698 5150 quid
727 5081 980 5147 circulus,
1043 5081 1177 5149 quid
1206 5084 1470 5147 centrum,
1502 5081 1633 5150 quid
1671 5097 1818 5150 area,
1857 5082 1992 5150 quid

296 5173 717 5238 circunfcrentia
738 5173 765 5224 Ρ
791 5170 1045 5240 Egregia;
1070 5170 1463 5224 adnotationes
1487 5168 1499 5222 ἔ
1538 5172 1594 5223 3ο
1625 5169 1686 5224 in
1721 5170 1988 5240 quaestio-

297 5261 482 5327 nibus,
530 5277 672 5330 quas
708 5263 872 5314 vocat
897 5260 1210 5316 Cratonicas
1242 5257 1390 5311 circa
1425 5258 1697 5328 quintum
1730 5260 1941 5314 librum
1971 5277 1984 5315 :

296 5351 555 5416 Quarum,
592 5348 798 5420 inquit,
823 5349 932 5403 haec
968 5347 1298 5416 principalis
1329 5347 1520 5401 volitat
1553 5351 1799 5418 quastio,
1831 5349 1987 5404 vide-

296 5441 417 5493 licet
447 5443 650 5505 utrum,
674 5437 863 5493 divina
891 5435 1236 5507 providentia
1264 5438 1540 5500 emistente,
1585 5439 1811 5493 liberum
1840 5439 1987 5494 arbi-

297 5531 463 5583 trium
491 5530 564 5582 sit
588 5528 915 5582 hominibus.
947 5525 1052 5580 Ubi
1076 5524 1358 5594 interpres
1385 5525 1481 5581 ille
1512 5527 1734 5583 videtur
1759 5533 1987 5584 senten-

296 5617 401 5672 tias
432 5617 612 5672 Boetii
647 5617 838 5672 animo
870 5630 986 5671 non
1019 5614 1536 5686 comprehendisse.

2106 4366 2481 4437 interpretem
2511 4366 2652 4420 alios
2680 4371 2942 4420 veterum
2981 4368 3260 4423 librorum
3301 4370 3649 4441 interpretes
3680 4372 3801 4426 imi-

2101 4461 2308 4523 tatum,
2342 4471 2460 4509 non
2491 4460 2609 4509 tam
2641 4455 2887 4511 aliorum
2922 4473 3095 4528 quam
3127 4459 3216 4512 sui
3247 4459 3432 4529 gratia
3468 4460 3792 4531 scripsisse:

2102 4544 2255 4600 unde
2305 4544 2384 4598 ita
2434 4544 2630 4599 citavit
2675 4544 2812 4599 alios
2844 4546 2958 4600 sive
2996 4551 3249 4600 oratores
3301 4547 3416 4602 sive
3451 4553 3672 4619 poetas,
3704 4548 3796 4620 qui

2101 4650 2260 4689 more
2298 4633 2478 4690 Boetii
2508 4633 2683 4688 locuti
2728 4634 2978 4701 fuerant,
3013 4640 3073 4689 ut
3120 4651 3251 4690 cum
3281 4652 3465 4692 unum
3503 4643 3795 4692 auctorem

2101 4723 2440 4795 suscepisset
2499 4723 2925 4795 explicandum,
2994 4725 3206 4796 plures,
3281 4726 3442 4780 nullo
3515 4728 3794 4796 exposito,

2099 4814 2267 4869 nobis
2297 4817 2580 4884 proponat
2610 4813 3092 4886 interpretandos,
3143 4814 3315 4870 homo
3360 4814 3538 4870 felicis
3574 4832 3794 4872 memo-

2099 4903 2220 4958 riae.

2170 4991 2424 5064 Denique
2456 4992 2726 5063 Vallinus,
2761 4998 2956 5050 nostro
2990 4992 3230 5066 judicio,
3278 4994 3539 5052 omnium
3579 4997 3796 5070 optime

2100 5083 2169 5138 de
2203 5083 2392 5136 Boetio
2440 5084 2678 5138 meritus
2736 5088 2857 5140 est:
2902 5089 3232 5140 contextum
3290 5087 3444 5142 enim
3478 5087 3792 5158 saepissime

2097 5177 2433 5243 corruptum
2464 5173 2835 5229 emendavit:
2893 5175 3292 5246 quamobrem,
3337 5181 3403 5232 ut
3452 5178 3574 5248 ipse
3606 5178 3678 5232 de
3731 5194 3787 5231 se

2097 5263 2192 5330 ait,
2226 5264 2452 5331 optimos
2479 5278 2715 5333 quosque
2745 5263 2951 5319 codices
3000 5267 3328 5321 consulimus
3379 5272 3792 5338 contextumque

2096 5367 2164 5407 ea:
2192 5367 2372 5407 eorum
2413 5353 2733 5422 plerumque
2787 5369 3044 5409 consensu
3098 5357 3481 5412 recensuimus.
3533 5358 3587 5413 Ii
3615 5363 3791 5412 autem

2093 5443 2246 5507 fuere
2277 5441 2381 5496 duo
2401 5457 2568 5496 manu
2596 5445 2814 5497 exarati
2839 5444 3030 5499 Sancti
3058 5445 3328 5510 Victoris;
3358 5445 3463 5500 duo
3484 5461 3551 5500 ea:
3594 5447 3786 5501 biblio-

2096 5531 2246 5584 theca
2271 5531 2499 5586 Thuana
2516 5531 2781 5597 iidemque
2795 5535 3181 5597 vetustissimi;
3195 5550 3262 5588 ea:
3279 5537 3431 5602 regia
3449 5550 3592 5591 unus
3604 5553 3624 5599 ;
3646 5539 3790 5590 item-

2094 5636 2197 5689 que
2223 5620 2328 5677 duo
2359 5623 2482 5691 mei,
2510 5621 2606 5678 sed
2632 5624 2972 5680 recentiores.
3004 5624 3216 5682 Graecus
3246 5639 3456 5696 quoque
3484 5626 3785 5682 earumdem
