3996 6170
139 269 224 320 553
767 265 835 318 IN
877 263 1126 318 LIBROS
1163 264 1258 318 DE
1298 265 1825 322 CONSOLA’I‘IONE
1867 267 2352 323 PI-IILOSOPHLE
2389 269 2924 326 PROLEGOMENA.

3506 274 3607 328 554

133 403 578 468 librorumcodez,
603 417 744 472 quos
771 401 1790 473 Graecemlerprelalusestillaximus
1826 405 1872 456 Α
1898 419 2080 470 nosse,
2134 405 2262 459 ideo
2298 406 2589 476 proposita
2639 423 2783 459 nova
2835 408 3072 461 lectione
3135 426 3286 477 vera,
3340 412 3605 466 arbitrati

140 492 402 548 Planude:
427 507 492 545 ea:
529 490 731 547 eadem
757 489 1102 546 bibliotheca
1139 491 1321 561 regia.
1359 493 1450 546 Ea:
1469 491 1640 546 editis
1667 507 1800 548 vero

136 581 460 637 Florentium
486 579 633 635 anni
666 582 797 633 l513
823 582 879 633 et
909 579 1064 635 alius
1092 579 1284 651 quivis
1313 580 1803 645 oplimus.Quine-

141 673 252 725 tiam
269 671 415 724 idem
429 669 682 722 Vallinus
701 669 978 738 quosdam
999 669 1171 739 hujus
1195 671 1454 740 opusculi
1471 671 1642 736 locos,
1663 687 1804 741 quos

136 759 458 813 obscuriores
487 759 727 828 putavit,
775 757 892 810 suis
921 758 1071 811 notis
1106 759 1394 813 illustrare
1428 765 1665 812 conatus
1698 763 1800 812 est.

136 851 405 918 Propterea
448 863 576 917 quae
621 846 884 917 Lugduni
927 848 1290 913 Batavorum,
1331 864 1536 902 novem
1597 848 1806 902 abhinc

133 938 290 1002 annis,
323 935 466 1006 typis
498 937 767 989 mandata
797 941 926 989 sunt
951 936 1267 1001 ,Variorum
1302 937 1360 990 in
1388 937 1534 990 hanc
1564 937 1807 1007 philoso-

135 1026 254 1094 phia:
276 1024 730 1077 Consolatiouem
767 1026 1198 1092 commentaria,
1240 1027 1363 1080 haec
1391 1027 1626 1079 Joannis
1663 1028 1806 1081 Ber-

134 1114 289 1181 mrtii,
343 1113 623 1167 Theodori
675 1113 969 1175 Sitzmani,
1026 1120 1081 1167 et
1135 1116 1338 1169 Renati
1387 1115 1588 1169 Vallini
1631 1115 1802 1185 notis,

132 1205 256 1258 velut
282 1206 616 1256 caementum
641 1201 760 1256 sine
793 1203 964 1269 calce,
1001 1207 1280 1257 constant.

189 1293 294 1362 lpse
322 1295 517 1345 tamen
551 1290 821 1357 Vallinus,
859 1291 1069 1344 omissa
1099 1292 1258 1345 omni
1293 1291 1595 1346 verborum
1618 1294 1802 1346 inter-

135 1381 442 1450 pretatione,
502 1381 797 1451 tacitaque
850 1381 1120 1434 Beotiana
1169 1381 1497 1452 disputandi
1563 1383 1801 1448 ratione,

135 1476 267 1524 notas
293 1469 549 1523 adhibuit
577 1473 695 1522 tam
729 1485 884 1522 raras
914 1473 1150 1541 tamque
1201 1470 1418 1535 breves,
1453 1472 1575 1541 ejus
1626 1478 1688 1524 ut
1721 1473 1801 1524 la-

136 1560 236 1622 bor,
258 1559 465 1628 alioqui
489 1558 668 1624 utilis,
704 1559 772 1611 ad
806 1560 1119 1627 perfectam
1168 1559 1341 1628 hujus
1384 1561 1572 1628 operis
1602 1561 1801 1631 cogni-

138 1649 322 1702 tionem
354 1647 676 1701 habendam
713 1647 975 1700 suflicere
1016 1664 1128 1701 non
1159 1648 1356 1718 possit.
1390 1650 1452 1702 Et
1500 1649 1620 1703 11ωο
1649 1651 1798 1704 anti-

131 1753 223 1806 qua
248 1741 390 1800 sunt,
424 1737 544 1790 sive
600 1737 790 1806 potius
845 1736 1034 1790 minus
1094 1738 1341 1791 recentia
1387 1738 1798 1793 Consolationis

130 1824 507 1895 philosophica:
540 1825 972 1879 commentaria.

907 1923 976 1977 II.

182 2012 436 2066 Prmdicta
481 2011 1029 2066 commentariorum
1079 2012 1137 2065 in
1172 2013 1631 2066 Consolationem
1663 2014 1796 2085 phi-

129 2091 446 2161 losophicam
510 2092 648 2146 vitia
705 2092 918 2162 optime
951 2091 1356 2147 animadvertit
1394 2094 1478 2146 vir
1507 2098 1573 2148 ut
1600 2098 1792 2164 gente,

129 2181 187 2232 sic
205 2181 442 2236 doctrina
476 2181 757 2252 omnique
784 2181 1059 2235 virtutum
1121 2197 1330 2251 genere
1389 2183 1796 2252 praestantissi-

132 2286 248 2334 mus,
323 2270 559 2324 Carolus
645 2271 1580 2334 Saucta-b-Iaurzeus,Montauserii
1659 2272 1794 2337 dux,

128 2358 438 2412 Serenissimi
477 2359 750 2429 Delphini
793 2359 1142 2422 moderator,
1169 2363 1342 2428 etpro
1363 2359 1640 2427 singulari
1695 2377 1797 2413 sua

130 2447 174 2500 in
198 2448 347 2503 rebus
369 2448 703 2518 principum
722 2447 1088 2501 consulendis
1111 2448 1438 2517 prudentia,
1467 2465 1618 2518 aegre
1642 2449 1793 2513 tulit,

131 2536 246 2589 facta
294 2536 728 2607 prudentissimi
787 2537 942 2590 illius
1017 2537 1221 2604 Aulici,
1303 2537 1465 2606 cujus
1545 2537 1794 2591 consiliis

129 2625 346 2694 quandiu
419 2643 562 2680 usus
625 2631 710 2680 est
764 2642 860 2679 rex
907 2625 1310 2693 Theodericus,
1372 2625 1568 2679 tandiu
1619 2625 1794 2680 vitam

131 2715 313 2783 optimo
337 2717 690 2786 imperatore
722 2715 953 2785 dignam
983 2715 1118 2785 egit,
1151 2714 1573 2768 obscurioribus
1605 2717 1793 2769 verbis

134 2803 280 2855 relata
340 2804 542 2857 latere.
603 2803 855 2873 Idipsum
931 2804 1106 2856 etiam
1159 2804 1315 2855 novit
1371 2803 1794 2868 illustrissimus

135 2890 354 2944 Ecclesia:
386 2893 662 2963 princeps
686 2893 924 2946 Iacobus
957 2891 1247 2962 Benignus
1274 2892 1616 2946 Bossuetius.
1653 2894 1794 2946 Con-

1913 509 2108 546 sumus
2167 494 2356 547 omitti
2391 511 2554 563 posse
2596 501 2849 549 veterem
2910 497 3132 563 falsam,
3183 503 3239 552 et
3273 501 3506 570 quidem
3537 521 3604 559 eo

1911 583 2224 646 lubentius,
2256 584 2408 653 quod
2462 601 2590 638 cum
2632 586 2824 638 nullus
2866 585 2979 638 fere
3013 587 3184 640 fuerit
3216 589 3387 659 hujus
3416 593 3606 662 operis

1914 671 2088 735 locus,
2121 672 2218 742 qui
2272 672 2580 742 aliquando
2613 691 2725 727 non
2785 674 2959 728 fuerit
2991 682 3310 748 corruptus,
3339 681 3408 734 ad
3439 682 3603 735 fasti-

1914 761 2074 814 dium
2106 777 2284 832 usque
2306 763 2630 830 repetenda:
2651 764 2892 816 fuissent
2922 765 3396 821 varizelectiones.
3419 769 3606 832 Quan-

1914 866 2085 919 quam
2118 866 2189 903 ne
2220 850 2353 903 huic
2380 851 2552 903 etiam
2585 851 2774 904 ofl‘icio
2807 852 3156 920 deessemus,
3201 855 3268 908 ad
3301 857 3476 910 tinem
3504 875 3604 912 no-

1914 939 2015 991 stri
2037 939 2225 1008 operis
2256 939 2438 992 varias
2461 939 2728 992 lectiones
2754 941 2959 993 Vallini
2985 944 3283 996 retulimus
3313 945 3384 998 ad
3409 961 3605 999 nurne-

1912 1044 2007 1080 ros
2040 1028 2210 1097 hujus
2245 1028 2375 1080 libri
2414 1030 2883 1083 accommodatas.

1985 1120 2036 1169 2.
2083 1117 2490 1185 Proposuimus
2545 1117 2755 1187 duplex
2803 1135 2982 1187 genus
3016 1126 3509 1191 argumentorum,
3544 1131 3607 1179 ut

1913 1220 2027 1257 una
2084 1204 2258 1257 veluti
2289 1205 2629 1274 cogitatione
2673 1205 2845 1257 lector
2897 1205 3352 1272 animadvertere
3403 1212 3600 1278 posSit,

1915 1293 2050 1362 quid
2082 1293 2139 1345 in
2170 1297 2290 1345 toto
2334 1293 2431 1346 illo
2487 1310 2658 1363 opere
2710 1299 2762 1346 et
2791 1294 3048 1363 qualibet
3078 1296 3200 1364 ejus
3226 1304 3388 1366 parte
3421 1301 3604 1351 conti-

1911 1386 2135 1434 neatur.
2172 1382 2423 1434 Primum
2456 1387 2539 1434 est
2570 1382 2696 1434 idea
2727 1383 2902 1435 totius
2934 1383 3160 1451 operis:
3212 1385 3310 1438 ubi
3345 1385 3605 1440 formatis

1913 1471 2253 1539 quibusdam
2288 1472 2905 1538 argumentationibus,
2943 1477 3196 1525 mentem
3223 1473 3452 1527 lectoris
3479 1476 3600 1528 effi-

1911 1559 2096 1612 cacius
2130 1561 2564 1624 commovendo,
2600 1561 2774 1612 Boetii
2799 1577 2963 1612 sensa
2997 1563 3176 1630 magis.
3209 1563 3604 1619 demonstrare

1914 1663 2111 1701 sumus
2163 1648 2372 1702 conati.
2431 1649 2687 1702 Alterura
2719 1654 2800 1701 est
2831 1651 3210 1704 summarium
3249 1651 3606 1723 uniuscujus-

1909 1753 2020 1807 que
2051 1738 2290 1806 capitis;
2323 1737 2378 1789 iu
2424 1753 2538 1806 quo
2592 1754 2708 1790 non
2744 1739 2928 1790 solum
2989 1739 3245 1800 dicenda,
3281 1741 3378 1793 sed
3413 1741 3605 1794 dicen-

1906 1826 2110 1880 dorum
2151 1826 2413 1880 ordinem
2444 1826 2692 1879 breviter
2718 1827 2998 1898 complexi
3031 1844 3244 1881 sumus.

1977 1919 2028 1988 3_.
2072 1915 2339 1979 Quamvis
2371 1917 2429 1968 hi
2459 1917 2631 1978 tituli,
2666 1918 2934 1972 ille/rum.
2972 1918 3178 1983 Proca,
3216 1936 3248 1971 a
3272 1917 3604 1973 recentiori-

1905 2002 2011 2056 bus
2049 2003 2255 2057 horum
2289 2004 2562 2057 librorum
2595 2004 3108 2073 interpolatoribus
3136 2007 3346 2060 fuerint
3377 2008 3604 2076 invecti,

1903 2097 1957 2146 et
1984 2094 2253 2162 juvaudu:
2277 2096 2553 2146 duntaxat
2586 2089 2876 2147 memoriae
2910 2113 3078 2149 causa
3119 2097 3388 2166 adpositi,
3418 2097 3605 2169 iisque

1903 2198 2100 2235 omnes
2135 2189 2351 2235 veteres
2389 2183 2536 2246 libri,
2572 2189 2627 2235 ct
2681 2184 2897 2252 optima
2929 2185 3103 2237 editio
3149 2186 3482 2240 Florentina
3511 2203 3603 2240 ca-

1904 2278 2082 2336 reant,
2117 2277 2177 2323 ut
2210 2272 2451 2324 advertit
2479 2271 2787 2341 prmrtictiis
2821 2273 3096 2338 Valliuus,
3139 2274 3240 2327 hos
3261 2280 3457 2329 tamen
3485 2292 3604 2330 non

1904 2360 2254 2413 omittendos
2288 2377 2409 2413 esse
2443 2361 2746 2414 duximus:
2781 2362 3055 2431 quoniam
3106 2380 3258 2417 nunc
3296 2364 3375 2417 ita
3409 2366 3467 2418 in
3495 2381 3604 2418 usn

1903 2452 2054 2513 sunt,
2090 2454 2154 2501 ut
2203 2449 2426 2518 quoties
2486 2449 2751 2501 laudatur
2801 2451 3027 2503 Boetius
3089 2452 3157 2505 de
3202 2453 3602 2507 Consolatione

1867 2537 2284 2606 philosophia:
2317 2538 2609 2604 (laudatur
2660 2544 2852 2592 autem
2912 2539 3269 2612 smmsime),
3324 2543 3493 2596 toties
3544 2544 3604 2597 hi

1901 2624 2050 2676 tituli
2099 2624 2486 2678 nominentur.
2541 2627 2687 2688 Quid
2733 2642 2864 2678 vero
2913 2627 3016 2679 has
3069 2633 3232 2681 notas
3287 2630 3604 2699 neglexisse

1905 2717 2120 2777 noceat,
2155 2719 2419 2782 expertus
2470 2717 2554 2765 est
2609 2714 2730 2782 ipse
2767 2715 3059 2769 Vallinus:
3096 2733 3228 2770 cum
3264 2719 3433 2786 hujus
3482 2720 3600 2771 edi-

1902 2801 2055 2854 tione
2087 2818 2204 2855 non
2237 2804 2358 2854 sine
2392 2819 2601 2872 magno
2632 2805 2907 2872 temporis
2958 2805 3279 2874 dispendio,
3326 2809 3393 2860 ad
3429 2808 3602 2861 ﬁdem

1900 2891 2146 2943 auctoris
2195 2891 2452 2944 Boetium
2503 2891 2844 2960 appellantis
2893 2894 3244 2962 probandam
3287 2895 3372 2948 uti
3416 2896 3602 2948 valea-

133 2979 381 3034 domeusis
413 2982 747 3053 episcopus,
803 2981 1056 3051 ejusdem
1112 2980 1472 3035 Serenissimi
1527 2981 1794 3050 Delphini
1833 2983 1874 3038 C
1904 2995 2068 3032 mus:
2102 2979 2256 3032 unde
2287 2980 2693 3032 contemnitur.

133 3076 428 3141 praeceptor,
468 3076 530 3124 et
565 3087 669 3140 pro
728 3070 933 3124 eximia
991 3087 1094 3123 sua
1147 3069 1207 3122 in
1265 3068 1473 3123 divinis
1509 3070 1795 3140 mysteriis

134 3160 363 3227 sapientia
395 3160 616 3225 doluit,
651 3159 898 3230 cogitata
947 3158 1352 3229 sapientissimi
1385 3158 1540 3211 illius
1573 3159 1793 3212 theolo-

133 3247 191 3314 gi,
214 3265 310 3318 quo
339 3249 587 3303 docente
639 3248 891 3302 humana
940 3248 1175 3301 libertas
1206 3263 1337 3301 cum
1395 3247 1586 3301 divina
1614 3249 1798 3318 provi-

133 3335 285 3390 dentia
311 3339 673 3404 conciliatur,
725 3337 1131 3408 compressiori
1187 3336 1437 3404 quodam
1479 3337 1795 3392 disserendi

137 3426 263 3480 modo
290 3429 578 3482 occultata
609 3427 884 3497 ignorari.
920 3428 980 3480 Id
1015 3442 1245 3497 quoque
1278 3425 1417 3479 vidit
1447 3426 1794 3480 clarissimus

137 3513 198 3566 vir
223 3517 404 3571 Petrus
444 3517 652 3570 Daniel
685 3517 944 3584 Huetius,
999 3519 1212 3568 nostra;
1273 3515 1561 3585 quondam
1613 3515 1793 3569 Cado-

136 3605 305 3658 mensis
336 3607 649 3661 academize
699 3605 967 3658 alumnus
994 3623 1008 3671 ;
1041 3604 1203 3674 cujus
1235 3603 1404 3658 etiam
1436 3620 1610 3673 opera
1639 3604 1794 3659 idem

133 3691 488 3749 Sergiis-vimus
517 3693 796 3766 princeps
825 3694 890 3748 ad
916 3694 1237 3746 litterarum
1269 3696 1326 3745 et
1355 3693 1652 3762 sapientiae
1674 3698 1794 3746 stu-

135 3779 202 3834 dia
228 3785 412 3847 utitur,
447 3791 505 3838 et
539 3800 648 3855 pro
670 3781 993 3836 incredibili
1017 3798 1118 3835 sua
1149 3781 1209 3834 in
1239 3781 1508 3835 omnibus
1539 3781 1793 3851 discipli-

134 3870 198 3922 nis
246 3873 565 3928 eruditione
625 3871 928 3943 ingemuit,
989 3871 1271 3941 elegantia
1332 3869 1796 3924 excellentissimi

132 3957 266 4029 hujus
291 3979 412 4016 cum
449 3961 722 4028 oratoris,
783 3966 906 4015 tum
952 3966 1160 4032 poetae,
1192 3960 1254 4013 in
1285 3976 1400 4030 quo
1428 3965 1701 4030 tanquam
1735 3960 1794 4013 in

131 4048 290 4103 ultimo
321 4051 542 4106 Roman
557 4066 726 4104 orum
758 4050 985 4104 haerede
1016 4050 1159 4104 dites
1191 4048 1440 4119 purioris
1477 4047 1795 4102 Latinitatis

128 4135 338 4208 reliquiae
367 4140 753 4195 servabantur
794 4139 1123 4204 reconditae,
1158 4138 1306 4191 dicta
1339 4138 1488 4191 inter
1525 4138 1794 4191 obscuros

130 4223 314 4282 barbari
344 4231 429 4284 sui
459 4227 661 4284 saeculi
703 4233 964 4283 auctores
996 4227 1272 4298 permista
1320 4227 1632 4281 contemni.
1671 4228 1788 4293 1118,

131 4312 342 4385 inquam,
370 4318 658 4388 111-810181³8
719 4317 916 4371 Galliae
949 4321 1162 4370 nostrae
1215 4315 1432 4370 lumina
1464 4316 1789 4386 improbam

131 4400 244 4458 hanc
269 4409 656 4478 querebantur
688 4406 887 4474 Boetii,
909 4406 1198 4477 hujusque
1220 4405 1637 4460 Consolationis
1668 4405 1790 4477 phi-

134 4489 393 4563 losophicas
428 4504 672 4562 sortem,
705 4512 835 4550 cum
858 4495 1002 4567 jussi
1034 4511 1234 4550 sumus
1262 4495 1367 4548 hos
1401 4494 1581 4549 Boetii
1609 4495 1789 4549 libros

135 4580 185 4634 ad
209 4599 354 4640 usum
378 4586 749 4642 Serenissimi
773 4584 1532 4657 Delphiuiinterpretatione
1565 4588 1619 4638 et
1639 4584 1790 4639 notis

134 4668 385 4728 adornare.
422 4676 724 4740 Meliorne,
758 4691 830 4729 an
863 4674 1112 4729 deterior
1149 4674 1456 4745 praeteritis
1502 4674 1790 4729 videbitur

136 4764 289 4814 uoster
317 4763 405 4817 hic
436 4765 604 4818 labor
657 4781 770 4818 non
819 4780 1122 4835 possumus
1179 4763 1473 4818 divinare:
1511 4763 1604 4818 sed
1635 4779 1791 4834 prea—

135 4850 329 4918 scriptas
353 4853 521 4906 nobis
555 4853 682 4919 has,
717 4867 846 4924 quas
875 4857 1218 4924 sequuntur,
1253 4854 1406 4921 leges
1449 4869 1514 4906 ea
1546 4869 1658 4922 qua
1684 4868 1790 4922 po-

135 4936 310 4993 tuimus
352 4941 656 5012 diligentia
712 4943 1010 4996 observare
1071 4941 1417 5008 studuimus,
1476 4941 1544 4994 ad
1576 4957 1790 5011 perpe-

133 5025 262 5079 tuum
292 5029 595 5100 singularis
626 5032 880 5084 inDeum
912 5030 1140 5101 pietatis
1166 5047 1179 5097 ;
1205 5030 1263 5084 in
1279 5047 1473 5099 regem
1487 5030 1790 5084 observan-

134 5110 234 5178 tiae;
260 5117 381 5170 etin
403 5118 623 5172 litteras
653 5119 864 5172 amoris
895 5124 1364 5172 monumentum.

194 5205 338 5258 t.Usi
388 5224 586 5261 sumus
625 5208 871 5262 lectione
918 5224 1113 5279 quam,
1167 5207 1442 5261 consultis
1470 5206 1793 5261 sanioribus

134 5287 281 5360 libris,
332 5297 619 5352 recensuit
669 5298 920 5352 Reuatus
969 5298 1246 5364 Vallinus,
1307 5297 1557 5368 exceptis
1598 5298 1794 5367 paucis

136 5382 331 5437 vocibus
384 5403 545 5456 quas,
618 5393 683 5442 ut
744 5388 958 5442 ibidem
1016 5387 1375 5455 monuimus,
1430 5386 1794 5440 validissimis

138 5470 442 5539 conjecturis
486 5477 728 5530 convicti
773 5477 1077 5531 mutandas
1131 5476 1600 5530 existimavimus.
1637 5476 1794 5538 Quo-

139 5557 267 5614 niam
291 5579 418 5618 vero
448 5581 651 5634 parum
680 5567 936 5633 interest,
984 5567 1255 5621 lectorem
1283 5570 1544 5620 veterum
1575 5580 1795 5619 errores

458 5656 729 5723 PATROL.
783 5657 1003 5723 LXIII.

1973 3070 2025 3121 4.
2071 3069 2289 3122 Genera
2338 3084 2628 3134 versuum,
2689 3069 2897 3138 quibus
2925 3069 3018 3122 hic
3056 3085 3193 3123 usus
3225 3074 3308 3124 est
3347 3071 3596 3137 Boetius,

1903 3157 2211 3227 propositis
2242 3173 2438 3210 eorum
2471 3158 2714 3227 legibus,
2767 3143 2896 3212 ante
2929 3159 3376 3221 nominavimus,
3423 3178 3600 3232 quam

1903 3247 2238 3300 eorumdem
2270 3247 2802 3317 interpretationem
2836 3253 2892 3300 et
2920 3253 3082 3301 notas
3113 3251 3558 3319 aggrederemur
3584 3267 3597 3304 :

1903 3337 2057 3406 quod
2102 3352 2168 3389 ex
2217 3337 2306 3389 his
2364 3335 2530 3406 plura
2587 3337 2708 3390 sint
2760 3337 2950 3390 minus
3016 3337 3246 3403 usitata,
3297 3339 3599 3409 tyronibus

1904 3425 2255 3496 praesentim,
2290 3441 2537 3496 quorum
2570 3424 2754 3495 gratia
2786 3426 3006 3480 tirascas
3036 3443 3268 3498 quoque
3300 3429 3596 3497 dictiones,

1903 3515 2109 3584 quibus
2141 3515 2200 3568 hi
2230 3531 2424 3567 versus
2476 3515 2789 3584 significari
2847 3517 3031 3569 solent
3059 3521 3260 3586 utpote
3307 3519 3598 3572 obscurio-

1901 3619 2015 3668 res,
2047 3603 2373 3658 vitavimus.
2429 3605 2632 3656 Versus
2664 3603 2723 3656 hi
2774 3603 3111 3674 multiplicis
3163 3610 3296 3659 sunt
3351 3607 3602 3676 generis,

1901 3708 2008 3746 nec
2061 3693 2297 3746 interest
2354 3693 2687 3757 numerari;
2744 3695 2842 3746 sed
2899 3694 3174 3759 carmina,
3229 3711 3358 3770 quae
3417 3713 3482 3749 ex
3515 3696 3602 3750 his

1902 3782 2158 3835 versibus
2189 3787 2466 3844 constant,
2505 3782 2575 3834 ad
2610 3798 2703 3834 sex
2736 3787 2792 3835 et
2825 3782 3030 3852 viginti
3063 3799 3277 3853 genera
3330 3801 3601 3838 revocan-

1902 3876 2016 3924 tur.

1973 3964 2023 4013 5.
2069 3958 2428 4029 Subjecimus
2476 3959 3033 4030 interpretationem,
3096 3962 3303 4015 strictae
3365 3964 3603 4033 quidem

1903 4049 2176 4102 orationis
2205 4048 2618 4116 continuatam,
2653 4049 2854 4102 solutae
2883 4065 3016 4103 vero
3051 4050 3434 4120 interruptam
3467 4069 3479 4119 ;
3513 4070 3604 4108 eo-

1905 4154 2029 4191 rum
2066 4154 2242 4201 more,
2287 4137 2386 4207 qui
2426 4142 2556 4190 ante
2588 4154 2690 4190 nos
2739 4137 2902 4206 jussu
2963 4135 3230 4190 Ludovici
3267 4138 3470 4206 Magni,
3533 4139 3602 4192 ad

1903 4243 2071 4280 usum
2131 4227 2492 4281 Serenissimi
2551 4225 2816 4296 Delphini
2871 4225 2930 4279 in
2990 4230 3187 4294 poetas
3230 4227 3601 4295 scripserunt,

1899 4321 1999 4370 aut
2047 4320 2300 4370 oratores
2357 4316 2623 4382 Latinos;
2666 4321 2731 4368 ut
2791 4313 2890 4384 qui
2953 4313 3342 4367 adolescentes
3399 4315 3603 4369 litteris

1898 4421 2131 4476 operam
2157 4409 2389 4471 navant,
2419 4405 2507 4458 his
2539 4404 2683 4458 nihil
2715 4403 3071 4457 desideretur
3101 4419 3324 4469 eorum,
3361 4420 3490 4473 quas
3532 4405 3605 4458 ad

1898 4494 2175 4563 majorem
2202 4494 2263 4547 in
2301 4493 2519 4547 artibus
2551 4492 2815 4564 ingenuis
2846 4491 3165 4563 profectum
3214 4492 3435 4563 possint
3464 4508 3605 4546 cou-

1898 4583 2068 4637 ferre.

1971 4676 2018 4725 6.
2054 4673 2226 4726 Notas
2258 4677 2481 4725 nostras
2511 4671 2839 4725 addidimus
2867 4689 2879 4736 ;
2912 4687 3026 4724 non
3059 4671 3182 4730 illas
3215 4669 3449 4740 quidem
3483 4671 3606 4725 lon-

1901 4760 2111 4830 giores,
2149 4776 2218 4813 ne
2245 4761 2478 4813 inanem
2507 4759 2889 4814 eruditionem
2930 4759 3266 4813 viderentur
3286 4764 3602 4828 ostentare;

1900 4866 2087 4920 neque
2116 4849 2285 4903 etiam
2336 4849 2643 4913 breviores,
2699 4865 2770 4902 ne
2812 4853 3140 4902 nostrorum
3173 4851 3607 4904 commentario-

1900 4956 2031 4993 rum
2062 4940 2172 4992 alia
2204 4939 2517 5010 quaerenda
2549 4943 2742 4992 essent
2777 4939 3234 4993 commentaria:
3277 4939 3373 4992 sed
3411 4940 3480 4993 ad
3509 4940 3605 5009 ju-

1901 5029 2152 5083 ventutis
2189 5044 2351 5081 usum
2377 5032 2598 5098 aptatas
2629 5044 2640 5081 :
2671 5028 2728 5082 id
2761 5029 2977 5099 quippe
3004 5046 3184 5082 unum
3209 5033 3483 5099 optarunt
3504 5029 3609 5082 viri

1902 5117 2330 5188 sapientissimi,
2389 5133 2634 5188 quorum
2697 5119 2850 5171 curis
2921 5120 3228 5173 commissa
3285 5120 3395 5172 fuit
3450 5120 3608 5188 regia

1903 5207 2266 5262 Serenissimi
2322 5207 2588 5277 Delphini
2638 5207 2943 5262 institutio.
2999 5209 3092 5263 Sic
3152 5208 3395 5278 principi
3445 5207 3605 5261 insti-

1909 5297 2128 5351 tuendo
2161 5297 2473 5364 studentes,
2526 5297 2764 5368 reliquae
2795 5297 3079 5367 juventuti
3116 5297 3489 5358 informandaa
3528 5297 3612 5350 1a-

1912 5387 2287 5447 boraverunt,
2325 5387 2394 5440 ad
2427 5402 2715 5440 summum
2749 5387 3077 5456 reipublicae
3125 5385 3417 5439 litterariae
3465 5403 3612 5441 com-

1907 5476 2167 5541 modum,
2199 5473 2477 5544 regnique
2504 5475 2700 5529 Gallici
2733 5476 2924 5528 decus.

1972 5567 2028 5616 7.
2071 5562 2272 5633 Operae
2326 5563 2574 5632 pretium
2630 5562 3104 5628 existimavimus,
3158 5563 3450 5634 integrum
3498 5565 3610 5620 hoc

3170 5660 3249 5719 18
