3996 6170
351 220 454 269 555

1612 222 1727 273 AN.
1779 221 1997 274 MANL.
2048 219 2204 276 SEV.
2249 222 2570 277 BOETIUS.
3739 234 3831 285 2-3-56

347 366 492 420 opus
521 351 994 421 interpretatione
1025 356 1080 406 et
1108 350 1258 405 notis
1281 350 1632 404 illustratum
1654 351 1878 405 duobus
1903 352 2037 406 hinc
2075 358 2121 409 Α
2151 354 2428 408 meritatis
2489 354 2813 426 praemium.
2869 356 2992 410 Non
3047 356 3242 409 omnia
3297 357 3580 425 novimus,
3645 359 3838 414 doceri

340 439 476 493 inde
524 440 813 510 interponi
851 439 1171 506 indicibus;
1235 455 1480 509 quorum
1516 439 1675 509 prior
1705 445 1793 494 est
1843 457 2036 495 rerum

337 528 778 600 praecipuarum,
809 545 933 598 quin
967 529 1026 581 in
1048 533 1166 582 toto
1195 528 1301 581 hoc
1331 545 1501 598 opere
1534 529 1815 599 explicato
1849 545 2038 583 occur-

341 623 510 685 runt;
566 617 846 688 posterior
895 618 1323 684 vocabulorum,
1376 633 1504 687 quae
1543 617 1602 670 in
1659 618 1747 672 his
1779 604 2036 688 quinque

338 706 751 761 Consolationis
785 706 1191 777 philosophical
1225 706 1383 760 libris
1430 707 1742 776 leguntur:
1789 707 1888 760 ubi
1931 723 2036 761 cu-

337 796 589 850 ravimus
620 796 892 849 vocabula
931 812 1060 866 quae
1107 795 1270 849 nobis
1311 796 1429 848 visa
1478 801 1612 849 sunt
1639 796 1901 863 barbara,
1938 801 2037 850 aut

335 886 538 940 saltem
569 884 759 938 minus
795 883 1009 950 Latina,
1044 884 1280 937 diversis
1307 884 1729 938 characterihus
1761 883 2032 938 formari:

334 979 399 1028 ut
427 975 600 1028 lector
627 974 683 1027 id
713 973 1036 1027 Latinitatis
1069 973 1274 1027 vitium
1321 979 1670 1042 moneretur,
1704 991 1808 1027 nec
1841 978 2034 1028 nostra

335 1068 528 1117 tamen
559 1063 976 1117 commentaria
1032 1063 1519 1134 frequentioribus
1567 1063 1848 1133 ejusmodi
1882 1063 2035 1118 notis

330 1157 645 1224 turgerent.
682 1154 737 1208 Si
772 1159 1032 1208 nostrum
1061 1153 1170 1206 hoc
1201 1169 1404 1206 ausum
1439 1152 1718 1206 doctiores
1753 1153 2034 1206 excitave-

331 1245 405 1296 rit
439 1243 508 1296 ad
551 1242 983 1306 absolvendum,
1043 1243 1266 1311 prolata
1302 1242 1660 1308 auctoritate,
1695 1241 1927 1311 aliquod
1960 1256 2028 1294 ex

331 1331 613 1402 ejusmodi
643 1331 955 1398 vocabulis,
988 1331 1044 1385 id
1070 1347 1188 1385 non
1227 1332 1518 1402 ingratum
1550 1331 1658 1385 erit
1709 1337 1917 1384 nostra
1949 1336 2035 1384 te-

2146 459 2374 514 semper
2403 444 2775 514 paratissimi.

2219 533 2370 586 Nihil
2402 533 2648 604 denique
2677 534 2920 588 istorum
2954 534 3216 588 omnium
3249 535 3411 604 prius
3446 537 3838 607 attingendum

2145 621 2404 674 arbitrati
2449 639 2664 689 sumus,
2727 640 2899 692 quam
2949 623 3127 677 instar
3183 625 3427 677 aliorum
3485 624 3838 678 Serenissimi

2147 711 2417 780 Delpliini
2444 711 2785 781 scriptorum
2807 716 3290 782 proposuerimus,
3331 717 3384 765 l°
3419 713 3604 767 Vitam
3630 713 3835 769 Boetiif

2145 794 2204 844 2°
2245 793 2575 847 testimonia
2605 795 2894 848 variorum
2925 812 3055 849 cum
3087 796 3154 850 de
3185 795 3380 849 Boetio
3427 800 3553 849 tum
3581 795 3651 849 de
3704 795 3840 865 ejus-

2146 879 2276 934 dem
2307 881 2568 953 scriptis;
2603 885 2661 936 3°
2694 885 3023 953 generalem
3080 886 3362 939 librorum
3425 885 3839 939 Consolationis

2145 969 2557 1042 philosophicas
2607 971 2832 1039 ideam;
2871 974 2929 1024 4ο
2963 974 3213 1044 aliquam
3248 974 3534 1043 ejusmodi
3563 973 3840 1028 librorum

2145 1075 2482 1114 censuram:
2517 1061 2640 1115 haec
2689 1063 2846 1114 enim
2883 1062 3127 1132 quilibet
3158 1063 3365 1117 horum
3395 1063 3746 1132 scriptorum
3777 1064 3843 1117 de

2143 1165 2246 1202 suo
2264 1155 2493 1204 auctore
2515 1150 2746 1220 praefari
2769 1151 3070 1205 consuevit
3093 1169 3107 1217 ;
3128 1152 3174 1204 si
3197 1152 3485 1222 exceperis
3508 1153 3837 1222 generalem

2145 1239 2332 1308 operis
2363 1239 2572 1298 ideam.
2597 1241 2760 1310 cujus
2784 1241 3112 1312 exemplum
3136 1242 3240 1294 etsi
3271 1257 3386 1296 non
3410 1243 3752 1310 habeamus,
3776 1260 3842 1296 ex

2143 1327 2268 1398 ipsa
2297 1333 2511 1395 tamen,
2543 1329 2627 1382 uti
2655 1347 2972 1400 speramus,
2999 1346 3114 1384 non
3141 1330 3446 1384 mediocris
3473 1331 3696 1386 utilitas
3725 1333 3842 1385 erit.

1143 1634 1326 1720 AN.
1387 1632 1717 1724 MANL.
1781 1633 2294 1718 SEVERINI
2345 1631 2720 1718 BOETII
2768 1633 3059 1718 VITA.

1151 1793 1193 1845 Ι.

401 1899 629 1955 Boetius
661 1902 827 1953 natus
860 1902 942 1952 est
968 1898 1166 1952 Romae
1201 1897 1304 1968 (a),
1361 1899 1506 1952 circa
1543 1914 1761 1952 annum
1796 1896 2027 1952 Domini

331 1988 949 2060 quadringestesimum
981 1986 1470 2057 septuagesimum
1500 1988 1785 2058 quintum,
1821 2003 2026 2057 aequa:-

331 2096 428 2132 vus
454 2080 660 2134 Joanni
681 2094 905 2132 summo
938 2076 1228 2148 pontiﬁci;
1254 2077 1471 2130 .lustino
1491 2076 1822 2147 imperatori
1846 2093 1857 2141 ;
1899 2077 2028 2130 Ful-

329 2169 546 2238 gentio,
583 2167 842 2222 Ennodio
891 2172 946 2220 et
989 2165 1328 2221 Cassiodoro
1382 2167 1708 2220 doctoribus
1767 2165 2028 2219 ecclesia-

329 2257 498 2310 sticis.
533 2257 751 2310 Nomen
783 2272 1078 2325 genusque
1127 2255 1327 2308 matris
1357 2271 1474 2308 non
1526 2255 1768 2320 scimus;
1803 2254 1901 2306 sed
1933 2269 2030 2322 pa-

329 2350 413 2398 ter
447 2345 566 2414 ejus
596 2345 704 2398 fuit
723 2344 957 2398 Anicius
990 2343 1228 2398 Manlius
1258 2344 1480 2396 Flavius
1513 2343 1767 2408 Boetius,
1798 2343 1884 2394 vir
1907 2342 2026 2410 ipse

329 2434 660 2503 consularis,
711 2433 863 2486 illius
929 2432 1108 2485 Boetii
1170 2431 1342 2496 illius,
1376 2431 1477 2501 qui
1519 2431 1594 2501 (ὁ)
1629 2431 2026 2501 praefecturam

327 2522 582 2592 praetorii
628 2539 848 2592 gerens,
910 2522 1230 2591 imperante
1283 2519 1678 2573 Valentiniano
1719 2524 1841 2572 tum
1875 2519 2026 2572 inte-

325 2618 585 2682 remptus
614 2612 737 2679 fuit,
772 2627 902 2664 cum
932 2610 1127 2665 Aetius
1159 2608 1456 2680 patricius,
1500 2609 1610 2662 dux
1659 2608 2024 2674 fortissimus,

261 2733 265 2736 ν
327 2702 487 2772 cujus
513 2701 859 2755 utlaborum
892 2700 971 2753 sic
1015 2698 1382 2752 victoriarum
1434 2698 1529 2751 illc
1561 2713 1790 2766 semper
1841 2698 2028 2751 fuerat

326 2791 631 2862 particeps,
665 2791 925 2862 ejusdem
948 2788 1312 2860 imperatoris
1351 2804 1528 2841 manu
1559 2787 1889 2840 interfectus
1919 2791 2021 2841 est.

1151 2914 1221 2968 Π.

398 3040 497 3094 Hic
533 3043 748 3106 autem,
789 3039 858 3092 de
890 3053 1004 3108 quo
1051 3053 1206 3091 nunc
1263 3037 1509 3106 agimus,
1540 3040 1741 3090 auctor
1791 3040 2026 3090 vocatur

327 3130 396 3199 (ο)
421 3127 658 3183 Anicius
703 3125 960 3180 Manlius
1018 3125 1326 3180 Severinus
1368 3126 1620 3189 Boetius,
1667 3126 2023 3196 praenomine

327 3217 540 3270 scilicet
569 3214 792 3269 nomini
839 3213 1284 3284 cognominique
1346 3215 1680 3283 postposito.
1735 3214 2023 3268 Nimirum

325 3306 433 3359 hoc
464 3311 583 3359 erat
607 3307 667 3358 in
699 3319 807 3358 usu
854 3303 1006 3374 apud
1035 3303 1390 3372 antiquiores
1421 3303 1725 3368 Romanos,
1768 3308 1830 3355 ut
1866 3303 2022 3357 idem

326 3395 498 3447 homo
529 3393 716 3447 tribus
748 3392 1057 3462 aliquando
1091 3392 1405 3444 donaretur
1430 3391 1879 3460 appellationum
1914 3407 2015 3461 ge-

327 3484 577 3551 neribus,
635 3499 763 3553 quae
818 3481 1156 3535 dicebantur
1189 3480 1264 3550 (d)
1316 3495 1669 3550 praenomen,
1721 3496 1934 3535 nomen
1967 3487 2022 3536 et

2073 1794 2112 1846 B
2141 1791 2256 1856 liae,
2281 1806 2527 1861 quarum
2545 1792 2802 1859 alteram,
2822 1791 3095 1844 nimirum
3109 1791 3448 1846 Manliorum
3471 1807 3576 1862 per
3595 1795 3843 1861 patrem,

2137 1881 2375 1934 alteram
2400 1879 2664 1934 videlicet
2691 1881 3096 1934 Severinorum
3122 1897 3227 1951 per
3255 1887 3499 1935 matrem
3537 1883 3801 1950 attigerit
3829 1899 3840 1935 :

2137 1969 2253 2023 sive
2288 1969 2489 2023 eadem
2519 1969 2692 2022 fuerit
2724 1970 2941 2022 familia
2967 1970 3307 2040 cognomine
3338 1971 3515 2024 altero
3555 1971 3716 2024 dicta
3747 1971 3840 2025 Se-

2136 2059 2486 2125 verinorum,
2521 2063 2752 2127 propter
2781 2058 2941 2112 illam
2991 2060 3372 2126 severitatem,
3428 2077 3540 2130 qua
3572 2061 3632 2113 T.
3693 2061 3842 2114 Man-

2135 2147 2265 2213 lius,
2299 2147 2397 2217 qui
2428 2147 2499 2202 ob
2531 2148 2846 2201 detractum
2880 2149 3169 2201 Gallorum
3195 2149 3325 2202 duci
3353 2165 3384 2202 a
3413 2165 3472 2202 se
3497 2149 3687 2201 occiso
3722 2155 3839 2203 tor—

2131 2253 2318 2307 quem,
2353 2237 2483 2290 inde
2516 2236 2792 2306 Torquati
2809 2253 3130 2306 cognomen
3152 2237 3213 2290 in
3237 2237 3510 2291 familiam
3535 2238 3762 2303 intulit,
3785 2239 3840 2292 ti-

2134 2327 2248 2380 lius
2281 2326 2359 2397 (g)
2390 2325 2573 2379 securi
2605 2326 2745 2379 credi
2769 2327 2958 2396 jussit,
2992 2327 3145 2396 quod
3186 2332 3381 2380 contra
3421 2327 3703 2393 edictum,
3737 2328 3843 2380 du-

2135 2419 2358 2469 ctorem
2387 2415 2840 2469 Tusculanorum
2862 2415 3137 2484 singulari
3170 2415 3480 2469 certamine
3514 2432 3838 2486 provocan-

2134 2510 2252 2558 tem
2283 2504 2646 2558 interfecerit.
2682 2505 2769 2559 Sic
2813 2505 3045 2575 proprio
3077 2506 3310 2558 nomine
3344 2505 3550 2559 dicitur
3577 2505 3840 2570 Boetius,

2135 2593 2250 2646 sive
2274 2598 2336 2647 ut
2354 2593 2696 2664 quibusdam
2719 2593 3394 2660 seribiturBoethius,aut
3412 2594 3536 2647 aliis
3558 2595 3837 2663 Boethus,

2134 2682 2204 2736 ab
2236 2683 2466 2750 auxilio,
2501 2682 2656 2753 quod
2717 2683 2958 2751 primus,
2993 2683 3085 2736 cui
3143 2682 3295 2736 istud
3340 2699 3676 2753 praenomen
3734 2685 3841 2738 fuit

2133 2770 2488 2841 impositum,
2522 2771 2691 2824 tulit:
2729 2769 2920 2842 βοηθὸς
2962 2772 3175 2842 quippe
3202 2771 3407 2826 Gracis
3441 2779 3527 2826 est
3557 2773 3834 2841 adjutor:

2132 2865 2433 2930 propterea
2464 2861 2656 2931 plures
2688 2861 2847 2927 olim,
2883 2866 2944 2914 ut
2969 2861 3122 2931 apud
3154 2861 3232 2931 (h)
3268 2862 3575 2929 Laertium,
3613 2863 3840 2917 Plutar-

2133 2949 2301 3004 chum
2338 2949 2426 3020 (i),
2450 2949 2642 3019 ipsum
2661 2955 2920 3004 nostrum
2940 2951 3004 3018 (α’)
3027 2955 3320 3004 auctorem
3344 2951 3451 3005 hoc
3471 2952 3838 3021 prmnomine

2134 3038 2328 3092 donati
2353 3043 2504 3093 sunt.

2935 3128 3054 3181 IIl.’

2204 3216 2345 3270 Cum
2371 3233 2503 3270 vero
2535 3221 2725 3270 noster
2759 3217 2987 3270 Boetius
3021 3216 3099 3287 (lc)
3144 3216 3443 3272 duodecim
3491 3219 3701 3273 saltem
3735 3237 3834 3274 an-

2131 3305 2219 3358 nis
2248 3310 2414 3358 natus
2447 3304 2731 3359 amisisset
2761 3310 2997 3375 patrem,
3027 3305 3117 3358 hic
3153 3305 3219 3374 (ἰ)
3241 3306 3556 3360 amicorum
3590 3309 3833 3378 propin—

2131 3410 2492 3464 quorumque
2524 3394 2674 3447 curis
2700 3394 3059 3460 commissus,
3094 3394 3289 3448 Romae
3318 3397 3592 3464 primum,
3629 3403 3832 3467 postea

2131 3481 2231 3553 (τη)
2263 3483 2503 3538 Athenis
2529 3483 2746 3537 studuit
2769 3500 2781 3537 :
2813 3483 2910 3536 ubi
2933 3483 2992 3536 in
3018 3484 3407 3553 grammatica,
3432 3485 3829 3557 philosophia,

323 3589 661 3642 cognomen.
711 3574 1074 3636 Pramomen,
1103 3575 1172 3624 ut'
1197 3586 1298 3622 vox
1329 3569 1449 3638 ipsa
1478 3572 1662 3634 sonat,
1696 3573 1782 3622 est
1813 3570 2020 3638 appel—
2053 3587 2081 3596 -
2129 3571 2663 3642 mathematicisque
2702 3571 3017 3642 disciplinis
3048 3577 3270 3626 tantum
3295 3574 3549 3644 profecit,
3577 3582 3639 3629 ut
3662 3579 3833 3647 plura

326 3664 482 3728 latio,
515 3678 642 3733 quae
674 3659 1051 3731 appel.ationi
1081 3659 1266 3728 gentis
1296 3657 1554 3727 praeponi
1585 3659 1767 3711 solet:
1829 3659 2022 3728 qualia

324 3757 457 3804 sunt
487 3751 726 3804 nomina
754 3765 880 3820 quae
911 3749 1062 3818 apud
1095 3765 1197 3800 nos
1225 3751 1498 3799 vocantur
1519 3747 1772 3816 propria,
1811 3753 1874 3800 ut
1903 3749 2019 3801 Lu-

322 3841 588 3905 dovicus;
614 3855 844 3904 nomen,
866 3835 1175 3907 appellatio
1199 3836 1406 3905 gentis,
1433 3841 1496 3888 ut
1516 3836 1896 3902 Hectorides;
1923 3853 2016 3889 co-

324 3946 596 4000 gnomen,
616 3927 926 3998 appellatio
952 3925 1183 3978 familiae
1203 3924 1457 3994 ejusdem
1483 3925 1689 3994 gentis,
1715 3931 1777 3978 ut
1814 3926 2020 3980 Borbo-

321 4018 502 4073 nides.
539 4019 608 4071 Ut
639 4021 830 4070 autem
871 4032 1022 4085 saepe
1073 4031 1408 4085 pramomen
1442 4014 1681 4078 nomini,
1713 4020 1767 4068 et
1806 4031 2018 4068 nomen

321 4107 654 4180 cognomini
684 4106 822 4160 olim
854 4105 1333 4175 anteponebatur,
1367 4103 1446 4157 sic
1479 4121 1597 4156 non
1629 4120 1777 4169 raro,
1812 4104 1878 4174 (ε)
1924 4105 2018 4157 in-

318 4215 481 4253 verso
513 4197 735 4263 ordine,
764 4200 827 4249 ut
859 4211 1012 4248 nunc
1047 4194 1246 4264 positis
1279 4193 1512 4246 nomine
1544 4198 1600 4245 et
1651 4193 2013 4261 cognomine,

319 4304 650 4360 praenomen
684 4285 1110 4353 subjiciebatur.
1145 4284 1233 4337 Sic
1264 4299 1399 4352 ergo
1443 4288 1639 4334 auctor
1696 4287 1887 4335 noster
1913 4299 2016 4335 no-

2128 3676 2244 3714 non
2276 3661 2458 3713 solum
2516 3661 2784 3724 Euclidis,
2845 3661 3194 3728 Nicomachi,
3240 3663 3593 3733 Pythagoras,
3637 3666 3830 3719 Ptole-

2127 3748 2255 3802 maei
2286 3753 2340 3803 et
2386 3750 2766 3819 Archimedis,
2801 3767 2998 3804 verum
3030 3752 3203 3805 etiam
3256 3752 3436 3822 ipsius
3493 3755 3826 3808 Aristotelis

2129 3838 2206 3909 (η)
2242 3840 2433 3892 Graeca
2479 3855 2656 3910 opera
2699 3841 2893 3894 Latine
2925 3840 3256 3910 reddiderit,
3287 3842 3512 3912 reliqua
3565 3843 3828 3912 ejusdem

2127 3928 2456 3998 philosophi
2489 3945 2663 3999 opera
2693 3928 2958 3983 similiter
2977 3930 3327 3996 redditurus,
3357 3931 3670 4001 ipsumque
3693 3949 3828 3986 cum

2127 4017 2399 4086 magistro
2432 4035 2535 4071 suo
2576 4019 2808 4072 Platone
2842 4019 3274 4087 conciliaturus,
3310 4021 3355 4074 si
3385 4021 3502 4074 fata
3532 4021 3825 4075 tulissent.

2199 4106 2394 4176 Neque
2449 4123 2581 4160 vero
2632 4107 2719 4160 vir
2776 4107 2873 4160 ille
2931 4108 3296 4162 doctissimus
3349 4109 3411 4162 in
3465 4112 3830 4180 exponendis

2129 4195 2297 4249 modo
2331 4202 2631 4250 auctorum
2661 4197 2928 4266 operibus
2961 4203 3217 4252 versatus
3246 4204 3350 4264 est,
3385 4200 3480 4252 sed
3505 4201 3676 4270 plura
3699 4201 3828 4270 ipse

2126 4285 2485 4356 excogitavit,
2519 4286 2949 4356 excogitataque
3006 4289 3078 4341 ad
3143 4288 3368 4342 felicem
3427 4290 3646 4344 exitum
3690 4306 3828 4360 per-

319 4378 475 4431 mine
501 4376 687 4446 gentis
710 4375 918 4428 dicitur
947 4371 1220 4436 Anicius;
1253 4370 1406 4442 quod
1430 4386 1495 4422 ex
1517 4370 1592 4442 (f)
1615 4370 2014 4439 antiquissima
2049 4399 2093 4452 D
2129 4375 2305 4428 duxit.
2351 4375 2526 4429 Testis
2557 4381 2642 4428 est
2687 4375 3025 4430 admirabile
3056 4377 3162 4430 hoc
3192 4378 3570 4449 philosophiae
3605 4382 3828 4434 Conso-

318 4466 790 4534 nobilissimaque
821 4461 1157 4515 Aniciorum
1183 4465 1350 4529 gente
1375 4461 1520 4512 esset
1550 4464 1887 4529 prognatus.
1924 4461 2013 4515 Sic

318 4555 550 4608 nomine
576 4553 810 4606 familiae
840 4550 1047 4604 dicitur
1087 4548 1347 4603 Manlius
1405 4549 1719 4613 Severinus,
1775 4549 1911 4619 quia
1947 4565 2012 4604 ex

319 4642 535 4698 Manliis
566 4639 847 4695 Severinis
876 4643 1034 4694 ortus
1066 4642 1187 4692 erat
1218 4653 1230 4692 :
1267 4637 1380 4690 sive
1419 4637 1638 4691 iuerint
1667 4638 1795 4691 duae
1843 4639 2008 4692 fami-

391 4786 470 4854 (a)
502 4784 781 4839 Consolat.
817 4784 1026 4838 Philos.
1062 4783 1097 4837 1.
1129 4798 1165 4850 l,
1198 4798 1254 4852 p.
1291 4785 1358 4836 5:
1399 4782 1526 4836 Tua
1555 4781 1807 4837 civitatis
1862 4781 2014 4838 anti-

315 4856 665 4928 quissimam
696 4858 892 4927 legem.

388 4928 462 4998 (ὁ)
495 4925 865 4982 Cassioddrus
891 4927 949 4979 in
976 4925 1258 4980 Chronico
1290 4925 1359 4978 ad
1391 4925 1746 4979 consulatum
1771 4925 1919 4977 Aetii
1953 4929 2010 4978 et

318 4999 503 5054 Studii
535 5016 684 5053 anno
721 4998 928 5053 Christi
959 4999 1082 5051 454.

386 5071 458 5152 (c)
511 5072 598 5125 Sic
660 5070 1050 5123 inscribuntur
1109 5066 1242 5121 libri
1283 5064 1701 5121 Consolationis
1741 5065 2004 5120 Philoso-

314 5143 754 5284 ph(lcia‘;'l.’alerius
790 5209 1063 5264 Maximus
1094 5208 1208 5261 sive
1236 5208 1445 5277 probus
1467 5207 1657 5261 libello
1683 5207 1752 5262 de
1784 5224 2006 5278 PNBDO'

310 5301 490 5426 milii
516 5357 585 5410 Ut
643 5353 868 5408 Flavius
926 5349 1324 5426 Vespasianus,
1379 5353 1434 5404 et
1488 5350 1710 5404 Flavius
1758 5350 2004 5404 Sabinus

309 5423 534 5492 fratres,
569 5426 724 5495 apud
757 5423 1118 5495 Suetonium.

375 5491 533 5578 (nos;
567 5491 800 5575 Hieron,
832 5511 922 5564 ep.
953 5493 1022 5550 ad
1056 5491 1511 5578 Demetriadem:
1572 5491 1834 5578 Illustris
1855 5509 2004 5572 san-

299 5563 514 5639 guinis.
546 5584 753 5639 genus,
779 5565 841 5639 in
868 5563 978 5635 quo
1011 5567 1113 5620 aut.
1130 5563 1331 5619 nullus
1349 5567 1450 5619 aut
1470 5579 1642 5618 rarus
1661 5569 1747 5620 est
1766 5563 1865 5635 qui
1887 5580 2002 5618 non

302 5637 576 5696 meruerit
595 5637 976 5693 consulatum.

2124 4464 2352 4519 talionis
2376 4479 2554 4533 Opus:
2589 4461 2685 4517 ubi
2719 4463 3047 4518 Ciceronem
3070 4465 3488 4521 de'animorum
3519 4469 3828 4524 immorta-

2121 4551 2299 4616 litate,
2333 4567 2445 4622 quo
2482 4551 2614 4604 tiliae
2637 4550 2986 4605 desiderium
3011 4553 3242 4619 levaret,
3269 4555 3665 4623 disputantem
3693 4558 3829 4610 imi-

2121 4643 2290 4708 tatus,
2326 4641 2383 4693 in
2419 4640 2526 4694 hoc
2551 4640 2880 4695 Ciceronem
2914 4643 3222 4712 superavit,
3255 4644 3430 4714 quod,
3462 4661 3595 4698 cum
3615 4646 3828 4701 Cicero

2193 4782 2269 4858 (g)_
2309 4782 2503 4858 Virgil.
2537 4799 2617 4858 VI,
2647 4784 2931 4853 Aineidos,
2985 4801 3038 4840 v.
3097 4787 3236 4842 824:
3268 4787 3597 4858 Saevumque
3628 4790 3832 4844 securi

2118 4854 2333 4923 Aspice
2368 4854 2733 4924 Torquatum.

2192 4925 2270 4994 (ἡ)
2313 4926 2375 4978 In
2405 4926 2527 4978 Vita
2551 4926 2814 4980 Zenonis.

2191 4998 2252 5064 (ἱ)
2295 4997 2359 5049 In
2390 4996 2795 5067 Symposiacis.

2189 5067 2256 5140 (λ)
2297 5068 2615 5140 Comment.
2651 5070 2710 5122 in
2730 5070 3007 5140 Porphyr.

2152 5137 2263 5217 .(lc')
2308 5139 2529 5217 Elapso,
2587 5141 2798 5217 scilicet
2831 5137 3006 5217 :an'no
3061 5141 3275 5198 Christi
3329 5145 3471 5211 487;
3516 5143 3822 5214 siquidem

2115 5212 2244 5282 ejus,
2267 5215 2430 5279 pater
2459 5212 2657 5282 consul
2694 5212 2802 5264 fuit.
2831 5213 2937 5266 hoc
2967 5213 3092 5282 ipso
3117 5229 3287 5268 anno.

2187 5279 2253 5358 (l)
2296 5281 2748 5351 Consol.philos.
2789 5283 2843 5358 Δ1.
2899 5297 2960 5351 ιι,
2989 5279 3176 5338 Ῥτοε.
3232 5287 3296 5338 3:
3340 5285 3674 5358 Desolatum
3699 5303 3821 5358 pa-

2111 5355 2643 5427 rente‘summorum
2674 5359 2725 5427 te
2744 5353 2991 5408 virorum
3020 5372 3161 5410 cura
3190 5355 3460 5427 suscepit.

2194 5423 2294 5498 (nt)
2336 5424 2738 5498 Cassiodorul.
2775 5427 3000 5498 1.‘Var.,
3052 5444 3151 5498 ep.
3209 5429 3317 5481 45:
3354 5423 3819 5483 Atheniensium

2109 5493 2343 5549 scholas
2363 5495 2526 5566 longe
2552 5493 2774 5565 positus
2803 5495 3077 5553 introisti.

2111 5567 2359 5690 ω(ηὲίᾶ
2385 5570 2707 5689 Antppinus
2750 5569 2928 5624 citans
2982 5569 3366 5642 Sigebertum,
3393 5571 3427 5623 2
3470 5574 3615 5641 part.
3667 5572 3740 5624 Hi
3772 5576 3814 5626 t.

2189 5676 2200 5688 .
2305 5653 2466 5690 .can.
2529 5657 2580 5690 ἰ).

2138 5651 2200 5689 1t.
2237 5651 2318 5702 Η,
2345 5653 2466 5707 cap.
2499 5651 2580 5694 1ο.
