3996 6170
173 227 246 276 5‘37
785 215 853 266 ΙΝ
897 215 1143 270 LIBROS
1183 215 1272 268 DE
1311 213 1847 269 CONSOIATIONE
1887 213 2367 268 I’HlLOSOPHIzE
2407 212 2951 266 PHOLEGOMENA.
3511 214 3609 266 558

177 352 376 408 carmine
402 355 531 404 tunc
569 365 686 402 non
736 352 946 416 utatur,
978 349 1206 402 Boetius
1249 354 1550 418 utramque
1591 348 1807 402 oratio-
1846 349 1894 400 Α
2735 346 2798 400 ν.

180 459 281 498 nem
328 440 398 493 ita
439 437 763 508 permiscet,
796 441 859 490 ut
907 437 1185 509 quidquid
1234 437 1598 504 eruditionis,
1645 442 1745 491 aut
1788 455 1819 490 a
2000 439 2184 506 Atque
2217 439 2451 506 propter
2491 436 2592 490 has
2621 436 2922 505 praeclaras
2967 434 3143 489 animi
3189 435 3351 490 dotes
3381 437 3617 510 factum,

177 528 512 603 grammatica,
547 530 643 580 aut
689 545 721 580 a
752 526 1040 581 rhetorica
1074 526 1392 596 exspectari
1437 530 1643 596 potest,
1679 527 1819 580 illud
1928 529 1994 578 ut
2033 527 2228 579 Festus
2271 525 2342 595 (j)
2385 530 2613 579 senatus
2661 524 2926 594 princeps
2967 523 3145 578 tiliam
3193 541 3354 580 suam
3398 528 3619 600 Helpen

176 621 340 674 ibidem
378 616 583 670 mirum
615 616 674 668 in
722 616 958 669 modum
990 615 1233 670 eluceat.
1268 615 1446 669 Testis
1495 615 1592 668 illa
1638 615 1819 668 Boetii
1928 613 2132 667 Sicilim
2167 615 2460 668 alumnam
2503 614 2691 667 Boetio
2732 614 3026 684 propriam
3071 614 3360 682 dicaverit,
3394 617 3619 671 stabili-

173 708 352 777 Logica,
372 706 461 759 ubi
483 708 692 776 praeter
716 704 980 774 antiquas
1019 703 1342 775 Porphyrii,
1383 703 1818 774 Aristotelisque
1929 719 2041 772 que
2095 703 2350 771 junxerit
2398 702 2702 756 connubio.
2766 705 2851 756 Ea
2892 705 3081 756 autem
3135 702 3379 774 Helpes,
3431 703 3621 776 inquit

175 797 440 868 opiniones,
479 810 642 847 suam
672 793 796 863 ipse
839 793 1143 864 proposuit
1173 794 1243 846 de
1287 791 1632 864 Categoriis,
1682 792 1820 847 divi-
1929 792 2180 846 Vallinus
2213 793 2314 861 (lc),
2348 792 2571 846 dotibus
2597 791 2782 846 animi
2811 793 2974 863 longe
2993 792 3248 864 corporis
3271 795 3621 866 fortunaque

173 886 307 952 sione,
337 882 657 950 deﬁnitione
687 889 744 937 et
769 881 1126 954 syllogismis
1154 882 1495 947 doctrinam,
1527 899 1640 952 qua
1673 883 1817 936 ratio
1929 879 2074 934 bona
2099 882 2422 951 superavit:
2451 880 2683 952 scripsit
2707 881 2858 935 enim
2884 899 3078 936 versus
3107 883 3618 950 emendatissimos,

175 978 284 1028 bene
325 971 630 1026 disserendi
662 973 981 1038 plurimum
1022 972 1353 1042 prumoveri
1398 975 1607 1040 potest.
1640 971 1821 1025 Testis
1928 968 2306 1039 scribentique
2335 969 2546 1026 marito
2568 969 2948 1025 suavissimus
2969 969 3172 1042 genius
3190 971 3434 1027 adsedit.
3468 971 3624 1026 Desi-

172 1078 283 1132 opus
312 1059 448 1114 illud
487 1059 550 1113 in
599 1064 816 1130 septem
847 1065 1034 1131 partes
1077 1060 1464 1126 distributum,
1502 1060 1654 1131 quod
1686 1077 1820 1130 pro-
1927 1057 2149 1112 deravil
2176 1061 2366 1112 autem
2399 1075 2466 1112 ea:
2488 1075 2558 1113 ea
2583 1058 2790 1113 liberos
2823 1075 2834 1112 :
2872 1075 3204 1130 quanquam
3242 1061 3508 1114 nonnulli
3541 1061 3622 1114 di-

173 1155 344 1220 pterea,
388 1147 654 1202 Varronis
697 1148 978 1219 exemplo,
1028 1147 1432 1202 Hebdomades
1464 1147 1815 1214 inscribitur,
1929 1152 2078 1212 cant,
2111 1147 2368 1201 Boctium
2402 1164 2467 1201 ex
2495 1164 2561 1201 ea
2582 1148 2724 1202 duos
2754 1148 2903 1202 lilios
2925 1149 3219 1202 Patritium
3242 1155 3298 1203 et
3312 1150 3622 1219 Hypatium

171 1241 216 1293 in
239 1255 354 1309 quo,
387 1237 574 1307 quoad
612 1241 890 1308 superest,
923 1237 1462 1292 mathematicorum
1503 1253 1662 1291 more
1693 1254 1821 1308 pro-
1928 1236 2260 1305 suscepisse.
2294 1236 2527 1289 Addunt
2570 1237 2837 1290 eumdem
2883 1237 3140 1290 Boetium
3181 1242 3428 1291 amatam
3476 1238 3625 1292 hanc

171 1325 330 1397 positis
377 1325 720 1396 quibusdam
768 1326 969 1388 elfatis,
1016 1326 1198 1379 multa
1244 1326 1408 1380 docet
1451 1327 1521 1380 de
1564 1343 1631 1380 eo
1666 1327 1819 1396 quod
1929 1341 2092 1379 suam
2121 1340 2355 1378 uxorem
2385 1325 2490 1378 hoc
2522 1325 2726 1379 ultimo
2749 1325 3000 1380 carmine
3033 1326 3620 1395 prosecutumfuisse:

168 1417 335 1470 bonum
375 1420 470 1480 est,
517 1421 573 1471 et
611 1433 806 1470 unum.
854 1417 1042 1470 Testes
1091 1415 1225 1470 libri
1275 1416 1529 1486 quinque
1580 1416 1650 1470 de
1694 1417 1821 1470 Mu-
2119 1429 2304 1495 [{elpes
2334 1429 2473 1477 dicta
2502 1429 2596 1495 fui,
2631 1430 2820 1495 Sicula-3
2850 1431 3080 1493 regionis
3110 1430 3342 1495 alumna.

165 1505 271 1573 sica,
316 1505 468 1574 cujus
516 1505 594 1559 ita
642 1505 858 1575 peritus
906 1506 1036 1570 fuit,
1075 1510 1137 1559 ut
1180 1505 1546 1559 instrumenti
1597 1506 1743 1560 musi

2179 1492 2346 1548 Quam
2378 1492 2560 1554 procul
2591 1507 2620 1540 a
2651 1494 2816 1556 patria
2846 1492 3088 1564 conjugis
3119 1493 3223 1554 egit
3253 1509 3402 1543 amor
3432 1511 3443 1543 :

2117 1554 2231 1604 Ouo
2263 1556 2374 1602 sine
2406 1558 2593 1602 iniusta
2618 1555 2744 1604 dies.
2780 1570 2887 1603 nox
2914 1570 3089 1604 anna.
3118 1557 3301 1604 ﬂebilis
3328 1557 3443 1604 hOI‘E

165 1554 271 1573 ---Ἴ
321 1554 465 1574 ηδ---
516 1554 594 1559 ___
643 1554 855 1575 In---"
906 1554 1036 1570 ____,
1078 1554 1137 1559 --
1180 1554 1546 1559 ---η-ηπ---
1597 1554 1743 1560 ____

165 1594 302 1663 vulgo
331 1592 403 1661 (α)
433 1591 713 1646 chiterini
761 1593 1029 1646 inventor
1071 1593 1369 1647 habeatur.
1412 1592 1592 1647 Testis
1621 1593 1743 1663 sing

2117 1554 2231 1610 Quo
2263 1556 2374 1602 sine
2406 1558 2593 1602 iniusta
2618 1554 2744 1613 dies,
2780 1570 2887 1603 nox
2914 1554 3089 1615 anxia,
3118 1557 3301 1604 ﬂebilis
3328 1557 3475 1616 hora,

1897 1675 1898 1679 η
2119 1678 2142 1679 7
2179 1617 2282 1664 Nec
2312 1616 2482 1664 solum
2515 1631 2652 1677 caro,
2686 1618 2776 1665 sed
2803 1619 3018 1679 Spiritus
3047 1632 3183 1665 unus
3213 1623 3342 1667 erat.

164 1682 260 1734 lare
295 1680 426 1734 illud
460 1681 543 1751 (b)
587 1681 841 1735 externis
886 1682 1057 1735 etiam
1098 1681 1331 1751 regibus
1362 1686 1561 1735 notum
1610 1683 1823 1752 expeti-
1861 1666 1900 1719 Β
2117 1678 2235 1752 Ιιιξξ
2267 1693 2386 1750 mea
2415 1693 2523 1727 non
2555 1666 2733 1750 qlailsa
2763 1666 2856 1752 esi.
2893 1682 2981 1728 tali
3013 1686 3318 1752 remanente
3344 1681 3552 1739 marito.

2177 1742 2468 1813 Majorique
2500 1743 2689 1813 anisz
2722 1747 2866 1804 parte
2898 1747 3160 1813 superstes
3197 1757 3304 1792 ero.

399 1771 407 1778 ι
479 1787 488 1798 '
1229 1771 1238 1780 α
2177 1771 2467 1803 Λυιιδυιιιίιισ
2500 1771 2689 1790 (ιυιιυιῦ
2723 1771 2803 1804 μαι
2821 1771 2866 1790 ιυ
2898 1771 3160 1804 ὓυμειδισσδ
3197 1771 3304 1792 Clu-

165 1777 366 1868 iumqu‘?
395 1775 692 1868 {menium
719 1771 1443 1868 guorqmpofdoglpmmi
1470 1788 1720 1868 quondm
1749 1773 1824 1826 al"
2117 1805 2412 1868 Porticibus
2437 1805 2598 1851 sacris
2622 1804 2733 1865 jam
2760 1819 2903 1852 nunc
2931 1806 3209 1867 peregrina
3239 1806 3450 1868 quiesco

161 1863 316 1912 terum
345 1857 414 1928 (ο)
446 1857 622 1929 aquis
647 1859 749 1913 sub
777 1859 1006 1914 modulo
1020 1860 1334 1928 fluentibus
1364 1861 1822 1942 temperabatur;
2119 1928 2157 1942 υ
2177 1867 2378 1913 Judicis
2411 1867 2596 1942 aeterni
2622 1857 3202 1942 ie7stit‘ica7ta7ihroiium.
3239 1857 3272 1942 7‘
3315 1931 3323 1940 7
3439 1930 3472 1942 77

165 1947 371 2000 alterum
395 1928 541 2000 solis
567 1946 834 2002 immensi
852 1949 1264 2019 comprehensa
1285 1947 1716 2006 illuminatione
1738 1975 1743 2003 ι

2119 1928 2189 1976 Ne
2221 1944 2325 1990 qua
2354 1943 2543 1976 manus
2569 1930 2784 1976 bustum
2816 1929 2993 1988 violet,
3019 1930 3124 1977 nisi
3152 1931 3285 1979 forte
3305 1930 3502 1994 jugalis

2183 1991 2303 2037 llaec
2333 1991 2525 2038 iterum
2557 1993 2732 2052 cupiat
2755 1993 2980 2052 jungere
3012 1993 3245 2040 membra
3279 1995 3408 2052 suis,

161 2034 543 2106 stinguebalur.
2119 2029 2431 2101 niiiiaiiiﬁi
2451 2029 2772 2115 u'l‘iqueJ
2786 2029 2980 2102 bodies“
2990 2029 3091 2102 n35
3113 2029 3545 2113 mbﬁe"Fé§vZaiiar,

218 2125 349 2188 Quin
378 2125 554 2178 etiam
601 2125 830 2179 Boetius
876 2125 944 2180 de
985 2126 1268 2196 theologis
1309 2127 1525 2197 optime
1557 2127 1796 2181 meritus

1633 2127 1820 2193 πίιυει
2180 2117 2242 2164 Et
2267 2116 2436 2164 socios
2462 2117 2584 2164 vitae
2611 2119 2786 2164 nectat
2815 2123 3034 2180 uterque
3061 2117 3211 2166 cinis.

165 2214 356 2284 scripsit
390 2231 524 2268 cum
561 2214 630 2268 de
674 2215 948 2286 mysterio
996 2215 1368 2269 sanctissimae
1413 2215 1717 2270 Trinitatis
1755 2217 1825 2270 ad
1935 2211 2040 2265 Sed
2072 2213 2195 2266 haec
2225 2217 2522 2268 venustam
2554 2215 2734 2268 Boetii
2763 2215 2982 2286 poesim
3025 2232 3144 2270 non
3173 2216 3434 2271 redolent
3466 2233 3479 2270 :
3512 2217 3625 2272 sal-

163 2302 561 2372 Symmachum,
597 2308 653 2358 et
681 2305 750 2358 ad
784 2305 1066 2358 Joannem
1099 2304 1364 2359 Ecclesiae
1395 2307 1671 2359 Romanae
1709 2305 1827 2360 dia-
1932 2305 2048 2354 tem
2083 2302 2393 2355 maximam
2424 2307 2667 2372 partem.

163 2408 362 2460 conum;
391 2399 514 2447 tum
545 2393 615 2448 de
654 2395 1084 2449 Incamatione.
1132 2396 1210 2448 De
1254 2395 1339 2465 (εἰ)
1376 2394 1658 2448 Trinitate
1695 2395 1823 2464 qui-
2004 2392 2245 2460 Propter
2268 2392 2468 2445 eadem
2491 2393 2765 2446 doctrina:
2815 2393 3157 2465 virtutisque
3197 2398 3532 2449 ornamenta
3557 2394 3627 2466 (Ι)

163 2480 287 2547 dem,
313 2498 376 2535 ne
407 2487 712 2552 suspectus
741 2483 890 2536 foret
919 2482 1278 2549 Christianis,
1313 2485 1467 2554 quod
1512 2500 1577 2538 ex
1606 2485 1822 2554 synodo
1934 2478 2327 2548 Symmachus,
2361 2482 2629 2550 princeps
2663 2497 2891 2552 quoque
2923 2489 3172 2550 senatus,
3206 2483 3473 2538 defuncta
3503 2485 3628 2539 Hel-

165 2575 326 2624 contra
368 2570 673 2626 haereticos
708 2576 1052 2642 congregata
1093 2588 1214 2626 sese
1267 2573 1643 2639 subduxisset,
1681 2573 1824 2626 veri-
1932 2583 2024 2636 pe,
2087 2569 2471 2623 Rusticianam
2530 2571 2707 2624 tiliam
2766 2588 2924 2624 suam
2983 2572 3170 2626 eidem
3231 2572 3423 2627 Boctio
3471 2573 3630 2628 dedit

162 2663 231 2710 tus
254 2675 316 2713 ne
345 2660 450 2714 sibi
490 2666 730 2731 propter
759 2677 921 2714 suam
946 2661 1338 2731 eloquentiam
1370 2679 1538 2716 causa
1559 2663 1823 2716 commit-
1932 2671 2190 2718 uxorem,
2225 2674 2290 2711 ex
2321 2675 2455 2727 qua,
2478 2659 2630 2712 inter
2663 2660 2803 2713 alios
2843 2661 3072 2728 liberos,
3105 2662 3247 2715 duos
3279 2663 3524 2732 suscepit
3567 2664 3629 2717 ﬁ-

161 2751 342 2800 teretur
369 2750 633 2819 agenda:
669 2750 738 2802 de
763 2749 838 2820 (e)
865 2749 1280 2804 Incarnatione
1309 2767 1468 2820 vero,
1497 2756 1556 2805 ut
1584 2750 1825 2805 extremi
1932 2745 2057 2812 liOS,
2089 2763 2338 2816 quorum
2378 2749 2521 2800 alter
2568 2749 2716 2802 aVitO
2766 2749 2997 2803 nomine
3042 2751 3436 2820 Symmachus,
3484 2752 3629 2806 alter

159 2835 338 2906 sibique
355 2839 648 2894 contrarii
666 2839 1114 2910 Nestoriiatque
1133 2841 1422 2911 Eutychis
1437 2841 1825 2896 submoveren-
1931 2839 2172 2904 paterno
2215 2836 2439 2890 Boetius
2471 2837 2654 2890 dictus
2693 2837 2827 2903 fuit;
2863 2838 3078 2908 quique
3111 2839 3292 2892 adhuc
3323 2838 3489 2908 pueri
3530 2841 3624 2908 (7n)

163 2927 232 2976 tur
249 2941 482 2982 errores,
1863 2965 1903 3020 Ο
1934 2925 2198 2977 consules
2241 2924 2373 2978 facti
2417 2931 2595 2978 sunt:
2647 2924 2776 2979 ideo
2808 2926 2962 2979 enim
3001 2927 3062 2980 hi
3105 2927 3208 2980 ﬁlii
3260 2943 3292 2980 a
3335 2944 3434 2980 suo
3466 2932 3626 2997 patre

927 3018 1014 3072 IV.
1871 3013 1903 3020 '
1936 3013 2205 3066 dicuntur
2227 3013 2308 3082 (η)
2334 3013 2449 3068 viri
2467 3014 2810 3081 consulares,
2827 3031 3058 3084 quorum
3066 3016 3194 3084 jam
3207 3015 3340 3069 utin
3363 3014 3423 3069 id
3444 3015 3630 3071 aetatis

215 3103 302 3156 Sed
339 3110 560 3175 quanto
610 3103 832 3159 doctior
880 3105 1127 3172 Boetius,
1174 3111 1332 3161 tanto
1380 3107 1587 3177 majori
1631 3107 1819 3162 studio
1929 3101 2128 3172 pueris
2153 3102 2244 3156 vel
2265 3101 2503 3172 paterni
2532 3104 2619 3157 vel
2646 3104 2788 3158 aviti
2805 3107 3092 3174 specimen
3121 3105 3300 3159 elucet
3317 3104 3552 3177 ingenii.

162 3191 304 3246 coluit
344 3193 644 3261 virtutem,
678 3210 781 3248 suo
829 3210 966 3265 erga
1010 3197 1193 3249 Deum
1240 3201 1295 3249 et
1341 3197 1605 3251 homines
1638 3197 1824 3251 officio
2736 3194 2826 3246 VI.

164 3278 571 3350 diligentissime
618 3284 866 3338 functus.
901 3284 1108 3348 Quales
1143 3285 1360 3340 fuerint
1399 3286 1552 3340 illius
1581 3286 1641 3339 in
1684 3287 1824 3340 divi-
2005 3283 2078 3335 At
2107 3296 2237 3334 vero
2266 3281 2543 3350 singulari
2574 3297 2706 3335 cum
2735 3282 3031 3350 doctrinae,
3074 3288 3199 3338 tum
3230 3283 3403 3338 etiam
3431 3283 3629 3338 virtuti

164 3382 267 3423 nam
300 3375 664 3442 majestatem
712 3373 1082 3443 cogitationes
1133 3375 1223 3429 vel
1274 3392 1338 3428 ex
1370 3375 1451 3429 eis
1490 3381 1664 3445 patet,
1699 3392 1827 3446 qua:
1935 3370 2116 3423 Boetii
2151 3371 2355 3424 referri
2390 3371 2557 3425 debet
2586 3377 2902 3442 acceptum,
2937 3373 3093 3444 quod
3134 3373 3228 3427 ille
3269 3375 3357 3427 vel
3393 3374 3463 3427 ab
3495 3374 3627 3427 ado-

164 3456 438 3528 iuspirante
497 3461 873 3533 philosophia
920 3463 982 3516 in
1037 3479 1214 3518 aureo
1267 3465 1366 3518 illo
1414 3465 1824 3536 philosophica:
1935 3459 2207 3513 lescentia
2228 3461 2466 3514 summis
2490 3461 2868 3531 dignitatibus
2895 3466 3129 3516 ornatus
3150 3462 3342 3516 fuerit.
3373 3463 3630 3517 Primum

164 3544 552 3605 Consolationis
589 3551 862 3620 opusculo
900 3551 974 3622 (ί)
1005 3553 1246 3622 protulit
1277 3571 1290 3608 :
1326 3553 1472 3607 nihil
1519 3553 1673 3607 enim
1705 3559 1828 3608 tum
1937 3549 2171 3619 quidem
2213 3550 2397 3603 adhuc
2427 3551 2657 3620 juvenis
2690 3552 2759 3620 (ο)
2804 3551 2862 3605 in
2911 3556 3141 3621 patrum
3186 3557 3634 3622 senatorumque

161 3634 336 3706 docuit,
369 3640 484 3694 nisi
523 3640 684 3710 quod
712 3625 836 3709 ipse
868 3641 942 3711 (g)
973 3641 1192 3708 fecerit,
1228 3659 1332 3696 nec
1361 3647 1521 3697 tanta
1562 3643 1829 3697 facilitate
1939 3639 2134 3692 ordine
2164 3640 2408 3708 positus,
2441 3639 2713 3709 patricius
2752 3641 2877 3694 fuit.
2913 3641 3126 3696 Deinde
3161 3658 3311 3695 anno
3342 3659 3458 3695 suae
3492 3646 3634 3696 aeta-

163 3728 270 3780 tunc
294 3735 574 3799 praestare
605 3729 812 3798 potuit,
847 3730 955 3783 nisi
986 3732 1142 3801 quod
1185 3749 1220 3786 a
1257 3733 1469 3786 teneris
1507 3733 1672 3787 annis
1702 3749 1830 3787 con-
1939 3727 2012 3781 tis
2043 3727 2266 3781 circiter
2287 3728 2580 3797 trigesimo
2605 3729 2807 3799 quinto
2839 3729 2949 3783 fuit
2979 3731 3054 3800 (p)
3087 3732 3305 3785 consul.
3339 3733 3632 3786 Postremo

162 3814 348 3870 tiuuata
377 3819 598 3888 pietate
631 3817 970 3872 exercuerit.
1005 3821 1076 3872 At
1101 3818 1406 3890 singularis
1431 3820 1834 3874 benevolentia
1941 3820 2107 3870 aatate
2146 3817 2470 3886 provectior
2509 3818 2780 3888 magister
2826 3819 2935 3873 fuit
2986 3819 3066 3890 (q)
3099 3820 3418 3874 olliciorum
3450 3837 3462 3874 :
3493 3837 3634 3892 quas

165 3901 310 3956 Boetii
333 3905 392 3959 in
424 3921 636 3960 omnes
675 3907 962 3972 homines,
991 3907 1232 3962 miseros
1265 3909 1605 3979 praesertim,
1633 3925 1698 3963 ex
1727 3910 1835 3964 hoc
1943 3903 2179 3975 quidem
2219 3905 2527 3974 dignitates
2576 3912 2638 3960 ut
2681 3922 2800 3960 non
2831 3908 3100 3977 suscepit,
3152 3909 3230 3961 Sic
3272 3925 3384 3962 n0n
3435 3910 3634 3979 8655”,

160 3990 303 4046 etiam
331 4000 412 4048 est
432 3994 769 4063 manifesta,
799 3996 954 4066 quod
975 4013 1106 4051 cum
1139 3999 1220 4066 (ἡ)
1243 3997 1464 4068 ingenti
1489 3999 1684 4052 salutis
1717 4016 1834 4053 suae
1942 3991 2056 4046 nisi
2099 3992 2178 4059 (r)
2230 3993 2525 4046 communi
2581 3994 2865 4048 bonorum
2913 3997 3174 4049 omnium
3224 3997 3456 4050 studio:
3504 3998 3637 4052 hinc

160 4080 381 4147 periculo
413 4087 688 4138 senatum
719 4085 1080 4156 populosque
1110 4103 1310 4141 omnes
1341 4104 1470 4141 cum
1503 4088 1837 4158 graviSSima
1943 4081 2158 4151 iniquis
2201 4081 2600 4152 improborum
2645 4089 2905 4137 omnium
2943 4084 3190 4137 consiliis
3240 4101 3361 4139 sese
3409 4101 3638 4155 semper

158 4172 404 4241 oratione,
461 4178 600 4228 tum
654 4174 827 4228 etiam
891 4175 1114 4245 objecta
1173 4177 1439 4248 periculis
1498 4178 1835 4233 auctoritate
1945 4171 2256 4241 Opposuit:
2307 4171 2441 4224 hinc
2487 4172 2555 4244 (s)
2601 4173 2975 4243 Conigastum
3023 4177 3363 4241 exactorem,
3405 4173 3642 4229 misero-

160 4260 440 4324 protexerit
469 4277 484 4316 :
524 4261 801 4333 quodque
831 4261 893 4334 (i)
929 4263 1102 4318 fuerit
1131 4262 1192 4319 in
1233 4281 1515 4337 pauperes
1561 4265 1838 4341 liberalis.
1877 4273 1922 4327 Β
1949 4276 2078 4315 rum
2109 4260 2320 4315 civium
2352 4261 2612 4315 fortunas
2650 4261 3037 4329 invadentem,
3070 4262 3278 4333 saepius
3321 4262 3594 4334 repressit
3623 4281 3636 4318 :

217 4414 286 4494 (ᾳ)
315 4417 378 4494 I7n
407 4419 701 4494 supplem.
736 4420 1000 4494 Chronic.
2018 4421 2097 4492 (lc)
2135 4422 2220 4494 7In
2255 4421 2382 4494 Vita
2428 4422 2626 4479 Boetii.
2679 4423 2891 4477 Eadem
2936 4423 3074 4478 dicit
3115 4422 3290 4478 Lilius
3335 4423 3642 4494 Gregorius

217 4487 280 4564 (7b)
305 4487 635 4564 Cassiodor,
668 4492 706 4545 l.
736 4508 756 4545 ι
784 4492 939 4562 Van,
971 4508 1063 4563 ep.
1095 4493 1182 4548 45.
1947 4487 2221 4564 Gyraldus
2252 4493 2320 4546 de
2350 4495 2571 4549 Poetar.
2605 4495 2744 4548 Hist.
2780 4495 2914 4549 dial.

499 4633 517 4639 _
562 4632 580 4639 _
923 4560 930 4562 ”
1003 4560 1024 4563 “
1115 4635 1125 4639 7
1213 4638 1216 4639 7
1734 4637 1745 4639 7
1992 4560 2340 4639 '(l)_Consol.
2372 4565 2526 4639 phil.
2576 4567 2618 4620 Ι.
2669 4583 2707 4635 1,
2742 4582 2869 4637 pro.
2902 4567 2976 4620 4:
3029 4567 3204 4620 Socer
3250 4565 3427 4622 etiam
3471 4567 3644 4639 Sym—

221 4628 285 4706 (ᾷ)
313 4631 879 4706 Madgdeburgenses
908 4635 1167 4691 centuria
1199 4638 1251 4704 6,
1283 4652 1331 4692 c.
1373 4638 1455 4706 lO,
1485 4641 1542 4693 et
1570 4642 1703 4693 ante
1732 4637 1837 4692 hos
1945 4628 2188 4706 machus
2211 4628 2466 4690 sanctus.

164 4693 554 4780 Sfitintoninus
595 4708 628 4760 2
674 4693 822 4776 part.
866 4707 1028 4776 Hist.,
1060 4708 1146 4763 tit.
1205 4693 1290 4774 ll,
1341 4693 1454 4780 cap’
1480 4712 1562 4777 l5,
1613 4726 1680 4763 ex
1711 4709 1839 4765 Vin-
1959 4704 2122 4780 _77(m)
2167 4707 2331 4771 Ibid.,
2361 4707 2467 4780 lib.
2516 4725 2576 4774 n,
2618 4723 2772 4780 pros.
2823 4711 2900 4780 37:
2933 4712 3085 4763 Duos
3125 4708 3350 4779 pariter
3385 4711 3648 4767 consules

164 4773 377 4853 cendo;
465 4847 478 4853 7
617 4846 647 4853 77
675 4773 694 4776 “
781 4847 790 4853 7
950 4849 978 4853 _
1014 4773 1021 4776 ’
1092 4849 1100 4853 7
1215 4850 1226 4853 7
1278 4773 1284 4774 “
1315 4851 1326 4853 7
1409 4773 1438 4853 ’7
1542 4773 1557 4853 7'
1950 4773 2157 4853 liberos
2189 4784 2312 4853 tuos
2338 4777 2504 4853 domo
2528 4773 2758 4853 provehi
2775 4779 2878 4834 sub
2902 4773 3237 4852 frequentia
3267 4785 3526 4853 patrum,
3546 4784 3647 4840 sub

223 4842 288 4908 (e)
327 4845 413 4899 Sic
465 4846 728 4921 loquitur
766 4847 897 4921 ipse
950 4849 1174 4904 Boetius
1214 4850 1250 4905 l.
1298 4851 1367 4906 de
1416 4852 1592 4906 Duab.
1641 4853 1838 4906 Natur.
1944 4848 2134 4921 plebis
2160 4848 2470 4903 alacritate
2497 4842 2710 4905 vidisti.

162 4912 206 4964 et
221 4929 340 4991 una
363 4912 618 4991 persona
645 4912 872 4991 chris-ti,
900 4989 907 4991 7
1944 4912 1966 4921 ’
2137 4921 2306 4986 Ibid.,
2336 4937 2487 4991 pros.
2513 4923 2564 4975 4.

313 4983 644 5064 szcsertim
677 4990 747 5043 ab
774 4989 950 5064 initio
980 4991 1114 5046 libri
1140 4993 1314 5047 tertii.
2027 4983 2101 5063 (οῇ
2132 4983 2357 5064 Conso];
2406 4991 2614 5062 philos.
2661 4993 2700 5046 l.
2744 5008 2800 5059 ιι,
2836 5010 2992 5064 pros.
3037 4998 3067 5050 3
3102 5011 3114 5051 :
3169 4997 3449 5052 Praetereo
3486 5012 3650 5052 sum—

343 5059 650 5114 Ennodius
693 5063 946 5133 episcop.
993 5064 1328 5131 Ticinensis,
1374 5065 1412 5118 l.
1469 5082 1563 5133 vn,
1612 5081 1702 5136 ep.
1761 5068 1841 5134 13,
1954 5054 2180 5140 ptds'in
2201 5054 2592 5140 adolescentia
2617 5054 2860 5140 negatas
2887 5065 3116 5121 senibus
3142 5067 3471 5140 dignitates.

163 5123 359 5206 Boetio.
726 5123 747 5131 ’
888 5123 909 5133 ’
1315 5123 1326 5131 ’
1550 5123 1562 5133 ’
1645 5123 1665 5136 ⁵
1828 5123 1840 5134 ’
1954 5123 1972 5135 ⁵
2029 5133 2110 5275 (pg
2144 5135 2432 5188 Ennodius
2466 5137 2504 5189 Ι.
2540 5151 2658 5202 vni,
2687 5123 2854 5206 Epist.
2894 5141 2940 5190 l.

221 5197 287 5266 th)
318 5201 552 5255 Conso].
605 5202 755 5258 Phil.
799 5204 836 5258 l.
875 5221 914 5272 ι,
945 5221 1100 5275 pros.
1134 5207 1168 5260 4
1205 5223 1219 5260 :
1250 5206 1399 5261 Inde
1423 5222 1552 5262 cum
1576 5205 1851 5275 improbis
2031 5209 2086 5275 (q
2143 5206 2371 5260 Consol.
2404 5207 2610 5275 philos.
2657 5207 2696 5261 l.
2746 5225 2826 5275 III,
2875 5225 2940 5275 pr

221 5197 287 5266 th)
318 5201 552 5279 Conso].
605 5202 755 5258 Phil.
799 5204 836 5258 l.
875 5221 914 5272 ι,
945 5221 1100 5276 pros.
1134 5207 1168 5260 4
1205 5223 1219 5260 :
1250 5206 1399 5261 Inde
1423 5222 1552 5262 cum
1576 5205 1851 5278 improbis
2143 5206 2371 5279 Consol.
2404 5207 2610 5276 philos.
2645 5197 2826 5276 ’1.ἰιι,
2875 5225 3030 5279 pros.
3064 5212 3098 5264 4
3127 5227 3140 5264 :
3184 5212 3335 5266 Cum
3379 5211 3656 5266 Decorato

158 5281 362 5350 graues,
399 5277 524 5350 et7c._
963 5349 972 5350 7
1186 5348 1194 5350 7
1258 5349 1266 5350 7
1387 5349 1394 5350 7
1955 5292 2174 5350 gerere
2189 5277 2612 5350 magistratum.

227 5343 278 5426 7(2')
310 5343 832 5426 Magdeburgenses
863 5362 933 5402 ex
956 5348 1234 5419 Procopio
1256 5349 1294 5404 l.
1325 5349 1438 5404 Ide
1471 5350 1625 5404 Bello
1656 5351 1850 5418 Goth.,
1955 5343 1988 5426 '7
2035 5348 2105 5420 (γ)
2139 5343 2305 5426 Ibid;
2341 5349 2436 5403 lib.
2472 5366 2510 5416 1,
2545 5367 2698 5426 pros.
2731 5353 2764 5404 4
2799 5369 2811 5405 :
2845 5351 3092 5406 Nullum
3121 5367 3212 5405 me
3240 5351 3657 5426 ad_magistra-

169 5411 284 5496 etc),
313 5411 461 5496 cent.
501 5418 557 5496 67,
597 5411 656 5468 cf
676 5419 760 5496 i707:
1137 5411 1159 5419 “
1396 5495 1403 5496 7
1533 5493 1551 5496 77
1712 5495 1715 5496 7
1837 5411 1848 5418 ’
1966 5411 2107 5496 tum;
2141 5419 2257 5474 nisi
2288 5411 2585 5476 commune
2611 5423 2878 5479 bonorum
2909 5425 3160 5479 omnium
3188 5411 3466 5496 studium:
3489 5425 3660 5482 detu-

232 5481 289 5562 (j)
339 5486 578 5562 7Consol.
643 5489 849 5556 philos.
909 5489 1010 5546 lib.
1066 5507 1130 5558 II,
1183 5506 1334 5562 pros.
1387 5495 1464 5547 3:
1519 5493 1654 5548 Cum
1695 5495 1856 5548 tanto
1965 5481 2122 5546 lisse.

168 5552 457 5618 tplendore
485 5552 834 5616 soceforum.
1101 5552 1124 5578 ³
1183 5552 1204 5562 ’
2039 5562 2115 5636 (8)
2144 5563 2292 5619 Ibid.
