3996 6170
327 278 427 326 559

1585 235 1702 328 xiv.
1752 276 1959 331 MANL.
2004 276 2162 332 sev.
2215 278 2525 332 BOE'I‘IUS.

3717 286 3818 334 560

322 405 457 459 hinc
491 403 568 474 (α)
601 402 938 473 Triguillam
970 402 1144 472 regite
1173 403 1379 455 domus
1424 401 1780 472 praefectum,
1815 404 1886 458 ab
1914 403 2011 456 iu-
2049 410 2094 462 A
2121 406 2292 476 gione
2324 408 2622 475 catholica,
2657 409 2902 463 Romani
2930 409 3151 464 Justino
3184 373 3523 464 addictiores
3562 427 3689 466 cum
3722 430 3823 483 po-

323 499 486 564 cepta
520 494 757 563 jamque
786 497 1116 561 perpetrata
1157 507 1388 561 prorsus
1433 491 1645 560 injuria
1694 494 2016 547 revocavit:

322 584 458 637 hinc
484 597 587 652 pro
621 579 694 652 (b)
730 580 1042 650 Campania
1068 581 1438 649 contendens,
1473 597 1544 634 ne
1577 582 1794 651 injusta
1826 598 2017 636 coem-

323 673 444 742 ptio
475 671 819 740 exigeretur,
853 670 1039 723 elfecit
1071 686 1082 722 :
1119 669 1250 722 hinc
1292 668 1364 739 (ο)
1408 670 1714 724 Paulinum
1754 673 2017 724 consula-

322 777 444 815 rem
482 762 688 826 virum,
719 759 1014 826 Albinum,
1052 759 1356 829 pluresque
1395 759 1534 812 alios
1566 775 1694 812 cum
1738 761 2015 830 plebeios,

321 857 446 905 tum
476 849 649 904 etiam
686 849 953 919 patricios
982 848 1134 902 viros
1165 864 1282 902 non
1322 848 1443 901 sine
1486 864 1697 918 magno
1729 848 1816 902 sui
1864 850 2017 918 peri-

320 941 446 994 culo
472 939 738 1010 protexit.

1110 1026 1222 1079 Vll.

389 1117 772 1192 Quamobrem
831 1116 1054 1168 Boetius
1119 1119 1325 1181 tantas,
1401 1114 1800 1184 improborum
1875 1131 2018 1185 prae-

317 1207 503 1278 cipue,
537 1207 597 1259 in
641 1223 698 1260 se
741 1204 1042 1259 concitavit
1072 1203 1425 1267 inimicitias,
1472 1209 1550 1270 ut,
1589 1204 1738 1258 unde
1778 1205 2016 1257 laudan-

317 1297 424 1350 dus
465 1301 606 1363 erat,
646 1295 779 1348 inde
819 1298 1112 1347 accusatus
1159 1292 1333 1346 fuerit
1379 1293 1533 1361 apud
1583 1293 2015 1356 Theodericum,

317 1386 418 1456 qui
475 1385 855 1438 immoderato
915 1386 1030 1436 tam
1081 1397 1367 1450 supremas
1414 1381 1788 1441 auctoritatis,
1843 1397 2016 1452 quam

314 1475 540 1528 Arianae
566 1473 864 1544 religionis
894 1487 1089 1525 amore
1122 1471 1381 1524 Boetium
1404 1470 1642 1540 perdere
1670 1470 1888 1524 statuit.

388 1564 618 1618 Boetius
652 1562 889 1634 quidem
919 1565 1155 1632 propter
1184 1560 1264 1630 (d)
1294 1559 1594 1630 praedictas
1624 1559 1801 1613 animi
1829 1560 2010 1626 dotes,

315 1652 677 1724 gravissimas
707 1651 765 1704 in
794 1667 852 1704 se
879 1649 1202 1712 concitavit,
1240 1648 1635 1718 improborum
1669 1648 2011 1719 prmsertim,

313 1741 640 1794 inimicitias
676 1757 688 1794 :
720 1739 953 1810 quidam
993 1737 1148 1792 enim
1177 1737 1250 1808 (e)
1282 1737 1486 1804 Aulici,
1523 1737 1621 1808 qui
1653 1754 1767 1807 quo
1809 1736 2014 1807 majori

312 1830 599 1901 pollerent
638 1828 997 1895 auctoritate,
1031 1844 1098 1880 eo
1151 1826 1356 1896 majori
1405 1842 1529 1880 sese
1577 1827 1886 1880 credebant
1923 1827 2010 1880 in-

306 1919 465 1990 juria
495 1918 628 1973 laedi
669 1935 700 1971 a
749 1918 962 1982 Boetio,
1016 1931 1186 1986 quem
1227 1916 1299 1986 (Γ)
1348 1915 1454 1968 sibi
1489 1915 1700 1984 injusta
1731 1915 2018 1969 molienti-

311 2009 419 2062 bus
451 2024 676 2079 semper
704 2005 1143 2077 experiebantur
1164 2003 1465 2069 adversari,
1497 2020 1722 2057 summo
1743 2004 2008 2057 eumdem

314 2098 570 2152 Boetium
606 2097 738 2151 odio
768 2094 1297 2166 prosequebantur:
1332 2093 1463 2146 hinc
1490 2097 1603 2146 tres
1637 2093 1884 2163 improbi
1921 2093 2014 2146 de-

313 2189 520 2242 latores
555 2186 635 2258 (g)
682 2185 1046 2250 Gaudentius,
1098 2183 1304 2253 Opilio,
1359 2187 1414 2235 et
1461 2183 1716 2250 Basilius,
1762 2198 2010 2252 quorum

309 2277 423 2332 duo
454 2277 672 2347 priores
721 2273 800 2344 (h)
834 2274 906 2327 ob
947 2273 1176 2327 frandes
1227 2271 1562 2325 innumeras
1611 2271 1808 2325 exsilio
1841 2271 2013 2325 desti-

311 2366 462 2431 nati;
491 2365 692 2418 tertius
724 2362 887 2431 regio
925 2360 1247 2414 ministerio
1278 2360 1568 2429 depulsus,
1607 2359 2009 2430 obwratusque

311 2453 650 2526 plurimum,
675 2453 788 2506 sive
812 2467 914 2504 suo
947 2450 1060 2503 sive
1085 2449 1438 2519 perditorum
1466 2449 1681 2519 pariter
1709 2448 2009 2502 hominum

310 2544 546 2598 consilio
590 2542 675 2613 (i),
723 2540 982 2596 Boetium
1029 2538 1182 2608 apud
1228 2554 1422 2608 regem
1472 2537 1887 2592 Theodericum
1924 2553 2010 2590 ac-

314 2637 602 2687 cusarunt.

382 2724 588 2776 Verum
631 2720 780 2774 idem
823 2717 1075 2782 Boetius,
1118 2715 1270 2770 unde
1315 2714 1631 2769 laudandus
1681 2719 1823 2780 erat,
1875 2714 2009 2769 inde

309 2817 609 2866 accusatur
639 2827 652 2864 :
685 2809 839 2880 quod
881 2807 1033 2862 enim
1083 2823 1200 2859 non
1233 2805 1488 2875 plebeios
1537 2805 1741 2869 solum,
1778 2805 1871 2858 sed
1908 2821 2006 2875 pa-

308 2901 498 2956 tricios
529 2915 758 2970 quoque
793 2898 946 2950 viros
976 2895 1126 2949 tueri
1165 2894 1492 2961 studuisset,
1523 2894 1656 2947 hinc
1686 2894 2011 2947 inferebant

2129 497 2330 565 pulum
2353 503 2474 550 tum
2501 498 2872 568 semetipsum
2903 498 3182 552 Arianum
3210 499 3574 570 expellerent,
3598 501 3665 554 ad
3697 503 3824 554 reli-

2129 601 2376 656 quorum
2430 593 2728 650 terrorem,
2782 587 3047 641 Boetium
3093 589 3199 642 sibi
3243 597 3570 658 suspectum
3627 591 3823 659 puniri

2127 675 2364 728 curavit.
2399 677 2705 746 Propterea
2740 675 2839 744 (ιη)
2871 693 2985 746 quo
3019 678 3108 730 die
3151 679 3269 748 ipse
3297 694 3397 732 rex
3435 678 3825 732 Theodericus

2127 765 2396 829 edixerat,
2427 770 2488 818 ut
2517 766 2724 834 Opilio,
2759 771 2814 818 et
2857 765 3232 831 Gaudentius,
3272 767 3328 820 ni
3380 767 3530 820 intra
3561 768 3821 837 praescri-

2126 858 2288 922 ptum
2321 854 2473 907 diem
2506 855 2773 908 Ravenna
2806 855 2942 908 urbe
2974 855 3330 920 decederent,
3367 859 3530 908 notas
3562 855 3825 925 insigniti

2126 942 2414 995 frontibus
2461 943 2815 1012 pellerentur
2867 943 2923 996 ni
2978 943 3414 1010 exsiliumghoc
3471 945 3595 1014 ipso
3649 945 3822 998 iidem

2127 1028 2376 1098 improbi
2443 1029 2745 1097 delatores,
2818 1031 2876 1083 in
2943 1031 3188 1100 gratiam
3260 1032 3480 1101 regiam
3553 1032 3823 1093 revocati,

2127 1117 2365 1169 Romam
2399 1116 2469 1170 ab
2509 1116 2632 1186 ipso
2665 1133 2798 1186 rege
2839 1117 3002 1170 missi
3035 1123 3187 1183 sunt,
3219 1118 3519 1172 absentem
3562 1119 3821 1172 Boetium

2127 1206 2391 1258 delaturi.
2429 1207 2708 1259 Delationi
2740 1206 2965 1276 injusta!
2999 1206 3283 1277 acquievit
3313 1214 3564 1274 senatus,
3593 1224 3820 1278 suoque

2128 1291 2210 1358 (η)
2242 1291 2468 1346 decreto
2514 1293 2900 1358 innocentem,
2936 1296 3303 1358 nescientem,
3342 1296 3825 1366 indefensumque

2127 1395 2296 1434 suum
2345 1387 2652 1450 patronum
2704 1383 2778 1451 to)
2824 1389 2880 1436 et
2935 1385 3104 1437 morti
3151 1385 3443 1437 damnavit
3486 1391 3541 1438 et
3587 1387 3823 1454 proscri-

2126 1469 2331 1538 ptioni,
2359 1485 2501 1540 quas
2527 1471 2926 1538 Theodericus,
2957 1472 3062 1525 sibi
3089 1477 3349 1526 metuens
3375 1473 3444 1526 ab
3475 1473 3825 1543 imperatore

2126 1558 2364 1626 Iustino,
2412 1558 2691 1630 bonisque
2737 1561 3024 1625 omnibus,
3067 1561 3280 1628 exsilio,
3325 1563 3523 1616 saltem
3567 1578 3678 1633 per
3725 1563 3823 1617 ali-

2128 1647 2281 1717 quod
2310 1651 2557 1718 tempus,
2593 1650 3003 1718 permutandas
3034 1651 3270 1720 putavit.

2906 1741 3047 1794 Vlll.

2196 1826 2421 1880 Boetius
2458 1843 2614 1897 ergo,
2657 1844 2808 1881 anno
2841 1834 3116 1899 reparata:
3149 1827 3348 1884 salutis
3386 1829 3608 1883 circiter
3655 1830 3824 1900 quin-

2123 1915 2440 1986 gentesimo
2489 1915 2768 1985 vigesimo
2828 1917 3099 1983 secundo,
3157 1917 3410 1988 adeoque
3468 1919 3656 1972 aetatis
3711 1935 3824 1972 sua:

2121 2007 2346 2060 circiter
2393 2007 2834 2077 quadragesimo
2877 2008 3141 2077 septimo,
3177 2007 3255 2077 (p)
3290 2007 3607 2077 imperante
3640 2008 3823 2061 Theo-

2121 2096 2334 2163 dierco,
2367 2095 2426 2149 in
2450 2095 2709 2149 exsilium
2742 2096 2966 2159 missus,
3000 2097 3059 2148 in
3083 2111 3283 2166 agrum
3317 2095 3819 2161 Mediolanensem,

2121 2185 2256 2251 sive,
2310 2189 2374 2238 ut
2419 2183 2512 2238 alii
2565 2185 2783 2250 volunt,
2841 2185 3102 2239 Ticinum
3149 2185 3433 2254 relegatus
3479 2191 3610 2238 est:
3663 2185 3818 2256 quod

2121 2273 2354 2344 quidem
2387 2273 2568 2326 exsilii
2601 2278 2828 2342 tempus
2857 2273 3080 2327 videtur
3110 2289 3275 2343 posse
3304 2274 3494 2343 colligi
3525 2291 3595 2327 ex
3622 2275 3816 2343 primo

2121 2361 2536 2416 Consolationis
2589 2362 2996 2432 philosOphicw
3047 2362 3296 2416 carmine
3349 2363 3475 2432 (q):
3524 2363 3603 2416 ibi
3660 2365 3817 2417 enim

2120 2451 2241 2521 ipse
2284 2451 2511 2504 Boetius
2559 2451 2639 2504 ait
2687 2467 2848 2504 suam
2890 2455 3262 2517 senectutem,
3315 2467 3487 2521 quam
3531 2457 3698 2506 vocat
3738 2453 3820 2506 in-

2121 2541 2376 2610 epinam,
2405 2539 2626 2594 venisse
2659 2539 2826 2592 molis
2870 2544 3260 2610 properatam,
3295 2541 3685 2611 canitiemque
3731 2543 3815 2594 in-

2119 2629 2518 2700 tempestivam
2559 2645 2661 2682 suo
2705 2629 2889 2699 capite
2921 2629 3164 2682 diffundi
3201 2646 3214 2682 :
3249 2629 3347 2683 sed
3388 2629 3620 2700 inopina
3655 2646 3817 2684 sene-

2120 2724 2241 2772 ctus
2279 2718 2629 2789 canitiesque
2664 2717 3065 2788 intempestiva
3109 2717 3331 2772 homini
3369 2735 3484 2772 non
3527 2719 3811 2782 accidunt,

2120 2808 2229 2862 nisi
2259 2814 2389 2861 ante
2429 2823 2645 2861 annum
2681 2807 2866 2860 mtatis
2897 2823 3012 2860 suae
3055 2807 3623 2877 quinquagesimum.
3670 2808 3817 2872 Quo-

2119 2913 2344 2968 cunque
2376 2897 2627 2962 tandem,
2653 2901 2708 2950 et
2738 2896 2969 2966 quando
2993 2895 3336 2949 exsulaverit
3357 2895 3605 2962 Boetius,
3638 2898 3814 2967 hujus

223 3048 228 3052 .
307 2991 499 3061 ipsum
539 2990 690 3043 183588
738 2986 1052 3056 maiestatis
1083 3001 1266 3050 reum,
1311 2983 1377 3054 (i)
1423 2999 1526 3052 pro
1560 2988 1763 3036 senatu
1811 2988 2010 3037 contra
2047 3001 2088 3056 ο
2120 2987 2382 3041 exsilium
2443 3003 2554 3040 non
2611 2985 2942 3055 protugium
2993 2991 3305 3056 portusque
3363 2984 3651 3055 supplicii,
3722 2987 3812 3040 sed

306 3096 504 3149 regem
536 3078 778 3132 stetisse.
809 3075 918 3130 Sed
947 3074 1097 3144 quod
1134 3074 1286 3128 idem
1325 3074 1383 3124 in
1418 3072 1576 3125 omni
1609 3072 2000 3124 doctrinarum

306 3169 591 3232 omnium,
626 3165 1160 3220 mathematicarum
1206 3162 1490 3232 praecipue
1522 3177 1732 3228 genere
1763 3165 1998 3229 priesta-

307 3263 412 3320 ret,
447 3257 580 3309 inde
618 3255 768 3325 (qua:
815 3253 1153 3306 saeculorum
1198 3251 1533 3320 ignarorum
1580 3266 1699 3302 sors
1746 3250 1873 3318 fuit)
1917 3248 1997 3319 (lc)

303 3347 538 3416 magicis
571 3345 788 3398 artibus
828 3343 961 3406 sive,
1010 3345 1071 3393 ut
1117 3341 1292 3393 nostri
1331 3340 1665 3410 loquuntur,
1706 3337 2000 3409 sortilegio

302 3438 556 3490 mentem
586 3432 858 3503 polluisse
884 3429 1329 3483 mentiebantur.

375 3524 631 3594 Denique
657 3520 1038 3576 Theodericus
1064 3535 1164 3570 sua
1197 3516 1428 3586 partim,
1458 3515 1670 3584 partim
1701 3513 1996 3583 religionis

303 3613 527 3666 Arianae
561 3627 749 3674 causa,
785 3626 850 3663 ex
874 3606 1160 3678 praedictis
1193 3603 1542 3659 delatoribus
1580 3604 1829 3658 oblatam
1859 3619 1994 3672 per-

300 3703 469 3757 dendi
487 3700 665 3756 Boetii
682 3698 1036 3754 occasionem
1051 3697 1200 3749 ultro
1215 3695 1449 3764 accepit.
1468 3693 1695 3746 Audivit
1719 3692 1994 3745 nimirum

300 3793 395 3846 ille
417 3790 660 3845 Arianus
678 3789 962 3859 princeps,
977 3787 999 3839 J
1012 3781 1262 3838 u'stinum
1285 3784 1693 3852 imperatorem
1709 3780 1994 3851 optimum

299 3896 417 3933 non
448 3879 633 3932 solum
668 3877 729 3946 tl)
763 3875 1046 3945 subjectos
1079 3872 1186 3926 sibi
1233 3872 1480 3942 populos
1520 3873 1759 3939 paterno
1797 3884 1994 3922 amore

299 3967 598 4038 prosequi;
635 3966 732 4019 sed
762 3964 1060 4018 hmreticos
1101 3978 1298 4015 omnes
1339 3961 1550 4014 Ariana
1593 3960 1684 4011 lue
1723 3959 1992 4027 pollutos,

300 4057 549 4128 exceptis
628 4055 831 4109 saltem
904 4051 1116 4117 Gothis,
1188 4047 1682 4117 Constantinopoli
1759 4051 1994 4115 totoque

297 4148 523 4204 Oriente
555 4145 751 4217 egredi
775 4144 1032 4216 jussisse.
1079 4141 1192 4195 llic
1222 4140 1433 4194 veritus
1474 4155 1565 4202 ne,
1613 4142 1827 4190 asserta
1856 4135 1989 4189 reli-

367 4292 448 4360 (a)
481 4291 708 4359 Consol,
737 4289 944 4361 philos.
980 4288 1017 4341 ι.
1053 4305 1089 4350 I,
1123 4301 1274 4355 pros.
1301 4284 1353 4335 4.

367 4363 443 4448 (δ)
474 4364 624 4448 lbi?-

634 4523 645 4559 :
675 4503 816 4557 Inde
837 4519 963 4556 cum
985 4497 1258 4570 improbis
1275 4509 1479 4566 graves
1494 4489 1986 4562 inexorabilesque

289 4576 606 4631 discordiae.

362 4647 435 4713 (ei
473 4647 612 4699 Ibid.
655 4660 667 4701 ε
709 4642 966 4696 Palatini
995 4655 1183 4713 canes.
1582 4705 1590 4713 .

361 4709 435 4786 (Γ)
471 4717 610 4770 Ibid.
647 4733 658 4769 :
693 4714 851 4771 Nihil
871 4713 1026 4786 apud
1052 4709 1277 4766 aulicos
1304 4709 1609 4762 reservari.

387 4791 439 4856 (1)
475 4789 619 4842 llild.

364 4793 439 4860 (υ)
477 4793 619 4842 Ibid.

365 4861 448 4922 th.)
485 4860 621 4911 Ibid.

361 4926 421 4996 (ἐξ)
440 4918 593 4984 Ibid.
620 4947 632 4982 :
671 4928 882 4992 Quibus
911 4923 1297 4987 deferentibus
1317 4918 1564 4992 perculsi
1592 4933 1806 4996 sumus.

360 4989 426 5071 (ᾗ)
463 5003 600 5055 Ibid.
641 5018 652 5054 :
680 4989 955 5071 Senatum
979 4995 1226 5050 dicimur
1251 4989 1439 5071 aluum
1464 5007 1584 5044 esse
1607 4989 1871 5071 uoluisse.

357 5059 432 5144 (Tuli)
463 5075 602 5128 Ibid.
629 5089 640 5126 :
667 5068 980 5140 Sacn'legio
1001 5085 1089 5121 me
1109 5063 1513 5121 conscientiam
1538 5059 1813 5131 polluisse
1832 5073 1979 5111 men-

283 5145 376 5199 titi
403 5149 555 5199 sunt.

355 5218 419 5288 tl)
455 5216 791 5288 Sabellicus,
815 5213 910 5288 lib.
943 5229 1002 5288 _i_i_,
1040 5208 1283 5264 ennead.
1459 5278 1493 5288 Α

352 5275 452 5358 (νὴ)
484 5289 706 5344 Conso].
741 5275 1041 5358 phil.,_lih.
1068 5299 1106 5347 i,
1140 5296 1288 5350 pros.
1323 5279 1426 5358 4.__:_
1453 5275 1772 5358 Qpilioneni
1804 5275 1977 5358 atq’ue

352 5291 427 5358 (τη
484 5291 706 5344 Conso].
741 5291 906 5355 phil.,
942 5291 1041 5335 lib.
1068 5299 1106 5347 i,
1140 5296 1288 5350 pros.
1323 5291 1371 5330 1i.
1411 5292 1422 5330 :
1453 5291 1772 5356 Upmonem
1804 5291 1977 5338 atque

277 5291 660 5414 GauJentium
683 5373 810 5412 cum
828 5355 893 5408 ob
912 5353 1246 5406 innumeras
1258 5341 1977 5425 multiplicesquefraudes

272 5431 334 5484 in
348 5431 609 5485 exsilium
624 5427 780 5500 regia
795 5441 1036 5479 censura
1051 5421 1387 5500 decrevisset
1397 5416 1976 5500 ,cumque‘illiparere

269 5503 526 5557 nolentes
552 5488 853 5556 sacrarum
883 5512 1007 5550 sese
1039 5494 1247 5564 aedium
1271 5488 1607 5564 defensione
1644 5488 1969 5564 tuerentur,

269 5577 732 5644 compertumque
752 5569 810 5623 id
826 5567 950 5635 regi
962 5567 1146 5644 fo_ret,_
1158 5563 1334 5644 edient
1350 5566 1412 5615 ut
1431 5561 1501 5644 ‘ni
1524 5560 1682 5644 intra
1697 5560 1974 5644 prmscrf:

266 5626 433 5718 ptum
464 5626 612 5699 diem
632 5626 914 5697 ’Βαυθηηᾶ
939 5626 1075 5692 urbe
1111 5626 1463 5701 decederent,
1493 5635 1662 5687 notas
1697 5626 1968 5700 insigniti

407 5279 412 5286 ι

2112 3075 2459 3146 supplicium
2493 3075 2565 3144 (γ)
2598 3074 2708 3128 fuit
2736 3090 2749 3128 :
2783 3074 2917 3127 huic
2955 3073 3166 3127 etenim
3202 3074 3666 3144 circumscriptus
3709 3075 3814 3130 fuit

2111 3166 2296 3220 brevis
2347 3164 2416 3233 (s)
2453 3163 2749 3217 habitandi
2784 3163 2941 3216 locus
2975 3179 2987 3216 :
3022 3163 3120 3216 ubi
3160 3163 3320 3216 nefas
3362 3163 3448 3216 illi
3490 3168 3632 3229 erat,
3678 3181 3811 3234 pro-

2109 3254 2375 3325 pinquos,
2411 3253 2646 3318 amicos,
2690 3253 3001 3306 familiares
3045 3255 3131 3324 tt),
3177 3253 3352 3306 libros
3401 3252 3553 3322 ipsos
3596 3253 3805 3307 videre.

2109 3345 2208 3397 Hic
2237 3350 2425 3397 autem
2461 3342 2684 3396 Boetius
2708 3357 2870 3394 suam
2895 3340 3021 3394 vitae
3050 3357 3392 3412 morumque
3417 3341 3807 3411 integritatem

2109 3431 2353 3502 posteris
2384 3432 2878 3485 demonstraturus
2910 3429 3012 3500 (α),
3040 3430 3377 3498 tristemque
3410 3446 3568 3483 suam
3601 3431 3807 3501 cogita-

2107 3521 2321 3575 tionem
2354 3525 2517 3590 grata
2547 3536 2676 3574 cum
2710 3535 2826 3573 sua)
2860 3518 3090 3586 mentis,
3125 3523 3247 3572 tum
3288 3518 3459 3572 etiam
3499 3518 3681 3588 ipsius
3712 3519 3804 3574 Dei

2106 3608 2452 3678 cogitatione
2496 3607 2823 3678 fugaturus,
2855 3605 3194 3660 admirabile
3239 3606 3344 3659 hoc
3394 3607 3800 3676 philosophiae

2105 3697 2514 3753 consolationis
2561 3713 2707 3766 opus
2763 3696 3056 3766 cogitavit,
3100 3695 3524 3766 cogitatumque
3577 3695 3803 3766 scriptis

2107 3786 2414 3840 mandavit.
2450 3786 2555 3840 Sed
2588 3786 2724 3839 dum
2767 3785 3123 3839 sanctissima
3161 3785 3260 3838 illa
3290 3784 3599 3838 distinetur
3635 3801 3802 3838 occu-

2106 3877 2337 3946 patione
2384 3876 2468 3928 vir
2497 3875 2940 3941 illustrissimus,
2973 3875 3212 3927 alterum
3245 3874 3438 3944 prodit
3461 3867 3673 3927 Iustini
3703 3875 3802 3927 im-

2105 3966 2384 4036 peratoris
2425 3965 2691 4030 edictum,
2727 3980 2839 4034 quo
2883 3964 3122 4017 Arianos
3172 3979 3390 4024 omnes,
3439 3979 3509 4015 ne
3555 3964 3802 4033 exceptis

2104 4055 2340 4126 quidem
2399 4053 2615 4118 Gothis,
2671 4068 2993 4122 aggressus,
3035 4051 3203 4120 jubet
3261 4051 3553 4121 episcopos
3601 4067 3803 4104 omnes

2103 4144 2404 4198 haareticos
2446 4161 2478 4196 a
2507 4143 2623 4196 suis
2665 4141 2894 4196 sedibus
2924 4140 3228 4205 dimoveri,
3262 4128 3575 4211 eorumque
3609 4141 3799 4195 Eccle-

2098 4289 2284 4355 fronti
2289 4289 2385 4343 bus
2400 4287 2862 4360 peller_entur..._..
2879 4285 3072 4360 ‘Atqui
3091 4285 3287 4340 eodem
3302 4284 3395 4339 die
3413 4285 3801 4350 deferentibus

2099 4361 2331 4424 eisdem,
2362 4357 2618 4415 nominis
2647 4357 2830 4412 nostri
2858 4357 3066 4411 delatio
3099 4360 3365 4426 suscepta
3395 4364 3497 4410 est.

2174 4434 2254 4500 (vi)
2285 4433 2425 4484 Ibid.
2460 4448 2471 4484 :
2505 4436 2599 4483 Αη
2631 4434 2859 4501 optasse
2894 4427 3057 4501 illius
3083 4427 3311 4501 ordinis
3339 4429 3595 4501 salutem
3628 4428 3800 4501 nefas

2093 4498 2338 4557 vocabo?
2362 4502 2471 4556 Ille
2493 4498 2722 4571 quidem
2742 4499 2860 4554 suis
2889 4500 2957 4554 de
2981 4516 3071 4553 me
3098 4498 3361 4565 decretis,
3392 4498 3477 4552 uti
3497 4499 3600 4553 hoc
3631 4499 3800 4566 nefas

2094 4578 2260 4637 esset,
2295 4573 2576 4641 effecerat.

2166 4649 2239 4714 to)
2273 4639 2412 4698 Ibid.
2453 4660 2464 4696 :
2503 4644 2580 4696 0b
2604 4641 2853 4698 studium
2881 4641 3224 4711 propensius
3249 4639 3310 4694 in
3337 4644 3603 4695 senatum
3627 4641 3798 4696 morti

2087 4714 2609 4788 proscriptionique
2637 4715 3008 4769 damnamur.

2168 4789 2247 4857 (ρ)
2280 4783 2340 4840 Id
2389 4783 2586 4839 inferri
2637 4789 2823 4854 potest
2861 4801 2930 4838 ex
2959 4783 3139 4838 veteri
3185 4783 3366 4837 Boetii
3400 4787 3582 4837 statua
3635 4800 3794 4838 mar-

2090 4876 2304 4920 morea,
2337 4859 2405 4910 de
2437 4875 2547 4926 qua
2581 4857 2746 4910 intra.

2165 4935 2240 5000 :j‘q‘)
2278 4931 2500 4981 Consol.
2537 4929 2742 4996 philos.
2776 4927 2811 4980 l.
2845 4943 2882 4992 ι,
2917 4930 3135 5000 metro._
3162 4929 3208 4990 l,
3239 4942 3292 5000 v.
3329 4927 3358 4977 9
3393 4943 3404 4979 :

2277 4999 2430 5047 Venit
2459 5000 2600 5046 enim
2634 5002 2910 5061 prOperata
2940 4997 3092 5044 malis
3125 4997 3341 5059 inepina
3367 4999 3632 5051 senectus,

2338 5063 2398 5109 Et
2424 5062 2575 5108 dolor
2601 5059 2806 5109 aetatem
2833 5059 2992 5122 jussit
3020 5061 3190 5107 inesse
3217 5072 3365 5107 suam
3391 5070 3402 5108 ε

2272 5123 2633 5186 Inteinpestivi
2657 5123 2962 5171 funduntur
2982 5123 3176 5186 vertice
3201 5123 3337 5186 cani.

2159 5203 2229 5258 tr)
2270 5183 2464 5258 Ibid,
2486 5203 2637 5255 pros.
2674 5187 2748 5258 li:
2788 5188 2898 5239 Per
2927 5201 2988 5239 se
3025 5183 3170 5239 satis
3211 5183 3421 5240 eminet
3435 5184 3697 5253 fortuna.u
3727 5186 3786 5238 in

2082 5276 2185 5313 nos
2213 5256 2495 5312 saevientis
2519 5256 2836 5327 asperitas.

2157 5335 2225 5400 (si
2261 5331 2402 5384 Ibid.
2439 5346 2449 5382 :
2488 5326 2665 5400 Nihil
2685 5345 2755 5382 ne
2787 5331 2840 5381 te
2868 5327 3140 5400 ipsailoci
3169 5326 3353 5394 facies
3382 5330 3585 5382 movet.

2159 5397 2219 5468 ξι)
2252 5402 2388 5454 Ibid.
2428 5417 2439 5453 :
2472 5399 2742 5453 Haecciue
2767 5402 2851 5452 est
2897 5397 3260 5452 bibliotheca.

2177 5475 2229 5543 ιι)
2258 5472 2397 5526 Ibid.
2419 5487 2431 5522 :
2460 5472 2630 5539 Cujus
2648 5470 2734 5543 rei
2755 5469 2960 5543 seriem
2979 5472 3151 5540 atque
3169 5469 3492 5543 ceritatem,
3511 5487 3581 5543 ne
3607 5470 3784 5543 latere

2077 5539 2335 5615 posteros
2364 5545 2534 5610 queat
2559 5541 2713 5611 stylo
2739 5541 2914 5598 etiam
2945 5539 3338 5611 memoriaeque
3370 5539 3663 5596 mandavi.
