3996 6170
197 305 275 355 361
841 302 905 353 IN
952 301 1200 353 LIBROS
1240 302 1329 355 DE
1373 301 1894 357 CONSOLATIONE
1937 303 2424 358 PHILOSOPHUS
2467 302 3008 357 PBOLEGOMENA.

3564 304 3667 356 562

193 436 282 489 sias
310 434 908 500 Romanaereligionis
953 435 1063 487 ritu
1096 436 1430 489 consecrari.
1466 436 1851 491 Theodericus
1885 438 1933 490 Α
1963 453 2165 490 vennaa
2213 437 2491 491 memoria
2534 438 2861 507 Symmachi
2908 437 3111 507 quinto
3160 437 3424 492 calendas
3462 439 3657 509 Junii;

192 522 387 577 Arianis
426 522 494 575 ad
522 538 578 573 se
611 522 1071 592 confugientibus
1112 524 1169 577 id
1226 525 1419 577 novit:
1454 542 1627 595 quare
1666 525 1854 579 missis

190 611 720 678 Constantinopolim
759 612 837 681 (α)
874 612 1092 682 legatis,
1135 614 1351 666 Joanne
1384 630 1589 682 nempe
1629 615 1854 669 Thusco

187 702 426 771 episcopo
466 700 746 761 Romano,
793 706 847 752 et
892 701 1160 771 episcopo
1212 703 1666 769 Ravennatensi;
1715 706 1855 773 Aga-

187 798 296 859 peto
330 794 381 841 et
424 789 665 841 Patricio
713 790 1043 843 consulibus
1093 791 1399 857 Romanis;
1453 797 1628 858 atque
1672 793 1854 846 Theo-

184 880 301 932 doro
326 881 376 931 et
402 878 736 947 Importuuo
766 878 1146 945 senatoribus,
1178 879 1314 932 viris
1339 881 1850 949 prmstautissimis,

183 954 447 1037 postulare
492 966 561 1019 ab
591 966 810 1019 Justino
838 967 1028 1035 jussit,
1059 973 1121 1021 ut
1164 968 1357 1021 Ariani
1391 968 1646 1038 episcopi
1678 973 1734 1022 et
1770 984 1855 1021 sa-

184 1056 413 1108 cerdotes
442 1055 565 1107 loco
597 1071 698 1107 suo
731 1056 872 1109 moti
894 1058 1337 1109 restituerentur
1362 1074 1373 1109 :
1403 1058 1557 1127 quod
1581 1059 1638 1109 ni
1671 1058 1850 1119 fieret,

180 1145 281 1198 fore
309 1148 367 1195 ut
404 1143 561 1197 brevi
593 1144 770 1198 Roma
798 1148 853 1198 et
883 1148 1001 1198 tota
1027 1145 1187 1198 Italia
1214 1146 1464 1199 caedibus
1490 1151 1548 1199 et
1576 1146 1854 1199 incendiis

179 1247 383 1303 quoque
453 1232 753 1284 adversum
813 1233 1159 1286 orthodoxos
1219 1236 1523 1303 repleatur.
1578 1233 1651 1304 (b)
1714 1234 1853 1287 Cum

178 1325 344 1372 autem
378 1318 554 1387 legati
590 1319 649 1371 in
682 1319 887 1372 itinere
920 1320 1189 1389 opinione
1222 1320 1435 1373 diutius
1467 1324 1850 1385 morarentur,

177 1406 539 1460 Theodericus
588 1407 743 1459 rabie
786 1408 1106 1477 iniquitatis
1152 1425 1266 1461 sum
1300 1410 1647 1477 stimulatus,
1689 1413 1850 1479 Sym-

178 1496 425 1548 machum
490 1502 546 1547 et
606 1496 863 1549 Boetium
933 1498 1290 1563 exconsules,
1337 1498 1488 1551 viros
1548 1498 1853 1551 catholicos

176 1584 340 1648 gladio
374 1583 699 1636 trucidavit.
735 1585 804 1653 (ε)
850 1584 1061 1638 Deinde
1102 1587 1380 1639 Joannem
1416 1604 1622 1657 papam
1667 1603 1728 1639 ex
1770 1587 1849 1639 le-

172 1672 377 1743 gatione
420 1688 735 1739 reversum,
768 1688 833 1725 eo
879 1674 1028 1743 quod
1073 1675 1383 1728 honoriﬁce
1433 1677 1503 1729 ab
1536 1677 1850 1730 orthodoxo

172 1762 500 1832 imperatore
546 1767 835 1831 exceptus,
872 1768 927 1815 et
980 1764 1317 1817 muneribus
1348 1766 1591 1819 donatus
1630 1766 1847 1831 fuisset,

172 1867 283 1903 cum
311 1850 499 1914 sociis,
550 1852 834 1903 Ravenna:
876 1852 934 1904 in
968 1852 1192 1905 vincula
1222 1854 1546 1921 conjectum
1594 1854 1847 1923 paedore.

170 1939 327 1990 sitiet
378 1938 573 1991 inedia
621 1939 869 1992 necavit:
906 1940 999 1993 sed
1061 1941 1139 2009 (εἰ)
1198 1957 1293 1993 rex
1348 1942 1560 2011 impius
1609 1944 1852 2011 dignum

171 2042 377 2098 quoque
420 2026 585 2079 factis
621 2028 736 2079 suis
778 2028 997 2082 invenit
1044 2030 1170 2082 vita:
1213 2031 1465 2085 exitum:
1499 2048 1633 2084 nam
1675 2048 1738 2085 ex
1785 2047 1851 2085 eo

171 2124 429 2185 tempore,
463 2132 579 2186 quo
614 2118 1042 2187 Symmachum,
1076 2120 1355 2184 Boetium,
1390 2122 1666 2174 Joannem
1699 2121 1849 2174 Thu-

172 2222 308 2258 scum
336 2206 675 2276 episc0pum
712 2208 1053 2273 Romanum,
1102 2213 1158 2261 et
1188 2208 1327 2261 alios
1360 2209 1573 2278 injuste
1609 2210 1849 2263 interfe-

171 2295 250 2359 cit,
278 2295 331 2347 in
358 2311 421 2347 su
436 2310 654 2348 mmnm
692 2296 868 2348 animi
898 2312 1195 2350 mmrorem
1231 2298 1455 2361 incidit,
1488 2299 1568 2350 ita
1596 2302 1660 2351 ut
1687 2298 1851 2351 obla-

170 2386 241 2434 tos
285 2382 339 2433 in
372 2397 577 2434 mensa
620 2384 797 2451 pisces
838 2384 1252 2453 imaginaretur
1297 2384 1727 2439 interfectorum
1760 2402 1849 2439 ca-

170 2471 271 2539 pita
312 2486 458 2523 esse.
528 2471 780 2523 Tandem
836 2488 970 2524 vero
1036 2474 1411 2541 nonagesimo
1459 2474 1549 2527 die
1600 2490 1632 2527 a
1671 2478 1850 2528 morte

168 2558 375 2612 Joannis
395 2574 571 2628 papae
604 2559 903 2613 subitanea
955 2565 1138 2615 morte
1160 2562 1349 2631 periit.

964 2650 1048 2702 IX.

229 2736 412 2789 Modus
461 2752 638 2807 porro
674 2753 789 2807 quo
840 2738 1066 2791 Boetius
1113 2738 1447 2793 interfectus
1481 2744 1565 2793 est
1611 2755 1725 2793 non
1774 2741 1851 2793 ita

172 2830 399 2879 constat:
450 2827 559 2880 sed
616 2826 683 2896 (e)
724 2826 903 2880 Ticini
955 2833 1308 2881 monstratur
1356 2830 1530 2881 turris
1578 2829 1849 2895 lateritia,

174 2915 323 2967 Boetii
364 2930 584 2980 carcer,
637 2931 751 2984 quo
792 2917 972 2970 Ticini
1028 2917 1231 2971 incolas
1288 2934 1320 2971 a
1364 2918 1677 2987 majoribus
1731 2919 1848 2971 suis

1965 526 2116 595 quod
2142 530 2385 596 uterque
2414 541 2519 595 pro
2552 526 2664 580 tide
2706 531 2902 580 contra
2930 526 3168 579 Arianos
3201 532 3445 581 mortem
3478 544 3661 600 oppe-

1964 615 2140 668 tierit.

2035 705 2174 758 Hinc
2210 704 2379 757 etiam
2424 705 2495 775 (g)
2546 704 2806 773 ejusdem
2854 705 3031 758 Boetii
3081 705 3467 775 sepulchrum,
3505 710 3658 778 quod

1964 793 2144 847 Ticini
2167 794 2226 847 in
2258 794 2373 847 aede
2409 794 2461 847 S.
2509 794 2829 863 Augustino
2863 811 3037 855 sacra,
3080 795 3399 849 etiamnum
3433 796 3656 867 visitur,

1963 883 2229 954 pluribus
2262 882 2464 951 elogiis
2498 883 2829 935 decoratum
2858 883 2995 937 fuit:
3020 884 3153 937 olim
3179 884 3417 955 quidem
3449 885 3563 940 sic:

2150 990 2280 1038 Ecce
2311 989 2535 1036 Boethus
2563 989 2711 1036 adest
2740 989 2793 1036 in
2828 989 2961 1036 coelo
2988 1002 3230 1047 magnus,
3256 994 3307 1037 et
3327 991 3471 1038 omni

2214 1054 2519 1112 Perspectus
2546 1052 2764 1108 mundo,
2798 1053 2962 1099 mirus
2987 1052 3263 1100 habendus
3291 1052 3467 1100 homo.

2153 1115 2252 1171 Qui
2283 1114 2606 1177 Theodorico
2636 1113 2981 1177 regidelatus
3010 1114 3191 1177 iniquo

2211 1176 2376 1224 Ticini
2413 1176 2617 1223 senium
2646 1176 2793 1223 duxit
2820 1176 2871 1223 in
2901 1177 3104 1223 exsilio.

2152 1239 2209 1286 1n
2238 1252 2341 1299 qua
2366 1251 2420 1286 se
2450 1242 2698 1286 mmstum
2732 1238 2909 1285 solans
2945 1238 3089 1286 dedit
3114 1238 3243 1287 urbe
3274 1238 3542 1293 libellum;

2215 1302 2335 1349 Post
2368 1301 2501 1349 ictus
2533 1300 2727 1362 gladio,
2756 1300 2883 1348 exiit
2912 1314 2939 1348 e
2969 1301 3159 1349 medio.

1966 1393 2123 1445 Nunc
2154 1407 2286 1443 vero
2318 1391 2396 1443 sic
2417 1408 2428 1443 :

2152 1478 2373 1526 Mzeouia
2403 1482 2453 1525 et
2478 1477 2629 1525 Latia
2656 1477 2839 1539 lingua
2860 1477 3202 1534 clarissimus,
3236 1480 3287 1524 et
3316 1478 3406 1539 qui

2210 1540 2407 1587 Consul
2436 1553 2595 1593 eram,
2630 1539 2713 1586 hic
2746 1540 2873 1601 perii
2902 1540 3096 1587 missus
3128 1540 3179 1585 iu
3212 1539 3478 1597 exsilium,

2147 1603 2210 1651 Et
2237 1603 2358 1663 quia
2389 1616 2529 1650 mors
2551 1602 2743 1663 rapuit.
2782 1602 3011 1661 probitas
3042 1616 3124 1649 me
3153 1602 3293 1648 vexit
3320 1601 3383 1647 ad
3414 1614 3590 1659 auras,

2198 1665 2287 1713 En
2310 1678 2453 1713 nunc
2474 1664 2614 1712 fama
2648 1665 2789 1725 viget
2811 1664 3058 1717 maxima.
3090 1664 3217 1711 vivit
3247 1677 3399 1725 opus.

2035 1763 2162 1819 Suis
2192 1763 2369 1833 igitur
2402 1763 2629 1825 Boetius
2658 1760 2927 1814 notabilis
2967 1766 3054 1813 est
3087 1759 3420 1829 majoribus,
3456 1758 3654 1812 erudi—

1962 1852 2142 1917 tione,
2175 1852 2501 1917 virtutibus,
2537 1851 2826 1916 uxoribus,
2861 1850 3072 1909 liberis.
3110 1848 3506 1918 dignitatibus,
3540 1848 3656 1901 ini-

1962 1941 2123 1993 micis
2152 1946 2208 1994 et
2241 1944 2447 1994 morte.
2508 1944 2557 1992 1ο
2613 1940 2850 2008 Majores
2898 1939 3039 2008 ejus,
3080 1938 3258 1991 Anitii
3301 1938 3553 2003 fuerunt,
3599 1941 3656 1990 et

1962 2030 2173 2093 Manlii,
2198 2031 2304 2083 viri
2335 2030 2483 2083 inter
2514 2030 2782 2098 antiquos
2810 2028 3146 2097 nobilesque
3177 2028 3465 2081 Romanos
3492 2026 3651 2093 tanti,

1963 2136 2170 2190 paucos
2193 2124 2256 2172 ut
2294 2120 2605 2174 habuerint
2650 2135 2835 2188 pares,
2873 2119 3198 2187 superiores
3251 2122 3401 2170 certe
3445 2117 3651 2169 nullos.

1961 2214 2020 2264 2°
2083 2208 2337 2263 Eruditio
2407 2209 2663 2278 ejusdem
2729 2207 3057 2277 singularis,
3126 2222 3241 2277 qua
3298 2209 3361 2259 ut
3416 2204 3654 2258 ultimus

1962 2300 2221 2353 omnium
2279 2316 2343 2352 ex
2396 2298 2649 2367 antiquis
2712 2297 2984 2352 Romanis
3058 2295 3275 2366 aliquid
3333 2294 3655 2348 litterarum

1962 2387 2348 2441 monumentis
2374 2386 2741 2450 consecravit,
2774 2385 2850 2437 sic
2872 2384 3091 2454 primus
3127 2382 3389 2436 omnium
3424 2381 3653 2436 Aristo-

1963 2476 2189 2531 telicam
2228 2475 2589 2545 disciplinam
2636 2474 2847 2527 Latinis
2896 2472 3096 2527 litteris
3128 2471 3414 2525 illustrare
3448 2470 3651 2540 coepit:

1961 2569 2135 2620 tantae
2185 2568 2456 2620 caeterum
2519 2563 2670 2633 apud
2718 2568 2979 2632 posteros
3036 2560 3407 2625 auctoritatis,
3468 2563 3531 2612 ut
3583 2560 3653 2612 ab

1963 2655 2217 2725 ejusdem
2303 2652 2585 2706 sententia
2670 2652 2828 2705 nulla
2904 2651 3084 2704 ferme
3155 2650 3228 2703 sit
3299 2648 3650 2719 provocatio.

1962 2746 2019 2797 3°
2049 2744 2235 2795 Virtus
2266 2742 2420 2794 illius
2450 2746 2508 2793 in
2562 2744 2873 2809 tempestate
2917 2742 3102 2808 quieta
3128 2741 3273 2805 fuit:
3320 2739 3463 2791 luxit
3492 2740 3548 2790 in
3577 2741 3653 2789 te-

1960 2833 2139 2885 nebris
2162 2832 2358 2898 :pulsu
2390 2832 2498 2884 loco
2528 2833 2729 2882 mansit
2752 2834 2928 2882 tamen
2959 2833 3121 2891 atque
3153 2828 3307 2879 haesit
3335 2829 3394 2878 in
3426 2827 3646 2893 patria;

1960 2918 2237 2986 splenduit
2256 2933 2353 2985 per
2380 2933 2490 2971 sese
2518 2932 2743 2985 semper,
2774 2932 2867 2969 nec
2905 2918 3097 2969 altatis
3132 2929 3375 2982 unquam
3402 2914 3653 2968 sordibus

172 3003 298 3056 docti
329 3008 601 3057 asserunt
633 3004 832 3057 missos
878 3022 908 3057 a
936 3006 1288 3059 Theoderico
1338 3006 1640 3060 tribunum
1672 3012 1728 3061 et
1757 3023 1851 3059 sa—
1892 3026 1931 3081 C
1960 3008 2231 3061 obsolevit.
2283 3008 2341 3058 4°
2391 3007 2623 3071 Uxores,
2683 3004 2894 3057 soceris
2947 3004 3107 3057 Festo
3176 3007 3231 3055 et
3288 3001 3648 3071 Symmacho,

173 3093 381 3146 tellitem
408 3110 419 3155 ;
461 3093 658 3156 illum,
682 3094 748 3147 ad
781 3094 1129 3148 monendum
1159 3095 1438 3157 Boetium,
1470 3100 1554 3156 ut,
1592 3096 1635 3148 si
1666 3096 1849 3149 salvus

174 3196 274 3233 esse
336 3183 531 3245 vellet,
592 3182 873 3253 quidquid
926 3188 1048 3236 erat
1096 3184 1510 3252 conjurationis
1566 3184 1845 3255 aperiret;

173 3268 299 3321 hunc
327 3270 395 3322 ad
420 3270 915 3336 interﬁciendum,
949 3272 995 3325 si
1025 3277 1293 3325 renueret
1330 3273 1574 3341 aperire.
1618 3273 1849 3326 Addunt

171 3357 467 3419 satellitem,
520 3357 621 3409 ubi
646 3358 870 3411 Boetius
901 3376 958 3411 se
992 3358 1203 3413 nullius
1230 3360 1289 3412 in
1318 3376 1512 3428 regem
1552 3360 1680 3413 facti
1710 3376 1845 3413 con-

170 3445 320 3498 scium
350 3462 472 3499 esse
508 3446 769 3509 dixisset,
805 3447 1062 3514 ejusdem
1106 3449 1286 3501 Boetii
1315 3450 1594 3502 cervicem
1642 3449 1718 3501 ita
1750 3449 1847 3501 de-

168 3537 451 3599 truncasse,
499 3535 651 3588 hanc
683 3540 744 3588 ut
768 3535 890 3605 ipse
925 3536 1149 3589 Boetius
1184 3542 1425 3606 utraque
1454 3553 1627 3590 manu
1669 3537 1847 3591 divul-

168 3639 267 3676 sam
312 3624 687 3688 sustinuerit;
734 3625 937 3679 deinde
990 3626 1375 3694 interrogatus
1428 3644 1458 3679 a
1502 3642 1755 3695 quonam
1789 3643 1847 3680 se

168 3727 473 3779 percussum
512 3713 885 3779 existimaret,
925 3715 1283 3784 responderit.
1323 3716 1392 3768 ab
1439 3715 1664 3785 impiis;
1723 3722 1847 3769 tum

168 3801 424 3868 profectus
452 3802 515 3854 in
544 3802 795 3855 vicinum
818 3804 1121 3872 templum,
1148 3803 1306 3856 flexis
1328 3804 1398 3856 ad
1430 3820 1554 3857 aras
1582 3804 1845 3873 genibus,

168 3904 299 3942 sacra
341 3890 704 3960 perceperit;
756 3893 1101 3962 tandemque
1132 3898 1405 3946 aeternam
1440 3893 1681 3962 gloriam
1714 3909 1847 3947 con-

167 3984 437 4031 secuturus
466 3980 873 4047 exspiraverit.

224 4068 355 4120 ltinc
390 4068 625 4123 Boetius
676 4069 745 4138 (f)
789 4069 847 4121 in
881 4086 1120 4122 numero
1168 4074 1495 4123 sanctorum
1528 4076 1849 4140 martyrum

166 4155 388 4217 habitus,
443 4160 692 4227 ejusque
738 4158 1018 4212 memoria
1064 4159 1244 4212 Ticini
1308 4159 1529 4212 decimo
1580 4160 1845 4213 calendas

166 4246 473 4299 Novembris
506 4246 822 4316 quotannis
867 4248 1225 4301 celebratur:
1271 4263 1391 4300 non
1422 4264 1583 4301 secus
1634 4264 1695 4300 ac
1747 4250 1847 4302 Ba-

226 4386 298 4454 (a)
338 4388 678 4455 Sabellicus,
716 4390 755 4441 Ι.
789 4406 847 4453 ιι,
884 4389 1139 4443 enneade
1171 4394 1221 4443 8.

223 4459 290 4529 (b)
328 4460 669 4525 Sabellicus,
704 4460 841 4513 ibid.
903 4462 1109 4515 Paulus
1152 4462 1447 4527 Diaconus,
1483 4462 1519 4513 l.
1557 4476 1647 4528 xv,
1700 4479 1746 4515 c.
1796 4467 1847 4517 5.

223 4532 287 4595 (ε)
336 4530 520 4584 Vetus
574 4531 750 4584 Boetii
811 4536 998 4584 statua
1061 4548 1403 4595 marmorea,
1468 4548 1595 4602 quae
1656 4533 1851 4588 Romae

166 4607 398 4654 servatur
439 4603 500 4655 in
550 4602 772 4655 aedibus
798 4603 1104 4656 Justiuiani
1152 4621 1202 4656 v.
1241 4620 1287 4656 c.
1330 4603 1545 4657 indicat
1590 4606 1848 4659 Boetium

166 4672 431 4725 sublatum
465 4674 643 4727 fuisse
676 4673 823 4727 circa
862 4690 1080 4728 annum
1113 4675 1242 4729 vitae
1275 4690 1392 4728 sua:
1428 4675 1848 4746 quinquagesi-

173 4756 330 4797 mum.

1964 3096 2215 3163 patriciis
2252 3094 2410 3147 omni
2438 3093 2605 3147 laude
2636 3092 2974 3161 majoribus,
3008 3091 3257 3160 similes;
3292 3106 3537 3161 quarum
3570 3091 3651 3145 al-

1960 3190 2082 3237 tera
2110 3182 2482 3236 versiﬁcando
2505 3181 2730 3234 imitata
2751 3185 2868 3243 est;
2894 3181 3070 3233 altera
3098 3179 3341 3249 pulchra
3379 3180 3535 3249 prole
3558 3195 3654 3249 pa-

1958 3278 2180 3326 rentem
2214 3271 2343 3323 fecit
2371 3270 2665 3323 maritum.
2697 3272 2754 3322 5°
2778 3270 2900 3322 Duo
2936 3268 3061 3333 ﬁlii,
3090 3273 3345 3339 paternae
3372 3269 3653 3338 avitasque

1958 3361 2184 3414 virtutis
2218 3358 2492 3422 liaaredes,
2546 3358 2846 3427 frequente
2898 3363 3119 3421 senatu,
3156 3356 3501 3427 populisque
3542 3357 3647 3410 lte-

1956 3450 2233 3515 tantibus,
2284 3446 2535 3517 provecti
2567 3452 2700 3499 sunt
2748 3447 2961 3515 pariter
3016 3447 3277 3499 consules
3307 3461 3372 3499 ex
3430 3445 3651 3499 aedibus

1956 3538 2210 3608 paternis
2259 3536 2317 3589 in
2363 3536 2602 3594 curiam.
2656 3535 2751 3588 ubi
2798 3538 2982 3605 pater,
3014 3534 3218 3589 iisdem
3257 3534 3484 3587 curules
3514 3534 3653 3588 insi-

1957 3628 2241 3692 dentibus,
2273 3625 2445 3693 regize
2477 3625 2663 3679 laudis
2687 3629 2896 3691 orator,
2931 3623 3151 3693 ingenii
3182 3623 3429 3695 gloriam
3453 3623 3650 3677 facun-

1956 3716 2182 3786 diaeque
2212 3714 2443 3768 meruit.
2478 3717 2535 3767 6°
2562 3713 2874 3782 Dignitates
2906 3713 3039 3767 huic
3072 3713 3305 3766 familia:
3341 3712 3652 3766 credideris

1956 3804 2220 3858 innatas:
2268 3805 2370 3857 has
2402 3803 2635 3873 quippe,
2672 3803 2844 3856 etiam
2874 3804 3105 3856 senibus
3136 3807 3387 3871 negatas,
3424 3802 3654 3855 Boetius

1958 3894 2078 3962 ipse
2120 3892 2321 3946 habuit
2361 3892 2430 3945 ab
2471 3891 2871 3944 adolescv-ntia.
2907 3896 2964 3945 7°
2997 3893 3111 3945 Nec
3157 3891 3375 3944 inimici
3422 3890 3656 3944 fuerunt

1957 3982 2069 4035 nisi
2103 3980 2374 4048 improbi,
2410 3995 2682 4048 magnum
2718 3978 2943 4033 eximiae
2974 3979 3200 4033 virtutis
3223 3985 3649 4049 argumentum.

1956 4074 2014 4125 8°
2070 4070 2323 4138 Denique
2377 4067 2603 4121 Boetius
2662 4070 2838 4121 Deum
2871 4068 3039 4121 unice
3071 4068 3336 4137 diligens,
3370 4085 3475 4136 pro
3506 4068 3655 4123 avita

1956 4159 2236 4228 religione
2268 4157 2609 4227 sanguinem
2636 4156 2821 4223 fudit;
2854 4157 3003 4210 circa
3034 4172 3253 4210 annum
3285 4157 3492 4210 Christi
3520 4160 3643 4223 525,

1958 4247 2138 4300 aetatis
2170 4262 2283 4300 suas
2315 4248 2399 4298 50.

2035 4389 2114 4458 (d)
2156 4388 2363 4442 Paulus
2411 4386 2684 4440 diaconus
2733 4387 2769 4458 l.
2821 4402 2927 4452 xv;
2989 4385 3299 4455 Procopius
3354 4385 3451 4439 lib.
3510 4400 3523 4439 ι
3582 4385 3651 4440 de

1962 4457 2117 4515 Bello
2150 4460 2381 4513 Gothico
2411 4476 2423 4525 ;
2462 4457 2817 4527 Pomponius
2850 4459 3053 4523 Laetus,
3088 4462 3193 4510 etc.

2032 4532 2107 4602 (ε)
2143 4531 2327 4584 Julius
2362 4531 2671 4585 Martianus
2701 4530 2863 4593 Rota,
2890 4528 2948 4581 in
2978 4529 3101 4583 Vita
3126 4527 3325 4582 Boetii.

2029 4601 2103 4671 (γ’)
2146 4602 2288 4655 Ibid.

2030 4674 2112 4744 (g)
2152 4673 2291 4726 lbid.

1415 4951 1917 5018 TESTIMONJA
1963 4950 2386 5017 VARIORUM

1054 5112 1194 5192 DE
1266 5110 1672 5197 BOETIO
1741 5110 1877 5197 ET
1946 5111 2213 5194 EJUS
2283 5106 2773 5196 SCRIPTIS

320 5281 392 5319 AB
438 5280 580 5322 IPSA
630 5282 845 5323 BOETII
898 5283 1116 5323 ZETATE
1164 5284 1239 5323 AD
1288 5284 1529 5324 NOSTRA
1584 5283 1780 5333 USQUE
1822 5283 2150 5334 TEMPOBA,
2195 5283 2316 5323 NON
2366 5282 2779 5323 INTEBRUPTA
2826 5282 3215 5324 SJECULORUM
3265 5282 3479 5331 SERIE,

1686 5356 2117 5395 CONTINUATA.

234 5459 499 5522 Quamvis
530 5480 646 5516 non
667 5464 816 5518 idem
847 5464 1019 5518 fuerit
1038 5464 1399 5529 saeculorum,
1435 5481 1561 5535 quae
1594 5482 1627 5518 a
1660 5464 1855 5519 Boetio
1896 5474 1938 5526 D
1966 5463 2070 5529 ria,
2105 5463 2381 5533 singulari
2408 5467 2603 5517 tamen
2632 5463 2734 5517 Dei
2756 5462 3054 5534 privilegio
3073 5461 3307 5527 factum,
3340 5465 3399 5516 ut
3419 5477 3523 5515 sua
3543 5464 3657 5516 sint

176 5547 237 5599 ad
275 5566 378 5603 nos
413 5568 597 5621 usque
628 5554 934 5621 ﬂuxerunt,
968 5554 1029 5607 in
1068 5554 1285 5608 litteras
1314 5570 1498 5620 amor,
1532 5554 1856 5625 saepiusque

180 5635 373 5693 idcirco
397 5640 722 5711 interrupta
746 5643 919 5697 fuerit
944 5644 1199 5697 virorum
1234 5643 1615 5698 litteratorum
1644 5660 1861 5699 memo-

1968 5553 2316 5625 quibuslibet
2361 5553 2450 5608 his
2495 5554 2715 5607 saeculis
2746 5554 2813 5607 de
2848 5551 3064 5605 meritis
3099 5552 3277 5605 Boetii
3306 5552 3653 5608 testimonia.

1972 5642 2264 5713 l’rzecipua
2287 5643 2613 5713 seligcmus.
