3972 6172
348 266 447 318 563

841 401 1156 464 QUINTUM
1196 401 1552 464 SIECULUM,

349 508 590 547 nmmum
629 508 660 545 A
688 506 826 545 NATO
849 506 1102 551 NOTOQUE
1133 507 1324 544 Βοετιο
1355 507 1425 542 AD
1458 506 1648 545 ANNUM
1680 506 1883 544 CHRISTI
1917 491 2038 543 500.

420 581 740 636 Priscianus
791 580 1223 643 Grammaticus,
1277 578 1465 648 patria
1523 579 1904 645 Caesariensis,
1959 579 2044 631 vir

348 687 465 724 non
499 670 684 722 solum
716 668 774 720 in
799 665 1188 736 grammaticis
1220 672 1275 720 et
1301 666 1619 733 rhetoricis,
1646 683 1843 720 verum
1867 667 2043 719 etiam

350 760 408 812 in
441 755 847 828 philosophicis
872 755 1404 824 mathematicisquc
1428 755 1861 819 versatissimus,
1895 755 2041 809 libro

350 849 418 902 dc
450 845 804 900 Ponderibus
836 850 890 897 et
919 844 1211 911 Mensuris,
1243 846 1478 908 Boetius,
1502 843 1710 914 inquit,
1746 844 2043 912 probitatis

349 941 397 990 et
427 937 662 990 omnium
697 935 1051 988 scientiarum
1080 935 1328 986 verticem
1362 935 1569 998 attigit.

860 1021 894 1074 S
907 1023 1027 1076 ΕΧΤ
1039 1023 1131 1075 UM
1182 1022 1542 1086 SxECULUM,

595 1127 887 1167 NIMIRUM
936 1127 1012 1165 AB
1059 1126 1227 1165 ANNO
1273 1113 1374 1163 500
1417 1126 1494 1164 AD
1543 1126 1642 1164 ΑΝ.
1687 1112 1808 1164 600.

420 1201 730 1266 Ennodius,
790 1201 908 1254 sive
969 1204 1030 1252 ut
1085 1200 1431 1270 quihusdam
1493 1200 1721 1269 legitur,
1779 1199 2040 1265 Evodius,

348 1291 652 1360 episcopus
679 1287 1014 1353 Ticinensis,
1051 1287 1135 1338 vir
1160 1303 1286 1339 cum
1308 1287 1499 1339 stricta
1524 1292 1645 1339 tum
1669 1287 1838 1340 etiam
1863 1288 2044 1341 soluta.

350 1378 610 1431 oratione
643 1393 743 1429 sua
778 1375 1148 1440 clarissimus,
1186 1375 1328 1427 libro
1368 1376 1610 1445 septimo
1651 1376 2040 1444 epistularum,

349 1466 588 1535 epistola
618 1464 838 1518 decima
867 1463 1033 1517 tertia
1062 1463 1277 1516 Boetio.
1316 1466 1416 1528 Tu,
1443 1465 1646 1533 inquit,
1685 1467 1741 1518 in
1769 1481 1850 1517 me
1875 1480 2045 1518 emen-

349 1554 630 1607 datissime
661 1553 954 1618 hominum,
991 1553 1240 1618 dignaris
1265 1553 1566 1620 praedicare
1594 1555 1845 1618 virtutes,
1891 1569 2045 1621 quem

352 1647 407 1695 in
435 1643 593 1695 annis
649 1641 954 1709 puerilibus
987 1642 1104 1693 sine
1159 1645 1336 1694 aetatis
1380 1641 1730 1708 praejui‘licio,
1769 1642 2046 1694 industria

349 1730 479 1794 fecit
512 1728 834 1795 antiquum:
869 1730 964 1794 qui
991 1741 1088 1794 per
1117 1726 1461 1792 diligentiam
1502 1728 1690 1794 imples
1723 1742 1871 1779 omne
1901 1727 2047 1795 quod

352 1819 605 1883 cogitur;
638 1818 725 1869 cui
751 1818 895 1868 inter
924 1818 1048 1868 vita:
1077 1815 1304 1868 exordia
1326 1815 1485 1868 ludus
1517 1820 1594 1868 est
1633 1817 1872 1868 lectionis
1904 1818 2047 1868 assi-

353 1907 556 1966 duitas,
587 1909 638 1958 et
668 1905 874 1958 delicia:
905 1904 1072 1958 sudor
1098 1906 1324 1957 alienus.
1369 1907 1429 1958 1n
1460 1905 1616 1973 cujus
1656 1906 1905 1958 manibus
1945 1906 2045 1958 du-

348 1995 557 2062 plicato
595 1998 720 2060 igne
772 1995 988 2060 rutilat,
1024 2008 1132 2060 qua
1162 1997 1361 2046 veteres
1412 1995 1532 2058 face
1583 1995 1877 2059 fulserunt.
1909 1996 2048 2050 Nam

357 2082 501 2150 quod
540 2086 636 2135 via:
667 2082 966 2149 majoribus
1017 2084 1162 2134 circa
1200 2084 1594 2136 extremitatem
1649 2084 1773 2136 vitae
1802 2085 2046 2151 contigit,

357 2173 452 2226 hoc
487 2172 590 2224 tibi
617 2171 862 2225 abundat
894 2173 952 2224 in
993 2171 1195 2225 limine.

427 2259 700 2330 Ejusdem
753 2259 1026 2328 episcopi,
1062 2259 1208 2312 libro
1259 2263 1454 2312 octavo
1509 2259 1902 2329 epistolarum,
1938 2261 2053 2331 epi-

359 2350 502 2403 stola
536 2350 724 2418 prima
755 2349 944 2402 eidem
981 2348 1176 2401 Boetio
1212 2349 1434 2401 consuli
1477 2349 1641 2402 facto.
1688 2351 1919 2417 Optimae
1940 2355 2053 2418 Spei

352 2440 572 2506 plenus,
598 2438 808 2506 inquit,
840 2439 930 2490 cui
954 2440 1175 2502 fautum
1202 2440 1380 2505 cupio,
1417 2438 1490 2491 ad
1519 2454 1707 2491 curam
1737 2439 1910 2509 officii
1939 2443 2054 2508 epi-

360 2527 580 2580 stolaris
612 2527 818 2592 aspiro.
849 2527 1001 2577 Decet
1041 2527 1181 2577 enim
1223 2530 1414 2578 vestris
1443 2527 1688 2591 fascibus
1727 2528 1824 2580 hac
1849 2530 2055 2594 praefa-

363 2617 505 2668 tione
534 2613 806 2679 delibari;
844 2618 891 2666 et
913 2613 1056 2665 inter
1091 2627 1372 2680 purpuras
1411 2616 1732 2680 possessoris
1782 2617 1892 2668 luce
1943 2631 2054 2669 cre-

363 2708 583 2768 scentes,
608 2703 971 2769 qualicunque
1013 2716 1119 2754 non
1149 2701 1423 2754 abstinere
1469 2703 1748 2769 colloquio.
1796 2704 2058 2771 Nunquid

364 2795 531 2848 solius
559 2792 818 2846 doctrinae
857 2789 1127 2859 beneficiis
1161 2806 1312 2843 amor
1341 2793 1672 2857 agnoscitur,
1709 2808 1804 2845 nec
1834 2795 1923 2857 fas
1949 2808 2058 2846 esse

366 2882 690 2937 credendum
717 2886 815 2949 est,
845 2881 1070 2950 prodire
1103 2882 1159 2933 in
1202 2880 1437 2934 medium
1487 2880 1758 2934 desideria
1788 2886 2057 2935 rustican-

365 2975 436 3026 tis
461 2974 488 3026 ?
526 2971 841 3039 Simplicius
876 2972 1215 3024 innotescunt
1247 2973 1378 3024 vola
1419 2971 1566 3022 nullo
1621 2973 1834 3038 peritia:
1887 2972 2066 3024 velata

365 3063 660 3130 praestigio.
702 3063 844 3125 Ergo
870 3074 964 3113 nos
1010 3059 1105 3112 hoc
1134 3074 1319 3112 sumus
1351 3075 1457 3124 ore,
1504 3059 1649 3127 quod
1671 3065 1898 3128 pectore.
1944 3062 2063 3115 Non

273 3179 284 3188 ι
369 3165 562 3202 amara
602 3149 1022 3216 praecordiorum
1055 3148 1347 3216 deleniﬁcis
1385 3162 1672 3214 possumus
1713 3154 1922 3201 mutare
1951 3163 2062 3201 ser-

369 3237 636 3290 monibus.
679 3235 906 3289 Pudens
948 3235 1203 3288 laudator
1255 3239 1351 3300 est,
1415 3238 1504 3288 cui
1556 3237 1615 3287 in
1659 3238 2065 3289 concinnat-ioue

373 3325 733 3377 blandimenti
775 3323 1004 3376 dicenda
1055 3338 1200 3375 mens
1229 3325 1491 3390 suggerit.
1537 3326 1640 3376 Deo
1671 3339 1794 3388 ergo
1824 3328 2063 3393 omnipo-

373 3417 507 3466 tenti
540 3414 771 3478 gratias,
818 3413 908 3464 cui
943 3413 1000 3463 in
1038 3411 1208 3474 vobis,
1253 3411 1382 3464 dum
1410 3416 1589 3464 vetera
1616 3415 1846 3477 familiae
1878 3418 2068 3468 vestrae

377 3503 514 3556 bona
540 3501 794 3565 custodit,
821 3515 960 3554 nova
988 3501 1318 3566 multiplicat
1342 3518 1358 3563 ;
1404 3505 1453 3552 et
1483 3501 1626 3567 quod
1649 3503 1777 3568 plus
1811 3508 1888 3556 est
1917 3505 2068 3571 apice

373 3592 688 3659 dignitatis,
721 3591 915 3656 dignos
954 3591 1095 3655 facit
1135 3604 1246 3642 esse
1278 3589 1622 3643 culminibus.
1647 3591 1916 3644 Redditur
1943 3595 2066 3660 qui-

377 3681 496 3735 dem
524 3685 712 3733 vestrae
747 3679 925 3746 gloria
962 3680 1071 3731 ista
1114 3679 1336 3746 origini,
1388 3678 1480 3730 sed
1530 3679 1673 3745 quod
1712 3685 1788 3733 est
1841 3683 2064 3748 clarius,

380 3771 568 3823 merito
597 3771 918 3838 impetrante
938 3782 1199 3836 personze.
1243 3768 1435 3820 Fuerit
1462 3766 1521 3820 in
1552 3784 1749 3823 morem
1778 3771 2066 3836 veteribus,

380 3859 651 3913 curulium
680 3857 1053 3911 celsitudinem
1072 3858 1250 3924 camqii
1279 3857 1475 3910 sudore
1497 3861 1743 3924 mercari,
1769 3864 1818 3911 et
1839 3864 2068 3913 eontem-

376 3953 480 4018 ptu
515 3949 650 4002 lucis
686 3947 946 4001 honorum
977 3949 1088 4001 luce
1120 3948 1364 4014 fulgere:
1396 3947 1489 4001 sed
1517 3948 1673 4001 aliud
1705 3964 1869 4015 genus
1900 3953 2071 4003 virtu-

383 4040 451 4092 tis
485 4037 770 4106 quzeritur,
796 4041 1080 4104 postquam
1114 4038 1400 4103 praemium
1438 4037 1588 4100 facta
1612 4042 1690 4090 est
1715 4040 1882 4092 Roma
1910 4041 2073 4092 victo-

382 4143 523 4182 rum.
548 4127 742 4182 Noster
771 4125 1099 4180 candidatus
1120 4129 1239 4192 post
1260 4127 1607 4190 manifestam
1634 4127 2069 4194 decet-tationem,

384 4217 623 4271 debitum
659 4217 1012 4283 triumphum,
1055 4214 1184 4267 dum
1214 4230 1493 4296 nunquam
1529 4215 1730 4269 viderit
1771 4217 1926 4283 bella,
1960 4233 2071 4270 sor-

383 4309 538 4361 titur.
573 4305 783 4359 Judicio
813 4305 985 4371 emigit
1036 4305 1271 4369 laureas,
1309 4308 1358 4356 et
1400 4305 1656 4372 congredi
1692 4320 1798 4358 non
1827 4313 2067 4360 necessa-

385 4399 528 4449 rium
565 4395 727 4449 duxit
757 4395 1006 4448 armatis.
1043 4395 1199 4461 ,Inter
1234 4393 1505 4448 Ciceronis
1534 4394 1747 4462 gladios
1785 4401 1834 4447 et
1887 4395 2077 4449 Demo-

385 4486 591 4540 sthenis
620 4486 851 4554 :enituit,
888 4488 938 4538 et
990 4485 1274 4550 utriusque
1299 4485 1572 4551 propositi
1609 4487 1878 4550 acumina,
1913 4487 2078 4554 quasi

384 4580 548 4627 natus
571 4577 626 4627 in
654 4577 778 4642 ipsa
806 4576 1010 4628 artium
1033 4589 1183 4642 pace,
1217 4573 1448 4639 collegit.
1485 4574 1646 4627 Nemo
1680 4572 2076 4627 dissonantium

387 4665 584 4717 Atticae
609 4665 957 4729 perfectionis
1003 4668 1208 4718 metuat
1241 4667 1291 4716 et
1329 4665 1614 4723 Ilo-manse;
1659 4677 1752 4714 nec
1777 4665 2078 4730 praecipua

389 4753 629 4818 gent-ium
660 4751 798 4804 bona
826 4755 884 4805 in
913 4757 1212 4807 societatem
1244 4752 1453 4806 dubitet
1501 4753 1796 4805 convenire.
1847 4753 1991 4805 Unus
2024 4766 2076 4804 es

392 4843 488 4907 qui
516 4845 804 4910 utrumque
829 4845 1213 4911 complecteris,
1249 4850 1299 4897 et
1342 4841 1617 4911 quidquid
1646 4842 1853 4893 viritim
1884 4840 2075 4893 distri-

392 4930 578 4982 butum
600 4933 814 4997 poterat
838 4933 973 4984 satis
991 4947 1120 4996 esse,
1152 4931 1348 4984 avidus
1366 4933 1736 4984 maximarum
1765 4945 1942 4982 rerum
1956 4945 2079 4997 pos-

387 5032 561 5072 sessor
607 5017 860 5071 includis.
910 5021 1288 5086 Eloquentiam
1335 5023 1592 5083 veterum,
1633 5019 1760 5073 dum
1813 5021 2073 5082 imitaris,

387 5121 706 5177 exsuperas.
746 5107 970 5160 Dicendi
1006 5109 1242 5173 formam
1288 5109 1615 5163 doctissimis
1666 5108 1886 5175 tribuis,
1947 5107 2076 5161 dum

381 5199 641 5265 requiris.
689 5198 787 5250 Est
816 5195 966 5263 apud
1003 5211 1083 5249 me
1115 5198 1352 5264 epistolae
1397 5204 1607 5264 vestrae,
1643 5212 1758 5264 quae
1790 5195 1953 5264 hujus
1994 5197 2074 5248 rei

375 5286 534 5354 ﬁdem
563 5288 757 5353 faciat,
799 5284 1108 5338 veneranda
1137 5288 1466 5353 compositio.
1504 5288 1720 5340 Utinam
1770 5301 1888 5354 qum
1917 5300 1950 5338 a
1979 5299 2074 5338 vo-

381 5376 460 5429 bis
492 5375 831 5442 diriguntur,
867 5380 979 5428 tam
996 5377 1167 5428 essent
1190 5374 1377 5427 crebra
1404 5391 1566 5440 quam
1594 5377 1788 5428 suavia
1811 5376 1829 5426 .’
1855 5375 2072 5428 Diearis

378 5466 637 5532 forsitan,
691 5467 801 5518 Par
843 5466 956 5531 fuit
991 5465 1364 5534 propinquum
1414 5465 1660 5529 laudare,
1711 5468 1769 5517 in
1800 5479 2073 5517 commune

379 5558 723 5621 augmentum
754 5555 1122 5611 laborantem:
1154 5556 1285 5622 quia
1319 5570 1423 5608 non
1467 5559 1543 5607 est
1576 5556 1882 5622 proprium,
1925 5551 2069 5620 quod

1623 263 1742 317 AN.
1791 263 1999 317 MANL.
2041 263 2196 318 SEV.
2245 261 2567 319 BOETIUS.

3710 276 3790 328 564

2081 401 2123 454 Α
2153 402 2315 467 quasi
2335 400 2692 470 singulariter
2729 400 2950 454 videtur
2984 403 3235 469 palmata
3273 405 3525 469 conferre.
3565 409 3704 462 Venit
3734 413 3791 463 ad

2152 502 2236 540 me
2279 488 2525 556 equidem
2556 489 2731 556 portio
2769 488 2834 542 de
2875 490 3088 554 curuli;
3132 490 3228 544 sed
3258 491 3308 543 si
3343 493 3474 545 mihi
3524 496 3791 563 conceditis,

2148 579 2274 646 plus
2299 579 2481 644 erigor
2517 576 2581 629 de
2614 579 2770 644 genio
2803 582 2852 630 et
2878 578 3079 631 studiis
3109 579 3408 632 sublimati.
3442 581 3694 637 Interdum
3722 603 3793 639 ac-

2151 670 2421 719 cesserunt
2461 669 2569 718 ista
2617 666 2683 719 de
2721 665 2955 734 casibus,
2991 668 3095 720 soli
3120 670 3461 734 contigerunt
3491 671 3583 724 illa
3610 675 3791 729 virtuti.

2154 754 2331 823 Prope
2363 755 2516 821 inops
2544 754 2616 806 ad
2645 758 2935 824 scipionem
2961 754 3264 808 adducitur
3295 758 3546 824 suffragii
3581 763 3796 815 consula-

2150 844 2250 908 ris,
2285 845 2381 912 qui
2407 847 2616 896 tantum
2648 842 2713 896 de
2731 843 3053 912 parentibus
3081 845 3374 910 gloriatur.
3412 847 3528 899 Tibi
3554 852 3796 918 utrumque

2151 933 2208 985 in
2231 933 2445 1001 peculio
2473 935 2571 998 est,
2604 933 2842 986 Latiaris
2865 935 3110 1000 scientia,
3144 938 3194 986 et
3215 949 3354 987 vena
3376 950 3738 1005 purpurarum.

2961 1022 3038 1074 Il.

2223 1107 2615 1173 Cassiodorus,
2651 1107 2751 1178 qui
2781 1107 3227 1178 intelligentiam
3253 1125 3539 1164 sacrorum
3567 1127 3680 1165 cum
3707 1129 3794 1166 no-

2151 1197 2308 1251 tione
2351 1198 2743 1266 profanorum,
2786 1202 3090 1267 utramque
3133 1214 3265 1251 cum
3298 1215 3518 1252 summa
3540 1202 3794 1256 sanctitate

2151 1285 2467 1354 conjunxit,
2525 1285 2752 1338 nomine
2792 1286 2942 1355 regis
2972 1286 3329 1354 Theoderici,
3363 1289 3519 1357 cujus
3565 1291 3793 1343 cancella-

2152 1377 2271 1428 rius
2304 1381 2443 1438 erat,
2477 1375 2670 1444 plures
2700 1374 2768 1427 ad
2790 1374 3054 1428 Boctium
3085 1375 3241 1428 misit
3268 1376 3561 1447 epistolas.
3597 1379 3698 1431 Una
3728 1385 3793 1429 est

2155 1463 2592 1534 quadragesima
2619 1463 2821 1534 quinta
2852 1463 2984 1517 libri
3016 1464 3190 1533 primi
3224 1465 3587 1535 epistolarum
3615 1467 3795 1520 Cassio-

2155 1552 2297 1617 dori,
2331 1553 2524 1622 sicque
2565 1552 2830 1605 effertur:

2232 1641 2417 1693 Boetio
2444 1643 2560 1694 viro
2593 1641 2799 1693 illustri
2824 1643 3060 1694 Patr-icio
3081 1643 3451 1696 Theodericus
3474 1658 3591 1696 rem:

2229 1727 2545 1794 Spernenda
2576 1745 2681 1781 non
2711 1734 2856 1796 sunt,
2891 1746 3011 1797 quze
3040 1746 3072 1782 a
3103 1733 3304 1783 vicinis
3349 1731 3556 1799 regibus
3584 1746 3792 1800 praesum-

2151 1819 2357 1884 ptionis
2398 1821 2584 1882 gratia
2615 1819 2998 1885 postulantur:
3031 1819 3162 1871 dum
3196 1820 3516 1887 plerumque
3551 1834 3626 1873 res
3651 1835 3798 1888 parte:

2152 1898 2278 1973 plus
2327 1908 2625 1973 preevalent
2670 1911 2948 1974 priestare,
2984 1923 3148 1974 quam
3198 1923 3412 1975 magna
3447 1913 3656 1975 possunt
3691 1909 3800 1961 obti-

2156 2010 2281 2047 nere
2310 1995 2537 2048 divitiae.
2574 1996 2910 2063 Frequenter
2951 1997 3092 2048 enim
3133 1996 3280 2060 quod
3319 2012 3470 2048 arma
3511 1997 3700 2064 earplere
3736 2013 3800 2046 ne-

2157 2088 2378 2151 queunt,
2416 2084 2768 2137 oblectamina
2797 2087 3088 2137 suavitatis
3116 2088 3419 2152 important.
3452 2087 3529 2139 Sit
3569 2101 3678 2149 ergo
3721 2101 3798 2153 pro

2158 2172 2438 2241 republica
2458 2178 2507 2225 et
2545 2188 2665 2226 cum
2697 2172 2878 2226 ludere
2906 2172 3176 2226 videmur.
3209 2175 3350 2229 Nam
3379 2173 3493 2226 ideo
3527 2174 3798 2241 voluptuosa

2161 2265 2471 2330 quwrimus,
2503 2266 2560 2313 ut
2597 2277 2694 2328 per
2735 2263 2877 2328 ipsa,
2925 2263 3069 2313 seria
3099 2262 3480 2330 compleamus.
3506 2261 3793 2326 Burgundio-

2161 2367 2282 2403 rum
2311 2353 2495 2417 itaque
2523 2350 2772 2402 dominus
2824 2366 2858 2401 a
2891 2351 3042 2403 nobis
3078 2366 3402 2420 magnopere
3454 2351 3732 2419 postulavit,
3757 2355 3799 2400 ut

2164 2439 2515 2505 horologium,
2559 2438 2704 2506 quod
2749 2441 2908 2507 aquis
2933 2439 3034 2491 sub
3085 2439 3303 2492 modulo
3339 2439 3609 2506 fluentibus
3646 2443 3797 2504 tempe-

2162 2532 2340 2593 ratur,
2361 2533 2409 2579 et
2438 2528 2582 2594 quod
2612 2528 2740 2580 solis
2777 2530 3025 2581 immensi
3057 2529 3440 2596 comprehensa
3470 2528 3801 2579 illuminatione

2166 2616 2548 2682 distinguitur,
2581 2631 2702 2669 cum
2737 2619 3020 2683 magistris
3046 2633 3251 2683 rerum,
3297 2620 3347 2669 ei
3369 2618 3701 2669 transmittere
3734 2613 3800 2665 de-

2167 2705 2426 2757 beremus.
2497 2705 2769 2769 Quatenus
2847 2707 3158 2773 impetratis
3229 2704 3648 2758 delectationibus
3712 2716 3802 2770 per-

2163 2793 2414 2858 fruendo,
2451 2793 2594 2860 quod
2620 2794 2774 2847 nobis
2804 2799 2882 2847 est
2910 2794 3317 2862 quotidianum,
3343 2796 3452 2847 illis
3473 2793 3694 2845 videatur
3713 2804 3800 2842 esse

2166 2883 2509 2935 miraculum.
2561 2884 2753 2936 Merito
2797 2886 2846 2936 si
2876 2883 3093 2952 quidem
3136 2886 3404 2951 respicere
3448 2884 3668 2950 cupiunt,
3693 2877 3802 2946 quod

2106 2972 2145 3026 C
2175 2973 2473 3037 legatorum
2510 2986 2728 3024 suorum
2786 2971 3145 3032 relationibus
3199 2971 3581 3039 obstupescunt.
3627 2969 3715 3021 Hoc
3749 2969 3801 3030 te,

2172 3061 2346 3114 multa
2398 3059 2702 3112 eruditione
2748 3062 3080 3125 saginatum,
3132 3062 3216 3112 ita
3258 3074 3408 3113 nosse
3450 3057 3720 3111 didicimus.
3758 3057 3802 3103 ut

2173 3153 2338 3213 artes,
2365 3164 2501 3216 quas
2533 3150 3102 3215 exercentvulgariter
3135 3151 3443 3212 nescientes,
3476 3149 3530 3198 in
3554 3149 3654 3213 ipso
3674 3142 3799 3196 disci-

2173 3240 2455 3306 plinarum
2481 3239 2630 3302 fonte
2647 3241 2945 3304 potaveris.
2976 3237 3063 3291 Sic
3086 3239 3232 3290 enim
3277 3237 3659 3291 Atheniensium
3688 3229 3800 3283 scho-

2177 3326 2256 3379 las
2285 3327 2434 3392 longe
2471 3327 2684 3392 positus
2715 3327 2990 3393 introisti;
3035 3328 3112 3377 sic
3152 3326 3501 3393 palliatorum
3541 3321 3692 3374 choris
3730 3317 3802 3368 mi-

2175 3416 2363 3467 scuisti
2386 3419 2583 3480 togam,
2627 3417 2687 3466 ut
2717 3414 3021 3468 Grecorum
3052 3414 3313 3480 dogmata
3351 3412 3631 3465 doctrinam
3653 3407 3802 3474 feceris

2175 3517 2285 3556 esse
2328 3503 2657 3556 Romanam.
2689 3501 2953 3555 Didicisti
2986 3504 3149 3570 enim,
3193 3517 3308 3569 qua
3334 3498 3683 3570 profunditatc
3712 3507 3800 3547 cum

2174 3594 2288 3645 suis
2321 3591 2575 3660 partibus
2611 3592 2946 3659 speculativa
2973 3593 3283 3658 cogitetur:
3315 3606 3421 3660 qua
3448 3590 3640 3642 ratione
3660 3587 3800 3635 activa

2178 3696 2296 3735 cum
2321 3697 2423 3734 sua
2451 3681 2715 3734 divisione
2765 3680 3040 3746 discatur;
3073 3680 3343 3734 deducens
3375 3679 3446 3732 ad
3470 3675 3717 3730 Romuleos
3746 3683 3802 3722 se-

2179 3779 2414 3835 natores,
2448 3769 2713 3838 quicquid
2741 3770 3042 3838 Cecropidae
3071 3770 3274 3823 mundo
3299 3771 3530 3835 fecerant
3553 3763 3797 3829 singulare.

2183 3859 2655 3913 Translationibus
2686 3860 2826 3911 enim
2869 3861 2976 3912 tuis
3005 3854 3349 3926 'Pythagores
3400 3856 3632 3914 musicus,
3666 3846 3798 3902 Ptolo-

2179 3963 2342 4001 maeus
2377 3952 2713 4001 astronomus
2738 3948 2994 4013 teguntur
3021 3948 3205 4000 Italis.
3237 3945 3574 4004 Nicomachus
3601 3938 3801 3993 arithme-

2183 4040 2339 4104 ticus,
2370 4039 2718 4102 geometrieus
2746 4037 2994 4089 Euclides
3041 4035 3352 4090 audiuntur
3396 4033 3644 4089 Ausoniis.
3685 4025 3799 4078 Plato

2182 4126 2473 4192 theologus,
2501 4125 2821 4178 Aristoteles
2853 4126 3056 4191 logicus
3083 4124 3360 4188 Quirinali
3388 4135 3502 4175 voce
3525 4113 3798 4183 disceptant:

2181 4216 2544 4268 mechanicum
2567 4216 2730 4266 etiam
2757 4213 3137 4267 Archimedem
3170 4213 3433 4266 Latialem
3461 4205 3638 4261 Siculis
3662 4195 3801 4252 reddi-

2111 4272 2154 4326 Β
2182 4304 2334 4357 disti.
2364 4303 2440 4356 Et
2469 4318 2811 4370 quoscunque
2833 4303 3155 4370 disciplinas
3179 4303 3262 4356 vel
3291 4305 3431 4354 artes
3455 4291 3662 4364 fecunda
3683 4287 3799 4342 Grai-

2185 4398 2269 4448 cia
2294 4409 2389 4461 per
2427 4393 2668 4460 singulos
2694 4394 2838 4446 viros
2867 4392 3061 4458 edidit,
3095 4396 3142 4444 te
3180 4407 3286 4445 uno
3316 4392 3521 4443 aucto-re
3542 4376 3701 4468 patrio

2184 4497 2334 4536 mone
2376 4484 2542 4536 Roma
2591 4484 2842 4548 suscepit.
2895 4482 3036 4544 Quos
3071 4483 3226 4533 tanta
3254 4478 3525 4534 verborum
3567 4464 3802 4523 luculentia

2184 4570 2484 4624 reddidisti
2521 4571 2713 4635 claros,
2756 4574 2909 4624 tanta
2941 4571 3139 4638 linguae
3177 4570 3501 4639 proprietate
3527 4555 3799 4625 conspicuos.

2187 4663 2246 4712 ut
2271 4659 2575 4726 potuissent
2622 4661 2673 4711 et
2700 4659 2784 4712 illi
2826 4673 2959 4726 opus
3006 4663 3155 4711 tuum
3204 4657 3474 4726 praeferre,
3503 4651 3549 4703 si
3571 4649 3801 4706 utruqu

2185 4725 2526 4800 didicissent.
2551 4748 2629 4799 Tu
2647 4751 2816 4800 artem
2827 4725 3169 4814 praedictam,
3191 4725 3258 4799 ea:
3277 4740 3571 4811 disciplinis
3587 4725 3800 4814 nobilibus

2184 4840 2392 4902 natam,
2425 4850 2527 4904 per
2555 4835 2940 4904 quadrifarias
2983 4836 3241 4888 Mathesis
3262 4835 3460 4903 januas
3489 4818 3712 4880 introisti.
3742 4812 3800 4865 Τῑι

2186 4926 2340 4978 illam
2364 4928 2421 4978 in
2476 4929 2689 4978 natura:
2738 4924 3111 4989 penetralibus
3164 4922 3530 4981 considentem,
3577 4911 3799 4964 auctorum

2186 5014 2339 5067 libris
2377 5013 2736 5067 invitantibus
2766 5013 2943 5067 cordis
2973 5014 3170 5066 lumine
3214 5007 3526 5078 cognovisti:
3552 4999 3630 5053 cui
3663 4988 3800 5089 ardua

2183 5117 2337 5157 nosse
2371 5118 2499 5158 usus
2530 5103 2818 5167 miracula,
2853 5105 3154 5155 monstrare
3177 5101 3496 5169 propositum
3519 5091 3604 5152 est,
3626 5080 3800 5176 ηιοίξίῖιν

2184 5191 2493 5257 ostendere,i
2519 5191 2662 5256 quod
2698 5191 3076 5258 obstupescunt
3115 5191 3347 5243 homines
3395 5181 3633 5237 evenisse:
3673 5177 3800 5219 miro-

2185 5299 2286 5352 que
2325 5281 2478 5336 modo
2507 5284 2724 5334 naturis
2773 5281 3040 5333 conversis
3087 5280 3226 5344 facti
3263 5272 3490 5330 detrahit
3526 5262 3679 5335 ﬁdem:
3706 5263 3796 5307 cum

2182 5375 2406 5426 ostentet
2434 5386 2499 5441 ere
2525 5371 2690 5423 oculis
2716 5370 2993 5421 visionem.
3025 5368 3184 5421 Facit
3212 5377 3378 5434 aquas
3421 5374 3481 5412 eo:
3506 5358 3598 5406 imo
3620 5353 3794 5441 srcrtlml‘

2183 5467 2278 5524 tes,
2324 5439 2628 5530 praecipites
2658 5458 2866 5522 cadere,
2897 5460 3074 5525 ignem
3119 5450 3435 5526 ponderibus
3473 5438 3794 5530 currere’ru‘ll’:

2181 5566 2328 5620 gana
2355 5565 2421 5603 ea:
2460 5550 2643 5602 raneis
2678 5546 2898 5601 vocibus
2938 5550 3224 5608 insonare;
3248 5548 3296 5598 et
3316 5533 3594 5611 peregrinis
3613 5516 3788 5593 Ῑιαειδαδ

2087 1677 2126 1730 Β
