3972 6172
167 299 255 347 ἱᾶῆὃ
487 253 508 274 ἢ
819 287 893 342 1N
938 289 1175 343 LIBROS
1217 289 1308 343 DE
1347 287 1874 342 CONSOLATIONE
1912 286 2394 342 PHILOSOPHUE
2433 286 2978 342 PROLEGOMENA.
3543 288 3643 341 566

169 433 380 486 calamos
405 430 644 498 complet,
671 432 733 482 ut
762 429 971 481 musica
993 427 1211 495 possint
1239 431 1356 480 arte
1387 429 1630 480 cantare.
1673 424 1836 480 Vide-
1873 428 1919 479 A
1954 423 2190 478 tabunt?
2216 428 2268 479 et
2310 423 2528 492 quando
2556 425 2768 489 fuerint
2809 438 2843 476 a
2872 429 3089 493 stupore
3117 424 3378 488 conversi,
3412 437 3517 477 non
3548 437 3642 477 au-

168 534 268 574 mus
287 534 382 588 per
406 533 518 572 eam
547 517 880 583 defensiones
905 516 1027 584 jam
1055 517 1368 568 nutantium
1399 517 1702 580 civitatum,
1735 529 1830 568 su-
1941 511 2142 566 debunt
2171 528 2225 566 se
2253 515 2483 581 aequales
2525 513 2678 566 nobis
2719 513 2917 580 dicere,
2967 513 3117 582 apud
3159 527 3290 580 quos
3329 515 3507 567 sciunt
3547 528 3636 567 sa-

168 610 263 662 bita
312 609 409 661 tali
465 609 721 674 ﬁrmitate
778 619 1116 670 consurgere,
1164 609 1226 657 ut
1279 604 1833 658 machinamentorum
1939 603 2143 671 pientes
2177 604 2313 655 talia
2345 606 2624 670 cogitasse.

166 697 370 750 auxiliis
395 697 639 763 superior
669 694 950 760 reddatur,
975 697 1074 761 qui
1104 693 1417 761 desperatus
1448 693 1654 747 viribus
1686 693 1834 747 inve-
2009 690 2204 744 Altera
2233 691 2474 760 epistola
2519 690 2774 759 ejusdem
2821 690 3141 744 Cassiodori
3192 694 3278 744 est
3319 690 3634 761 quadrage-

164 787 310 837 nitur.
357 783 630 836 Madentes
679 781 909 848 fabricae
953 783 1010 834 in
1054 797 1200 849 aqua
1243 783 1459 834 marina
1507 784 1783 836 siccantur
1813 797 1826 834 :
1938 779 2081 833 simo
2113 780 2246 833 libri
2276 780 2531 842 secundi,
2566 797 2693 850 quae
2722 781 2800 833 sic
2830 796 2888 834 se
2919 779 3089 833 habet
3121 794 3134 832 :

165 874 284 926 dura
311 887 427 924 cum
463 873 668 937 fuerint
693 873 972 938 ingeniosa
1003 871 1355 940 dispositione
1383 873 1698 936 solvuntur;
1727 886 1831 924 me-
2009 871 2190 924 Boetio
2215 873 2445 939 patricio
2476 870 2827 924 Theodericus
2857 885 2972 922 rev.

163 963 279 1014 talia
302 961 553 1026 mugiunt
580 976 592 1012 :
617 960 887 1014 Diomedis
915 962 973 1013 in
1003 975 1106 1014 aere
1126 975 1284 1026 grues
1312 960 1596 1013 buccinant
1618 977 1636 1012 :
1655 975 1831 1013 aeneus
2009 962 2140 1017 Cum
2169 976 2268 1013 rea:
2304 962 2654 1022 Francorum,
2687 960 2922 1011 convivii
2958 959 3130 1011 nostri
3167 958 3323 1022 fama
3356 958 3632 1025 pellectus,

162 1046 334 1114 anguis
366 1048 659 1101 insibilat:
694 1063 816 1101 aves
863 1048 1114 1102 simulate
1140 1049 1455 1113 fritiniunt;
1487 1052 1535 1100 et
1561 1063 1677 1112 quae
1705 1062 1831 1116 pro-
1937 1067 1972 1104 a
2013 1051 2165 1104 nobis
2211 1049 2568 1102 citharrdum
2607 1049 2819 1113 magnis
2864 1047 3116 1116 precibus
3161 1048 3471 1114 expetisset,
3521 1051 3637 1103 sola

161 1140 317 1206 priam
363 1152 540 1190 vocem
581 1139 847 1202 nesciunt,
893 1137 960 1190 ab
1002 1152 1105 1190 aere
1143 1137 1479 1190 dulcedinem
1530 1137 1833 1205 probantur
1936 1142 2146 1193 ratione
2194 1137 2563 1206 complendum
2611 1152 2723 1189 esse
2767 1139 3137 1204 promisimus,
3180 1135 3324 1205 quod
3365 1140 3412 1189 te
3454 1136 3636 1191 erudi-

159 1228 373 1280 emittere
401 1227 700 1280 cantilenae.
735 1228 914 1280 Parva
944 1226 1008 1279 de
1035 1225 1136 1280 illa
1171 1228 1481 1292 referimus,
1528 1228 1617 1280 cui
1646 1227 1832 1280 calum
1938 1233 2097 1285 tionis
2150 1233 2364 1283 musicae
2407 1231 2641 1296 peritum
2687 1241 2797 1281 esse
2847 1241 3182 1281 noveramus.
3229 1226 3463 1295 Adjacet
3493 1231 3635 1282 enim

159 1316 346 1367 imitari
367 1316 460 1378 fas
496 1319 574 1368 est
610 1332 621 1368 :
655 1316 764 1368 hch
797 1317 936 1368 enim
963 1317 1091 1381 fecit
1120 1316 1414 1369 secundum
1439 1317 1600 1370 solem
1632 1319 1688 1368 in
1717 1317 1828 1370 Ar-
1934 1319 2082 1372 vobis
2109 1317 2320 1370 doctum
2355 1317 2568 1382 eligere,
2618 1315 2713 1383 qui
2758 1315 3109 1382 disciplinam
3141 1316 3317 1382 ipsam
3358 1317 3418 1368 in
3461 1317 3633 1371 arduo

157 1404 398 1457 chimedis
450 1404 668 1472 sphaera
724 1405 1050 1458 decurrere:
1103 1405 1211 1458 haec
1264 1406 1495 1458 alterum
1549 1405 1828 1459 zodiacum
1936 1409 2266 1470 collocatam,
2297 1407 2556 1474 potuistis
2598 1407 2880 1471 attingere.
2919 1401 3062 1468 Quid
3077 1404 3218 1455 enim
3246 1403 3342 1456 illa
3365 1410 3634 1471 praestan-

157 1494 389 1546 circulum
421 1493 658 1546 humano
703 1494 923 1546 consilio
953 1493 1273 1558 fabricavit.
1303 1496 1425 1548 Haec
1457 1495 1640 1547 lunam
1679 1495 1827 1558 defe-
1937 1500 2064 1561 tius,
2097 1512 2214 1563 qua:
2244 1496 2361 1547 ca'li
2399 1493 2711 1547 machinam
2749 1508 2944 1546 sonora
2975 1491 3259 1545 dulcedine
3295 1493 3630 1561 modulatur,

156 1587 231 1634 ctu
271 1597 361 1634 suo
415 1582 782 1650 reparabilem
831 1584 969 1634 artis
1010 1583 1406 1635 illuminatione
1455 1581 1780 1636 monstravit
1811 1598 1825 1636 :
1933 1591 1983 1640 et
2013 1590 2223 1638 natura?
2245 1585 2672 1637 convenientiam
2703 1581 2900 1649 ubique
2939 1581 3242 1648 dispersam
3270 1582 3492 1634 virtutis
3521 1599 3632 1637 suae

153 1686 464 1739 parvamque
495 1671 826 1735 machinam,
859 1671 1149 1738 gravidam
1170 1671 1387 1736 mundo,
1421 1673 1612 1725 caelum
1639 1676 1822 1739 gesta-
1862 1713 1902 1767 Β
1933 1678 2117 1740 gratia
2138 1671 2557 1740 comprehendit.
2582 1673 2651 1724 Et
2680 1670 2852 1740 paulo
2883 1675 3014 1739 post
3037 1685 3050 1722 :
3076 1669 3183 1722 Sed
3203 1672 3456 1737 quoniam
3477 1671 3630 1724 nobis

157 1759 262 1822 bile,
292 1759 665 1826 compendium
694 1775 894 1825 rerum,
925 1761 1198 1828 speculum
1235 1764 1464 1824 naturae,
1493 1760 1567 1812 ad
1595 1763 1821 1828 speciem
1863 1758 1900 1767 “’
1932 1765 2085 1827 facta
2113 1768 2191 1816 est
2228 1763 2548 1830 voluptuosa
2579 1761 2844 1827 digressio
2889 1758 3042 1828 (quia
3074 1774 3281 1826 semper
3306 1762 3524 1824 gratum
3553 1764 3630 1813 est

153 1848 344 1900 athcris
365 1847 896 1916 incomprehensibili
913 1849 1211 1902 mobilitate
1231 1850 1510 1902 volutavit.
1541 1850 1628 1903 Sic
1648 1854 1820 1914 ast-ra,
1933 1852 1998 1905 de
2038 1852 2288 1906 doctrina
2316 1851 2548 1919 colloqui
2577 1865 2696 1903 cum
2733 1848 2948 1916 peritis)
2995 1847 3370 1911 citharoedum,
3403 1864 3559 1916 quem
3595 1865 3629 1902 a

151 1953 354 2003 quorum
384 1938 509 1990 licet
543 1953 756 1990 cursum
794 1939 1047 2002 sciamus,
1075 1938 1394 2002 fallentibus
1425 1941 1602 1991 tamen
1631 1952 1719 1990 ocu

2060 1958 2082 1994 s
2113 1941 2354 1994 discimus
2393 1941 2724 2007 postulatum
2769 1937 3040 2006 sapientia
3078 1942 3258 1990 vestra
3297 1938 3464 2004 eligat
3488 1954 3628 2006 pra?-

147 2025 344 2092 prodire
373 2041 476 2078 non
529 2041 821 2078 cernemus.
862 2026 1025 2080 Stans
1056 2026 1282 2091 quidam
1328 2031 1385 2079 in
1415 2027 1524 2080 illis
1555 2029 1821 2080 transitus
1929 2031 2069 2084 senti
2097 2033 2333 2097 tempore
2366 2028 2658 2091 meliorem,
2701 2029 2949 2092 facturus
2984 2026 3198 2092 aliquid
3238 2026 3460 2093 Orphei,
3508 2042 3628 2080 cum

151 2120 212 2166 est
234 2131 250 2165 :
281 2119 328 2167 et
357 2129 474 2182 qua
507 2115 759 2167 velociter
787 2129 1004 2168 currere
1035 2131 1161 2168 vera
1203 2117 1413 2168 ratione
1443 2117 1736 2183 cognoscis,
1768 2129 1822 2170 se
1930 2120 2077 2174 dulci
2111 2133 2237 2172 sono
2280 2117 2565 2184 gentilium
2605 2119 2729 2182 fera
2757 2115 2922 2169 corda
2956 2114 3242 2168 domuerit.
3297 2117 3369 2168 Et
3411 2119 3628 2182 quantm

150 2217 330 2255 movere
364 2217 469 2255 non
521 2205 768 2270 respicis.
803 2204 971 2268 Quale
1009 2208 1107 2268 est,
1152 2204 1246 2257 hoc
1293 2204 1498 2257 homini
1543 2205 1704 2258 etiam
1735 2206 1820 2270 fa-
1926 2209 2080 2263 nobis
2108 2211 2301 2274 gratiae
2326 2207 2535 2272 fuerint
2568 2209 2719 2270 actae,
2754 2208 2917 2258 tanta
2954 2204 3102 2257 vobis
3133 2219 3199 2257 ea:
3224 2209 3412 2258 nostra
3448 2221 3628 2274 aequa-

151 2307 260 2353 cere,
291 2292 432 2359 quod
478 2293 568 2345 vel
607 2293 933 2347 intellexisse
962 2297 1138 2361 potest
1185 2307 1295 2347 esse
1327 2293 1616 2348 mirabile?
1645 2294 1821 2359 Quare
1930 2300 2026 2353 bili
2057 2298 2480 2366 compensatione
2508 2296 2832 2361 referentur,
2863 2295 2960 2361 qui
2987 2297 3036 2346 et
3062 2295 3288 2361 imperio
3313 2298 3495 2348 nostro
3515 2310 3621 2363 pa-

149 2395 246 2432 cum
274 2397 358 2434 vos
387 2386 549 2434 ornet
583 2382 773 2434 talium
817 2397 997 2435 rerum
1025 2381 1380 2450 praedicanda
1415 2384 1632 2448 notitia,
1665 2383 1819 2436 horo-
1926 2391 2078 2454 ret-is,
2112 2391 2160 2440 et
2192 2385 2336 2454 quod
2363 2399 2455 2438 vos
2487 2385 2786 2451 clariﬁcare
2809 2384 3007 2451 possit,
3035 2383 3274 2449 efﬁcitis.

151 2469 271 2536 logia
299 2469 464 2536 nobis,
490 2470 732 2538 publicis
759 2473 1030 2539 expensis,
1057 2474 1173 2525 sine
1193 2476 1366 2526 vestro
1397 2471 1700 2540 dispendio,
1733 2471 1819 2525 de-
1997 2476 2153 2530 Idem
2201 2473 2571 2530 Cassiodocus
2602 2472 2672 2526 ad
2706 2471 2882 2524 ﬁnem
2913 2469 3046 2524 libri
3077 2469 3395 2523 Dialecticee
3427 2469 3496 2523 de
3528 2487 3621 2525 eo-

149 2561 332 2611 stinate.
366 2559 624 2613 Primum
654 2562 746 2626 sit,
783 2560 878 2613 ubi
904 2562 1078 2627 stylus
1109 2560 1221 2613 diei
1249 2561 1415 2614 indecc
1442 2576 1540 2629 per
1568 2561 1814 2615 umbram
1925 2565 2054 2618 dem
2115 2563 2296 2617 Bintio
2346 2562 2425 2616 ita
2486 2560 2784 2631 loquitur:
2835 2559 3000 2626 Illud,
3051 2557 3262 2628 inquit,
3326 2563 3623 2626 competens

149 2649 368 2713 exiguam
393 2648 567 2702 horas
611 2653 884 2702 consuevit
913 2649 1204 2704 ostendere.
1251 2649 1462 2703 Radius
1492 2653 1678 2718 itaque
1705 2653 1816 2704 im-
1915 2653 2292 2721 judicavimus
2335 2650 2696 2718 recapitulare
2753 2648 3002 2715 breviter,
3061 2662 3290 2716 quorum
3341 2647 3521 2700 labore
3566 2648 3624 2700 in

147 2737 328 2790 mobilis
359 2742 406 2791 et
431 2752 671 2806 parvus,
703 2753 967 2806 peragens
999 2738 1143 2802 quod
1177 2743 1288 2792 tam
1323 2739 1579 2792 miranda
1606 2740 1816 2806 magni-
1921 2745 2140 2798 Latium
2163 2743 2431 2809 eloquium
2459 2753 2543 2792 res
2587 2741 2704 2793 istae
2745 2739 3129 2806 pervenerint:
3176 2742 3238 2790 ut
3265 2751 3359 2789 nec
3389 2737 3622 2790 auctori-

148 2825 252 2879 tudo
285 2827 407 2880 solis
452 2827 748 2892 discurrit,
795 2832 843 2880 et
887 2830 1078 2894 fugam
1119 2829 1247 2882 solis
1289 2831 1618 2897 aequiparat,
1669 2828 1816 2897 quod
1925 2832 2021 2885 bus
2045 2833 2221 2898 gloria
2250 2845 2351 2882 sua
2382 2832 2612 2897 pereat:
2645 2827 2798 2880 nobis
2834 2827 3148 2894 plenissime
3177 2827 3256 2878 rei
3293 2827 3494 2878 veritas
3533 2828 3620 2878 in-

147 2920 314 2968 motum
341 2931 560 2984 semper
599 2918 834 2982 ignorat.
865 2904 1172 2971 Inviderent
1204 2917 1402 2970 talibus
1432 2915 1482 2971 si
1509 2921 1663 2970 astra
1699 2932 1816 2971 sen-
1923 2925 2175 2973 notescat.
2210 2920 2473 2988 Isagogcn
2503 2917 2786 2970 transtulit
2804 2917 3076 2982 patricius
3107 2915 3337 2978 Boetius,
3365 2928 3622 2967 commenu

149 3006 299 3070 ti-rent,
328 3010 376 3058 et
403 3009 650 3058 meatum
678 3019 840 3059 suum
870 3008 1103 3071 fortasse
1130 3005 1484 3074 deﬂecterent,
1512 3023 1579 3060 ne
1607 3009 1708 3061 tali
1738 3009 1815 3061 lu-
1852 3014 1891 3068 C
1926 3013 2085 3078 taque
2115 3009 2228 3076 ejus
2257 3010 2472 3073 gemina
2501 3006 2893 3072 derelinquens.
2922 3005 3230 3069 Categorias
3269 3003 3410 3056 idem
3441 3007 3618 3056 trans-

150 3093 295 3148 dibrio
339 3094 705 3162 subjacerent.
757 3095 858 3148 Ubi
901 3099 979 3148 est
1019 3095 1159 3148 illud
1196 3095 1453 3149 horarum
1502 3096 1566 3149 de
1613 3097 1813 3150 lumine
1923 3099 2045 3152 tulit
2068 3100 2334 3166 patricius
2358 3098 2591 3161 Boetius,
2625 3095 2782 3162 cujus
2811 3097 3109 3147 commenta
3130 3092 3302 3146 tribus
3329 3091 3480 3145 libris
3503 3096 3618 3162 ipse

151 3187 454 3248 venientium,
487 3184 774 3250 singulare
810 3185 1153 3246 miraculum,
1187 3186 1237 3238 si
1275 3184 1374 3238 has
1413 3189 1461 3237 et
1491 3185 1684 3238 umbra
1719 3187 1811 3239 dc-
1920 3203 2130 3256 quoque
2155 3187 2414 3252 formavit
2450 3201 2462 3238 ε
2497 3185 2926 3238 Perihermeniris
2955 3197 3126 3250 supra
3151 3187 3478 3235 memoratus
3520 3198 3616 3250 pa-

150 3278 418 3326 monstrat?
450 3273 559 3328 Ubi
600 3272 967 3341 pradicabilis
1006 3273 1279 3338 indefecta
1309 3277 1527 3341 rotatio,
1558 3276 1608 3327 si
1637 3275 1733 3328 hoc
1763 3281 1811 3328 et
1921 3278 2109 3330 tricius
2146 3277 2359 3329 Boetius
2403 3274 2685 3327 transtulit
2719 3276 2776 3325 in
2806 3271 3085 3335 Latinum,
3128 3272 3283 3338 cujus
3324 3277 3618 3326 commenta

149 3363 330 3414 metalla
375 3365 679 3431 peragunt,
732 3377 848 3426 quae
891 3364 1002 3415 situ
1045 3365 1309 3432 perpetua
1357 3365 1741 3417 continentur?
1771 3365 1812 3418 Ο
1918 3367 2034 3434 ipse
2054 3365 2300 3434 duplicia
2320 3365 2685 3417 minutissima
2708 3361 3078 3430 disputatione
3097 3362 3616 3428 tractavit...Supra

147 3456 257 3504 artis
283 3451 687 3506 inmstimabilis
708 3453 908 3515 virtus,
939 3465 1062 3518 qum
1090 3451 1219 3504 dum
1243 3465 1298 3504 se
1324 3452 1458 3505 dicit
1484 3452 1686 3518 ludere,
1718 3468 1811 3506 na-
1917 3459 2244 3508 memoratus
2271 3455 2541 3521 patricius
2563 3453 2778 3505 Boetius
2808 3450 2873 3504 de
2893 3448 3229 3518 syllogismis
3259 3449 3615 3518 hypotheticis

148 3544 256 3592 tura:
278 3543 536 3609 praevalet
570 3545 773 3594 secreta
820 3541 1063 3608 vulgare.
1099 3540 1403 3596 Secundum
1432 3543 1522 3607 sit,
1557 3541 1651 3594 ubi
1671 3557 1810 3610 prz-
1917 3543 2252 3598 lucidissime
2281 3543 2659 3611 pertractavit,
2693 3544 2798 3595 etc.

147 3633 207 3680 ter
228 3631 344 3684 solis
369 3631 564 3684 radios
595 3631 728 3683 hora
765 3630 1124 3696 dignoscitur,
1153 3633 1332 3683 noctes
1363 3632 1420 3682 in
1448 3636 1632 3698 partes
1671 3631 1810 3683 divi-
2717 3631 2813 3684 Ill.

146 3715 290 3772 dens:
322 3720 462 3788 quod
501 3725 568 3772 ut
613 3719 752 3772 nihil
794 3719 1005 3773 deberet
1050 3722 1237 3779 astris,
1282 3721 1546 3772 rationem
1591 3721 1708 3773 caeli
1736 3721 1810 3773 ad
1988 3721 2321 3791 Procopius,
2358 3719 2721 3773 Caesariensis
2753 3734 2817 3772 ex
2849 3717 3171 3784 Palaestina,
3211 3717 3408 3772 rhetor
3443 3722 3498 3772 ct
3527 3733 3608 3771 so-

144 3821 376 3870 aquarum
425 3811 618 3878 potius
669 3811 870 3875 fluenta
925 3812 1228 3862 convertit:
1291 3823 1520 3876 quorum
1573 3809 1808 3864 motibus
1917 3809 2105 3882 phista
2149 3810 2300 3863 inter
2345 3809 2530 3860 varias
2582 3823 2710 3861 suas
2754 3807 3024 3861 historias
3071 3806 3300 3877 scripsit
3347 3807 3416 3861 de
3459 3807 3611 3861 Bello

146 3897 362 3962 ostendit,
407 3898 558 3966 quod
597 3898 723 3950 calo
764 3898 1001 3951 volvitur
1034 3913 1045 3949 :
1084 3903 1134 3950 et
1163 3897 1364 3950 audaci
1388 3901 1809 3966 praesumptione
1916 3901 2240 3955 Gothorum
2263 3897 2436 3951 libros
2468 3901 2602 3962 tres,
2637 3897 2689 3946 in
2723 3912 2971 3966 quorum
3010 3895 3198 3966 primo
3232 3895 3390 3966 quod
3419 3895 3610 3950 Graece

144 3994 360 4055 concepta
403 4004 497 4042 ars
554 3988 824 4041 elementis
864 3990 1091 4054 confert,
1125 3988 1271 4058 quod
1309 3991 1540 4056 originis
1574 3991 1806 4043 conditio
1914 3989 2053 4044 dixit
2081 3988 2149 4042 de
2180 3987 2396 4052 Boetio,
2431 3985 2509 4038 sic
2541 3987 2737 4040 Latine
2768 3985 3027 4039 redditur
3061 4001 3075 4038 :

143 4072 412 4143 denegavit,
450 4079 720 4131 universa
756 4076 1057 4145 disciplinae
1095 4082 1318 4131 cunctus
1347 4079 1696 4147 prudentium
1723 4079 1804 4130 la-
1987 4076 2340 4144 Symmachus
2375 4079 2425 4127 et
2450 4075 2565 4142 ejus
2629 4089 2789 4139 gener
2818 4075 3033 4128 Boetius
3059 4075 3303 4141 patricii,
3351 4074 3460 4126 alto
3497 4089 3611 4126 ma-

145 4163 220 4216 bar
241 4171 448 4220 natura?
463 4167 784 4236 potentiam,
817 4171 877 4219 ut
909 4171 1118 4220 tantum
1139 4170 1352 4236 possint
1382 4183 1552 4234 nosse,
1584 4169 1807 4236 perqui-
1904 4168 2091 4235 jorum
2144 4165 2427 4231 sanguine,
2479 4165 2754 4231 principes
2806 4178 2928 4216 vero
2979 4165 3202 4215 senatus
3252 4163 3503 4228 Romani,
3559 4166 3610 4214 et

144 4256 216 4304 rit.
256 4255 628 4309 Mechanisma
670 4253 846 4308 solum
885 4259 978 4316 est,
1014 4255 1157 4323 quod
1203 4256 1358 4310 illum
1397 4273 1464 4310 ea:
1511 4258 1802 4310 contrariis
1842 4316 1876 4323 λ
1914 4256 2152 4311 consules
2187 4256 2360 4320 fuere,
2409 4252 2766 4321 philosophiae
2805 4256 2855 4304 et
2900 4253 3150 4319 aequitati
3177 4265 3350 4318 supra
3397 4254 3609 4303 caeteros

143 4345 321 4409 appetit
346 4347 562 4398 imitari
594 4361 606 4397 :
640 4348 690 4397 et
714 4346 763 4398 si
786 4345 877 4409 fas
903 4349 980 4398 est
1007 4316 1180 4398 dicere
1204 4347 1260 4398 in
1288 4346 1613 4413 quibusdam
1639 4349 1803 4399 etiam
1842 4316 1884 4370 θ
1917 4345 2165 4400 mortales
2187 4316 2536 4408 studuerant,
2562 4316 2856 4408 multisque
2883 4316 3062 4408 egenis
3096 4343 3206 4393 tum
3227 4316 3607 4405 liomanorum,

141 4433 310 4484 nititur
362 4435 499 4487 velle
547 4448 826 4502 superare.
880 4436 988 4488 Hoc
1043 4438 1181 4488 enim
1230 4437 1419 4500 fecisse
1467 4435 1804 4503 dignoscitur
1915 4442 2028 4490 tum
2057 4439 2400 4488 externorum
2434 4431 2622 4500 opibus
2653 4431 2767 4484 suis
2792 4429 3098 4483 subvenere.
3139 4430 3210 4480 Ili
3239 4428 3313 4481 ad
3341 4429 3607 4494 ingentem

144 4519 385 4575 Daedalum
439 4524 644 4576 volare.
705 4525 812 4576 Hoc
858 4525 1096 4588 ferreum
1155 4524 1475 4592 Cupidinem
1514 4528 1571 4577 in
1612 4527 1804 4579 Dianae
1911 4526 2142 4592 gloriam
2165 4523 2348 4588 evecti,
2380 4522 2694 4575 deterrimos
2719 4533 2954 4587 quosque
2986 4518 3044 4571 in
3073 4519 3160 4571 sui
3183 4517 3450 4569 invidiam
3489 4533 3608 4571 con-

143 4610 304 4676 templo
333 4614 448 4664 sine
474 4613 667 4679 aliqua
704 4613 1024 4679 alligatione
1060 4612 1312 4680 pendere.
1344 4614 1452 4667 Hoc
1483 4612 1639 4666 hodie
1663 4613 1804 4678 facit
1911 4618 2152 4670 citarunt
2179 4631 2190 4668 :
2217 4614 2414 4681 quibus
2441 4611 2773 4666 delatoribus
2799 4608 3149 4663 Theodericus
3177 4623 3276 4661 rea:
3296 4623 3614 4677 persuasus,

143 4702 267 4750 muta
295 4705 536 4767 cantare,
564 4703 844 4753 insensata
871 4703 1071 4764 vivere,
1102 4701 1402 4755 immobilia
1441 4704 1658 4755 moveri.
1689 4703 1800 4755 Me-
1909 4709 2052 4759 viros
2083 4705 2413 4758 clarissimos
2435 4701 2664 4771 perinde
2692 4715 2754 4752 ac
2779 4713 2863 4752 res
2888 4712 3053 4752 novas
3088 4697 3363 4752 molientes
3391 4699 3605 4767 occidit,

142 4784 386 4849 chanicus,
428 4792 479 4842 si
516 4791 607 4854 fas
650 4794 728 4842 est
771 4789 969 4853 dicere,
1011 4805 1148 4858 pene
1195 4793 1371 4844 socius
1418 4796 1496 4844 est
1543 4795 1797 4844 naturae:
1910 4809 2203 4862 eorumque
2233 4794 2371 4846 bona
2411 4793 2595 4846 omnia
2629 4789 2945 4858 publicavit.
2979 4786 3085 4842 Sed
3117 4789 3313 4856 paucis
3339 4792 3465 4857 post
3501 4789 3610 4842 die-

143 4876 318 4928 occulta
356 4893 627 4943 reserans,
676 4879 971 4943 manifesta
1022 4883 1349 4944 convertens,
1390 4881 1667 4934 miraculis
1718 4882 1800 4935 lu-
1911 4883 2009 4937 bus
2039 4884 2272 4936 comanti
2308 4882 2394 4934 illi
2423 4895 2541 4933 cum
2573 4880 2811 4946 ingentis
2832 4879 3003 4947 piscis
3040 4882 3202 4946 caput
3233 4880 3476 4932 ministri
3509 4894 3608 4947 ap-

142 4960 281 5025 dens;
312 4968 392 5020 ita
423 4967 646 5035 pulchre
689 4968 972 5033 simulans,
1023 4973 1081 5021 ut
1131 4968 1274 5036 quod
1319 4971 1668 5036 compositum
1697 4984 1804 5022 non
1905 4973 2235 5040 posuissent,
2299 4969 2440 5023 illud
2504 4967 2823 5022 Theoderico
2886 4968 3063 5021 visum
3134 4972 3212 5022 est
3276 4971 3440 5036 caput
3500 4981 3610 5021 esse

143 5052 429 5119 ambigitur,
469 5058 671 5109 veritas
721 5059 1031 5111 estimetur.
1067 5059 1188 5110 Ilwc
1237 5059 1370 5126 quia
1413 5058 1708 5112 studiosius
1755 5063 1803 5112 te
1909 5060 2232 5130 Symmachi
2278 5073 2450 5126 nuper
2497 5059 2678 5123 occisi,
2715 5055 2968 5111 dentibus
3015 5056 3232 5124 quidem
3272 5058 3329 5108 in
3375 5058 3608 5121 inferius

144 5136 305 5206 legisse
347 5147 720 5213 comperimus,
753 5145 1019 5214 praedicta
1060 5145 1212 5200 nobis
1253 5146 1531 5214 horologia
1576 5151 1803 5215 quanto-
1911 5150 2124 5203 labrum
2161 5149 2434 5216 impactis,
2460 5148 2627 5201 oculis
2659 5161 2784 5200 vero
2816 5150 2962 5200 torve
2990 5150 3040 5200 et
3069 5144 3370 5213 furibunde
3399 5147 3608 5196 intuen-

143 5228 236 5281 cius
263 5236 621 5288 transmittere
649 5235 974 5288 maturabis.
1005 5237 1069 5289 Ut
1101 5239 1150 5288 te
1189 5240 1373 5289 notum
1418 5240 1476 5289 in
1523 5237 1617 5290 illa
1645 5242 1804 5306 parte
1913 5239 2058 5292 tibus
2104 5239 2309 5290 minari
2354 5236 2462 5290 sibi
2496 5238 2802 5306 plurimum
2840 5235 3146 5290 videbatur.
3187 5233 3337 5288 Unde
3364 5232 3610 5301 prodigii

142 5319 303 5372 mundi
330 5323 525 5389 facias,
555 5323 652 5376 ubi
690 5325 852 5378 aliter
886 5328 1168 5392 pervenire
1196 5339 1302 5378 non
1336 5332 1574 5394 poteras.
1613 5329 1803 5392 Agno-
1909 5330 2144 5381 novitate
2173 5328 2517 5395 perterritus,
2554 5327 2912 5396 membrisque
2943 5329 3144 5395 praeter
3173 5323 3388 5376 modum
3421 5327 3608 5374 treme-

143 5413 271 5460 scant
317 5427 411 5478 per
463 5417 508 5465 te
553 5418 746 5467 exterae
780 5418 993 5482 gentes;
1039 5415 1171 5468 tales
1212 5430 1305 5468 nos
1344 5415 1539 5469 habere
1577 5416 1800 5482 nobiles,
1913 5417 2124 5470 bundus
2172 5422 2222 5469 et
2267 5417 2509 5482 horrens,
2556 5421 2612 5470 in
2644 5418 2834 5471 lectum
2881 5419 3046 5470 citato
3089 5412 3269 5480 gradu
3311 5427 3366 5466 se
3405 5413 3607 5481 recepit

145 5497 303 5561 quales
360 5500 606 5565 leguntur
658 5507 919 5556 auctores.
980 5505 1195 5570 Quoties
1228 5519 1333 5558 non
1375 5510 1501 5558 sunt
1541 5505 1806 5560 credituri
1911 5504 2314 5574 identidemque
2351 5507 2459 5560 sibi
2481 5512 2728 5575 togarum
2760 5513 2868 5560 vim
2895 5519 3148 5570 magnam
3172 5501 3349 5571 ingeri
3367 5501 3607 5571 jubendo

146 5588 228 5648 qui
247 5586 520 5642 viderint?
546 5594 752 5659 quoties
777 5591 914 5646 hanc
943 5596 1221 5648 veritatem
1242 5594 1446 5648 lusoria
1466 5595 1675 5649 somnia
1702 5611 1804 5664 pu-
1910 5598 2136 5666 paulum
2170 5598 2394 5664 quievit.
2420 5597 2646 5666 Elpedio
2675 5595 2867 5650 deinde
2898 5593 3100 5648 medico
3121 5593 3388 5659 omnibus,
3425 5607 3606 5661 quem-
