3996 6170
305 277 404 328 567

1592 275 1710 327 ΛΝ.
1764 273 1979 327 MANL.
2027 273 2186 327 SEV.
2236 273 2552 328 BOETlUS.
3697 273 3805 324 3368

303 403 596 468 admodum
626 404 966 469 accidissent,
1005 406 1310 473 explicatis,
1344 408 1402 457 in
1439 404 1824 472 Symmachum
1853 408 1989 460 Boe-
2028 407 2073 459 A
2103 405 2508 476 Thessalonicae)
2525 408 2699 475 positi
2719 411 2892 459 essent
2914 406 3403 474 Constantinopoli,
3437 405 3804 459 Theodericus

305 497 548 558 tiumque
571 500 852 562 patratum
882 511 913 547 a
941 511 995 547 se
1024 495 1192 547 scelus
1224 495 1448 562 deflebat
1478 511 1490 546 :
1529 510 1631 562 quo
1661 495 1892 564 denique
1912 495 2000 548 de-

303 587 514 651 plorato
562 601 627 636 ex
673 589 893 651 accepta.
926 585 1239 636 calamitate
1285 583 1463 636 dolore
1510 587 1720 648 ingenti
1751 585 1997 652 affectus,

305 673 452 727 haud
485 675 633 739 longe
660 679 783 739 post
812 676 1043 725 moritur
1076 689 1088 724 :
1120 688 1238 725 cum
1269 676 1505 740 primum
1539 675 1632 726 hoc
1672 679 1720 726 et
1750 676 2000 727 ultimum

305 761 522 827 injuria:
562 763 858 826 exemplum
896 764 953 812 in
991 761 1096 812 sibi
1126 760 1391 826 subjectos
1424 761 1622 814 idcirco
1653 763 1998 824 exercuisset,

305 853 434 916 quia
462 864 583 913 non,
619 850 701 900 uti
721 855 1086 914 consueverat,
1109 850 1397 912 diligenter
1413 854 1781 917 pereestigata
1813 865 1997 916 causa,

307 940 364 990 in
401 943 576 990 tantos
606 939 747 990 viros
779 939 1263 991 animmlcerterat.

376 1027 537 1080 Idem
597 1031 796 1079 auctor
853 1027 998 1079 libro
1059 1028 1224 1080 tertio
1289 1027 1569 1096 praedicta].
1622 1026 1878 1080 historia:
1933 1027 2001 1080 de

305 1130 483 1168 uxore
527 1115 704 1168 [Laelii
737 1116 1040 1185 superstite
1073 1116 1295 1169 locutus
1324 1117 1442 1168 haec
1473 1117 1570 1169 ait.
1609 1117 1754 1170 Unde
1782 1118 1863 1170 vel
1884 1119 2002 1172 Ru-

304 1208 549 1256 sticiana:
579 1204 759 1256 Boetii
809 1205 1080 1273 quondam
1122 1212 1280 1258 uxori
1322 1211 1369 1257 et
1417 1207 1732 1273 Symmachi
1759 1206 1911 1274 ﬁliae,
1943 1205 2004 1258 id

309 1297 578 1360 reliquum
610 1297 722 1358 fuit
756 1295 828 1347 ad
855 1299 1025 1348 vitam
1064 1301 1112 1348 et
1158 1296 1230 1347 ad
1260 1298 1603 1348 miseriarum
1644 1297 1914 1348 cumulum
1944 1300 2003 1348 ut

307 1384 494 1436 servili
525 1387 573 1435 et
593 1388 793 1436 rustico
815 1384 1005 1436 habitu
1025 1385 1240 1448 induta,
1267 1400 1384 1450 qua:
1409 1385 1684 1449 egentibus
1714 1386 2002 1449 facultates

307 1485 434 1523 suas
466 1478 801 1536 erogewerat,
832 1488 1026 1538 panem
1051 1478 1343 1538 cwtcraque
1373 1474 1444 1525 ad
1476 1476 1673 1526 victum
1701 1477 2004 1526 necessaria

309 1559 376 1610 ab
419 1561 661 1613 hostibus
697 1562 1024 1613 mendicaret
1059 1577 1073 1615 :
1107 1562 1286 1613 domos
1335 1565 1474 1614 enim
1517 1563 1894 1614 circumeundo
1923 1566 2004 1627 fo-

311 1664 500 1715 resque
545 1650 902 1716 oppulsando,
935 1651 1110 1703 cibum
1142 1650 1269 1702 dari
1305 1651 1411 1701 sibi
1454 1653 1771 1717 suppliciter
1822 1667 2006 1720 preca-

315 1737 477 1789 batur
516 1740 594 1790 nil
624 1753 851 1805 prorsus
897 1740 1022 1792 huic
1069 1741 1378 1803 ignominizc
1427 1754 1487 1791 ca
1527 1755 1584 1791 rc
1628 1739 1902 1805 afferente.
1937 1743 2004 1794 Et
2042 1747 2084 1801 B

313 1831 452 1879 certe
491 1827 652 1880 Gothi
690 1830 748 1879 in
787 1830 1116 1881 Rusticiana:
1153 1834 1372 1881 mortem
1421 1833 1891 1896 conSpiraeerant,
1924 1832 2010 1884 illi

313 1915 623 1981 obiicio-nios
651 1916 795 1984 quod
829 1919 1090 1970 exercitus
1120 1919 1348 1971 Romani
1367 1916 1593 1969 ducibus
1619 1921 1872 1984 pecunias
1902 1920 2009 1971 lar-

312 2007 486 2069 giens,
521 2005 835 2057 Theoderici
869 2009 1080 2058 statuas
1126 2006 1504 2071 disturbasset,
1539 2006 1731 2058 cxdem
1761 2007 2009 2073 Symma-

314 2091 401 2144 chi
431 2096 610 2159 patris
662 2093 948 2161 Boetiique
994 2097 1184 2147 mariti
1230 2095 1365 2147 ulta.
1403 2093 1608 2147 Totilas
1655 2101 1829 2148 tamen
1858 2096 2010 2148 nulla

314 2181 452 2234 hanc
481 2183 635 2249 afﬁci
666 2183 876 2249 injuria
903 2185 1174 2250 permit't,
1202 2185 1295 2237 sed
1322 2198 1436 2236 eam
1459 2185 1708 2252 aliasque
1737 2199 1914 2238 omnes
1941 2185 2008 2237 ab

317 2272 639 2324 contumelia
667 2273 929 2325 immunes
961 2277 1314 2327 conservavit.

788 2361 1139 2415 SEPTIMUM
1179 2362 1535 2429 SJSCULUM,

627 2464 860 2502 NIMIRUM
901 2466 967 2501 AB
1004 2466 1152 2502 ANNO
1193 2454 1295 2503 000
1334 2468 1405 2504 AD
1446 2469 1535 2504 AN.
1581 2452 1700 2504 700.

389 2535 556 2601 Beda,
608 2537 946 2589 venerabilis
991 2538 1174 2590 dictus
1221 2546 1455 2608 propter
1487 2541 1615 2592 vitae
1650 2540 2010 2592 sanctitatem

318 2639 664 2693 morumque
707 2626 1066 2695 gravitatem,
1103 2628 1247 2679 tanti
1291 2628 1424 2680 fecit
1468 2628 1726 2682 Boetium
1775 2629 2011 2697 ejusque

318 2713 657 2778 doctrinam,
697 2720 758 2767 ut
801 2715 1243 2768 commentarios
1292 2717 1579 2786 scripserit
1619 2718 1679 2770 in
1731 2716 1908 2769 Boetii
1952 2718 2013 2770 li-

319 2802 488 2855 brum
519 2803 587 2855 de
619 2802 914 2858 Trinitate.
956 2805 1029 2856 De
1058 2805 1262 2858 eodem
1290 2806 1479 2858 Boetio
1513 2806 1785 2859 honorate
1818 2810 1872 2858 et
1910 2806 2010 2859 ho-

323 2892 558 2944 noriﬁce
586 2893 767 2945 multa
789 2892 1002 2961 passim
1034 2894 1127 2946 hic
1159 2899 1352 2946 auctor
1381 2895 1672 2963 praidicat.

804 2980 1133 3034 OCTAVUM
1173 2982 1531 3050 SzECL‘LL'M,

649 3085 882 3122 NIMIRUM
922 3087 988 3122 AB
1026 3087 1174 3123 ANNO
1212 3070 1318 3124 700
1354 3087 1421 3124 AD
1461 3088 1552 3123 AN.
1595 3073 1696 3126 800

395 3156 600 3208 Paulus
637 3157 928 3222 diaconus,
971 3159 1071 3227 qui
1102 3163 1303 3227 rogatu
1334 3160 1670 3229 Adelburgm
1700 3161 1832 3213 tilia}
1869 3160 2017 3214 Desi-

324 3245 466 3298 derii
498 3245 648 3312 regis
670 3247 852 3299 multa
881 3247 951 3298 ad
985 3247 1241 3317 Eutropii
1275 3248 1568 3302 historiam
1601 3249 1836 3313 addidit,
1872 3250 2016 3303 libro

325 3332 570 3400 septimo
615 3333 786 3401 hujus
833 3334 1183 3402 appendicis,
1227 3343 1531 3404 postquam
1579 3336 1813 3390 dixisset
1859 3338 2018 3390 Joan-

325 3434 455 3471 nem
491 3435 719 3488 papam,
765 3422 1142 3487 Thcodorum,
1178 3424 1577 3492 Importunum
1618 3430 1673 3477 et
1703 3424 2016 3494 Agapitum

327 3510 655 3559 consulares
693 3509 861 3576 viros,
909 3510 1200 3580 aliumque
1250 3513 1556 3579 Agapitum
1599 3511 1902 3580 patricium
1947 3513 2017 3566 ad

325 3596 613 3647 Justiuum
653 3596 866 3664 legatos
896 3596 954 3648 in
986 3597 1191 3649 itinere
1223 3599 1549 3651 demoratos
1588 3601 1779 3661 tuisse,
1817 3601 1972 3654 addit
2002 3616 2014 3654 :

332 3685 683 3737 Theodericus
722 3687 870 3738 rabie
905 3701 1014 3738 suae
1055 3689 1366 3754 iniquitatis
1411 3690 1743 3754 stimulatus,
1776 3692 2019 3756 Symma-

329 3776 484 3827 chum
514 3775 849 3826 exconsulem
885 3790 946 3827 ac
973 3779 1288 3843 patricium,
1321 3783 1370 3829 et
1398 3779 1640 3830 Baeti-um
1670 3781 1930 3832 seniorem
1970 3783 2019 3833 et

329 3864 659 3916 exconsuli‘m
693 3864 980 3917 catholicos
1012 3866 1156 3917 viros
1180 3866 1364 3929 gladio
1397 3866 1728 3927 trucidavit,

853 3952 945 4005 ΝΟ
957 3954 994 4004 Ν
1009 3954 1100 4006 UM
1142 3953 1499 4020 Sl-ICCULUM,

642 4053 872 4092 multum
913 4055 979 4092 AB
1018 4056 1164 4093 ANNO
1204 4043 1305 4095 800
1347 4059 1413 4094 AD
1453 4058 1542 4096 AN.
1587 4043 1709 4098 900.

401 4217 544 4282 Ado,
604 4217 937 4271 Viennensis
990 4219 1471 4288 archiepiscopus,
1527 4221 1627 4289 qui
1673 4219 2020 4274 breviarium

2107 512 2207 550 rex
2230 496 2508 550 haereticus
2537 498 2707 549 tenuit
2728 495 2863 549 duos
2879 500 3147 549 senatores
3166 495 3452 564 prxclares
3482 500 3533 548 et
3548 509 3810 548 exconsu-

2109 587 2203 651 les,
2225 586 2605 653 Symmachum
2618 589 2669 637 et
2694 586 2956 650 Boetium,
2971 589 3024 638 et
3041 585 3235 638 occidit
3260 587 3586 652 interﬁciens
3600 583 3812 651 gladio.

2601 674 2910 728 DECIMUM
2951 673 3310 739 S/ECULUM,

2401 777 2636 816 ammon
2674 777 2743 816 AB
2781 777 2927 815 ANNO
2968 764 3070 816 900
3110 762 3178 816 ad
3221 778 3312 815 AN.
3363 762 3519 815 1000.

2183 850 2322 903 Cum
2355 867 2478 904 ossa
2512 851 2690 904 Boetii
2719 851 2914 904 multis
2946 851 3154 905 abhinc
3184 851 3690 920 saeculisjacerent
3721 866 3818 903 ne—

2111 939 2297 1008 glectu
2343 945 2670 1008 temporum
2723 939 2910 992 minus
2939 939 3240 1005 honorata,
3288 940 3434 993 Otho
3463 939 3674 992 tertius
3707 939 3816 992 im-

2109 1033 2339 1098 perator
2367 1029 2566 1082 eadem
2596 1044 2884 1083 marmore
2913 1027 3126 1081 includi
3149 1028 3316 1098 jussit
3342 1044 3353 1082 :
3389 1028 3670 1098 inscripto
3695 1028 3816 1080 elo-

2112 1116 2225 1185 gio,
2279 1117 2432 1188 quod
2479 1118 2800 1186 composuit
2848 1116 3151 1170 Gerbertus
3187 1118 3490 1170 Ravennas
3531 1116 3820 1186 archiepi-

2113 1222 2334 1276 scopus,
2375 1206 2646 1276 magister
2676 1206 2810 1259 olim
2857 1206 3119 1274 Augusti,
3156 1206 3203 1276 is
3235 1206 3334 1274 qui
3366 1222 3628 1258 summus
3673 1221 3819 1274 pon-

2111 1295 2249 1348 tifex
2281 1301 2524 1364 creatus,
2572 1296 2849 1365 Sylvester
2887 1295 3167 1347 secundus
3214 1295 3397 1348 dictus
3438 1300 3542 1359 est,
3597 1295 3822 1363 quique.

2112 1401 2229 1438 non
2261 1401 2420 1437 secus
2454 1402 2516 1438 ac
2547 1385 2773 1438 Boetius
2801 1384 2870 1436 ob
2895 1383 3240 1452 exquisitam
3272 1383 3708 1436 reconditarum
3743 1398 3824 1433 re-

2114 1489 2242 1526 rum
2275 1472 2572 1526 scientiam
2604 1488 2806 1541 magus
2837 1472 2978 1524 falso
3024 1477 3108 1525 est
3147 1472 3376 1524 habitus
3407 1470 3476 1524 ab
3508 1470 3820 1540 imperitis.

2114 1563 2373 1630 Elogium
2409 1567 2598 1614 autem
2631 1561 2771 1614 illud
2808 1561 2894 1613 his
2924 1560 3181 1613 versibus
3214 1560 3486 1628 expressit
3522 1576 3534 1612 :

2256 1653 2422 1705 Itoma
2449 1657 2634 1718 potens
2667 1651 2795 1702 dum
2822 1651 2958 1716 jura
2988 1664 3082 1702 suo
3117 1649 3358 1702 declarat
3389 1650 3445 1701 in
3473 1648 3623 1712 orbe,

2259 1742 2336 1792 Tu
2359 1744 2524 1807 pater
2553 1745 2600 1791 et
2629 1743 2826 1808 patrix
2859 1739 3055 1802 lumen,
3089 1738 3339 1793 Severine
3367 1739 3537 1801 Boeti,

2259 1830 2506 1883 Cons-uiis
2537 1830 2716 1896 ofﬁcio
2746 1843 2928 1880 rerum
2961 1827 3203 1895 disponis
3234 1827 3490 1893 habenas,

2259 1916 2514 1979 Iit/“undis
2547 1917 2724 1970 lumen
2753 1916 2954 1968 studiis
2985 1920 3034 1968 et
3061 1915 3242 1968 cedere
3274 1919 3443 1968 nescis

2261 2005 2561 2058 Greecerum
2593 2007 2847 2069 ingeniis,
2878 2004 2970 2056 sed
2998 2018 3143 2056 mens
3175 2004 3366 2056 divina
3394 2009 3590 2057 coercet

2260 2094 2551 2160 Imperium
2582 2093 2790 2145 mundi.
2827 2092 3021 2147 Gladio
3056 2092 3346 2145 bacchante
3374 2093 3682 2146 Gothorum

2259 2183 2507 2235 Libertas
2537 2183 2777 2236 Romana
2809 2183 2950 2248 perit
2983 2197 3000 2232 .·
3033 2185 3092 2232 tu
3119 2182 3304 2234 consul
3332 2185 3381 2234 et
3411 2182 3567 2234 exsul

2268 2272 2510 2336 lnsignes
2539 2271 2722 2323 titulos
2750 2271 3017 2337 praeclara
3047 2273 3217 2322 morte
3243 2270 3527 2337 relinquis.

2260 2362 2412 2414 Nunc
2448 2359 2605 2412 decus
2637 2360 2874 2426 imperii,
2911 2372 3150 2410 summas
3187 2359 3285 2425 qui
3327 2362 3648 2425 praegravat
3681 2363 3823 2410 artes

2265 2451 2474 2501 Tertius
2501 2448 2622 2501 Otto
2654 2462 2752 2499 sua
2779 2447 3007 2513 dignum
3035 2451 3083 2499 te
3104 2446 3324 2515 judicat
3355 2448 3512 2511 aula;

2261 2539 2644 2603 .Eternumque
2676 2538 2758 2588 tui
2790 2538 2984 2589 statuit
3012 2537 3333 2589 monimenta
3365 2536 3591 2600 laberis,

2262 2628 2330 2679 Et
2363 2625 2488 2679 bene
2513 2628 2867 2693 promeritum
2898 2625 3105 2677 meritis
3132 2629 3362 2677 exornat
3391 2625 3654 2678 honestis.

2553 2713 2962 2767 UNDECIMUM
3021 2713 3390 2776 δίΕΩυιυΜ,

2406 2818 2642 2856 NIMIRUM
2682 2818 2749 2855 AB
2787 2817 2932 2854 ANNO
2976 2801 3112 2854 1000
3151 2817 3222 2854 AD
3263 2818 3334 2854 AN
3380 2801 3529 2853 H00.

2195 2893 2522 2962 Sigebertus
2598 2892 2913 2945 monachus
2970 2891 3414 2957 Gemblacencis,
3478 2889 3709 2944 ordinis
3770 2891 3822 2945 S.

2127 2979 2436 3043 Benedicti,
2472 2978 2572 3048 qui
2619 2978 2769 3032 inter
2821 2979 3122 3032 historicos
3167 2993 3280 3030 non
3325 2977 3596 3030 ultimum
3629 2977 3825 3031 locum

2056 3041 2096 3096 C‘
2126 3069 2299 3123 habet
2329 3071 2386 3122 in
2557 3068 2626 3121 de
2659 3064 3032 3138 scriptoribus
3071 3064 3389 3119 illustribus
3419 3080 3612 3134 opere,
3652 3065 3827 3118 dubi-

2128 3163 2210 3210 tat
2249 3173 2384 3210 num
2431 3157 2655 3210 Boetius
2699 3156 3094 3219 conferendus,
3143 3170 3214 3206 an
3261 3154 3655 3223 praeferendus
3692 3154 3825 3223 phi-

2126 3247 2380 3315 losophis
2439 3252 2494 3299 et
2545 3245 2913 3299 saecularibus
2969 3249 3023 3297 et
3089 3243 3498 3296 ecclesiasticis.
3571 3243 3824 3305 Boetius,

2127 3335 2315 3404 inquit
2345 3351 2465 3404 cap.
2501 3339 2587 3401 37,
2634 3337 2721 3387 vir
2750 3335 3051 3388 consularis
3095 3333 3472 3396 conferendas,
3501 3333 3582 3385 ret
3627 3333 3828 3400 praefe-

2124 3423 2325 3477 rendus
2351 3424 2690 3492 philosophis
2712 3429 2762 3476 et
2793 3423 3142 3477 saecularibus
3179 3429 3227 3474 et
3257 3423 3663 3484 ecclesiasticzs;
3699 3423 3830 3490 quia

2127 3527 2221 3565 nos
2266 3512 2546 3576 ambiguos
2595 3526 2706 3566 esse
2735 3514 2893 3578 facit,
2939 3527 3010 3564 an
3054 3512 3196 3564 inter
3238 3511 3540 3574 saeculares,
3584 3525 3657 3562 an
3692 3513 3833 3562 inter

2127 3601 2510 3655 ecclesiasticos
2541 3603 2826 3670 scriptores
2870 3602 3040 3666 fuerit
3083 3601 3387 3653 illustrior?
3417 3597 3669 3651 Laudent
3718 3613 3831 3652 eum

2127 3693 2426 3756 sxculares,
2475 3690 2619 3757 quod
2659 3693 2937 3757 Isagogas,
2987 3688 3131 3756 quod
3183 3689 3632 3752 Perihermenias,
3689 3687 3833 3755 quod

2129 3780 2437 3845 Categerias
2471 3780 2814 3832 transtulerit
2844 3778 2908 3831 de
2943 3779 3128 3832 Graeco
3174 3781 3230 3829 in
3261 3777 3536 3840 Latinum,
3573 3780 3626 3828 et
3656 3790 3830 3844 expo-

2129 3871 2329 3929 suerit;
2352 3869 2497 3936 qued
2522 3869 2717 3935 Topica
2743 3868 3008 3922 Ciceronis
3030 3867 3360 3934 exposuerit,
3385 3864 3528 3931 quod
3548 3865 3832 3932 Anteprx-

2131 3957 2455 4021 dicamenta,
2502 3956 2646 4024 quod
2685 3956 2824 4008 libro
2866 3955 2931 4008 de
2974 3957 3183 4022 Topicis
3231 3953 3586 4020 Differentiis,
3621 3952 3688 4006 de
3733 3955 3826 4008 Co-

2130 4047 2366 4112 gnitione
2394 4044 2693 4098 dialecticae
2718 4050 2767 4098 et
2796 4045 3098 4107 rhetoricae,
3129 4047 3179 4096 et
3210 4044 3572 4097 Distinctiene
3601 4041 3832 4095 rhetori-

2131 4149 2313 4187 corum
2339 4134 2592 4198 locorum,
2625 4133 2689 4185 de
2733 4134 3012 4187 Communi
3040 4131 3431 4186 Prxdicatione
3456 4134 3750 4199 potestatis
3781 4137 3828 4183 et

2131 4224 2540 4292 possibilitatis,
2571 4223 2635 4276 de
2663 4224 2989 4288 Categoricis
3015 4226 3065 4274 et
3087 4221 3456 4289 Hypotheticis
3481 4220 3826 4287 Syllogismis

330 4306 726 4361 chronicorum
758 4307 827 4359 ab
851 4306 1074 4376 origine
1105 4308 1305 4360 mundi
1332 4309 1400 4361 ad
1426 4324 1526 4361 sua
1549 4325 1730 4378 usque
1764 4313 2022 4379 tempora
2060 4342 2106 4398 Β
2134 4313 2295 4366 libros
2337 4316 2387 4365 et
2425 4313 2538 4364 alia
2584 4313 2756 4364 multa
2787 4313 3092 4380 scripserit,
3137 4309 3282 4378 quod
3325 4310 3752 4363 Arithmeticam
3781 4315 3828 4360 et

330 4397 671 4465 productum
734 4396 1078 4464 composuit,
1127 4398 1369 4466 loquens
1425 4398 1494 4450 de
1540 4398 1755 4450 Joanne
1796 4415 2022 4453 summo

330 4485 602 4555 pontiﬁce
635 4485 712 4538 ait
746 4502 757 4538 :
793 4487 921 4540 Cum
953 4486 1165 4538 rediens
1213 4489 1522 4541 Ravennam
1556 4488 1803 4552 venisset,
1857 4486 2023 4539 Theo—

331 4575 542 4628 dtricus
581 4590 699 4627 eum
733 4591 851 4628 eum
894 4577 1177 4630 comitibus
1226 4578 1426 4629 caeteris
1458 4578 1688 4629 carceris
1733 4579 2026 4643 afﬂictione

329 4666 574 4730 peremit,
617 4663 832 4716 invidia
874 4663 1090 4728 ductus,
1121 4667 1253 4732 quia
1292 4666 1564 4718 catholicae
1591 4669 1814 4734 pietatis
1847 4666 2027 4731 defen-

331 4764 421 4802 sor
449 4750 694 4803 Justinus
742 4765 861 4803 eum
904 4753 1188 4821 honoriﬁce
1237 4757 1577 4820 suscepisset.
1632 4755 1746 4817 Quo
1795 4760 2027 4822 tempore

333 4837 713 4904 Symmachum
745 4844 908 4906 atque
937 4843 1176 4894 Boetium
1211 4843 1516 4896 consulares
1544 4845 1686 4897 viros
1708 4859 1809 4911 pro
1848 4845 2027 4896 cathe-

336 4927 442 4982 lica
470 4929 670 4995 pietate
697 4927 840 4983 idem
875 4930 1234 4985 Theodericus
1259 4932 1471 4987 occidit.

1071 5023 1074 5026 ’
1151 5021 1216 5074 lI.

401 5103 733 5159 Anastasius
758 5107 1086 5176 apostolicae
1116 5107 1475 5164 bibliothecae
1506 5115 1694 5164 custos
1720 5113 1775 5162 et
1799 5109 2023 5164 instau-

331 5199 506 5260 rator,
542 5195 640 5264 qui
688 5202 992 5265 propterea
1035 5197 1244 5251 dicitur
1290 5198 1779 5265 Bibliothecarius,
1813 5199 1868 5252 in
1921 5216 2024 5254 sua

332 5286 672 5352 pontiﬁcum
687 5285 933 5339 Historia
947 5286 1013 5339 ad
1027 5287 1302 5339 Joannem
1320 5289 1339 5340 Ι
1365 5289 1485 5341 hac
1501 5288 1569 5341 de
1587 5289 1773 5342 Boetio
1789 5288 1983 5343 scribit
2006 5305 2017 5342 :

329 5377 551 5444 Eodem,
575 5377 780 5447 inquit,
805 5383 1056 5445 tempore,
1072 5392 1189 5429 cum
1213 5379 1270 5430 hi
1286 5382 1674 5447 suprasc-ripti,
1700 5379 1757 5432 id
1777 5384 1854 5432 est
1871 5395 2020 5447 papa

329 5467 556 5520 Joannes
579 5482 695 5520 cum
717 5467 1057 5521 sena-toribus
1084 5467 1354 5520 Theodoro
1378 5468 1681 5533 exconsule,
1708 5470 2019 5538 Importuno

328 5556 630 5624 exconsule,
662 5557 906 5626 Agapito
929 5557 1210 5610 excensule
1232 5557 1490 5626 (Agapito
1503 5560 1740 5626 patricio
1764 5557 2019 5624 defuncto

2135 4403 2396 4456 Musicam
2426 4401 2636 4454 Latinis
2667 4402 2964 4468 scripserit.
2998 4401 3106 4455 Nos
3152 4399 3498 4451 ecclesiastici
3538 4397 3830 4450 laudamus

2094 4555 2105 4564 _
2135 4506 2254 4544 eum
2282 4490 2425 4555 quod
2463 4490 2662 4543 librum
2710 4489 2778 4544 de
2815 4489 3016 4543 Sancta
3058 4489 3319 4542 Trinitate
3355 4488 3657 4554 scripserit,
3689 4485 3834 4553 quod

2134 4581 2422 4634 exsiliatus
2480 4595 2515 4632 a
2560 4578 2888 4632 Theoderico
2944 4577 3236 4631 Gothorum
3284 4581 3335 4630 et
3380 4576 3642 4630 Italorum
3685 4589 3829 4640 rege.

2132 4684 2232 4737 pro
2271 4683 2328 4721 eo
2377 4666 2520 4734 quod
2571 4670 2713 4721 tueri
2757 4666 2965 4720 volebat
3013 4666 3313 4720 libertatem
3365 4665 3617 4718 Romanae
3655 4663 3828 4719 urbis.

2133 4759 2356 4826 scripsit
2387 4757 2586 4810 librum
2620 4755 2685 4809 de
2720 4755 3090 4812 Consolatione
3126 4753 3498 4822 philosophiae.
3533 4754 3632 4806 Hic
3653 4751 3723 4805 ab
3755 4766 3831 4804 eo-

2134 4846 2255 4900 dem
2282 4861 2404 4912 rege
2437 4845 2760 4899 Theoderico
2792 4845 2995 4898 occisus
3023 4846 3120 4897 est.

2949 4932 3012 4985 Il.

2206 5021 2495 5076 Honorius
2549 5020 3086 5092 Augustodunensis
3128 5017 3390 5073 Ecclesiae
3431 5015 3734 5086 presbyter
3773 5015 3828 5068 in

2134 5112 2340 5166 Chron.
2379 5128 2391 5164 :
2430 5113 2667 5175 Boetius,
2713 5111 2811 5177 ait,
2843 5112 3108 5179 patricius
3146 5110 3230 5162 vel
3271 5107 3456 5162 consul
3490 5109 3717 5175 scripsit
3757 5107 3828 5160 li-

2135 5201 2289 5254 brum
2321 5201 2386 5254 de
2411 5201 2618 5254 Sancta
2652 5201 2933 5262 Trinitate,
2969 5203 3019 5252 et
3055 5199 3227 5251 alium
3259 5196 3325 5249 de
3354 5195 3747 5254 Consolatione,
3780 5201 3826 5245 et

2133 5290 2486 5360 quadrimum
2529 5289 2594 5342 de
2626 5290 2812 5343 erco
2844 5288 3149 5350 transtulit,
3191 5285 3251 5340 id
3275 5292 3353 5339 est
3383 5285 3822 5346 Arithmeticam,

2130 5381 2414 5443 Musicani,
2449 5378 2824 5443 Geonictriani,
2855 5377 3280 5431 Astronomiam.
3317 5374 3675 5428 Dialecticam
3706 5387 3825 5424 vero

2129 5469 2467 5536 explanavit.
2501 5467 2550 5520 A
2588 5465 2906 5520 Theoderico
2937 5464 3229 5521 Gothorum
3260 5479 3383 5531 rege
3420 5461 3724 5517 Mediolani
3743 5462 3824 5514 in-

2132 5559 2418 5627 terﬁcitur.
