3996 6170
530 444 984 498 DUODECIMUM
1024 443 1386 509 sacomam,

327 566 608 606 stulam:
655 566 732 605 AB
776 564 946 606 ANNO
994 552 1129 604 1100
1170 566 1248 605 AD
1294 565 1397 604 AN.
1450 552 1601 602 1200.

937 657 977 711 Ι.

200 767 422 820 Joannes
469 762 909 817 Saresheriensis
952 763 1182 816 natione
1226 763 1464 832 Anglus,
1503 761 1802 832 episcOpus

147 853 487 914 Carnotensis,
519 854 614 922 qui
649 853 796 905 inter
820 855 930 906 alia
959 869 1132 922 opera
1160 852 1384 921 scripsit.
1407 853 1802 906 Policraticum

145 945 239 996 sive
268 943 330 995 de
364 941 536 1008 Nugis
580 941 881 994 curialium
915 948 970 994 ct
1012 941 1272 1010 Vestigiis
1304 941 1800 1010 philosophorum,

145 1033 189 1084 in
229 1032 320 1083 hoc
367 1031 566 1083 eodem
612 1047 803 1100 opere,
857 1031 1000 1084 libro
1048 1031 1312 1098 septimo,
1349 1030 1532 1100 capite
1583 1030 1804 1083 decimo

145 1120 337 1190 quinto,
374 1119 526 1171 hunc
558 1120 739 1173 Boetii
772 1119 982 1172 librum
1015 1121 1084 1172 de
1118 1119 1516 1172 Consolatione
1549 1119 1802 1188 philoso-

145 1208 267 1277 phiae
300 1207 611 1275 plurimum
646 1209 1022 1262 commendat.
1060 1209 1118 1262 Si
1156 1207 1363 1277 inquit,
1397 1208 1531 1260 mihi
1560 1224 1666 1260 non
1697 1223 1805 1261 cre-

142 1297 226 1357 dis,
251 1295 382 1352 liber
409 1296 475 1348 de
508 1297 880 1350 Consolatione
903 1296 1260 1364 philosophia:
1289 1298 1602 1348 revolvatur
1627 1299 1804 1349 atten-

143 1390 247 1440 tius.
275 1389 320 1436 et
345 1386 576 1452 planum
609 1389 711 1438 erit
741 1385 850 1438 haec
888 1390 944 1438 in
975 1389 1308 1438 contrarium
1339 1385 1540 1438 cedere.
1575 1387 1644 1437 Et
1684 1386 1806 1438 licet

140 1474 252 1525 liber
303 1474 390 1526 ille
455 1473 687 1527 Verbum
733 1490 838 1526 non
893 1478 1166 1542 exprimat
1205 1478 1574 1533 incarnatum,
1625 1477 1805 1527 tamen

139 1563 264 1629 apud
289 1578 369 1614 eos
400 1566 496 1627 qui
537 1567 748 1615 ratione
788 1567 1061 1623 nituntur,
1094 1581 1200 1616 non
1234 1563 1517 1616 mediocris
1558 1564 1803 1615 auctori-

141 1655 247 1702 tatis
287 1655 389 1712 est;
421 1667 545 1703 cum
595 1651 669 1704 ad
711 1653 1115 1719 reprimendum
1166 1653 1454 1717 quemlibet
1485 1653 1807 1704 exulcerata

139 1745 301 1792 mentis
330 1740 588 1799 dolorem,
626 1757 866 1807 congrua
893 1744 1086 1805 cuique
1116 1741 1507 1793 medicamenta-
1534 1743 1799 1808 conﬁciat.

143 1831 226 1882 Nec
250 1829 464 1881 .ludaeus
497 1828 715 1892 quidem
766 1845 860 1881 nec
893 1829 1108 1882 Graecus
1147 1829 1247 1881 sub
1275 1832 1547 1896 praetextu
1576 1829 1805 1893 religio—

141 1921 207 1969 nis
237 1918 507 1970 medicina:
537 1917 765 1970 declinet
797 1933 975 1982 usum,
1011 1933 1130 1970 cum
1162 1918 1502 1985 sapientibus
1533 1921 1588 1970 in
1618 1917 1724 1985 ﬁde
1757 1922 1806 1968 rt

139 2010 182 2057 in
222 2007 444 2074 perﬁdia
491 2006 887 2074 desipientibus
931 2010 1008 2058 sic
1037 2006 1231 2059 uivida
1277 2009 1510 2058 rationis
1543 2007 1804 2071 confectio

138 2097 352 2162 proﬁciat
390 2097 708 2162 artiﬁciosa,
747 2099 806 2145 ut
848 2095 1003 2146 nulla
1051 2095 1240 2160 religio
1272 2094 1420 2162 quod
1463 2097 1646 2147 miscet
1676 2094 1804 2146 abo-

141 2186 309 2234 minari
341 2182 568 2247 audeat,
597 2186 705 2234 nisi
736 2187 859 2248 quis
889 2185 1119 2235 rationis
1151 2197 1342 2250 expers
1373 2187 1469 2235 est.
1504 2183 1631 2236 Sine
1659 2181 1807 2250 difﬁ-

143 2273 310 2323 cultate
326 2271 644 2338 profundus
667 2275 745 2325 est
771 2273 825 2324 in
846 2275 1146 2332 sententiis,
1174 2275 1230 2324 in
1248 2271 1424 2323 verbis
1449 2275 1564 2324 sine
1591 2272 1806 2324 levitate

143 2364 447 2427 conspicuus,
484 2364 674 2413 orator
705 2361 1004 2420 uehemens,
1036 2363 1234 2429 efﬁcax
1264 2361 1682 2413 demonstrator.
1718 2359 1808 2412 Ad

144 2448 188 2500 id
212 2448 340 2512 quod
359 2448 702 2514 sequendum
731 2453 828 2515 est,
863 2466 1006 2503 nunc
1035 2449 1353 2517 prolabitur
1379 2449 1635 2512 suadens,
1664 2463 1806 2501 nunc

145 2541 271 2600 quasi
292 2539 508 2591 stimulo
541 2541 879 2591 necessitatis
910 2539 1210 2605 impellens.

926 2645 992 2698 II.

199 2749 320 2803 Huic
348 2750 478 2804 addi
511 2755 704 2820 potest
734 2754 934 2804 auctor
966 2751 1096 2805 libri
1126 2751 1194 2805 de
1228 2751 1440 2822 Spiritu
1481 2755 1536 2804 et
1577 2750 1805 2816 Anima,

146 2839 222 2907 qui
249 2839 388 2893 inter
415 2856 598 2909 opera
631 2839 685 2893 S.
718 2840 1025 2910 Augustini
1061 2840 1304 2894 refertur
1333 2857 1344 2894 :
1377 2841 1424 2894 si
1455 2844 1645 2893 tamen
1677 2855 1810 2892 vera

146 2932 208 2979 est
246 2929 567 2998 conjectura
604 2929 888 2983 Vincentii
917 2929 977 2983 in
1023 2930 1264 2999 Speculo
1292 2929 1590 2996 historiali,
1624 2934 1679 2982 et
1708 2928 1806 2982 ab-

147 3013 260 3067 batis
303 3016 626 3082 Trithemii,
679 3016 778 3087 qui
831 3023 1101 3095 asserunt.
1137 3019 1289 3071 hunc
1345 3023 1637 3071 auctorem
1686 3032 1806 3071 esse

149 3104 406 3173 Hugouem
436 3123 470 3158 a
503 3110 702 3160 sancto
733 3107 976 3174 Victore,
1009 3106 1222 3177 quippe
1251 3107 1348 3178 qui
1378 3107 1619 3161 ﬂorebat
1657 3122 1807 3158 anno

149 3191 314 3247 Christi
349 3197 481 3249 1130
522 3211 535 3248 :
570 3195 664 3248 hic
707 3196 861 3248 enim
906 3203 1124 3262 auctor,
1159 3196 1418 3266 quisquis
1451 3196 1542 3262 sit,
1579 3212 1694 3248 non
1725 3211 1809 3248 so—

149 3281 238 3333 lum
263 3283 406 3336 ducit
437 3284 654 3337 honori
685 3284 895 3339 referre
935 3284 1311 3353 cogitationes
1341 3291 1397 3337 et
1425 3284 1594 3338 verba
1627 3283 1805 3336 Boetii

149 3370 294 3438 capite
323 3373 630 3426 undecimo
658 3373 850 3427 dicens
881 3376 1067 3428 :Mens
1100 3389 1244 3427 nunc
1274 3376 1439 3442 caput
1464 3377 1689 3427 summis
1721 3377 1804 3425 in-

146 3464 264 3522 serit,
294 3477 430 3514 nunc
462 3462 672 3515 desidit
702 3467 758 3516 in
789 3467 995 3531 infima,
1033 3467 1089 3515 et
1131 3467 1336 3515 caetera
1366 3478 1494 3531 quas
1525 3462 1809 3515 habentur

149 3555 294 3600 metro
333 3550 364 3602 4
396 3550 531 3602 libri
566 3550 752 3620 quinti
803 3551 1228 3605 Consolationis
1270 3550 1680 3620 philosophiae;
1709 3550 1806 3604 sed

147 3637 295 3704 capite
323 3638 620 3709 trigesimo
662 3640 906 3709 septimo
955 3639 1211 3710 ejusdem
1262 3639 1440 3692 Boetii
1473 3639 1807 3692 auctoritate

144 3723 328 3779 utitur:
377 3729 624 3790 Boetius,
673 3727 861 3798 inquit
901 3730 1033 3782 dicit
1074 3730 1474 3795 intelligenlam
1499 3729 1668 3783 solius
1711 3731 1809 3782 Dei

145 3826 231 3866 esse
255 3816 544 3870 admodum
567 3832 871 3884 paucorum
904 3818 1201 3872 hominum.

419 3939 739 3994 DECIMUM
779 3940 1083 3995 TERTIUM
1125 3942 1492 4006 SAL'CULUM,

314 4061 611 4101 NIMIRUM
665 4062 738 4100 AB
785 4062 953 4102 ANNO
1002 4051 1134 4102 1200
1180 4066 1256 4103 AD
1305 4067 1405 4104 AN.
1451 4052 1606 4104 1300.

200 4167 413 4223 Sanctus
444 4171 701 4224 Thomas
734 4172 891 4224 omni
927 4180 1114 4226 nostra
1166 4174 1570 4244 praedicatione
1601 4176 1805 4244 major,

150 4256 324 4310 mirum
348 4259 404 4312 in
429 4261 672 4314 modum
701 4265 1068 4316 commendat
1098 4265 1300 4316 merita
1325 4265 1524 4330 Boetii,
1550 4281 1667 4317 non
1687 4265 1808 4334 qui-

147 4342 246 4396 dem
275 4349 380 4400 suis
408 4349 466 4402 in
499 4349 678 4402 libros
701 4349 766 4402 de
791 4351 1192 4404 Consolatione
1224 4352 1616 4423 philosophica
1658 4370 1807 4406 com-

147 4436 400 4489 mentariis
434 4453 445 4491 :
482 4437 773 4507 siquidem
816 4439 958 4506 haec,
999 4445 1064 4494 ut
1105 4441 1491 4509 probavimus,
1535 4457 1808 4512 germana

147 4533 237 4573 non
275 4530 399 4578 sunt
432 4527 618 4581 sancti
662 4528 894 4581 Thomas
943 4546 1139 4599 opera,
1172 4533 1265 4585 sed
1317 4548 1419 4584 sua
1462 4533 1652 4598 potius
1698 4531 1811 4583 fre-

149 4612 310 4675 quenti
332 4613 501 4682 hujus
521 4617 768 4667 auctoris
787 4617 1136 4684 laudatione,
1155 4635 1266 4687 qua
1290 4619 1547 4671 Boetium
1574 4635 1809 4687 aequalis

149 4701 348 4753 summis
382 4703 644 4756 Ecclesiae
677 4703 1023 4771 doctoribus,
1050 4707 1304 4776 ejusdem
1337 4706 1670 4760 auctoritate
1704 4705 1810 4760 uti-

147 4788 221 4836 tur
245 4789 304 4841 ad
336 4789 654 4844 faciendam
688 4793 880 4847 ﬁdem.
916 4795 1006 4848 Sic
1043 4799 1058 4847 1
1098 4811 1155 4864 p.
1188 4811 1244 4863 q,
1283 4798 1368 4863 10,
1401 4812 1449 4849 a.
1494 4799 1538 4862 1,
1573 4795 1809 4848 aeterni-

149 4874 254 4926 tatis
282 4877 698 4946 deﬁnitionem,
730 4898 902 4951 quam
935 4884 1057 4953 ipse
1088 4885 1223 4937 dicit
1253 4900 1285 4936 a
1313 4884 1503 4938 Boetio
1536 4884 1804 4953 positam,

147 4967 332 5019 ceteris
355 4969 718 5038 posthabitis,
753 4972 1135 5041 particulatim
1165 4973 1409 5042 explicat
1442 4989 1454 5026 :
1485 4975 1802 5040 Eternitas,

147 5048 322 5120 inquit,
366 5061 444 5111 est
476 5061 903 5115 interminabilis
949 5066 1074 5116 vita:
1119 5066 1232 5116 tota
1278 5064 1440 5116 simul
1482 5067 1532 5114 et
1557 5064 1806 5130 perfecta

143 5148 391 5210 possessio,
421 5152 482 5200 ut
510 5147 746 5203 habetur
773 5166 804 5201 ν
834 5151 899 5204 de
931 5151 1164 5217 Consol.,
1195 5165 1361 5218 prosa
1394 5152 1446 5216 2,
1480 5155 1624 5203 circa
1649 5155 1806 5218 prin-

147 5232 332 5294 cipium.
363 5235 452 5290 Sic
498 5254 552 5308 q.
589 5240 658 5292 29
692 5239 948 5308 ejusdem
997 5239 1176 5309 partis
1223 5239 1285 5292 in
1317 5244 1657 5309 argumento
1699 5239 1805 5293 Sed

148 5324 324 5387 contra,
353 5325 517 5379 altert
555 5343 816 5395 personas
865 5328 1262 5382 deﬁnitionem
1307 5344 1482 5398 quam
1516 5327 1653 5380 dicit
1682 5342 1803 5381 esse

150 5403 297 5461 Boetii
325 5411 422 5464 lib.
455 5413 524 5466 de
567 5414 747 5468 Duab.
788 5416 936 5481 Nat,
980 5415 1242 5486 hancque
1283 5416 1669 5486 particulatim
1702 5429 1801 5469 ex-

151 5495 310 5558 ponit:
339 5501 592 5565 Persona,
617 5503 825 5574 inquit,
851 5509 928 5558 est
949 5507 1242 5560 rationalis
1263 5509 1478 5559 natura;
1509 5505 1802 5558 individua

148 5581 442 5643 substantia.
473 5590 538 5644 Et
564 5591 643 5646 sic
673 5593 744 5647 de
776 5593 1014 5649 caeteris.
1471 5591 1474 5596 ’

781 313 846 364 lN
889 309 1136 366 LIBROS
1178 312 1268 365 DE
1312 310 1840 366 CONSOLA'l‘lONE
1881 309 2358 363 PHILOSOPHIAC
2399 309 2943 363 PROLICGOMENA.

3503 311 3603 361 570

1839 443 1884 494 Λ
2219 443 2527 496 DECIMUM
2570 441 2906 504 QUARTUM
2945 441 3305 508 SIECULUM,

2123 545 2413 585 NIMIRUM
2461 547 2538 586 ΑΒ
2585 545 2754 585 ANNO
2805 532 2934 583 1300
2979 545 3056 584 AD
3103 545 3203 592 Au.
3252 531 3405 584 1400.

2736 620 2776 671 Ι.

1989 708 2284 779 Philippus
2318 708 2574 774 Pulcher,
2602 709 2950 762 Francorum
2975 723 3091 774 rex,
3115 711 3178 760 ut
3204 707 3378 761 refert
3408 710 3605 761 Petrus

1915 797 2132 850 Bertius
2169 796 2500 866 praefatione
2543 797 2600 850 in
2640 797 2814 849 libros
2849 795 3026 850 Boetii
3076 796 3144 849 de
3177 796 3428 860 Consol.,
3462 800 3606 848 tanti

1912 886 2043 939 fecit
2074 887 2177 938 hos
2209 885 2627 939 Consolationis
2653 885 3064 954 philosophicas
3086 885 3283 951 libros,
3317 891 3382 938 ut
3409 901 3607 956 quam-

1913 975 1993 1027 vis
2026 974 2144 1044 ipse
2193 975 2386 1028 Latine
2422 975 2784 1044 intelligeret,
2821 980 3010 1027 tamen
3062 990 3165 1043 pro
3197 974 3474 1028 beneﬁcio
3507 974 3602 1027 ha-

1913 1063 2117 1124 buerit,
2141 1063 2290 1132 quod
2324 1062 2431 1132 ipsi
2457 1063 2703 1116 Joannes
2730 1063 3147 1134 Magdunensis,
3172 1067 3363 1132 poeta,
3389 1069 3451 1116 ut
3470 1068 3608 1117 tunc

1913 1151 2169 1205 ferebant
2202 1157 2479 1220 tempora,
2512 1152 2768 1204 eruditus
2813 1168 2910 1204 eos
2943 1151 3150 1205 Gallice
3184 1168 3215 1204 a
3263 1168 3320 1203 se
3351 1152 3606 1206 redditos

1913 1239 2290 1309 inscripsisset
2327 1257 2338 1293 :
2375 1244 2695 1292 asservatur
2726 1241 2845 1309 ejus
2879 1240 3068 1309 operis
3099 1240 3392 1308 exemplar
3426 1241 3608 1294 adhuc

1914 1328 2083 1383 hodie
2117 1328 2349 1382 Lutetia:
2383 1329 2436 1382 in
2464 1327 2804 1381 bibliotheca
2837 1327 3406 1399 Augustinianorum.

2729 1419 2797 1469 ll.

1986 1506 2258 1561 Maximus
2313 1506 2610 1570 Planudes,
2666 1505 2980 1558 monachus
3022 1503 3606 1573 Constantinopolita-

1915 1613 2043 1663 nus,
2076 1595 2214 1648 nihil
2252 1599 2509 1648 moratus
2541 1595 2845 1664 superbam
2879 1594 3202 1647 Graecorum
3245 1593 3609 1647 consuetudi-

1847 1722 1884 1774 Β
1916 1702 2065 1740 nem.
2110 1685 2208 1754 qui
2244 1684 2469 1738 Latinos
2523 1683 2697 1737 libros
2746 1685 2936 1736 Graece
2971 1683 3211 1736 reddere
3257 1699 3372 1735 non
3406 1683 3607 1748 solent,

1913 1773 2057 1827 tanti
2080 1773 2278 1827 habuit
2300 1773 2476 1826 libros
2497 1772 2669 1825 Boetii
2698 1771 2765 1823 de
2788 1771 3189 1825 Consolatione
3206 1770 3608 1841 philosophiae,

1914 1864 2044 1917 illos
2075 1868 2133 1915 ut
2180 1863 2370 1916 Graeco
2415 1878 2677 1915 sermone
2718 1861 2891 1914 fuerit
2938 1861 3366 1931 interpretatus.
3401 1862 3468 1914 Et
3505 1861 3613 1914 hoc

1914 1952 2205 2022 exemplar
2235 1957 2492 2003 servatur
2522 1951 2577 2003 in
2611 1950 2958 2003 bibliotheca
2988 1949 3158 2018 regis.

2225 2041 2532 2096 DECIMUM
2574 2039 2890 2102 QUINTUM
2932 2038 3298 2106 SIECULUM,

2121 2145 2416 2184 Niuinuu
2465 2145 2540 2182 ΑΒ
2589 2143 2757 2182 ANNO
2807 2128 2938 2180 1400
2982 2143 3060 2180 AD
3107 2143 3208 2181 AN.
3259 2129 3412 2181 1500.

2747 2218 2785 2270 l.

1986 2307 2323 2362 Laurentius
2355 2307 2528 2372 Valla,
2564 2305 2836 2375 patricius
2880 2306 3192 2372 Romanus,
3219 2303 3304 2356 vir
3330 2303 3451 2373 ipse
3482 2319 3609 2356 eru-

1915 2396 2250 2462 ditissimus,
2276 2411 2391 2448 non
2417 2396 2586 2448 modo
2612 2394 2692 2447 ait
2713 2394 2969 2448 Boetium
2993 2391 3190 2447 Latine
3212 2393 3391 2463 loqui,
3417 2408 3614 2462 quem-

1915 2486 2227 2539 admodum
2288 2485 2461 2538 refert
2519 2483 2699 2536 Julius
2756 2483 3025 2552 Scaliger,
3087 2498 3285 2535 verum
3343 2481 3609 2535 eumdem

1917 2574 2178 2628 Boetium
2228 2577 2390 2626 vocat
2437 2572 2790 2626 eruditorum
2837 2572 3127 2639 ultimum,
3176 2571 3512 2641 praefatione
3555 2571 3610 2623 in

1915 2663 2093 2716 libros
2134 2678 2266 2715 suos
2308 2661 2658 2715 Dialecticos.
2695 2664 2819 2722 Nec,
2852 2661 3060 2730 inquit,
3088 2662 3250 2715 aliter
3296 2664 3461 2714 sentit
3489 2675 3610 2712 eru-

1918 2753 2156 2806 ditorum
2188 2753 2412 2806 ultimus
2445 2753 2682 2816 Boetius,
2713 2755 2911 2817 magis,
2949 2754 3011 2803 ut
3042 2751 3176 2803 mihi
3203 2751 3441 2815 videtur,
3481 2752 3610 2803 Pla-

1919 2846 2128 2894 tonicus
2160 2857 2323 2906 quam
2357 2841 2741 2893 Aristotelicus
2765 2856 2785 2892 :
2812 2854 2944 2903 quos
2972 2843 3218 2892 auctores
3235 2854 3439 2907 parum
3471 2840 3615 2892 inter

1917 2947 1972 2986 se
2002 2931 2209 2984 distare
2241 2929 2526 2983 docturum
2557 2943 2612 2981 se
2637 2927 2872 2992 quodam
2905 2929 3014 2984 loco
3043 2929 3315 2996 promisit.

2736 3015 2798 3068 ιι.
3089 3075 3098 3081 ,

1986 3107 2224 3162 Sanctus
2271 3103 2553 3158 Antonius
2587 3102 3046 3172 archiepiscopus
3089 3100 3469 3165 Florentinus,
3513 3114 3611 3151 or-

1916 3195 2065 3249 dinis
2092 3193 2540 3248 Przedicatorum
2574 3196 2607 3245 2
2629 3196 2790 3262 parte
2825 3191 3059 3257 Histor.,
3091 3190 3242 3243 titul.
3283 3192 3364 3254 11,
3399 3205 3521 3258 cap.
3555 3190 3610 3254 2,

1915 3287 1941 3351 §
1974 3285 2026 3344 4,
2064 3283 2132 3337 de
2177 3282 2374 3338 Boetio
2420 3280 3002 3336 honoriﬁcentissime
3035 3278 3278 3348 scripsit.
3314 3278 3476 3340 Cum,
3520 3278 3612 3330 in-

1915 3373 2057 3444 quit,
2095 3373 2456 3427 Theodoricus
2487 3387 2586 3424 rea:
2616 3370 2911 3425 Gothorum
2936 3369 3327 3436 rempublicam
3357 3371 3416 3420 in
3449 3367 3613 3420 Italia

1913 3465 2242 3532 opprimeret
2267 3461 2596 3529 temporibus
2615 3459 2922 3528 prioribus,
2955 3459 3169 3511 Boetius
3189 3460 3408 3510 senator
3425 3457 3613 3509 claris-

1917 3554 2112 3619 simus,
2139 3557 2200 3604 ut
2229 3552 2383 3616 infra
2414 3550 2625 3602 dicetur
2645 3549 2711 3600 de
2739 3549 3015 3616 sapientia
3045 3547 3184 3614 ejus,
3207 3549 3418 3599 amator
3440 3549 3616 3613 reipu-

1917 3641 2064 3694 blicae
2095 3645 2152 3692 in
2181 3641 2370 3693 multis
2396 3642 2512 3706 regi
2551 3654 2606 3691 se
2645 3653 2745 3706 pro
2777 3637 3005 3704 justitia
3033 3635 3357 3704 opponebat,
3389 3649 3616 3698 cumque

1916 3734 1966 3782 et
1989 3733 2216 3796 propter
2239 3733 2451 3795 generis
2483 3727 2820 3780 nobilitatem
2847 3730 2896 3777 et
2927 3727 3289 3790 eloquentiam
3319 3724 3472 3792 apud
3501 3739 3610 3776 om-

1915 3833 2010 3871 nes
2041 3817 2106 3870 de
2138 3833 2196 3870 eo
2219 3832 2420 3883 magna
2455 3820 2591 3868 esset
2620 3817 2822 3883 opinio,
2857 3819 3018 3868 etiam
3049 3815 3116 3866 ab
3148 3818 3265 3882 ipso
3293 3829 3418 3879 rege
3460 3815 3613 3865 time-

1917 3908 2082 3960 batur
2099 3922 2117 3958 :
2139 3921 2308 3969 quare
2329 3909 2390 3956 ut
2412 3905 2655 3957 creditur
2674 3904 2989 3956 subornatis
3011 3902 3339 3968 quibusdam
3360 3905 3420 3954 ut
3436 3905 3613 3969 ipsum

1915 3997 2140 4049 crimine
2168 3995 2306 4047 lmsze
2327 3992 2634 4058 majestatis
2668 3995 3006 4052 accusarent,
3041 3991 3304 4044 dixerunt
3329 3990 3476 4054 quod
3498 3993 3615 4056 ipse

1909 4083 2139 4154 prodita
2167 4082 2385 4135 civitate
2415 4082 2657 4134 Romana
2687 4080 3048 4134 Anastasium
3073 4083 3378 4148 principem
3408 4082 3466 4130 in
3495 4078 3615 4128 Ita-

1918 4174 2046 4225 liam
2093 4173 2425 4230 evocaverat,
2475 4172 2536 4222 ut
2582 4167 2970 4236 rempublicam
3001 4167 3066 4219 de
3093 4182 3262 4219 manu
3301 4163 3616 4217 Theodorici

1920 4262 2221 4314 liberaret:
2274 4258 2621 4324 quamobrem
2679 4261 2901 4326 sumpta
2944 4259 3221 4309 occasione
3265 4256 3448 4322 ipsum
3493 4266 3616 4304 cum

1919 4349 2247 4416 quibusdam
2275 4349 2400 4400 aliis
2427 4349 2683 4400 Romanis
2703 4344 2975 4398 nobilibus
3000 4344 3151 4412 apud
3174 4345 3395 4411 Papiam
3423 4341 3614 4394 emsilio

1922 4441 2204 4506 relegavit,
2239 4438 2333 4490 ubi
2357 4441 2416 4490 in
2448 4451 2661 4490 carcere
2685 4438 2900 4504 positus
2935 4434 3133 4487 librum
3163 4432 3227 4485 de
3250 4429 3613 4499 philosophiz

1921 4528 2295 4582 Consolatione
2323 4529 2544 4594 scripsit
2575 4541 2585 4577 :
2621 4525 2713 4577 ubi
2749 4524 2960 4576 demum
2980 4522 3047 4574 ab
3079 4536 3135 4572 eo
3159 4523 3504 4587 interﬁcitur.

1995 4617 2055 4668 Et
2086 4615 2271 4683 capite
2329 4618 2410 4676 15,
2441 4615 2621 4667 citans
2668 4611 3028 4680 Sigebertum
3060 4625 3072 4662 :
3107 4611 3183 4662 Eo
3226 4613 3478 4676 tempore,
3520 4605 3617 4659 in-

1919 4703 2062 4774 quit,
2128 4703 2481 4770 Symmachus
2533 4705 2807 4771 patricius
2871 4698 3262 4767 rempublicam
3318 4699 3616 4750 Romanam

1916 4794 2237 4853 illustravit,
2270 4796 2321 4845 et
2350 4807 2469 4844 cum
2499 4806 2555 4843 eo
2584 4804 2750 4855 gener
2776 4788 2893 4855 ejus
2923 4789 3141 4840 Boetius
3176 4788 3263 4840 vir
3287 4786 3612 4849 consularis,

1917 4883 2240 4949 conspicuus
2258 4885 2316 4933 in
2336 4884 2569 4944 utraque
2591 4880 2803 4944 lingua,
2829 4877 3132 4930 eruditione
3151 4879 3388 4930 omnium
3410 4878 3616 4928 artium

1918 4971 2248 5036 liberalium,
2279 4983 2415 5034 quas
2439 4983 2578 5036 pene
2602 4981 2784 5020 omnes
2812 4981 2838 5019 e
2867 4965 3046 5021 Graeco
3071 4970 3128 5019 in
3154 4967 3414 5020 Latinum
3437 4969 3615 5018 trans-

1917 5061 2045 5113 tulit
2074 5060 2370 5124 eloquium.

1847 3002 1887 3057 C

1845 4303 1887 4356 D

2712 5146 2806 5198 Ill.

1982 5235 2221 5291 lacubus
2276 5233 2574 5303 Philippus
2627 5233 3022 5301 Bergomensis
3074 5232 3291 5286 ordinis
3329 5229 3610 5284 Eremita-

1912 5340 2042 5379 rum
2065 5325 2119 5378 S.
2153 5322 2459 5392 Augustini
2489 5321 2548 5376 in
2581 5323 2861 5391 supplem.
2893 5322 3156 5375 Chronic.
3189 5320 3260 5373 ad
3283 5335 3414 5371 anu.
3451 5317 3611 5372 Chri-

1912 5415 1986 5468 sti
2035 5415 2154 5466 500.
2206 5414 2447 5476 Boetius,
2497 5410 2703 5479 inquit,
2756 5411 2979 5464 Anitius
3025 5409 3289 5463 Manilius
3320 5408 3613 5461 Severinus

1913 5503 2414 5558 Christianissimus
2453 5504 2539 5554 uir
2569 5504 2619 5552 et
2663 5501 2938 5554 consulari
2979 5499 3249 5564 dignitate
3288 5500 3609 5564 insignitus,

1905 5596 2176 5661 pactaque
2231 5605 2294 5644 ac
2334 5589 2694 5659 philosophus
2744 5588 3139 5652 celeber-rimus,
3194 5585 3614 5655 Symmachique
