3972 6172
319 295 413 344 571
1629 292 1738 344 AN.
1784 291 1991 345 MANL.
2031 291 2175 346 SEV.
2223 291 2535 346 BOETIUS.
3713 297 3806 349 572

309 433 538 498 patricii
565 445 730 496 gener
751 429 937 482 iisdem
969 429 1298 497 temporibus
1319 431 1497 482 Romae
1523 430 1858 482 clarissimus
1879 431 2015 494 fuit.
2055 430 2096 483 A
2129 427 2334 495 doctus,
2371 432 2420 481 et
2451 432 2507 481 in
2536 429 2889 482 saecularibus
2930 429 3126 482 litteris
3171 434 3414 483 omnium
3443 445 3540 484 suo
3582 436 3808 499 tempore

315 521 473 572 Hunc
524 519 748 584 quidam
807 520 1092 571 Manilium
1134 521 1345 576 vocant,
1399 534 1454 571 eo
1500 518 1646 583 quod
1701 534 1731 569 a
1784 519 2006 572 Manilio

321 610 590 674 Torquato
623 611 887 674 originem
917 608 1141 662 dumisse
1187 607 1430 660 tradant.
1465 607 1569 672 Qui
1616 622 1735 660 cum
1765 622 1888 660 vere
1918 622 2007 660 ea-

318 697 545 752 tholicus
575 701 729 759 esset,
762 712 857 750 nec
897 696 1125 750 Arianis
1165 700 1327 749 etiam
1369 711 1610 764 persaepe
1657 700 1880 762 rogatus
1910 695 2006 748 ob-

317 792 615 855 temperare
661 787 836 852 vellet,
872 791 921 838 et
969 790 1084 854 ipse
1122 803 1156 839 a
1208 786 1529 839 Theoderico
1572 801 1694 852 rege
1731 786 1830 838 sub
1860 786 2006 838 vela-

314 881 491 932 mento
550 876 816 944 affectata
867 876 1134 929 libertatis
1177 880 1303 944 post
1345 891 1585 928 socerum
1627 890 1787 927 suum
1836 877 2010 928 Ticini

316 967 570 1020 exsulare
589 965 838 1032 jubetur,
873 968 923 1017 et
946 964 1292 1032 postmodum
1325 964 1718 1029 instigantibus
1745 963 2009 1017 haereticis

309 1058 572 1124 perpetuo
602 1057 805 1106 carceri
837 1053 1131 1105 damnatur
1159 1070 1174 1105 :
1210 1057 1266 1105 in
1297 1068 1407 1116 qua
1450 1052 1667 1116 quidem
1698 1054 2010 1106 calamitate

314 1146 643 1197 constitutus
673 1143 746 1196 ad
790 1143 1143 1194 recreandum
1174 1145 1416 1194 animum
1447 1157 1626 1205 suum,
1655 1157 1770 1194 cum
1805 1145 1862 1193 in
1892 1157 2010 1194 ma-

316 1232 620 1285 thematicis
646 1232 989 1283 doctissimus
1018 1235 1172 1289 esset,
1207 1231 1530 1282 chiterinum
1561 1246 1586 1282 e
1607 1246 1769 1283 nervo
1792 1234 2010 1297 primus

313 1324 639 1386 emcogitavit
670 1324 718 1373 et
765 1320 985 1384 excidit,
1023 1319 1168 1384 quod
1201 1319 1416 1384 quidem
1456 1320 1728 1373 modernis
1763 1323 2012 1388 tempori-

316 1411 435 1477 bus,
459 1414 678 1462 musicis
708 1409 908 1462 celebre
938 1408 1629 1461 instrumentumhabetur.
1655 1409 1859 1460 Ibidem
1880 1425 2010 1472 quo-

313 1514 416 1562 que
464 1500 790 1550 constitutus
825 1496 898 1549 ad
936 1497 1231 1550 multorum
1260 1497 1553 1549 utilitatem
1585 1497 2008 1564 praclarissima

315 1591 482 1652 atque
515 1586 934 1638 innumerabilia
966 1587 1128 1650 quasi
1157 1585 1330 1638 edidit
1373 1586 1653 1653 opuscula,
1697 1591 1746 1637 et
1777 1601 1895 1650 quae
1935 1585 2010 1637 ad

314 1691 509 1730 manus
541 1676 796 1728 devenere
837 1676 944 1728 haec
985 1679 1108 1744 ipsa
1150 1679 1295 1727 sunt.
1338 1674 1404 1726 Et
1435 1678 1632 1743 postea
1663 1689 1676 1726 ε
1711 1676 1869 1727 Hunc
1907 1674 2006 1725 de-
2044 1712 2091 1765 Α

314 1770 479 1830 nique
506 1769 686 1817 virum
715 1767 979 1832 optimim
1009 1768 1059 1816 et
1088 1768 1337 1816 sanctum.
1372 1763 1731 1816 Theodericus
1761 1777 1858 1814 res:
1887 1777 2006 1814 cum

313 1858 370 1907 in
395 1857 718 1906 sententiam
741 1853 896 1906 suam
926 1854 1142 1905 omnino
1163 1853 1304 1919 flecti
1326 1868 1430 1904 non
1451 1856 1650 1920 posset,
1675 1852 2010 1904 Arianorum

313 1943 465 1996 rabie
493 1946 812 2008 concitatus,
849 1947 978 2009 post
1026 1943 1243 2008 longum
1287 1945 1518 1992 carceris
1558 1941 1882 2006 squalorem,
1913 1943 2010 1992 im-

307 2035 538 2100 perante
570 2033 784 2084 Justino
827 2033 1036 2083 seniore
1082 2029 1358 2095 Augusto,
1391 2044 1533 2081 anno
1564 2030 1766 2081 scilicet
1795 2030 2010 2080 Domini

313 2123 486 2172 nostri
530 2121 632 2172 520
663 2119 816 2187 apud
844 2121 1072 2186 Papiam
1108 2134 1211 2184 pro
1242 2117 1507 2185 catholica
1543 2116 1649 2186 ﬁde
1687 2117 1855 2169 occidi
1876 2116 2007 2183 jus-

310 2212 383 2262 sit
408 2225 425 2262 :
453 2208 611 2275 cujus
634 2223 832 2276 corpus
856 2207 1054 2260 ibidem
1073 2210 1129 2260 in
1147 2207 1261 2259 divi
1280 2207 1588 2272 Augustini
1615 2207 1809 2274 templo
1831 2205 2010 2258 adhuc

311 2297 544 2350 habetur
572 2296 873 2349 conditum.
907 2298 980 2349 Et
1002 2300 1132 2349 sunt
1171 2299 1265 2360 qui
1310 2295 1494 2348 dicant
1524 2311 1645 2347 eum
1676 2300 1733 2347 in
1764 2295 2010 2360 catalogo

310 2389 623 2438 sanctorum
655 2400 770 2437 eam
799 2385 863 2437 ob
908 2400 1020 2437 rem
1059 2386 1234 2450 fuisse
1263 2385 1519 2448 relatum,
1565 2388 1616 2436 et
1644 2387 1892 2436 sanctum
1922 2384 2011 2437 Se-

313 2479 558 2528 verinum
587 2475 903 2526 vocitatum.

1117 2561 1209 2614 IV.

384 2651 718 2708 Hermolaus
761 2650 1059 2716 Barbarus,
1107 2648 1381 2719 patricius
1417 2650 1682 2714 Venetus,
1721 2648 2009 2718 archiepi-

312 2758 517 2812 scopus
545 2746 600 2794 et
628 2740 950 2811 patriarcha
983 2739 1425 2810 Aquilegiensis,
1450 2738 1510 2791 in
1542 2755 1642 2790 sua
1672 2737 2008 2808 praefatione

312 2848 484 2903 quam
516 2830 733 2896 habuit,
767 2845 893 2883 cum
924 2829 1103 2882 libros
1128 2827 1451 2882 Aristotelis
1493 2827 1647 2880 domi
1669 2827 1839 2896 coepit
1867 2842 2009 2896 pra:—

312 2923 517 2991 legere.
552 2920 675 2987 Qui,
709 2918 919 2990 inquit,
950 2923 1172 2986 putant,
1198 2919 1340 2971 hunc
1361 2918 1574 2971 aditum.
1591 2921 1782 2985 pate-re
1806 2918 2009 2970 nemini

2119 517 2543 577 eruditissimus,
2578 532 2742 581 gener
2776 518 3087 585 Symmachi
3111 521 3486 586 patricii/“uit.
3516 521 3616 572 Vir
3633 521 3808 573 Graeco

2117 611 2167 659 et
2221 607 2415 659 Latino
2469 609 2832 675 copiosissime
2883 606 3124 660 imbutus
3184 609 3416 672 eloquio,
3468 612 3673 677 quippe
3724 613 3813 673 qui

2116 697 2291 748 multa
2322 697 2600 749 volumina
2631 699 2741 748 tam
2780 695 3094 750 Aristotelis
3126 713 3291 762 quam
3320 699 3556 750 aliorum
3579 697 3814 766 philoso-

2110 779 2345 854 phorum
2377 786 2441 838 de
2462 785 2649 838 Attica
2672 786 2860 852 lingua
2884 788 3231 840 transtulerit
3256 791 3315 838 in
3341 787 3637 839 Latinam:
3667 791 3814 853 inge-

2118 877 2207 926 nio
2237 874 2472 940 subtilis,
2506 889 2668 927 sensu
2693 879 3008 942 promptus,
3034 879 3198 939 atque
3223 874 3552 936 catholicus;
3573 892 3818 929 sermone

2117 979 2211 1015 nec
2243 964 2420 1016 Tullio
2451 964 2700 1028 inferior.
2737 979 2892 1026 quem
2926 967 3103 1016 sancti
3134 965 3410 1017 Benedicti
3436 969 3650 1017 constat
3679 970 3815 1017 ami-

2117 1055 2301 1104 citiam
2351 1051 2619 1110 habuisse,
2672 1056 2722 1104 et
2773 1054 2831 1104 in
2878 1055 3057 1104 monte
3102 1053 3323 1108 Cassino
3379 1068 3502 1106 eum
3556 1054 3818 1107 Tertullio

2116 1140 2325 1193 Placidi
2355 1140 2607 1192 monachi
2630 1144 2791 1208 patre
2821 1137 3068 1193 senato-re
3097 1145 3155 1192 in
3193 1142 3310 1206 ejus
3340 1156 3526 1194 mensa
3556 1142 3819 1196 comedis-

2117 1244 2190 1281 se.
2228 1231 2464 1296 Scripsit
2498 1230 2671 1281 multa
2703 1231 2977 1296 praeclara
3020 1230 3318 1297 volumina,
3367 1231 3432 1284 de
3480 1230 3681 1295 quibus
3725 1249 3817 1299 ego

2118 1322 2297 1386 reperi
2328 1318 2592 1383 subjecta.

2187 1407 2280 1460 Ad
2323 1407 2704 1473 Symmaclmm
2752 1421 2993 1460 socerum
3027 1422 3185 1460 suum
3222 1409 3477 1461 Itomanw
3520 1409 3675 1462 urbis
3718 1427 3820 1478 pa-

2120 1499 2334 1548 tricium
2359 1495 2423 1548 de
2449 1494 2649 1548 Sancti
2679 1497 2947 1548 Trinitate
2973 1495 3066 1548 lib.
3101 1512 3137 1555 1,
3158 1499 3352 1565 incipit
3377 1512 3389 1548 :
3413 1495 3820 1566 Investigatam

2119 1583 2365 1643 diutiss.,
2401 1587 2498 1641 etc,

2186 1674 2262 1725 De
2301 1673 2519 1725 Unitate
2554 1673 2841 1725 Trinitatis
2875 1671 2967 1725 lib.
3002 1688 3039 1739 1,
3067 1675 3297 1740 incipit:
3323 1672 3527 1736 Quaero
3559 1688 3632 1725 an
3655 1675 3823 1726 Pater

2123 1764 2177 1813 et
2207 1760 2399 1828 Filius,
2436 1765 2534 1814 etc.

2193 1853 2261 1903 De
2290 1850 2516 1903 Duabus
2559 1852 2787 1904 Naturis
2819 1852 2876 1902 in
2908 1848 3117 1903 Christo
3159 1849 3250 1912 lib,
3288 1867 3322 1911 1,
3379 1849 3561 1903 Anxie
3605 1853 3658 1902 te
3693 1851 3820 1920 qui-

2119 1937 2272 2001 dem,
2305 1943 2404 1991 etc.

2189 2030 2264 2080 De
2293 2028 2422 2080 Fide
2456 2028 2529 2080 ad
2567 2028 2737 2080 Joan.
2786 2027 3075 2080 diaconum
3111 2028 3204 2081 lib.
3253 2045 3290 2097 1,
3336 2028 3719 2082 Christianam
3754 2028 3820 2081 ti-

2118 2117 2246 2170 dem
2277 2116 2432 2170 novi.

2191 2208 2267 2258 De
2302 2207 2520 2260 Unitate
2551 2208 2601 2258 et
2625 2206 2740 2258 Uno
2772 2204 2864 2258 lib.
2900 2220 2939 2270 1,
2973 2204 3170 2260 ['nitas
3196 2210 3282 2259 est
3313 2222 3448 2276 qua,
3482 2212 3582 2260 etc.

2185 2297 2262 2347 De
2319 2296 2607 2360 Eisagogis
2662 2293 2955 2360 Porphyrii
3025 2294 3119 2346 lib.
3175 2311 3234 2361 11,
3296 2292 3613 2348 Hiemantis
3682 2297 3824 2350 anni

2115 2386 2294 2450 temp.

2186 2473 2252 2524 In
2282 2470 2572 2524 secundam
2601 2471 2838 2539 ejusdem
2868 2471 3154 2525 editionem
3186 2472 3281 2525 lib.
3312 2489 3350 2537 ι,
3379 2472 3674 2527 Secundus
3705 2474 3820 2528 hic.

2187 2561 2251 2612 In
2282 2560 2596 2626 Categorias
2617 2559 2930 2613 Aristotelis
2958 2560 3051 2614 lib.
3085 2577 3144 2624 11,
3175 2560 3463 2630 Expeditis
3497 2561 3609 2627 his,
3643 2568 3748 2616 etc.

2187 2650 2251 2701 In
2307 2649 2733 2702 Pcrihermenias
2793 2649 3035 2715 ejusdem
3092 2649 3186 2703 lib.
3233 2666 3272 2715 1,
3325 2650 3525 2720 Magna
3579 2651 3826 2721 quidem

2117 2736 2271 2790 libri.

2188 2827 2250 2879 ln
2271 2826 2557 2879 editionem
2583 2825 2825 2893 ejusdem
2846 2825 3139 2879 secundam
3169 2826 3262 2879 lib.
3285 2843 3358 2893 v1,
3391 2827 3725 2882 Alexander
3743 2829 3823 2884 in.

2190 2917 2269 2970 De
2297 2914 2673 2968 Divisionibus
2703 2915 2796 2967 lib.
2833 2931 2870 2979 1,
2903 2915 3085 2977 Quam
3119 2929 3359 2984 magnos
3389 2915 3707 2973 studiosos.

312 3014 406 3075 qui
448 3009 657 3063 scholas
704 3010 828 3062 illas
871 3006 1229 3076 philosophiae
1272 3021 1553 3070 nunquam
1601 3007 1908 3069 intraverit,
1951 3009 2008 3058 in
2046 2996 2086 3050 C
2191 3006 2268 3057 De
2297 3003 2718 3073 Deﬁnitionibus
2751 3003 2843 3056 lib.
2882 3019 2921 3069 1,
2960 3003 3193 3058 Dicendi
3223 3019 3285 3056 ac
3313 3003 3669 3074 disputandi.

235 3135 238 3138 ι
310 3113 506 3165 magno
547 3100 839 3151 versantur
868 3111 1048 3150 errore
1083 3111 1094 3148 :
1144 3094 1589 3159 quandoquidem
1629 3096 1762 3147 tales
1797 3094 2007 3147 scholas

311 3202 405 3239 nec
452 3188 666 3239 Marcus
741 3187 933 3246 Varro,
1000 3200 1093 3236 nec
1153 3185 1379 3243 Brutus,
1436 3199 1530 3236 nec
1582 3184 1850 3244 Plantius,
1915 3197 2010 3235 nec

310 3273 646 3340 Chalcidius,
677 3288 771 3324 nec
813 3275 1030 3326 Boetius
1075 3274 1309 3339 ingressi
1342 3287 1354 3324 :
1390 3287 1498 3324 non
1530 3271 1866 3330 Alexander,
1899 3286 2006 3322 non

315 3362 659 3421 Themistius,
694 3377 800 3413 non
832 3361 1185 3429 Porphyrius,
1215 3377 1322 3414 non
1346 3359 1700 3425 Jamblichus,
1733 3375 1839 3412 non
1870 3359 2007 3413 Sim-

303 3453 529 3521 plicius,
555 3449 871 3518 philosophi
912 3453 1088 3502 tamen
1133 3451 1565 3514 eminentissimi,
1612 3453 1662 3502 et
1694 3448 2009 3501 Aristotelis

309 3542 631 3607 interpretes
649 3538 988 3606 juratissimi
1014 3539 1188 3602 fuere.

1128 3625 1190 3678 V.

380 3716 630 3785 Angelus
660 3714 995 3781 Politianus,
1031 3714 1130 3784 qui
1165 3714 1444 3767 excellens
1475 3729 1604 3766 cum
1651 3717 1840 3782 poeta,
1885 3718 2009 3767 tum

310 3810 521 3871 orator,
559 3805 738 3857 multa
782 3808 900 3857 tam
936 3805 1125 3858 Graece
1169 3819 1342 3874 quam
1377 3803 1569 3856 Latine
1600 3802 1780 3857 edidit
1811 3818 2005 3872 opera,

311 3893 371 3946 in
408 3893 522 3946 suis
561 3893 954 3958 Miscellaneis,
1001 3910 1124 3964 cap.
1164 3897 1208 3956 1,
1243 3892 1310 3946 de
1364 3891 1553 3945 Boetio
1587 3893 1666 3946 sic
1715 3892 2004 3962 loquitur:

309 3984 440 4048 Quis
482 3984 663 4036 Boetio
709 3984 794 4036 vel
839 3987 896 4034 in.
933 3983 1231 4035 dialecticis
1263 3985 1514 4036 acutior?
1540 3984 1624 4035 vel
1667 3983 1922 4036 subtilior
1949 3985 2008 4035 in

308 4072 746 4125 mathematicis?
795 4072 879 4125 vel
927 4073 985 4123 in
1028 4070 1382 4139 philosophia
1427 4072 1785 4139 locupletior?
1829 4073 1922 4123 vel
1950 4075 2008 4124 in

309 4160 579 4227 theologia
608 4161 893 4214 sublimior
914 4165 941 4213 ?
970 4159 1144 4224 Quam
1179 4161 1322 4212 tanti
1358 4160 1609 4227 juniores
1641 4164 1802 4213 etiam
1835 4161 2011 4228 philo-

306 4251 463 4320 sophi
510 4251 664 4316 longe
698 4249 979 4317 (arbitror)
1028 4252 1269 4303 omnium
1288 4252 1703 4317 perspicassimi
1737 4251 2002 4314 fecerunt,

307 4345 368 4393 ut
404 4339 742 4405 Aquinatem
775 4339 1052 4405 Thomam,
1084 4339 1270 4392 divum
1309 4337 1594 4399 hominem,
1641 4353 2004 4404 magnumque

305 4431 462 4482 illum
511 4428 722 4482 Thomas
768 4431 1147 4495 praeceptorem
1198 4426 1365 4494 (Deus
1415 4426 1564 4487 bone,
1619 4441 1751 4490 quos
1797 4427 2000 4496 viros!)

307 4517 502 4570 habere
540 4517 800 4570 meruerit
830 4520 1171 4569 enarratores
1203 4531 1214 4568 :
1250 4513 1526 4567 nimirum
1560 4514 1617 4566 in
1665 4513 1775 4578 his,
1816 4514 2006 4584 inquit

309 4603 580 4669 Vallinus,
599 4621 726 4674 quas
748 4608 976 4658 sanctus
999 4605 1243 4656 Thomas
1265 4603 1323 4656 in
1348 4602 1523 4657 Boetii
1543 4602 1718 4656 libros
1733 4603 1802 4656 de
1824 4602 2004 4656 Trini-

307 4697 423 4745 tate
455 4696 509 4744 et
523 4693 592 4746 de
625 4693 1087 4748 Hebdomadibus
1119 4693 1375 4764 scripsit;
1405 4693 1561 4762 quod
1590 4692 2004 4746 commentaria

310 4781 370 4833 in
428 4780 602 4834 libros
647 4783 822 4835 Boetii
871 4783 938 4836 de
986 4782 1385 4836 Consolatione
1428 4781 1826 4852 philosophiae,
1875 4797 2004 4850 quas

309 4870 479 4939 vulgo
515 4875 708 4922 sancto
753 4871 982 4924 Thomae
1032 4871 1386 4938 tribuuntur,
1440 4871 1614 4941 hujus
1663 4870 2002 4924 sanctissimi

311 4957 559 5014 doctoris
590 4973 703 5011 non
729 4958 861 5012 sint.

570 5104 572 5107 ,
641 5046 953 5100 DECIMUM
992 5045 1272 5102 SEXTUM
1311 5048 1671 5114 SJECULUM,

516 5149 808 5189 nmmum
858 5148 934 5187 AB
980 5149 1149 5189 ANNO
1196 5139 1328 5188 1500
1369 5153 1447 5192 AD
1492 5153 1598 5191 AN.
1646 5139 1797 5190 1600.

1136 5224 1177 5276 l.

381 5313 628 5368 Joannes
657 5309 1081 5365 Tritenhemius
1115 5311 1287 5364 abbas
1317 5312 1778 5383 Spanheimensis
1809 5315 1870 5367 in
1899 5315 2002 5368 Ca-

313 5401 502 5469 talogo
545 5401 889 5470 scriptorum
941 5399 1469 5453 ecclesiasticorum.
1512 5403 1747 5463 Boetius,
1791 5402 2000 5472 inquit,

313 5488 555 5542 Manlius
590 5489 899 5555 Severinus,
933 5489 1122 5541 consul
1153 5487 1467 5542 ordinarius
1514 5491 1712 5551 Romae,
1753 5490 2003 5559 philoso-

309 5575 473 5647 phus,
523 5582 727 5640 orator,
783 5584 833 5631 et
873 5581 1040 5648 poeta
1071 5580 1323 5645 insignis,
1371 5581 1428 5630 in
1473 5578 1670 5632 divinis
1703 5579 2004 5648 Scripturis

2186 3092 2280 3144 Ad
2311 3094 2647 3160 Categoricos
2696 3093 3048 3160 Syllogismos
3086 3093 3382 3147 introduct.
3424 3095 3521 3148 lib.
3557 3112 3596 3162 1,
3647 3096 3829 3151 Multa

2115 3185 2332 3234 veteres
2362 3181 2712 3250 philosophi.

2187 3271 2251 3321 1n
2285 3272 2482 3338 Topica
2511 3269 2778 3323 Ciceronis
2802 3270 2894 3322 lib.
2924 3285 2997 3336 v1,
3026 3269 3426 3324 Exhortatione
3453 3275 3574 3338 tua,
3611 3278 3714 3326 etc.

2185 3361 2262 3412 De
2317 3359 2649 3426 Differentiis
2701 3360 2892 3426 topieis
2941 3359 3035 3412 lib.
3089 3374 3162 3426 1v,
3213 3359 3410 3412 Omnis
3454 3360 3603 3413 ratio
3648 3361 3827 3415 disse-

2117 3447 2301 3501 rendi.

2186 3541 2261 3591 De
2311 3537 2635 3604 Syllogismo
2680 3540 2978 3603 categorico
3033 3537 3125 3590 lib.
3162 3553 3221 3604 11,
3256 3537 3429 3592 Multa
3459 3538 3640 3592 δι’ωοί
3674 3545 3828 3594 vete-

2116 3642 2224 3680 res.

2184 3719 2262 3769 De
2291 3716 2614 3783 Syllogismo
2643 3714 2983 3783 hypothetico
3015 3715 3110 3768 lib.
3145 3731 3206 3783 11,
3251 3717 3392 3770 Cum
3428 3716 3491 3769 in
3521 3718 3821 3772 omnibus.

2187 3808 2262 3859 De
2291 3805 2732 3858 Hebdomadibus
2758 3805 2850 3860 lib.
2880 3821 2918 3871 1,
2955 3805 3209 3858 Postulas
3240 3820 3306 3859 ex
3337 3805 3613 3859 hebdom.

2184 3896 2260 3948 De
2289 3893 2651 3946 Arithmetica
2683 3893 2774 3946 lib.
2808 3909 2863 3957 ιι,
2898 3893 3051 3946 Inter
3081 3909 3279 3946 omnes
3309 3893 3532 3963 priscae.

2185 3986 2261 4036 De
2295 3984 2505 4036 Musica
2539 3981 2630 4034 lib.
2664 3997 2717 4047 ν,
2752 3981 3021 4036 Omnium
3057 3982 3288 4052 quidem
3318 3982 3635 4054 perceptio.

2184 4074 2260 4124 De
2309 4069 2691 4137 Philosophica
2731 4070 3104 4124 Consolatione
3149 4070 3244 4124 lib.
3299 4085 3355 4137 ν,
3397 4072 3670 4126 Carmina
3720 4075 3824 4145 qui

2117 4158 2429 4228 quondam.

2186 4266 2250 4318 In
2281 4264 2663 4318 Geometricam
2711 4264 2956 4319 Euclidis
3002 4265 3096 4318 lib.
3132 4281 3212 4334 111,
3257 4264 3363 4328 Qui
3395 4281 3550 4333 vero,
3587 4265 3668 4319 mi
3707 4267 3822 4320 Pa—

2115 4353 2254 4408 triti.

2183 4446 2255 4496 De
2308 4443 2601 4507 disciplina
2647 4441 2996 4503 scholarium,
3047 4447 3108 4495 ut
3152 4443 3328 4508 aliqui
3375 4445 3590 4509 volunt,
3636 4445 3734 4504 lib,
3781 4462 3818 4498 1.

2111 4531 2325 4584 Vestra.
2358 4531 2626 4598 Indignus
2654 4535 2732 4583 est
2759 4531 2851 4583 ille
2883 4531 3035 4597 liber,
3059 4535 3154 4595 qui
3187 4535 3337 4585 tanto
3365 4535 3482 4585 viro
3509 4533 3818 4590 tribuatur.

2111 4636 2205 4674 nec
2237 4624 2398 4674 etiam.
2429 4619 2573 4672 docti
2602 4618 2744 4671 hunc
2774 4619 2954 4672 Boetio
2987 4619 3257 4672 tribuunt.

2181 4728 2258 4780 De
2286 4724 2440 4779 Locis
2471 4725 2753 4778 rhetoricis
2775 4725 2866 4778 lib.
2902 4742 2940 4777 1.

2180 4835 2256 4886 De
2284 4833 2675 4886 Praedicationc
2698 4832 2988 4900 potestatis
3018 4832 3110 4885 lib.
3148 4848 3184 4885 1.

2180 4941 2556 5007 Epistolarum
2588 4940 2663 4993 ad
2695 4940 2934 4993 diversos
2965 4939 3058 4992 lib.
3098 4955 3136 4992 1.

2180 5048 2312 5100 Alia
2343 5061 2554 5111 quoque
2583 5047 2848 5099 nonnulla
2875 5049 3157 5113 scripsisse
3189 5044 3392 5097 dicitur
3418 5061 3436 5098 :
3469 5045 3567 5098 sed
3599 5046 3682 5100 ad
3718 5063 3816 5101 no-

2113 5139 2292 5189 titiam
2329 5150 2502 5188 meam
2538 5150 2645 5187 non
2683 5137 2968 5187 venerunt.
3006 5134 3242 5187 Moritur
3289 5133 3470 5186 eodem
3512 5150 3659 5188 anno
3709 5152 3818 5201 quo

2112 5224 2466 5292 Symmachus
2504 5225 2794 5291 patric-ius,
2829 5227 2879 5275 et
2918 5225 3152 5276 Joannes
3194 5237 3349 5290 papa
3377 5223 3475 5275 sub
3509 5223 3817 5278 Anastasio

2110 5317 2456 5381 imperatore,
2490 5312 2655 5379 jussu
2688 5310 3002 5365 Theoderici
3031 5314 3174 5377 regis
3221 5310 3294 5363 ad
3323 5311 3642 5365 Ravennam
3683 5319 3816 5380 post

2113 5402 2436 5454 diuturnum
2465 5402 2718 5454 exsilium
2747 5404 2802 5452 in
2833 5415 3044 5453 carcere
3065 5400 3378 5468 jugulatus,
3409 5415 3556 5453 anno
3591 5403 3816 5454 Domini

2114 5491 2234 5551 5‘24,
2271 5490 2459 5543 indict.
2492 5494 2545 5549 2,
2580 5494 2629 5542 et
2659 5490 2758 5542 sub
2788 5493 3003 5543 nomine
3031 5489 3272 5544 Severini
3313 5490 3564 5556 catalogo
3595 5495 3815 5545 sancto-

2114 5595 2234 5633 rum
2264 5582 2500 5632 insertus
2523 5578 2743 5631 dicitur.
