3996 6170
149 307 233 357 573
779 307 846 360 ΙΝ
888 307 1138 363 LIBROS
1174 311 1264 364 DE
1304 310 1832 369 CONSOLATIONE
1873 312 2349 370 PHILOSOPIIl/E
2389 309 2935 365 PROLEGOMENA.
3492 305 3594 360 574

923 445 990 497 ΙΙ.

2717 450 2778 500 V.

202 549 363 602 Julius
411 548 591 602 Caesar
639 548 910 620 Scaliger,
955 550 1041 604 vir
1087 551 1144 605 in
1189 554 1483 624 republica
1525 557 1802 613 litteraria
1980 541 2173 595 Justus
2207 538 2450 610 ιλίρείυδς
2484 538 2583 607 qui
2618 553 2749 591 cum
2779 538 2849 591 οἶ)
2882 535 3152 590 Nimiam
3185 551 3346 588 suam
3382 534 3593 588 ἀθειά-

145 637 534 703 celeberrimus,
569 638 826 692 Boetium
873 639 1187 710 saepissime
1236 643 1466 698 laudat:
1499 650 1566 700 ut
1607 646 1666 699 in
1700 650 1802 718 Hy-

146 727 427 799 percritico.
475 729 647 780 Boetii
677 728 935 795 Severini,
977 729 1168 800 inquit
1197 734 1494 802 ingenium,
1538 737 1796 804 eruditio,

1912 645 2067 695 nam,
2099 633 2222 682 tum
2286 627 2532 681 maxime
2579 627 2650 680 ob
2693 627 3012 694 ingenuum
3056 625 3238 678 animi
3287 624 3592 678 candorem

1911 718 2091 772 doctis
2122 718 2338 788 pariter
2371 733 2435 770 ac
2467 716 2657 786 probis
2689 715 2956 768 omnibus
2993 713 3220 779 colitur,
3256 730 3366 766 non
3409 713 3594 766 solum

1909 807 2102 861 laudat
2153 807 2407 860 Boetium
2452 806 2510 858 in
2557 805 2706 858 civili
2747 821 2847 856 sua
2888 801 3146 856 doctrina
3191 802 3432 871 aliisque
3481 797 3618 854 suis

1911 895 2203 963 operibus,
2237 895 2336 948 sed
2367 894 2617 946 scribens
2655 893 2724 945 ad
2769 893 2975 946 Janum
3009 891 3364 944 Bernartium
3396 906 3600 960 cogna-

1909 989 2032 1038 tum
2063 1000 2253 1049 suum,
2287 984 2355 1037 de
2385 982 2785 1037 Consolatione
2803 982 2874 1035 ab
2893 981 3000 1034 hoc
3025 979 3308 1034 illustrata
3334 984 3388 1032 et
3408 995 3599 1033 emen—

1911 1074 2063 1138 data,
2094 1072 2198 1126 hos
2228 1071 2468 1141 protulit
2493 1071 2804 1124 Phaleucos
2838 1085 2850 1122 :

2054 1165 2136 1215 En
2168 1164 2385 1216 Boetius
2417 1161 2527 1224 ille,
2561 1162 2658 1228 qui
2682 1160 2971 1227 sophorum

2052 1252 2118 1305 1n
2145 1251 2342 1318 primis
2371 1248 2567 1315 sophus
2601 1262 2710 1300 esse
2741 1247 3012 1312 gloriatur
3042 1263 3060 1298 :

145 831 237 878 ars,
263 817 524 881 sapientia
565 818 726 881 facile
769 824 1025 885 provocat
1067 836 1243 874 omnes
1274 827 1535 889 auctores,
1575 827 1685 877 sive
1718 826 1802 878 illi

145 905 288 958 (ἱνκεὶ
311 907 436 966 sint,
468 906 581 957 sive
609 906 814 958 Latini.
849 907 1044 961 Saeculi
1080 907 1331 962 barbarie
1369 913 1488 978 ejus
1519 915 1694 966 oratio
1724 929 1802 967 so-

146 995 236 1045 luta
263 991 489 1045 deterior
525 995 800 1046 invenitur
827 1013 842 1048 :
873 1000 930 1048 at
961 1012 1078 1064 qua:
1123 999 1285 1051 libuit
1329 999 1516 1053 ludere
1542 1003 1601 1054 in
1629 1006 1797 1070 poesi,

144 1081 301 1134 divina
328 1096 455 1133 sane
474 1087 623 1147 sunt,
650 1083 791 1136 nihil
809 1085 920 1138 illis
947 1087 1164 1152 cultius,
1183 1089 1327 1142 nihil
1349 1093 1571 1154 gravius
1594 1109 1612 1144 :
1634 1107 1803 1160 neque

147 1171 348 1222 densitas
390 1174 784 1225 sententiarum
819 1188 1078 1238 renercm,
1109 1191 1281 1244 neque
1311 1194 1533 1231 acumen
1573 1181 1802 1235 abstulit

145 1259 408 1312 candorem.
445 1261 722 1330 Equidem
768 1279 970 1316 censeo
1016 1281 1229 1332 paucos
1263 1282 1392 1319 cum
1442 1267 1538 1321 illo
1569 1284 1800 1338 compa-

145 1349 233 1400 rari
262 1364 432 1417 posse.
471 1350 626 1402 Valla
657 1351 820 1404 docet
845 1353 1007 1406 illum
1035 1353 1228 1407 Latine
1254 1355 1415 1425 loqui
1447 1371 1459 1408 :
1498 1363 1554 1409 at
1586 1358 1800 1412 Vallem

145 1433 334 1486 Boetius
365 1433 509 1487 bene
558 1452 775 1505 sapere.
822 1438 962 1492 Hinc
997 1440 1149 1494 idem
1199 1441 1448 1513 Scaliger
1493 1445 1561 1498 de
1597 1447 1800 1500 eodem

144 1524 302 1576 Boetio
331 1524 481 1576 canit
514 1525 573 1576 in
609 1524 760 1578 Divis
793 1543 805 1580 ε

196 1615 378 1664 Divina:
404 1627 682 1666 enumeres
714 1617 960 1681 ingentia
990 1621 1204 1672 semina
1230 1623 1421 1675 mentis
1453 1639 1472 1675 :

253 1701 462 1753 Dotibus
491 1703 752 1756 accedant
784 1705 970 1772 Curia,
1007 1709 1216 1775 lingua,
1251 1710 1408 1762 lares.

191 1791 320 1842 Haut
347 1793 482 1842 satis
513 1795 590 1844 est
621 1808 638 1845 :
667 1793 878 1861 adpone
908 1795 1114 1863 polum,
1142 1813 1273 1865 pars
1305 1813 1416 1851 esse
1443 1802 1588 1854 Boeti

251 1879 467 1946 σαίρειν-ξε
496 1896 510 1933 :
549 1886 607 1935 at
636 1883 876 1936 nondum
906 1901 1130 1939 munera
1159 1891 1270 1940 tota
1294 1891 1465 1956 capis.

906 2011 999 2063 III.
1081 2059 1088 2063 .

194 2108 341 2163 Lilius
388 2110 703 2182 Gregorius
749 2115 1023 2185 Gyraldus
1067 2117 1238 2172 etiam
1281 2119 1431 2173 inter
1474 2121 1669 2176 doctos
1704 2139 1802 2176 no-

141 2197 354 2252 tissimus
378 2201 641 2254 Boetium
671 2204 884 2272 pariter
908 2207 1151 2260 summis
1177 2209 1440 2262 laudibus
1468 2211 1707 2278 extollit,
1731 2212 1802 2266 de

140 2287 322 2340 Poetar.
358 2289 570 2344 Histor.
606 2291 738 2346 dial.
857 2295 980 2358 Sed,
1014 2295 1222 2365 inquit,
1261 2298 1427 2366 hujus
1457 2303 1636 2355 aetatis
1667 2301 1801 2356 alios

2053 1339 2156 1402 Qui
2179 1338 2393 1391 doctum
2422 1339 2605 1401 nimis,
2640 1340 2687 1389 et
2718 1338 2854 1390 satis
2885 1336 3148 1389 disertum

2053 1429 2330 1496 Scriptum
2355 1426 2448 1479 hoc
2479 1425 2672 1491 edidit,
2703 1427 2940 1477 omnium
2970 1425 3224 1477 bonorum

2053 1520 2256 1571 Bonum
2277 1515 2510 1583 judicio.
2547 1515 2651 1569 Sed
2681 1514 2741 1566 id
2769 1513 3010 1567 tenebras

2052 1610 2181 1662 zEvo
2206 1612 2302 1659 aut
2334 1607 2549 1670 ingenio
2579 1608 2784 1671 suopte,
2824 1603 3082 1671 habebat;

2053 1698 2197 1763 Quas
2223 1697 2542 1750 Bernartius
2573 1695 2682 1758 ille,
2715 1693 2813 1763 ﬂos
2836 1707 3071 1745 meorum

2051 1788 2338 1852 Belgarum
2365 1784 2596 1853 pepulit,
2628 1785 2909 1850 facemque
2940 1783 3143 1834 claram

2053 1877 2101 1929 A
2133 1890 2187 1927 se
2217 1874 2468 1942 przetulit
2501 1891 2516 1926 :
2551 1873 2686 1925 hanc
2715 1887 2953 1938 sequere,
2987 1871 3236 1938 quisquis

2052 1966 2318 2018 Doctrina:
2341 1964 2727 2031 sapientiaeque
2753 1961 2924 2014 cultor

2052 2055 2170 2108 Non
2199 2053 2412 2116 audire,
2449 2051 2542 2104 sed
2571 2065 2700 2115 esse,
2735 2050 3085 2116 concupiscis.

2206 2140 2517 2194 DECIMUM
2559 2137 2908 2192 SEPTIMUM
2947 2136 3311 2202 Sl-ECULUM,

1913 2245 2148 2284 Niumnu
2180 2245 2246 2282 AB
2276 2245 2422 2282 ANNO
2463 2229 2594 2280 I600
2625 2242 2693 2280 AD
2725 2242 2866 2279 nime
2903 2240 3151 2279 nosrnau
3189 2239 3410 2277 ETATEM
3451 2225 3600 2276 I779.

1984 2318 2265 2372 Infinitior
2290 2318 2417 2381 sim,
2452 2317 2501 2370 si
2527 2333 2653 2387 quas
2682 2316 2791 2369 hoc
2820 2319 3019 2368 nostro
3051 2313 3258 2367 saeculo
3287 2311 3347 2366 in
3379 2311 3605 2365 Iaudem

138 2376 409 2444 eieramus,
445 2395 585 2447 quos
629 2385 770 2434 inter
799 2385 1014 2438 Boetius
1054 2388 1282 2440 Anicius
1313 2389 1549 2442 Manlius
1597 2390 1802 2444 Severi-

139 2480 234 2532 nus,
255 2469 527 2520 Romanus
557 2473 833 2537 patricius
864 2477 913 2524 et
946 2475 1217 2539 exconsul,
1255 2480 1351 2542 qui
1381 2492 1413 2528 a
1455 2480 1655 2531 nostris
1684 2479 1800 2546 ple-

137 2555 285 2620 risque
307 2558 360 2607 in
390 2561 705 2625 martyrum
734 2561 977 2627 catalogo
1010 2563 1326 2616 ascribitur.
1364 2567 1462 2618 Hic
1497 2581 1616 2620 cum
1643 2567 1800 2634 Sym-

137 2644 286 2698 macho
316 2649 362 2698 et
399 2648 526 2714 ipso
573 2651 832 2715 patricio,
867 2651 1058 2718 Boetii,
1092 2656 1152 2705 ut
1187 2653 1432 2721 plerique
1459 2670 1636 2708 omnes
1679 2661 1799 2709 tra-

138 2730 262 2797 dunt,
313 2748 489 2788 socero
559 2751 594 2788 a
654 2737 976 2792 Theoderico
1035 2740 1329 2794 Gothorum
1385 2758 1508 2810 rege
1558 2748 1800 2811 primum

1915 2407 2090 2462 Boetii
2122 2407 2266 2460 dicta
2313 2411 2464 2470 sunt,
2498 2405 2619 2459 hinc
2659 2404 2852 2457 omnia
2882 2402 3232 2456 recensendo
3265 2416 3605 2455 enumerare

1909 2496 2112 2561 velim;
2136 2496 2325 2549 nullus
2356 2495 2507 2547 enim
2534 2497 2619 2546 est
2646 2497 2743 2546 aut
2771 2491 3289 2562 historiographus,
3321 2496 3420 2544 aut
3449 2491 3606 2544 theo-

1912 2586 2098 2655 logus,
2130 2585 2229 2655 qui
2263 2585 2330 2637 de
2365 2582 2748 2637 illustrissimo
2781 2581 2877 2634 illo
2908 2585 3140 2634 auctore
3169 2595 3284 2633 non
3317 2578 3488 2633 fuerit
3520 2593 3608 2632 or-

1912 2680 2041 2728 nate
2087 2680 2143 2728 et
2193 2672 2503 2727 honoriﬁce
2545 2673 2782 2725 locutus.
2818 2670 3064 2724 Consule
3109 2668 3156 2721 si
3203 2670 3388 2737 placet
3437 2669 3605 2721 Baro-

184 2757 262 2832 qu’
313 2757 489 2837 sacer,“
559 2757 594 2788 α
654 2757 976 2837 ίηθθαθηθί)
1035 2757 1329 2794 "amorum
1385 2758 1508 2810 rege
1558 2760 1800 2811 prmum
1911 2765 2094 2828 nium,
2144 2762 2713 2818 Annal.'ecclesiast.’
2741 2767 2882 2813 tom.
2932 2759 3049 2822 VII,
3101 2757 3169 2810 ad
3221 2772 3312 2810 an.
3362 2759 3493 2822 522;
3535 2757 3602 2808 D.

141 2819 349 2912 Ticinum
376 2826 634 2891 relegati,
661 2825 856 2880 deinde
875 2831 1053 2881 necati
1076 2834 1226 2894 sunt,
1255 2830 1398 2894 quod
1423 2835 1480 2884 in
1501 2832 1801 2887 libertatem
1910 2819 2141 2908 Νικίαι
2165 2869 2194 2904 a
2215 2852 2419 2905 Sancto
2444 2849 2760 2903 Romualdo
2783 2848 2842 2901 in
2866 2819 3153 2901 Thesauro
3175 2819 3603 2912 chronologico,

137 2911 353 3001 ξορυῖωη
411 2915 723 2968 Romanum
782 2915 1094 2971 τ-’ίάθτθηίιιν
1145 2919 1277 2972 velle
1322 2919 1619 2974 υίηάῖοανθο
1670 2924 1800 2976 Fuit
1845 2986 1879 3001 η
1910 2942 2050 2993 tom.
2079 2939 2147 3001 ll,
2173 2937 2242 2990 ad
2273 2952 2364 2988 an.
2399 2936 2532 2999 510;
2571 2933 2825 3001 aliosque
2859 2946 3056 2984 omnes
3087 2911 3606 2998 historiographos;

141 2998 334 3064 Boetius,
381 3006 442 3055 ut
481 3005 668 3069 scitis,
701 3006 760 3058 in
808 3008 954 3059 omni
998 3006 1299 3075 disciplina
1342 3014 1552 3076 egregie
1593 3010 1798 3077 doctus,

1988 3027 2034 3080 le
2081 3025 2459 3079 reverendum
2503 3024 2728 3076 Patrem
2781 3020 3120 3072 Caussinum
3162 3017 3220 3070 in
3264 3017 3407 3070 libro
3435 3032 3605 3086 quem

140 3089 251 3185 quod
276 3091 414 3185 vobis
446 3092 672 3185 liquido
701 3109 768 3147 ea:
797 3095 916 3163 ejus
945 3099 1304 3151 monumentis
1334 3104 1578 3152 constare
1606 3105 1796 3167 potest.
1907 3114 2196 3185 inscripsit
2227 3116 2281 3167 ια
2311 3115 2450 3169 Com.
2495 3114 2692 3174 εαίηεθ,
2725 3109 2822 3163 ubi
2873 3108 3247 3179 proponendo
3279 3107 3466 3160 idem,
3500 3105 3608 3159 viri

137 3175 221 3281 bed
240 3179 370 3281 quod
399 3181 473 3281 ad
498 3187 833 3281 praesentem
855 3189 1394 3281 materiam‘att‘inet,
1417 3190 1473 3240 in
1495 3189 1801 3281 pangendis
1909 3175 2267 3276 quema'ocat
2291 3203 2497 3256 homme
2524 3201 2730 3266 d‘Etat,
2752 3175 3012 3270 pluribus
3034 3198 3152 3268 agit
3182 3197 3250 3250 de
3282 3195 3604 3261 nobilitate,

137 3267 335 3321 δενδίδυε
361 3273 507 3324 mira
542 3285 676 3324 usus
702 3274 1090 3338 estfacilitate-
1130 3278 1198 3328 De
1219 3274 1314 3329 έιίο
1330 3277 1500 3343 Plura
1529 3279 1796 3344 εοίίίθθνε·
1908 3267 1978 3347 de
2013 3292 2289 3358 doctrina,
2327 3291 2395 3344 de
2419 3290 2688 3355 consiliis,
2714 3267 2783 3342 de
2815 3293 2996 3342 morte
3024 3267 3224 3341 Boetii.
3245 3285 3391 3353 Lege
3413 3284 3606 3349 etiam,

137 3367 588 3425 supervacaneum,
620 3361 840 3428 quando
870 3363 987 3429 ejus
1018 3364 1297 3417 volumina
1322 3370 1451 3418 nota
1479 3371 1605 3418 sunt
1635 3369 1800 3421 omni-

1988 3382 2162 3446 lubet,
2210 3379 2522 3434 Gerardum
2558 3380 2837 3432 Joannem
2889 3377 3146 3430 Vossium
3197 3375 3266 3428 de
3299 3372 3485 3426 Poetis
3513 3373 3610 3425 La-

1906 3471 2041 3524 tinis
2084 3485 2209 3539 cap.
2243 3472 2319 3522 5:
2370 3468 2598 3534 Quibus,
2655 3466 2867 3536 inquit,
2914 3464 3240 3534 temporibus
3286 3465 3345 3515 in
3393 3462 3611 3517 Oriente

1905 3561 2046 3613 Zeno
2073 3561 2367 3627 posteaque
2396 3557 2751 3620 Anastasius,
2784 3556 2838 3606 in
2863 3554 3027 3607 Italia
3055 3552 3312 3615 Odoacer,
3337 3553 3388 3604 et
3414 3548 3611 3601 exinde

1909 3647 2259 3703 Theodericus
2286 3648 2450 3713 reicit,
2484 3643 2684 3699 claruit
2712 3645 2936 3697 Anitius
2968 3641 3206 3695 Manlius
3248 3642 3464 3693 Boetius
3501 3637 3603 3692 Se-

911 3719 997 3770 lv'
1903 3740 2145 3804 acrinus,
2177 3737 2264 3790 vir
2309 3737 2503 3789 Latine
2532 3739 2582 3787 et
2615 3735 2794 3789 Greece
2824 3732 3185 3797 doctissimus,
3221 3731 3279 3782 in
3319 3732 3465 3782 omni
3517 3725 3606 3780 di-

189 3818 712 3892 Magdeburgenses,
743 3824 999 3877 centuria
1034 3828 1085 3891 6,
1123 3841 1245 3896 cap.
1288 3829 1349 3879 lO
1396 3826 1798 3896 de‘Episcopis
1903 3828 2262 3895 sciplinaru-m
2291 3839 2481 3890 genere
2520 3823 2780 3876 excellens
2812 3835 3020 3888 quoque
3064 3823 3233 3874 Roma
3267 3834 3301 3872 α
3335 3819 3602 3872 Varronis

135 3911 176 3957 et
205 3908 552 3978 Doctoribus,
589 3914 821 3979 Boetius,
857 3914 1148 3984 inquiunt,
1193 3917 1369 3969 Anius
1410 3918 1668 3969 Manilius
1704 3917 1797 3971 Se-
1907 3914 2232 3983 temporibus
2261 3927 2368 3965 non
2400 3911 2648 3964 habuerit
2680 3909 3034 3977 undecunque
3063 3908 3372 3961 doctiorem.
3413 3907 3604 3972 Quan-

135 3998 334 4064 eerinus,
366 4003 646 4068 patricius
672 4007 722 4055 et
753 4005 956 4067 consul,
988 4007 1072 4056 vir
1099 4005 1273 4058 Graece
1302 4010 1351 4057 et
1380 4006 1573 4058 Latine
1606 4005 1800 4058 doctis-
1908 4010 2023 4059 tum
2061 4001 2202 4056 idem
2232 4002 2468 4054 carmine
2509 4000 2762 4064 valuerit,
2791 3997 3079 4051 ostendunt
3110 3997 3238 4050 libri
3267 4001 3504 4064 quinque
3535 3995 3603 4047 de

138 4086 274 4139 simus
300 4089 427 4151 fuit,
458 4095 511 4142 et
543 4091 711 4143 multo
737 4093 794 4143 in
822 4091 1172 4160 philosOphia
1203 4095 1438 4160 aliisque
1465 4093 1797 4161 disciplinis,
1906 4091 2276 4148 Consolatione
2328 4088 2704 4156 philosophiae,
2753 4099 2884 4152 quos
2934 4086 3088 4138 exsul
3141 4085 3319 4137 Ticini
3361 4084 3602 4150 scripsit.

140 4176 229 4227 tum
251 4177 421 4232 soluta
453 4185 571 4233 tum
602 4180 776 4246 ligata
807 4184 1049 4234 oratione
1072 4185 1402 4250 conscriptos
1430 4183 1595 4236 libros
1621 4187 1799 4251 poste—
1908 4182 2137 4236 Omnino
2156 4178 2298 4231 nihil
2325 4179 2383 4230 in
2415 4177 2566 4244 poesi
2589 4177 2870 4228 venustius
2901 4172 3093 4227 habuit
3134 4171 3276 4225 illud
3305 4185 3501 4237 meum,
3529 4171 3614 4222 vel

138 4265 201 4316 ris
224 4267 454 4335 reliquit.

1988 4272 2080 4322 am
2111 4267 2256 4336 quod
2284 4267 2539 4335 proxime
2559 4265 2858 4317 antecessit.

138 3442 228 3495 bus.
253 3448 381 3513 Ejus
399 3454 548 3502 certe
579 3453 854 3517 ingenium
883 3451 957 3504 ad
987 3467 1075 3506 eas
1105 3459 1270 3518 artes,
1306 3469 1424 3521 qua:
1453 3469 1623 3522 supra
1661 3455 1800 3509 litte-

136 3546 205 3585 ras
229 3543 360 3601 sunt,
392 3541 602 3591 mirum
646 3543 704 3592 in
733 3540 950 3593 modum
981 3541 1282 3596 celebratur
1318 3543 1385 3596 ab
1416 3543 1532 3611 ejus
1571 3545 1799 3597 occisore

139 3621 418 3680 Theoderico
441 3642 592 3695 rege.

1384 4479 1563 4544 IDEA
1614 4478 2029 4545 LIBRORUM
2075 4477 2344 4542 BOETII

960 4605 1088 4706 DE
1161 4604 1933 4746 CONSOLATIUONE
1999 4599 2756 4703 PHILOSOPHl/ll.

2437 4769 2805 4825 AFFLICTIO
2847 4763 3105 4822 BOETII.

1992 4863 2110 4917 LIB.
2152 4877 2193 4916 ι.
2244 4891 2317 4900 -
2361 4858 2589 4913 Boetius
2636 4871 2868 4909 suarum
2904 4854 3268 4908 miseriarum
3328 4853 3520 4923 (Melro
3559 4852 3608 4921 l)

1917 4956 1979 5006 ut
1995 4950 2273 5016 conscius,
2298 4947 2718 5017 sicimpatiens,
2738 4945 3052 4998 contrarias
3079 4942 3334 5013 undique
3366 4941 3618 5011 exquirit

1915 5039 2310 5108 cogitationes,
2348 5037 2557 5107 quibus
2617 5051 2830 5089 maeror
2891 5025 3072 5106 possit
3118 5031 3166 5085 si
3227 5047 3346 5085 non
3403 5029 3612 5099 fugari,

202 4769 339 4841 Opus
364 4773 490 4841 hoc,
529 4773 681 4827 mole
713 4790 978 4844 parvum,
1029 4776 1292 4830 doctrina
1331 4776 1670 4842 maximum,
1731 4779 1817 4830 est

147 4859 285 4912 series
313 4868 793 4932 argumentorum
849 4864 1095 4918 naturali
1149 4864 1368 4918 lumine
1418 4865 1808 4935 cognitorum,

147 4946 322 5014 quibus
360 4967 524 5004 mens
570 4952 824 5006 humana
863 4953 1114 5006 adversis
1155 4953 1377 5007 casibus
1409 4953 1697 5020 suscitata,
1741 4952 1807 5006 ad

148 5035 357 5100 primam
388 5041 1019 5112 causamultimumque
1049 5042 1226 5096 ﬁnem
1247 5043 1566 5096 attentione
1596 5041 1675 5096 sic
1705 5043 1810 5096 eri-

147 5125 294 5190 gitur,
315 5134 378 5182 ut
414 5130 542 5183 haec
571 5131 752 5184 exutis
791 5130 1141 5200 przejudiciis
1180 5131 1405 5185 veritati
1437 5133 1809 5201 assequendas

147 5211 424 5286 virtutique
465 5218 721 5272 colendae
766 5220 957 5288 aptior
995 5220 1295 5274 efﬁciatur.
1350 5222 1662 5290 Propterea
1705 5220 1810 5273 hoc

147 5303 584 5369 opusincribitur
622 5307 945 5362 Consolatio
975 5308 1374 5379 philosophiae,
1414 5309 1810 5363 distribuitur-

147 5403 236 5456 «[ue
263 5391 318 5444 in
355 5399 471 5446 tres
501 5401 710 5464 partes,
740 5412 986 5467 quarum
1014 5397 1202 5467 prima
1231 5398 1634 5466 complectitur
1664 5396 1806 5450 affli-

149 5477 363 5534 ctionem
393 5483 607 5537 Boetii:
630 5485 879 5539 secunda
910 5485 1366 5540 Consolationem
1392 5485 1802 5556 philosophiae;

149 5568 288 5620 tertia
307 5571 613 5638 contraria,
643 5573 943 5643 quaelillius
972 5574 1380 5629 consolationis
1410 5575 1526 5629 vim
1546 5574 1809 5628 minuere

151 5651 407 5725 videntur,
440 5667 776 5731 argumenta
805 5679 934 5718 cum
969 5664 1457 5734 responsionibus.

1918 5129 2121 5182 saltem
2168 5126 2352 5181 minui
2389 5142 2401 5178 :
2448 5123 2582 5177 hinc
2609 5125 2868 5177 animum
2928 5121 3206 5176 convertit
3235 5117 3493 5190 (Prosal)
3536 5117 3606 5170 ad

1919 5217 2188 5287 praesides
2221 5214 2542 5269 carminum
2577 5230 2766 5266 musas
2798 5213 2904 5266 sibi
2936 5211 3230 5283 quondam
3257 5207 3606 5262 familiares:

1919 5307 2015 5360 sed
2074 5307 2280 5359 harum
2323 5303 2600 5368 remedia,
2653 5302 2923 5371 ceiitnova
2952 5300 3201 5354 tristitiae
3233 5297 3611 5360 irritamenta,

1918 5394 2130 5464 excipit
2172 5394 2447 5463 fugatque
2485 5391 2776 5460 :cogitatio
2829 5388 3262 5459 philosophica;
3303 5385 3468 5454 cujus
3508 5401 3616 5455 ope

1920 5482 2150 5537 Boetius
2180 5480 2586 5535 animadvertit
2631 5497 2689 5534 se
2739 5479 2793 5532 iu
2828 5494 3051 5531 summa
3089 5491 3282 5529 rerum
3331 5473 3615 5540 omnium,

1919 5589 2034 5626 non
2068 5571 2257 5642 (Metro
2279 5570 2333 5641 2)
2369 5570 2726 5642 ignoratione
2763 5568 2955 5632 modo,
2990 5565 3088 5619 sed
3136 5565 3304 5618 etiam
3337 5564 3531 5634 (Prosa
3561 5565 3615 5635 2)

1916 5658 2381 5733 inertia‘versari.
2416 5661 2572 5730 _Tum
2607 5664 2773 5712 aucto
2805 5654 3015 5709 sensim
3065 5653 3443 5724 Philosophiae
3486 5652 3617 5724 (Me-
