  <div class='ocr_page' id='page_1' title='image "/cluster/home/n/w/nwhite01/storage/ocr_20150623/63/hvd.32044073498800/293.png"; bbox 0 0 3972 6172; ppageno 0'>
   <div class='ocr_carea' id='block_1_1' title="bbox 338 294 3809 350">
    <p class='ocr_par' dir='ltr' id='par_1_1' title="bbox 338 294 3809 350">
     <span class='ocr_line' id='line_1_1' title="bbox 338 294 3809 350; baseline 0 -3"><span class='ocrx_word' id='word_1_1' title='bbox 338 299 437 349; x_wconf 83' lang='lat'>575</span> <span class='ocrx_word' id='word_1_2' title='bbox 1601 296 1716 349; x_wconf 69' lang='lat' dir='ltr'>AN.</span> <span class='ocrx_word' id='word_1_3' title='bbox 1766 297 1977 350; x_wconf 79' lang='lat' dir='ltr'>MANL.</span> <span class='ocrx_word' id='word_1_4' title='bbox 2028 295 2176 349; x_wconf 82' lang='lat' dir='ltr'>SEV.</span> <span class='ocrx_word' id='word_1_5' title='bbox 2229 294 2548 348; x_wconf 70' lang='lat' dir='ltr'>BOE&#39;I‘IUS.</span> <span class='ocrx_word' id='word_1_6' title='bbox 3711 297 3809 348; x_wconf 71' lang='lat'>576</span> 
     </span>
    </p>
   </div>
   <div class='ocr_carea' id='block_1_2' title="bbox 337 424 3814 498">
    <p class='ocr_par' dir='ltr' id='par_1_2' title="bbox 337 424 3814 498">
     <span class='ocr_line' id='line_1_2' title="bbox 337 424 3814 498; baseline -0 -15"><span class='ocrx_word' id='word_1_7' title='bbox 337 437 418 483; x_wconf 66' lang='grc' dir='ltr'>ἔνο</span> <span class='ocrx_word' id='word_1_8' title='bbox 450 431 501 497; x_wconf 91' lang='lat'>3)</span> <span class='ocrx_word' id='word_1_9' title='bbox 533 428 773 491; x_wconf 80' lang='lat' dir='ltr'>lumine,</span> <span class='ocrx_word' id='word_1_10' title='bbox 831 427 1185 498; x_wconf 73' lang='lat' dir='ltr'>recognoscit</span> <span class='ocrx_word' id='word_1_11' title='bbox 1244 427 1491 497; x_wconf 90' lang='lat' dir='ltr'>primum</span> <span class='ocrx_word' id='word_1_12' title='bbox 1551 427 1781 497; x_wconf 81' lang='lat' dir='ltr'>quidem</span> <span class='ocrx_word' id='word_1_13' title='bbox 1839 427 2018 496; x_wconf 78' lang='lat' dir='ltr'>ipsam</span> <span class='ocrx_word' id='word_1_14' title='bbox 2060 431 2100 484; x_wconf 76' lang='grc' dir='ltr'>Α</span> <span class='ocrx_word' id='word_1_15' title='bbox 2134 433 2193 478; x_wconf 90' lang='lat' dir='ltr'>ut</span> <span class='ocrx_word' id='word_1_16' title='bbox 2230 426 2296 478; x_wconf 85' lang='lat' dir='ltr'>ad</span> <span class='ocrx_word' id='word_1_17' title='bbox 2337 425 2634 478; x_wconf 88' lang='lat' dir='ltr'>veritatem</span> <span class='ocrx_word' id='word_1_18' title='bbox 2666 428 2720 478; x_wconf 89' lang='lat' dir='ltr'>et</span> <span class='ocrx_word' id='word_1_19' title='bbox 2749 424 3038 491; x_wconf 89' lang='lat' dir='ltr'>virtutem,</span> <span class='ocrx_word' id='word_1_20' title='bbox 3076 425 3331 496; x_wconf 85' lang='lat' dir='ltr'>adeoque</span> <span class='ocrx_word' id='word_1_21' title='bbox 3370 427 3560 494; x_wconf 81' lang='lat' dir='ltr'>(Metro</span> <span class='ocrx_word' id='word_1_22' title='bbox 3590 427 3640 498; x_wconf 87' lang='lat'>8)</span> <span class='ocrx_word' id='word_1_23' title='bbox 3669 444 3814 482; x_wconf 79' lang='lat' dir='ltr'>amo-</span> 
     </span>
    </p>
   </div>
   <div class='ocr_carea' id='block_1_3' title="bbox 332 515 2026 587">
    <p class='ocr_par' dir='ltr' id='par_1_3' title="bbox 332 515 2026 587">
     <span class='ocr_line' id='line_1_3' title="bbox 332 515 2026 587; baseline -0.003 -14"><span class='ocrx_word' id='word_1_24' title='bbox 332 521 523 587; x_wconf 76' lang='lat' dir='ltr'>(Prosa</span> <span class='ocrx_word' id='word_1_25' title='bbox 551 517 603 586; x_wconf 89' lang='lat'>3)</span> <span class='ocrx_word' id='word_1_26' title='bbox 653 516 1113 585; x_wconf 79' lang='lat' dir='ltr'>Philosophiam;</span> <span class='ocrx_word' id='word_1_27' title='bbox 1152 515 1357 569; x_wconf 84' lang='lat' dir='ltr'>deinde</span> <span class='ocrx_word' id='word_1_28' title='bbox 1395 531 1522 568; x_wconf 88' lang='lat' dir='ltr'>cum</span> <span class='ocrx_word' id='word_1_29' title='bbox 1559 515 1842 584; x_wconf 80' lang='lat' dir='ltr'>antiquos,</span> <span class='ocrx_word' id='word_1_30' title='bbox 1905 522 2026 568; x_wconf 87' lang='lat' dir='ltr'>tum</span> 
     </span>
    </p>
   </div>
   <div class='ocr_carea' id='block_1_4' title="bbox 331 603 2027 676">
    <p class='ocr_par' dir='ltr' id='par_1_4' title="bbox 331 603 2027 676">
     <span class='ocr_line' id='line_1_4' title="bbox 331 603 2027 676; baseline -0.001 -16"><span class='ocrx_word' id='word_1_31' title='bbox 331 606 674 660; x_wconf 74' lang='lat' dir='ltr'>recentiores</span> <span class='ocrx_word' id='word_1_32' title='bbox 705 604 1077 674; x_wconf 87' lang='lat' dir='ltr'>philosophos</span> <span class='ocrx_word' id='word_1_33' title='bbox 1117 603 1401 657; x_wconf 81' lang='lat' dir='ltr'>similibus</span> <span class='ocrx_word' id='word_1_34' title='bbox 1430 605 1682 658; x_wconf 87' lang='lat' dir='ltr'>miseriis</span> <span class='ocrx_word' id='word_1_35' title='bbox 1714 605 2027 676; x_wconf 85' lang='lat' dir='ltr'>impugna—</span> 
     </span>
    </p>
   </div>
   <div class='ocr_carea' id='block_1_5' title="bbox 329 693 2029 765">
    <p class='ocr_par' dir='ltr' id='par_1_5' title="bbox 329 693 2029 765">
     <span class='ocr_line' id='line_1_5' title="bbox 329 693 2029 765; baseline -0.001 -16"><span class='ocrx_word' id='word_1_36' title='bbox 329 701 414 749; x_wconf 88' lang='lat' dir='ltr'>tos</span> <span class='ocrx_word' id='word_1_37' title='bbox 446 694 700 765; x_wconf 85' lang='lat' dir='ltr'>quidem,</span> <span class='ocrx_word' id='word_1_38' title='bbox 735 695 830 748; x_wconf 89' lang='lat' dir='ltr'>sed</span> <span class='ocrx_word' id='word_1_39' title='bbox 862 709 976 747; x_wconf 90' lang='lat' dir='ltr'>non</span> <span class='ocrx_word' id='word_1_40' title='bbox 1008 695 1196 763; x_wconf 81' lang='lat' dir='ltr'>(Metro</span> <span class='ocrx_word' id='word_1_41' title='bbox 1226 693 1279 764; x_wconf 73' lang='grc'>4)</span> <span class='ocrx_word' id='word_1_42' title='bbox 1313 698 1672 764; x_wconf 79' lang='lat' dir='ltr'>expugnatos</span> <span class='ocrx_word' id='word_1_43' title='bbox 1706 709 1717 747; x_wconf 94' lang='lat'>:</span> <span class='ocrx_word' id='word_1_44' title='bbox 1754 694 1833 746; x_wconf 88' lang='lat' dir='ltr'>ita</span> <span class='ocrx_word' id='word_1_45' title='bbox 1855 699 1919 747; x_wconf 91' lang='lat' dir='ltr'>ut</span> <span class='ocrx_word' id='word_1_46' title='bbox 1945 698 2029 747; x_wconf 86' lang='lat' dir='ltr'>ta-</span> 
     </span>
    </p>
   </div>
   <div class='ocr_carea' id='block_1_6' title="bbox 333 782 2026 853">
    <p class='ocr_par' dir='ltr' id='par_1_6' title="bbox 333 782 2026 853">
     <span class='ocr_line' id='line_1_6' title="bbox 333 782 2026 853; baseline -0.002 -15"><span class='ocrx_word' id='word_1_47' title='bbox 333 801 464 838; x_wconf 89' lang='lat' dir='ltr'>men</span> <span class='ocrx_word' id='word_1_48' title='bbox 496 783 672 837; x_wconf 84' lang='lat' dir='ltr'><strong>veteri</strong></span> <span class='ocrx_word' id='word_1_49' title='bbox 704 782 1039 853; x_wconf 71' lang='lat' dir='ltr'>przejudicio</span> <span class='ocrx_word' id='word_1_50' title='bbox 1071 783 1291 851; x_wconf 85' lang='lat' dir='ltr'>ductus,</span> <span class='ocrx_word' id='word_1_51' title='bbox 1330 799 1442 835; x_wconf 91' lang='lat' dir='ltr'>non</span> <span class='ocrx_word' id='word_1_52' title='bbox 1469 783 1700 836; x_wconf 85' lang='lat' dir='ltr'>desistat</span> <span class='ocrx_word' id='word_1_53' title='bbox 1734 799 1862 836; x_wconf 92' lang='lat' dir='ltr'>cum</span> <span class='ocrx_word' id='word_1_54' title='bbox 1896 782 2026 836; x_wconf 87' lang='lat' dir='ltr'>Phi-</span> 
     </span>
    </p>
   </div>
   <div class='ocr_carea' id='block_1_7' title="bbox 330 871 2030 944">
    <p class='ocr_par' dir='ltr' id='par_1_7' title="bbox 330 871 2030 944">
     <span class='ocr_line' id='line_1_7' title="bbox 330 871 2030 944; baseline -0.001 -18"><span class='ocrx_word' id='word_1_55' title='bbox 330 873 585 944; x_wconf 86' lang='lat' dir='ltr'>losophia</span> <span class='ocrx_word' id='word_1_56' title='bbox 622 873 810 942; x_wconf 84' lang='lat' dir='ltr'>(Prosa</span> <span class='ocrx_word' id='word_1_57' title='bbox 845 871 896 942; x_wconf 80' lang='grc'>4)</span> <span class='ocrx_word' id='word_1_58' title='bbox 934 871 1001 924; x_wconf 92' lang='lat' dir='ltr'>de</span> <span class='ocrx_word' id='word_1_59' title='bbox 1042 888 1143 924; x_wconf 90' lang='lat' dir='ltr'>suo</span> <span class='ocrx_word' id='word_1_60' title='bbox 1200 872 1398 925; x_wconf 82' lang='lat' dir='ltr'>exsilio</span> <span class='ocrx_word' id='word_1_61' title='bbox 1433 871 1731 942; x_wconf 84' lang='lat' dir='ltr'>conqueri,</span> <span class='ocrx_word' id='word_1_62' title='bbox 1765 876 2030 924; x_wconf 82' lang='lat' dir='ltr'>causatus</span> 
     </span>
    </p>
   </div>
   <div class='ocr_carea' id='block_1_8' title="bbox 330 960 2022 1031">
    <p class='ocr_par' dir='ltr' id='par_1_8' title="bbox 330 960 2022 1031">
     <span class='ocr_line' id='line_1_8' title="bbox 330 960 2022 1031; baseline -0.002 -16"><span class='ocrx_word' id='word_1_63' title='bbox 330 963 514 1015; x_wconf 91' lang='lat' dir='ltr'>solum</span> <span class='ocrx_word' id='word_1_64' title='bbox 545 964 733 1031; x_wconf 80' lang='lat' dir='ltr'>(Metro</span> <span class='ocrx_word' id='word_1_65' title='bbox 761 961 812 1029; x_wconf 72' lang='grc' dir='ltr'>ὅ)</span> <span class='ocrx_word' id='word_1_66' title='bbox 865 961 1156 1014; x_wconf 87' lang='lat' dir='ltr'>hominem</span> <span class='ocrx_word' id='word_1_67' title='bbox 1209 961 1390 1014; x_wconf 82' lang='lat' dir='ltr'>videri</span> <span class='ocrx_word' id='word_1_68' title='bbox 1423 960 1628 1014; x_wconf 81' lang='lat' dir='ltr'>divinis</span> <span class='ocrx_word' id='word_1_69' title='bbox 1678 960 1903 1031; x_wconf 86' lang='lat' dir='ltr'>legibus</span> <span class='ocrx_word' id='word_1_70' title='bbox 1935 977 2022 1012; x_wconf 92' lang='lat' dir='ltr'>so-</span> 
     </span>
    </p>
   </div>
   <div class='ocr_carea' id='block_1_9' title="bbox 333 1048 2029 1120">
    <p class='ocr_par' dir='ltr' id='par_1_9' title="bbox 333 1048 2029 1120">
     <span class='ocr_line' id='line_1_9' title="bbox 333 1048 2029 1120; baseline -0.001 -18"><span class='ocrx_word' id='word_1_71' title='bbox 333 1052 539 1118; x_wconf 89' lang='lat' dir='ltr'>lutum,</span> <span class='ocrx_word' id='word_1_72' title='bbox 570 1056 626 1103; x_wconf 89' lang='lat' dir='ltr'>et</span> <span class='ocrx_word' id='word_1_73' title='bbox 652 1053 1000 1120; x_wconf 82' lang='lat' dir='ltr'>praepostero</span> <span class='ocrx_word' id='word_1_74' title='bbox 1026 1049 1201 1102; x_wconf 86' lang='lat' dir='ltr'>veluti</span> <span class='ocrx_word' id='word_1_75' title='bbox 1234 1049 1434 1102; x_wconf 81' lang='lat' dir='ltr'>ordine</span> <span class='ocrx_word' id='word_1_76' title='bbox 1458 1065 1653 1119; x_wconf 83' lang='lat' dir='ltr'>poenas</span> <span class='ocrx_word' id='word_1_77' title='bbox 1676 1048 2029 1120; x_wconf 70' lang='lat' dir='ltr'>praemiaque</span> 
     </span>
    </p>
   </div>
   <div class='ocr_carea' id='block_1_10' title="bbox 332 1140 610 1209">
    <p class='ocr_par' dir='ltr' id='par_1_10' title="bbox 332 1140 610 1209">
     <span class='ocr_line' id='line_1_10' title="bbox 332 1140 610 1209; baseline -0.004 -16"><span class='ocrx_word' id='word_1_78' title='bbox 332 1140 610 1209; x_wconf 86' lang='lat' dir='ltr'>accipere.</span> 
     </span>
    </p>
   </div>
   <div class='ocr_carea' id='block_1_11' title="bbox 697 1227 1672 1282">
    <p class='ocr_par' dir='ltr' id='par_1_11' title="bbox 697 1227 1672 1282">
     <span class='ocr_line' id='line_1_11' title="bbox 697 1227 1672 1282; baseline -0.001 -1"><span class='ocrx_word' id='word_1_79' title='bbox 697 1227 1134 1282; x_wconf 70' lang='lat' dir='ltr'>CONSOLATIO</span> <span class='ocrx_word' id='word_1_80' title='bbox 1170 1227 1672 1282; x_wconf 76' lang='lat' dir='ltr'>PHILOSOPHle</span> 
     </span>
    </p>
   </div>
   <div class='ocr_carea' id='block_1_12' title="bbox 402 1315 2028 1387">
    <p class='ocr_par' dir='ltr' id='par_1_12' title="bbox 402 1315 2028 1387">
     <span class='ocr_line' id='line_1_12' title="bbox 402 1315 2028 1387; baseline -0.004 -15"><span class='ocrx_word' id='word_1_81' title='bbox 402 1317 1111 1387; x_wconf 49' lang='lat' dir='ltr'>PostquamgPhilosophia</span> <span class='ocrx_word' id='word_1_82' title='bbox 1182 1317 1546 1386; x_wconf 71' lang='lat' dir='ltr'>praemonuit,</span> <span class='ocrx_word' id='word_1_83' title='bbox 1616 1321 1669 1370; x_wconf 88' lang='grc' dir='ltr'>1ο</span> <span class='ocrx_word' id='word_1_84' title='bbox 1733 1315 1921 1386; x_wconf 79' lang='lat' dir='ltr'>(Prosa</span> <span class='ocrx_word' id='word_1_85' title='bbox 1976 1315 2028 1384; x_wconf 94' lang='lat'>5)</span> 
     </span>
    </p>
   </div>
   <div class='ocr_carea' id='block_1_13' title="bbox 337 1403 2034 1474">
    <p class='ocr_par' dir='ltr' id='par_1_13' title="bbox 337 1403 2034 1474">
     <span class='ocr_line' id='line_1_13' title="bbox 337 1403 2034 1474; baseline -0.002 -15"><span class='ocrx_word' id='word_1_86' title='bbox 337 1407 599 1459; x_wconf 78' lang='lat' dir='ltr'>exsilium</span> <span class='ocrx_word' id='word_1_87' title='bbox 645 1407 1053 1474; x_wconf 72' lang='lat' dir='ltr'>adversamrpie</span> <span class='ocrx_word' id='word_1_88' title='bbox 1095 1405 1384 1458; x_wconf 79' lang='lat' dir='ltr'>fortunam</span> <span class='ocrx_word' id='word_1_89' title='bbox 1428 1404 1602 1459; x_wconf 88' lang='lat' dir='ltr'>Boctii</span> <span class='ocrx_word' id='word_1_90' title='bbox 1635 1405 1782 1457; x_wconf 89' lang='lat' dir='ltr'>male</span> <span class='ocrx_word' id='word_1_91' title='bbox 1822 1403 1902 1456; x_wconf 90' lang='lat' dir='ltr'>sic</span> <span class='ocrx_word' id='word_1_92' title='bbox 1935 1419 2034 1455; x_wconf 90' lang='lat' dir='ltr'>vo-</span> 
     </span>
    </p>
   </div>
   <div class='ocr_carea' id='block_1_14' title="bbox 333 1494 2034 1564">
    <p class='ocr_par' dir='ltr' id='par_1_14' title="bbox 333 1494 2034 1564">
     <span class='ocr_line' id='line_1_14' title="bbox 333 1494 2034 1564; baseline -0.003 -16"><span class='ocrx_word' id='word_1_93' title='bbox 333 1497 477 1562; x_wconf 85' lang='lat' dir='ltr'>cari;</span> <span class='ocrx_word' id='word_1_94' title='bbox 509 1500 570 1549; x_wconf 81' lang='lat'>2°</span> <span class='ocrx_word' id='word_1_95' title='bbox 618 1495 818 1564; x_wconf 79' lang='lat' dir='ltr'>(Met-ro</span> <span class='ocrx_word' id='word_1_96' title='bbox 840 1495 892 1563; x_wconf 88' lang='lat'>6)</span> <span class='ocrx_word' id='word_1_97' title='bbox 947 1500 1192 1547; x_wconf 85' lang='lat' dir='ltr'>mentem</span> <span class='ocrx_word' id='word_1_98' title='bbox 1244 1494 1419 1548; x_wconf 85' lang='lat' dir='ltr'>Boetii</span> <span class='ocrx_word' id='word_1_99' title='bbox 1449 1494 1704 1546; x_wconf 89' lang='lat' dir='ltr'>nondum</span> <span class='ocrx_word' id='word_1_100' title='bbox 1739 1508 1902 1563; x_wconf 89' lang='lat' dir='ltr'>posse</span> <span class='ocrx_word' id='word_1_101' title='bbox 1932 1508 2034 1544; x_wconf 86' lang='lat' dir='ltr'>va-</span> 
     </span>
    </p>
   </div>
   <div class='ocr_carea' id='block_1_15' title="bbox 333 1581 2030 1652">
    <p class='ocr_par' dir='ltr' id='par_1_15' title="bbox 333 1581 2030 1652">
     <span class='ocr_line' id='line_1_15' title="bbox 333 1581 2030 1652; baseline -0.004 -14"><span class='ocrx_word' id='word_1_102' title='bbox 333 1585 634 1638; x_wconf 90' lang='lat' dir='ltr'>lidioribus</span> <span class='ocrx_word' id='word_1_103' title='bbox 687 1583 954 1636; x_wconf 82' lang='lat' dir='ltr'>remediis</span> <span class='ocrx_word' id='word_1_104' title='bbox 993 1583 1211 1652; x_wconf 80' lang='lat' dir='ltr'>curari;</span> <span class='ocrx_word' id='word_1_105' title='bbox 1241 1585 1297 1636; x_wconf 85' lang='lat'>30</span> <span class='ocrx_word' id='word_1_106' title='bbox 1332 1582 1520 1652; x_wconf 84' lang='lat' dir='ltr'>(Prosa</span> <span class='ocrx_word' id='word_1_107' title='bbox 1543 1581 1594 1650; x_wconf 91' lang='lat'>6)</span> <span class='ocrx_word' id='word_1_108' title='bbox 1647 1598 1706 1634; x_wconf 89' lang='lat' dir='ltr'>se</span> <span class='ocrx_word' id='word_1_109' title='bbox 1763 1581 2030 1650; x_wconf 75' lang='lat' dir='ltr'>deinceps</span> 
     </span>
    </p>
   </div>
   <div class='ocr_carea' id='block_1_16' title="bbox 337 1669 2030 1742">
    <p class='ocr_par' dir='ltr' id='par_1_16' title="bbox 337 1669 2030 1742">
     <span class='ocr_line' id='line_1_16' title="bbox 337 1669 2030 1742; baseline -0.004 -16"><span class='ocrx_word' id='word_1_110' title='bbox 337 1690 566 1726; x_wconf 76' lang='lat' dir='ltr'>usuram</span> <span class='ocrx_word' id='word_1_111' title='bbox 605 1673 720 1740; x_wconf 87' lang='lat' dir='ltr'>illa,</span> <span class='ocrx_word' id='word_1_112' title='bbox 757 1689 884 1742; x_wconf 66' lang='lat' dir='ltr'>quin</span> <span class='ocrx_word' id='word_1_113' title='bbox 916 1679 997 1724; x_wconf 86' lang='lat' dir='ltr'>est</span> <span class='ocrx_word' id='word_1_114' title='bbox 1029 1673 1084 1724; x_wconf 90' lang='lat' dir='ltr'>in</span> <span class='ocrx_word' id='word_1_115' title='bbox 1116 1671 1334 1737; x_wconf 86' lang='lat' dir='ltr'>Boetio,</span> <span class='ocrx_word' id='word_1_116' title='bbox 1369 1687 1497 1723; x_wconf 90' lang='lat' dir='ltr'>cum</span> <span class='ocrx_word' id='word_1_117' title='bbox 1530 1671 1617 1722; x_wconf 89' lang='lat' dir='ltr'>sui</span> <span class='ocrx_word' id='word_1_118' title='bbox 1654 1675 1773 1722; x_wconf 89' lang='lat' dir='ltr'>tum</span> <span class='ocrx_word' id='word_1_119' title='bbox 1810 1669 1908 1722; x_wconf 88' lang='lat' dir='ltr'>Dei</span> <span class='ocrx_word' id='word_1_120' title='bbox 1936 1685 2030 1721; x_wconf 89' lang='lat' dir='ltr'>no-</span> 
     </span>
    </p>
   </div>
   <div class='ocr_carea' id='block_1_17' title="bbox 336 1758 2026 1832">
    <p class='ocr_par' dir='ltr' id='par_1_17' title="bbox 336 1758 2026 1832">
     <span class='ocr_line' id='line_1_17' title="bbox 336 1758 2026 1832; baseline -0.004 -17"><span class='ocrx_word' id='word_1_121' title='bbox 336 1764 509 1826; x_wconf 82' lang='lat' dir='ltr'>tione,</span> <span class='ocrx_word' id='word_1_122' title='bbox 552 1777 882 1832; x_wconf 85' lang='lat' dir='ltr'>quanquam</span> <span class='ocrx_word' id='word_1_123' title='bbox 934 1760 1125 1830; x_wconf 78' lang='lat' dir='ltr'>(Metro</span> <span class='ocrx_word' id='word_1_124' title='bbox 1160 1761 1212 1830; x_wconf 76' lang='grc' dir='ltr'>Τ)</span> <span class='ocrx_word' id='word_1_125' title='bbox 1258 1759 1782 1830; x_wconf 88' lang='lat' dir='ltr'>perturbationibus</span> <span class='ocrx_word' id='word_1_126' title='bbox 1825 1758 2026 1811; x_wconf 88' lang='lat' dir='ltr'>obscu-</span> 
     </span>
    </p>
   </div>
   <div class='ocr_carea' id='block_1_18' title="bbox 335 1847 2029 1920">
    <p class='ocr_par' dir='ltr' id='par_1_18' title="bbox 335 1847 2029 1920">
     <span class='ocr_line' id='line_1_18' title="bbox 335 1847 2029 1920; baseline -0.004 -16"><span class='ocrx_word' id='word_1_127' title='bbox 335 1857 485 1917; x_wconf 78' lang='lat' dir='ltr'>rata;</span> <span class='ocrx_word' id='word_1_128' title='bbox 526 1851 726 1903; x_wconf 85' lang='lat' dir='ltr'>eadem</span> <span class='ocrx_word' id='word_1_129' title='bbox 768 1849 1134 1920; x_wconf 84' lang='lat' dir='ltr'>Philosophia</span> <span class='ocrx_word' id='word_1_130' title='bbox 1167 1848 1274 1900; x_wconf 83' lang='lat' dir='ltr'>tria</span> <span class='ocrx_word' id='word_1_131' title='bbox 1308 1848 1600 1918; x_wconf 81' lang='lat' dir='ltr'>proponit,</span> <span class='ocrx_word' id='word_1_132' title='bbox 1635 1847 1704 1900; x_wconf 89' lang='lat' dir='ltr'>ad</span> <span class='ocrx_word' id='word_1_133' title='bbox 1729 1847 2029 1899; x_wconf 83' lang='lat' dir='ltr'>consolan-</span> 
     </span>
    </p>
   </div>
   <div class='ocr_carea' id='block_1_19' title="bbox 337 1932 2029 2008">
    <p class='ocr_par' dir='ltr' id='par_1_19' title="bbox 337 1932 2029 2008">
     <span class='ocr_line' id='line_1_19' title="bbox 337 1932 2029 2008; baseline -0.005 -15"><span class='ocrx_word' id='word_1_134' title='bbox 337 1943 473 1994; x_wconf 88' lang='lat' dir='ltr'>dum</span> <span class='ocrx_word' id='word_1_135' title='bbox 509 1940 786 2004; x_wconf 87' lang='lat' dir='ltr'>Boetium,</span> <span class='ocrx_word' id='word_1_136' title='bbox 833 1942 1303 2008; x_wconf 80' lang='lat' dir='ltr'>argumentorum</span> <span class='ocrx_word' id='word_1_137' title='bbox 1329 1953 1571 2006; x_wconf 83' lang='lat' dir='ltr'>genera;</span> <span class='ocrx_word' id='word_1_138' title='bbox 1608 1951 1851 2006; x_wconf 89' lang='lat' dir='ltr'>quorum</span> <span class='ocrx_word' id='word_1_139' title='bbox 1910 1932 2029 2004; x_wconf 82' lang='lat' dir='ltr'>pri-</span> 
     </span>
    </p>
   </div>
   <div class='ocr_carea' id='block_1_20' title="bbox 338 2023 2033 2096">
    <p class='ocr_par' dir='ltr' id='par_1_20' title="bbox 338 2023 2033 2096">
     <span class='ocr_line' id='line_1_20' title="bbox 338 2023 2033 2096; baseline -0.004 -14"><span class='ocrx_word' id='word_1_140' title='bbox 338 2046 496 2082; x_wconf 90' lang='lat' dir='ltr'>mum</span> <span class='ocrx_word' id='word_1_141' title='bbox 547 2028 815 2089; x_wconf 87' lang='lat' dir='ltr'>minoris;</span> <span class='ocrx_word' id='word_1_142' title='bbox 849 2027 1162 2080; x_wconf 89' lang='lat' dir='ltr'>secundum</span> <span class='ocrx_word' id='word_1_143' title='bbox 1202 2026 1461 2096; x_wconf 83' lang='lat' dir='ltr'>majoris;</span> <span class='ocrx_word' id='word_1_144' title='bbox 1513 2026 1748 2078; x_wconf 86' lang='lat' dir='ltr'>tertium</span> <span class='ocrx_word' id='word_1_145' title='bbox 1799 2023 2033 2076; x_wconf 63' lang='lat' dir='ltr'>maximi</span> 
     </span>
    </p>
   </div>
   <div class='ocr_carea' id='block_1_21' title="bbox 339 2115 941 2186">
    <p class='ocr_par' dir='ltr' id='par_1_21' title="bbox 339 2115 941 2186">
     <span class='ocr_line' id='line_1_21' title="bbox 339 2115 941 2186; baseline -0.007 -13"><span class='ocrx_word' id='word_1_146' title='bbox 339 2119 475 2173; x_wconf 89' lang='lat' dir='ltr'>dicit</span> <span class='ocrx_word' id='word_1_147' title='bbox 497 2134 620 2171; x_wconf 85' lang='lat' dir='ltr'>esse.</span> <span class='ocrx_word' id='word_1_148' title='bbox 650 2115 941 2186; x_wconf 86' lang='lat' dir='ltr'>ponderis.</span> 
     </span>
    </p>
   </div>
   <div class='ocr_carea' id='block_1_22' title="bbox 411 2200 2032 2275">
    <p class='ocr_par' dir='ltr' id='par_1_22' title="bbox 411 2200 2032 2275">
     <span class='ocr_line' id='line_1_22' title="bbox 411 2200 2032 2275; baseline -0.003 -17"><span class='ocrx_word' id='word_1_149' title='bbox 411 2205 623 2270; x_wconf 91' lang='lat' dir='ltr'>Primo,</span> <span class='ocrx_word' id='word_1_150' title='bbox 657 2205 862 2274; x_wconf 86' lang='lat' dir='ltr'>inquit,</span> <span class='ocrx_word' id='word_1_151' title='bbox 903 2205 1002 2275; x_wconf 89' lang='lat' dir='ltr'>qui</span> <span class='ocrx_word' id='word_1_152' title='bbox 1033 2220 1154 2258; x_wconf 87' lang='lat' dir='ltr'>sese</span> <span class='ocrx_word' id='word_1_153' title='bbox 1185 2204 1471 2258; x_wconf 81' lang='lat' dir='ltr'>commisit</span> <span class='ocrx_word' id='word_1_154' title='bbox 1496 2201 1730 2256; x_wconf 87' lang='lat' dir='ltr'>arbitrio</span> <span class='ocrx_word' id='word_1_155' title='bbox 1763 2200 2032 2266; x_wconf 61' lang='lat' dir='ltr'>domina},</span> 
     </span>
    </p>
   </div>
   <div class='ocr_carea' id='block_1_23' title="bbox 339 2290 2038 2364">
    <p class='ocr_par' dir='ltr' id='par_1_23' title="bbox 339 2290 2038 2364">
     <span class='ocr_line' id='line_1_23' title="bbox 339 2290 2038 2364; baseline -0.004 -18"><span class='ocrx_word' id='word_1_156' title='bbox 339 2309 508 2364; x_wconf 87' lang='lat' dir='ltr'>quam</span> <span class='ocrx_word' id='word_1_157' title='bbox 545 2294 702 2346; x_wconf 91' lang='lat' dir='ltr'>novit</span> <span class='ocrx_word' id='word_1_158' title='bbox 750 2300 867 2347; x_wconf 91' lang='lat' dir='ltr'>tam</span> <span class='ocrx_word' id='word_1_159' title='bbox 895 2294 1334 2358; x_wconf 90' lang='lat' dir='ltr'>inconstentem,</span> <span class='ocrx_word' id='word_1_160' title='bbox 1359 2309 1530 2362; x_wconf 89' lang='lat' dir='ltr'>quam</span> <span class='ocrx_word' id='word_1_161' title='bbox 1563 2290 1931 2354; x_wconf 88' lang='lat' dir='ltr'>allicientem,</span> <span class='ocrx_word' id='word_1_162' title='bbox 1982 2291 2038 2340; x_wconf 89' lang='lat' dir='ltr'>et</span> 
     </span>
    </p>
   </div>
   <div class='ocr_carea' id='block_1_24' title="bbox 341 2380 2038 2452">
    <p class='ocr_par' dir='ltr' id='par_1_24' title="bbox 341 2380 2038 2452">
     <span class='ocr_line' id='line_1_24' title="bbox 341 2380 2038 2452; baseline -0.003 -18"><span class='ocrx_word' id='word_1_163' title='bbox 341 2383 474 2434; x_wconf 86' lang='lat' dir='ltr'>mali</span> <span class='ocrx_word' id='word_1_164' title='bbox 511 2399 622 2435; x_wconf 90' lang='lat' dir='ltr'>non</span> <span class='ocrx_word' id='word_1_165' title='bbox 654 2382 841 2436; x_wconf 90' lang='lat' dir='ltr'>rarius</span> <span class='ocrx_word' id='word_1_166' title='bbox 879 2399 1052 2452; x_wconf 88' lang='lat' dir='ltr'>quam</span> <span class='ocrx_word' id='word_1_167' title='bbox 1095 2381 1571 2451; x_wconf 89' lang='lat' dir='ltr'>boniparentem,</span> <span class='ocrx_word' id='word_1_168' title='bbox 1606 2380 1796 2432; x_wconf 90' lang='lat' dir='ltr'>iscum</span> <span class='ocrx_word' id='word_1_169' title='bbox 1825 2395 1888 2430; x_wconf 87' lang='lat' dir='ltr'>ea</span> <span class='ocrx_word' id='word_1_170' title='bbox 1921 2393 2038 2430; x_wconf 91' lang='lat' dir='ltr'>non</span> 
     </span>
    </p>
   </div>
   <div class='ocr_carea' id='block_1_25' title="bbox 341 2466 2038 2540">
    <p class='ocr_par' dir='ltr' id='par_1_25' title="bbox 341 2466 2038 2540">
     <span class='ocr_line' id='line_1_25' title="bbox 341 2466 2038 2540; baseline -0.004 -16"><span class='ocrx_word' id='word_1_171' title='bbox 341 2471 510 2525; x_wconf 86' lang='lat' dir='ltr'>debet</span> <span class='ocrx_word' id='word_1_172' title='bbox 535 2470 806 2540; x_wconf 84' lang='lat' dir='ltr'>conqueri</span> <span class='ocrx_word' id='word_1_173' title='bbox 840 2471 908 2524; x_wconf 90' lang='lat' dir='ltr'>de</span> <span class='ocrx_word' id='word_1_174' title='bbox 934 2471 1082 2523; x_wconf 91' lang='lat' dir='ltr'>malo</span> <span class='ocrx_word' id='word_1_175' title='bbox 1106 2469 1219 2524; x_wconf 89' lang='lat' dir='ltr'>sibi</span> <span class='ocrx_word' id='word_1_176' title='bbox 1251 2470 1428 2535; x_wconf 88' lang='lat' dir='ltr'>illato,</span> <span class='ocrx_word' id='word_1_177' title='bbox 1461 2468 1780 2538; x_wconf 73' lang='lat' dir='ltr'>praesertim</span> <span class='ocrx_word' id='word_1_178' title='bbox 1805 2466 1851 2520; x_wconf 91' lang='lat' dir='ltr'>si</span> <span class='ocrx_word' id='word_1_179' title='bbox 1909 2467 2038 2536; x_wconf 87' lang='lat' dir='ltr'>plus</span> 
     </span>
    </p>
   </div>
   <div class='ocr_carea' id='block_1_26' title="bbox 339 2555 2035 2629">
    <p class='ocr_par' dir='ltr' id='par_1_26' title="bbox 339 2555 2035 2629">
     <span class='ocr_line' id='line_1_26' title="bbox 339 2555 2035 2629; baseline -0.003 -16"><span class='ocrx_word' id='word_1_180' title='bbox 339 2559 484 2614; x_wconf 87' lang='lat' dir='ltr'>boni</span> <span class='ocrx_word' id='word_1_181' title='bbox 524 2576 697 2629; x_wconf 87' lang='lat' dir='ltr'>quam</span> <span class='ocrx_word' id='word_1_182' title='bbox 729 2559 865 2612; x_wconf 87' lang='lat' dir='ltr'>mali</span> <span class='ocrx_word' id='word_1_183' title='bbox 888 2559 958 2611; x_wconf 92' lang='lat' dir='ltr'>ab</span> <span class='ocrx_word' id='word_1_184' title='bbox 977 2560 1185 2612; x_wconf 82' lang='lat' dir='ltr'>eadem</span> <span class='ocrx_word' id='word_1_185' title='bbox 1218 2558 1502 2628; x_wconf 89' lang='lat' dir='ltr'>acceperit</span> <span class='ocrx_word' id='word_1_186' title='bbox 1533 2575 1544 2610; x_wconf 87' lang='lat'>:</span> <span class='ocrx_word' id='word_1_187' title='bbox 1580 2556 1845 2610; x_wconf 89' lang='lat' dir='ltr'>dominus</span> <span class='ocrx_word' id='word_1_188' title='bbox 1879 2555 2035 2608; x_wconf 91' lang='lat' dir='ltr'>enim</span> 
     </span>
    </p>
   </div>
   <div class='ocr_carea' id='block_1_27' title="bbox 343 2643 2036 2717">
    <p class='ocr_par' dir='ltr' id='par_1_27' title="bbox 343 2643 2036 2717">
     <span class='ocr_line' id='line_1_27' title="bbox 343 2643 2036 2717; baseline -0.003 -16"><span class='ocrx_word' id='word_1_189' title='bbox 343 2653 398 2702; x_wconf 87' lang='lat' dir='ltr'>et</span> <span class='ocrx_word' id='word_1_190' title='bbox 430 2646 664 2701; x_wconf 89' lang='lat' dir='ltr'>domina</span> <span class='ocrx_word' id='word_1_191' title='bbox 695 2647 908 2717; x_wconf 89' lang='lat' dir='ltr'>absque</span> <span class='ocrx_word' id='word_1_192' title='bbox 942 2648 1057 2700; x_wconf 89' lang='lat' dir='ltr'>ulla</span> <span class='ocrx_word' id='word_1_193' title='bbox 1085 2646 1362 2715; x_wconf 89' lang='lat' dir='ltr'>mancipii</span> <span class='ocrx_word' id='word_1_194' title='bbox 1393 2644 1607 2716; x_wconf 85' lang='lat' dir='ltr'>injuria</span> <span class='ocrx_word' id='word_1_195' title='bbox 1635 2661 1736 2698; x_wconf 90' lang='lat' dir='ltr'>suo</span> <span class='ocrx_word' id='word_1_196' title='bbox 1769 2644 1898 2714; x_wconf 88' lang='lat' dir='ltr'>jure</span> <span class='ocrx_word' id='word_1_197' title='bbox 1951 2643 2036 2696; x_wconf 87' lang='lat' dir='ltr'>uti</span> 
     </span>
    </p>
   </div>
   <div class='ocr_carea' id='block_1_28' title="bbox 342 2733 2034 2807">
    <p class='ocr_par' dir='ltr' id='par_1_28' title="bbox 342 2733 2034 2807">
     <span class='ocr_line' id='line_1_28' title="bbox 342 2733 2034 2807; baseline -0.002 -19"><span class='ocrx_word' id='word_1_198' title='bbox 342 2741 579 2807; x_wconf 88' lang='lat' dir='ltr'>possunt</span> <span class='ocrx_word' id='word_1_199' title='bbox 621 2752 762 2789; x_wconf 92' lang='lat' dir='ltr'>:nec</span> <span class='ocrx_word' id='word_1_200' title='bbox 789 2735 1160 2804; x_wconf 87' lang='lat' dir='ltr'>mancipium,</span> <span class='ocrx_word' id='word_1_201' title='bbox 1197 2734 1348 2804; x_wconf 90' lang='lat' dir='ltr'>quod</span> <span class='ocrx_word' id='word_1_202' title='bbox 1380 2736 1527 2787; x_wconf 90' lang='lat' dir='ltr'>male</span> <span class='ocrx_word' id='word_1_203' title='bbox 1558 2733 1742 2803; x_wconf 82' lang='lat' dir='ltr'>excipi</span> <span class='ocrx_word' id='word_1_204' title='bbox 1794 2736 2034 2802; x_wconf 89' lang='lat' dir='ltr'>poterat,</span> 
     </span>
    </p>
   </div>
   <div class='ocr_carea' id='block_1_29' title="bbox 347 2823 1680 2895">
    <p class='ocr_par' dir='ltr' id='par_1_29' title="bbox 347 2823 1680 2895">
     <span class='ocr_line' id='line_1_29' title="bbox 347 2823 1680 2895; baseline -0.002 -17"><span class='ocrx_word' id='word_1_205' title='bbox 347 2825 624 2895; x_wconf 87' lang='lat' dir='ltr'>conqueri</span> <span class='ocrx_word' id='word_1_206' title='bbox 654 2829 775 2878; x_wconf 89' lang='lat' dir='ltr'>tum</span> <span class='ocrx_word' id='word_1_207' title='bbox 811 2828 1020 2895; x_wconf 86' lang='lat' dir='ltr'>potest,</span> <span class='ocrx_word' id='word_1_208' title='bbox 1053 2840 1182 2876; x_wconf 91' lang='lat' dir='ltr'>cum</span> <span class='ocrx_word' id='word_1_209' title='bbox 1213 2824 1358 2877; x_wconf 87' lang='lat' dir='ltr'>bene</span> <span class='ocrx_word' id='word_1_210' title='bbox 1386 2823 1680 2893; x_wconf 80' lang='lat' dir='ltr'>excipitur.</span> 
     </span>
    </p>
   </div>
   <div class='ocr_carea' id='block_1_30' title="bbox 413 2909 2038 2984">
    <p class='ocr_par' dir='ltr' id='par_1_30' title="bbox 413 2909 2038 2984">
     <span class='ocr_line' id='line_1_30' title="bbox 413 2909 2038 2984; baseline -0.004 -16"><span class='ocrx_word' id='word_1_211' title='bbox 413 2915 528 2968; x_wconf 84' lang='lat' dir='ltr'>LIB.</span> <span class='ocrx_word' id='word_1_212' title='bbox 567 2931 626 2967; x_wconf 81' lang='grc' dir='ltr'>ιι.</span> <span class='ocrx_word' id='word_1_213' title='bbox 655 2945 723 2953; x_wconf 87' lang='lat'><strong>—</strong></span> <span class='ocrx_word' id='word_1_214' title='bbox 753 2913 926 2984; x_wconf 78' lang='lat' dir='ltr'>Atqui</span> <span class='ocrx_word' id='word_1_215' title='bbox 956 2917 1038 2979; x_wconf 84' lang='lat' dir='ltr'>tu,</span> <span class='ocrx_word' id='word_1_216' title='bbox 1064 2930 1096 2965; x_wconf 88' lang='grc' dir='ltr'>ο</span> <span class='ocrx_word' id='word_1_217' title='bbox 1123 2912 1297 2976; x_wconf 88' lang='lat' dir='ltr'>Boeti,</span> <span class='ocrx_word' id='word_1_218' title='bbox 1318 2914 1398 2980; x_wconf 54' lang='lat' dir='ltr'>{te</span> <span class='ocrx_word' id='word_1_219' title='bbox 1430 2911 1770 2966; x_wconf 89' lang='lat' dir='ltr'>commisisti</span> <span class='ocrx_word' id='word_1_220' title='bbox 1789 2909 2038 2980; x_wconf 34' lang='lat' dir='ltr'>Larbitrio</span> 
     </span>
    </p>
   </div>
   <div class='ocr_carea' id='block_1_31' title="bbox 343 2999 2041 3074">
    <p class='ocr_par' dir='ltr' id='par_1_31' title="bbox 343 2999 2041 3074">
     <span class='ocr_line' id='line_1_31' title="bbox 343 2999 2041 3074; baseline -0.004 -16"><span class='ocrx_word' id='word_1_221' title='bbox 343 3004 535 3074; x_wconf 86' lang='lat' dir='ltr'>(Prosa</span> <span class='ocrx_word' id='word_1_222' title='bbox 564 3003 611 3072; x_wconf 85' lang='lat' dir='ltr'>l)</span> <span class='ocrx_word' id='word_1_223' title='bbox 669 3003 912 3056; x_wconf 64' lang='lat' dir='ltr'>fortuna:</span> <span class='ocrx_word' id='word_1_224' title='bbox 950 3017 1124 3072; x_wconf 88' lang='lat' dir='ltr'>quam</span> <span class='ocrx_word' id='word_1_225' title='bbox 1173 3000 1322 3054; x_wconf 88' lang='lat' dir='ltr'>nosti</span> <span class='ocrx_word' id='word_1_226' title='bbox 1370 3001 1561 3070; x_wconf 73' lang='lat' dir='ltr'>(Metro</span> <span class='ocrx_word' id='word_1_227' title='bbox 1603 3001 1649 3072; x_wconf 95' lang='grc'>1)</span> <span class='ocrx_word' id='word_1_228' title='bbox 1707 2999 2041 3054; x_wconf 84' lang='lat' dir='ltr'>naturaliter</span> 
     </span>
    </p>
   </div>
   <div class='ocr_carea' id='block_1_32' title="bbox 341 3089 2037 3161">
    <p class='ocr_par' dir='ltr' id='par_1_32' title="bbox 341 3089 2037 3161">
     <span class='ocr_line' id='line_1_32' title="bbox 341 3089 2037 3161; baseline -0.004 -15"><span class='ocrx_word' id='word_1_229' title='bbox 341 3097 458 3146; x_wconf 88' lang='lat' dir='ltr'>tam</span> <span class='ocrx_word' id='word_1_230' title='bbox 486 3092 675 3161; x_wconf 87' lang='lat' dir='ltr'>(Prosa</span> <span class='ocrx_word' id='word_1_231' title='bbox 696 3091 748 3160; x_wconf 86' lang='lat'>2)</span> <span class='ocrx_word' id='word_1_232' title='bbox 785 3092 1224 3155; x_wconf 88' lang='lat' dir='ltr'>inconstantem,</span> <span class='ocrx_word' id='word_1_233' title='bbox 1264 3106 1436 3160; x_wconf 90' lang='lat' dir='ltr'>quam</span> <span class='ocrx_word' id='word_1_234' title='bbox 1470 3091 1664 3160; x_wconf 83' lang='lat' dir='ltr'>(Metro</span> <span class='ocrx_word' id='word_1_235' title='bbox 1694 3090 1748 3161; x_wconf 88' lang='lat'>2)</span> <span class='ocrx_word' id='word_1_236' title='bbox 1786 3089 2037 3142; x_wconf 82' lang='lat' dir='ltr'>allicien-</span> 
     </span>
    </p>
   </div>
   <div class='ocr_carea' id='block_1_33' title="bbox 341 3176 2040 3250">
    <p class='ocr_par' dir='ltr' id='par_1_33' title="bbox 341 3176 2040 3250">
     <span class='ocr_line' id='line_1_33' title="bbox 341 3176 2040 3250; baseline -0.003 -16"><span class='ocrx_word' id='word_1_237' title='bbox 341 3184 459 3234; x_wconf 86' lang='lat' dir='ltr'>tem</span> <span class='ocrx_word' id='word_1_238' title='bbox 490 3180 627 3233; x_wconf 92' lang='lat' dir='ltr'>boni</span> <span class='ocrx_word' id='word_1_239' title='bbox 662 3180 908 3250; x_wconf 88' lang='lat' dir='ltr'>malique</span> <span class='ocrx_word' id='word_1_240' title='bbox 930 3180 1243 3242; x_wconf 89' lang='lat' dir='ltr'>dominam,</span> <span class='ocrx_word' id='word_1_241' title='bbox 1278 3183 1334 3232; x_wconf 89' lang='lat' dir='ltr'>et</span> <span class='ocrx_word' id='word_1_242' title='bbox 1355 3195 1386 3231; x_wconf 90' lang='lat' dir='ltr'>a</span> <span class='ocrx_word' id='word_1_243' title='bbox 1417 3179 1668 3248; x_wconf 87' lang='lat' dir='ltr'>quaplus</span> <span class='ocrx_word' id='word_1_244' title='bbox 1691 3178 1826 3231; x_wconf 91' lang='lat' dir='ltr'>boni</span> <span class='ocrx_word' id='word_1_245' title='bbox 1849 3176 2040 3248; x_wconf 86' lang='lat' dir='ltr'>(Prosa</span> 
     </span>
    </p>
   </div>
   <div class='ocr_carea' id='block_1_34' title="bbox 342 3265 2037 3338">
    <p class='ocr_par' dir='ltr' id='par_1_34' title="bbox 342 3265 2037 3338">
     <span class='ocr_line' id='line_1_34' title="bbox 342 3265 2037 3338; baseline -0.004 -16"><span class='ocrx_word' id='word_1_246' title='bbox 342 3272 377 3323; x_wconf 90' lang='lat'><strong>3</strong></span> <span class='ocrx_word' id='word_1_247' title='bbox 408 3275 457 3321; x_wconf 77' lang='lat' dir='ltr'>et</span> <span class='ocrx_word' id='word_1_248' title='bbox 489 3271 653 3322; x_wconf 82' lang='lat' dir='ltr'>Metro</span> <span class='ocrx_word' id='word_1_249' title='bbox 684 3268 736 3338; x_wconf 92' lang='lat'>3)</span> <span class='ocrx_word' id='word_1_250' title='bbox 772 3268 1037 3337; x_wconf 80' lang='lat' dir='ltr'>accepisti</span> <span class='ocrx_word' id='word_1_251' title='bbox 1067 3283 1240 3337; x_wconf 90' lang='lat' dir='ltr'>quam</span> <span class='ocrx_word' id='word_1_252' title='bbox 1273 3267 1406 3320; x_wconf 90' lang='lat' dir='ltr'>mali</span> <span class='ocrx_word' id='word_1_253' title='bbox 1442 3283 1454 3318; x_wconf 87' lang='lat'>:</span> <span class='ocrx_word' id='word_1_254' title='bbox 1491 3283 1643 3327; x_wconf 86' lang='lat' dir='ltr'>cum,</span> <span class='ocrx_word' id='word_1_255' title='bbox 1677 3266 1874 3318; x_wconf 88' lang='lat' dir='ltr'>eadem</span> <span class='ocrx_word' id='word_1_256' title='bbox 1929 3265 2037 3317; x_wconf 85' lang='lat' dir='ltr'>for-</span> 
     </span>
    </p>
   </div>
   <div class='ocr_carea' id='block_1_35' title="bbox 347 3354 2036 3425">
    <p class='ocr_par' dir='ltr' id='par_1_35' title="bbox 347 3354 2036 3425">
     <span class='ocr_line' id='line_1_35' title="bbox 347 3354 2036 3425; baseline -0.002 -15"><span class='ocrx_word' id='word_1_257' title='bbox 347 3362 486 3410; x_wconf 87' lang='lat' dir='ltr'>tuna</span> <span class='ocrx_word' id='word_1_258' title='bbox 533 3356 694 3421; x_wconf 91' lang='lat' dir='ltr'>duce,</span> <span class='ocrx_word' id='word_1_259' title='bbox 753 3356 1056 3424; x_wconf 88' lang='lat' dir='ltr'>acceperis,</span> <span class='ocrx_word' id='word_1_260' title='bbox 1110 3372 1255 3425; x_wconf 92' lang='lat' dir='ltr'>puer</span> <span class='ocrx_word' id='word_1_261' title='bbox 1313 3356 1569 3425; x_wconf 90' lang='lat' dir='ltr'>optiman</span> <span class='ocrx_word' id='word_1_262' title='bbox 1617 3354 2036 3420; x_wconf 84' lang='lat' dir='ltr'>educationem,</span> 
     </span>
    </p>
   </div>
   <div class='ocr_carea' id='block_1_36' title="bbox 348 3443 2038 3517">
    <p class='ocr_par' dir='ltr' id='par_1_36' title="bbox 348 3443 2038 3517">
     <span class='ocr_line' id='line_1_36' title="bbox 348 3443 2038 3517; baseline -0.002 -19"><span class='ocrx_word' id='word_1_263' title='bbox 348 3445 670 3498; x_wconf 87' lang='lat' dir='ltr'>adolescens</span> <span class='ocrx_word' id='word_1_264' title='bbox 711 3460 962 3497; x_wconf 88' lang='lat' dir='ltr'>summos</span> <span class='ocrx_word' id='word_1_265' title='bbox 1011 3445 1273 3509; x_wconf 86' lang='lat' dir='ltr'>honores,</span> <span class='ocrx_word' id='word_1_266' title='bbox 1316 3445 1400 3496; x_wconf 91' lang='lat' dir='ltr'>vir</span> <span class='ocrx_word' id='word_1_267' title='bbox 1431 3443 1712 3513; x_wconf 90' lang='lat' dir='ltr'>optimum</span> <span class='ocrx_word' id='word_1_268' title='bbox 1755 3458 2038 3517; x_wconf 83' lang='lat' dir='ltr'>socerum,</span> 
     </span>
    </p>
   </div>
   <div class='ocr_carea' id='block_1_37' title="bbox 348 3531 2042 3603">
    <p class='ocr_par' dir='ltr' id='par_1_37' title="bbox 348 3531 2042 3603">
     <span class='ocr_line' id='line_1_37' title="bbox 348 3531 2042 3603; baseline -0.001 -17"><span class='ocrx_word' id='word_1_269' title='bbox 348 3533 627 3603; x_wconf 84' lang='lat' dir='ltr'>Optimam</span> <span class='ocrx_word' id='word_1_270' title='bbox 660 3548 920 3598; x_wconf 81' lang='lat' dir='ltr'>uxorem,</span> <span class='ocrx_word' id='word_1_271' title='bbox 957 3533 1207 3601; x_wconf 89' lang='lat' dir='ltr'>optimos</span> <span class='ocrx_word' id='word_1_272' title='bbox 1233 3532 1467 3598; x_wconf 92' lang='lat' dir='ltr'>liberos,</span> <span class='ocrx_word' id='word_1_273' title='bbox 1489 3536 1562 3597; x_wconf 92' lang='lat' dir='ltr'>et,</span> <span class='ocrx_word' id='word_1_274' title='bbox 1598 3531 1750 3602; x_wconf 90' lang='lat' dir='ltr'>quod</span> <span class='ocrx_word' id='word_1_275' title='bbox 1772 3535 2042 3601; x_wconf 57' lang='lat' dir='ltr'>praestan—</span> 
     </span>
    </p>
   </div>
   <div class='ocr_carea' id='block_1_38' title="bbox 345 3619 2037 3691">
    <p class='ocr_par' dir='ltr' id='par_1_38' title="bbox 345 3619 2037 3691">
     <span class='ocr_line' id='line_1_38' title="bbox 345 3619 2037 3691; baseline -0.001 -16"><span class='ocrx_word' id='word_1_276' title='bbox 345 3621 629 3676; x_wconf 90' lang='lat' dir='ltr'>tissimum</span> <span class='ocrx_word' id='word_1_277' title='bbox 658 3627 761 3689; x_wconf 90' lang='lat' dir='ltr'>est,</span> <span class='ocrx_word' id='word_1_278' title='bbox 805 3621 1086 3691; x_wconf 89' lang='lat' dir='ltr'>optimum</span> <span class='ocrx_word' id='word_1_279' title='bbox 1118 3637 1345 3690; x_wconf 85' lang='lat' dir='ltr'>semper</span> <span class='ocrx_word' id='word_1_280' title='bbox 1373 3620 1650 3687; x_wconf 87' lang='lat' dir='ltr'>animum,</span> <span class='ocrx_word' id='word_1_281' title='bbox 1708 3620 1914 3691; x_wconf 86' lang='lat' dir='ltr'>quibus</span> <span class='ocrx_word' id='word_1_282' title='bbox 1947 3619 2037 3674; x_wconf 89' lang='lat' dir='ltr'>di-</span> 
     </span>
    </p>
   </div>
   <div class='ocr_carea' id='block_1_39' title="bbox 347 3708 2042 3779">
    <p class='ocr_par' dir='ltr' id='par_1_39' title="bbox 347 3708 2042 3779">
     <span class='ocr_line' id='line_1_39' title="bbox 347 3708 2042 3779; baseline -0.001 -17"><span class='ocrx_word' id='word_1_283' title='bbox 347 3725 502 3762; x_wconf 83' lang='lat' dir='ltr'>scere</span> <span class='ocrx_word' id='word_1_284' title='bbox 554 3709 811 3779; x_wconf 84' lang='lat' dir='ltr'>potuisti,</span> <span class='ocrx_word' id='word_1_285' title='bbox 840 3710 962 3779; x_wconf 88' lang='lat' dir='ltr'>pari</span> <span class='ocrx_word' id='word_1_286' title='bbox 995 3709 1302 3779; x_wconf 87' lang='lat' dir='ltr'>prudentia</span> <span class='ocrx_word' id='word_1_287' title='bbox 1333 3713 1388 3762; x_wconf 86' lang='lat' dir='ltr'>et</span> <span class='ocrx_word' id='word_1_288' title='bbox 1420 3725 1672 3762; x_wconf 90' lang='lat' dir='ltr'>summas</span> <span class='ocrx_word' id='word_1_289' title='bbox 1703 3714 1757 3762; x_wconf 89' lang='lat' dir='ltr'>et</span> <span class='ocrx_word' id='word_1_290' title='bbox 1812 3708 2042 3762; x_wconf 85' lang='lat' dir='ltr'>inﬁmas</span> 
     </span>
    </p>
   </div>
   <div class='ocr_carea' id='block_1_40' title="bbox 348 3797 1459 3867">
    <p class='ocr_par' dir='ltr' id='par_1_40' title="bbox 348 3797 1459 3867">
     <span class='ocr_line' id='line_1_40' title="bbox 348 3797 1459 3867; baseline 0 -17"><span class='ocrx_word' id='word_1_291' title='bbox 348 3797 702 3851; x_wconf 89' lang='lat' dir='ltr'>conditiones</span> <span class='ocrx_word' id='word_1_292' title='bbox 733 3797 953 3851; x_wconf 89' lang='lat' dir='ltr'>homini</span> <span class='ocrx_word' id='word_1_293' title='bbox 987 3813 1106 3850; x_wconf 88' lang='lat' dir='ltr'>esse</span> <span class='ocrx_word' id='word_1_294' title='bbox 1138 3797 1459 3867; x_wconf 83' lang='lat' dir='ltr'>fugiendas.</span> 
     </span>
    </p>
   </div>
   <div class='ocr_carea' id='block_1_41' title="bbox 420 3885 2036 3957">
    <p class='ocr_par' dir='ltr' id='par_1_41' title="bbox 420 3885 2036 3957">
     <span class='ocr_line' id='line_1_41' title="bbox 420 3885 2036 3957; baseline 0 -17"><span class='ocrx_word' id='word_1_295' title='bbox 420 3887 699 3945; x_wconf 82' lang='lat' dir='ltr'>Secundo.</span> <span class='ocrx_word' id='word_1_296' title='bbox 732 3887 935 3956; x_wconf 87' lang='lat' dir='ltr'>inquit.</span> <span class='ocrx_word' id='word_1_297' title='bbox 983 3903 1085 3940; x_wconf 92' lang='lat' dir='ltr'>nec</span> <span class='ocrx_word' id='word_1_298' title='bbox 1116 3892 1201 3940; x_wconf 90' lang='lat' dir='ltr'>est</span> <span class='ocrx_word' id='word_1_299' title='bbox 1224 3888 1378 3957; x_wconf 84' lang='lat' dir='ltr'>justa</span> <span class='ocrx_word' id='word_1_300' title='bbox 1399 3885 1950 3957; x_wconf 90' lang='lat' dir='ltr'>eonquerendiratio</span> <span class='ocrx_word' id='word_1_301' title='bbox 1969 3885 2036 3940; x_wconf 87' lang='lat' dir='ltr'>de</span> 
     </span>
    </p>
   </div>
   <div class='ocr_carea' id='block_1_42' title="bbox 348 3975 2041 4047">
    <p class='ocr_par' dir='ltr' id='par_1_42' title="bbox 348 3975 2041 4047">
     <span class='ocr_line' id='line_1_42' title="bbox 348 3975 2041 4047; baseline -0.001 -18"><span class='ocrx_word' id='word_1_302' title='bbox 348 3976 568 4030; x_wconf 87' lang='lat' dir='ltr'>amissis</span> <span class='ocrx_word' id='word_1_303' title='bbox 597 3977 686 4043; x_wconf 89' lang='lat' dir='ltr'>iis,</span> <span class='ocrx_word' id='word_1_304' title='bbox 720 3993 847 4046; x_wconf 72' lang='lat' dir='ltr'>quae</span> <span class='ocrx_word' id='word_1_305' title='bbox 879 3979 1102 4030; x_wconf 88' lang='lat' dir='ltr'>tantum</span> <span class='ocrx_word' id='word_1_306' title='bbox 1130 3975 1306 4042; x_wconf 87' lang='lat' dir='ltr'>abest,</span> <span class='ocrx_word' id='word_1_307' title='bbox 1342 3981 1404 4029; x_wconf 90' lang='lat' dir='ltr'>ut</span> <span class='ocrx_word' id='word_1_308' title='bbox 1433 3977 1580 4030; x_wconf 90' lang='lat' dir='ltr'>bona</span> <span class='ocrx_word' id='word_1_309' title='bbox 1610 3977 1744 4043; x_wconf 86' lang='lat' dir='ltr'>sint,</span> <span class='ocrx_word' id='word_1_310' title='bbox 1769 3980 1832 4029; x_wconf 87' lang='lat' dir='ltr'>ut</span> <span class='ocrx_word' id='word_1_311' title='bbox 1851 3976 2041 4047; x_wconf 88' lang='lat' dir='ltr'>potius</span> 
     </span>
    </p>
   </div>
   <div class='ocr_carea' id='block_1_43' title="bbox 349 4065 2037 4136">
    <p class='ocr_par' dir='ltr' id='par_1_43' title="bbox 349 4065 2037 4136">
     <span class='ocr_line' id='line_1_43' title="bbox 349 4065 2037 4136; baseline -0.001 -18"><span class='ocrx_word' id='word_1_312' title='bbox 349 4067 462 4119; x_wconf 88' lang='lat' dir='ltr'>sint.</span> <span class='ocrx_word' id='word_1_313' title='bbox 518 4066 668 4119; x_wconf 89' lang='lat' dir='ltr'>mala</span> <span class='ocrx_word' id='word_1_314' title='bbox 724 4067 990 4120; x_wconf 76' lang='lat' dir='ltr'>humanae</span> <span class='ocrx_word' id='word_1_315' title='bbox 1053 4065 1297 4119; x_wconf 88' lang='lat' dir='ltr'>mentis:</span> <span class='ocrx_word' id='word_1_316' title='bbox 1367 4065 1584 4119; x_wconf 85' lang='lat' dir='ltr'>bonum</span> <span class='ocrx_word' id='word_1_317' title='bbox 1647 4065 1860 4136; x_wconf 89' lang='lat' dir='ltr'>quippe</span> <span class='ocrx_word' id='word_1_318' title='bbox 1933 4069 2037 4131; x_wconf 86' lang='lat' dir='ltr'>est,</span> 
     </span>
    </p>
   </div>
   <div class='ocr_carea' id='block_1_44' title="bbox 348 4153 2042 4226">
    <p class='ocr_par' dir='ltr' id='par_1_44' title="bbox 348 4153 2042 4226">
     <span class='ocr_line' id='line_1_44' title="bbox 348 4153 2042 4226; baseline 0.001 -19"><span class='ocrx_word' id='word_1_319' title='bbox 348 4156 607 4226; x_wconf 88' lang='lat' dir='ltr'>adeoque</span> <span class='ocrx_word' id='word_1_320' title='bbox 639 4155 838 4226; x_wconf 76' lang='lat' dir='ltr'>gratiae</span> <span class='ocrx_word' id='word_1_321' title='bbox 871 4155 1084 4226; x_wconf 85' lang='lat' dir='ltr'>potius,</span> <span class='ocrx_word' id='word_1_322' title='bbox 1123 4171 1294 4226; x_wconf 88' lang='lat' dir='ltr'>quam</span> <span class='ocrx_word' id='word_1_323' title='bbox 1326 4155 1572 4226; x_wconf 63' lang='lat' dir='ltr'>querelae</span> <span class='ocrx_word' id='word_1_324' title='bbox 1605 4170 1792 4220; x_wconf 89' lang='lat' dir='ltr'>causa,</span> <span class='ocrx_word' id='word_1_325' title='bbox 1828 4153 2042 4224; x_wconf 89' lang='lat' dir='ltr'>privari</span> 
     </span>
    </p>
   </div>
   <div class='ocr_carea' id='block_1_45' title="bbox 349 4245 533 4298">
    <p class='ocr_par' dir='ltr' id='par_1_45' title="bbox 349 4245 533 4298">
     <span class='ocr_line' id='line_1_45' title="bbox 349 4245 533 4298; baseline -0.011 0"><span class='ocrx_word' id='word_1_326' title='bbox 349 4245 533 4298; x_wconf 88' lang='lat' dir='ltr'>malis.</span> 
     </span>
    </p>
   </div>
   <div class='ocr_carea' id='block_1_46' title="bbox 2139 514 2808 569">
    <p class='ocr_par' dir='ltr' id='par_1_46' title="bbox 2139 514 2808 569">
     <span class='ocr_line' id='line_1_46' title="bbox 2139 514 2808 569; baseline 0 -3"><span class='ocrx_word' id='word_1_327' title='bbox 2139 531 2258 568; x_wconf 89' lang='lat' dir='ltr'>rem</span> <span class='ocrx_word' id='word_1_328' title='bbox 2294 514 2551 569; x_wconf 89' lang='lat' dir='ltr'>divinum</span> <span class='ocrx_word' id='word_1_329' title='bbox 2589 514 2808 568; x_wconf 82' lang='lat' dir='ltr'>excitet.</span> 
     </span>
    </p>
   </div>
   <div class='ocr_carea' id='block_1_47' title="bbox 2210 601 3821 668">
    <p class='ocr_par' dir='ltr' id='par_1_47' title="bbox 2210 601 3821 668">
     <span class='ocr_line' id='line_1_47' title="bbox 2210 601 3821 668; baseline 0.001 -12"><span class='ocrx_word' id='word_1_330' title='bbox 2210 604 2324 657; x_wconf 81' lang='lat' dir='ltr'>Lm.</span> <span class='ocrx_word' id='word_1_331' title='bbox 2359 619 2437 658; x_wconf 84' lang='lat' dir='ltr'>iu.</span> <span class='ocrx_word' id='word_1_332' title='bbox 2470 634 2537 642; x_wconf 83' lang='lat'>-—</span> <span class='ocrx_word' id='word_1_333' title='bbox 2565 606 2634 656; x_wconf 86' lang='lat' dir='ltr'>At</span> <span class='ocrx_word' id='word_1_334' title='bbox 2681 603 2790 656; x_wconf 89' lang='lat' dir='ltr'>nisi</span> <span class='ocrx_word' id='word_1_335' title='bbox 2821 603 2942 656; x_wconf 74' lang='lat' dir='ltr'>haec</span> <span class='ocrx_word' id='word_1_336' title='bbox 2991 601 3337 656; x_wconf 86' lang='lat' dir='ltr'>concesseris</span> <span class='ocrx_word' id='word_1_337' title='bbox 3368 619 3489 656; x_wconf 89' lang='lat' dir='ltr'>esse</span> <span class='ocrx_word' id='word_1_338' title='bbox 3545 604 3704 668; x_wconf 86' lang='lat' dir='ltr'>mala,</span> <span class='ocrx_word' id='word_1_339' title='bbox 3743 605 3821 658; x_wconf 61' lang='lat' dir='ltr'>fat</span> 
     </span>
    </p>
   </div>
   <div class='ocr_carea' id='block_1_48' title="bbox 2137 691 3823 760">
    <p class='ocr_par' dir='ltr' id='par_1_48' title="bbox 2137 691 3823 760">
     <span class='ocr_line' id='line_1_48' title="bbox 2137 691 3823 760; baseline 0.001 -14"><span class='ocrx_word' id='word_1_340' title='bbox 2137 693 2308 746; x_wconf 85' lang='lat' dir='ltr'>tearis</span> <span class='ocrx_word' id='word_1_341' title='bbox 2350 708 2576 745; x_wconf 89' lang='lat' dir='ltr'>necesse</span> <span class='ocrx_word' id='word_1_342' title='bbox 2609 697 2712 760; x_wconf 87' lang='lat' dir='ltr'>est,</span> <span class='ocrx_word' id='word_1_343' title='bbox 2747 691 2805 746; x_wconf 91' lang='lat' dir='ltr'>in</span> <span class='ocrx_word' id='word_1_344' title='bbox 2851 691 2938 744; x_wconf 86' lang='lat' dir='ltr'>his</span> <span class='ocrx_word' id='word_1_345' title='bbox 2971 707 3088 745; x_wconf 88' lang='lat' dir='ltr'>non</span> <span class='ocrx_word' id='word_1_346' title='bbox 3115 707 3237 746; x_wconf 89' lang='lat' dir='ltr'>esse</span> <span class='ocrx_word' id='word_1_347' title='bbox 3272 691 3380 745; x_wconf 89' lang='lat' dir='ltr'>nisi</span> <span class='ocrx_word' id='word_1_348' title='bbox 3409 692 3607 745; x_wconf 85' lang='lat' dir='ltr'>falsam</span> <span class='ocrx_word' id='word_1_349' title='bbox 3652 692 3823 747; x_wconf 85' lang='lat' dir='ltr'>felici-</span> 
     </span>
    </p>
   </div>
   <div class='ocr_carea' id='block_1_49' title="bbox 2139 780 3820 851">
    <p class='ocr_par' dir='ltr' id='par_1_49' title="bbox 2139 780 3820 851">
     <span class='ocr_line' id='line_1_49' title="bbox 2139 780 3820 851; baseline 0 -18"><span class='ocrx_word' id='word_1_350' title='bbox 2139 785 2314 834; x_wconf 82' lang='lat' dir='ltr'>tatem</span> <span class='ocrx_word' id='word_1_351' title='bbox 2373 780 2615 850; x_wconf 82' lang='lat' dir='ltr'>(Prosal</span> <span class='ocrx_word' id='word_1_352' title='bbox 2679 784 2728 834; x_wconf 79' lang='lat' dir='ltr'>et</span> <span class='ocrx_word' id='word_1_353' title='bbox 2773 782 2944 835; x_wconf 82' lang='lat' dir='ltr'>Metro</span> <span class='ocrx_word' id='word_1_354' title='bbox 2982 780 3052 851; x_wconf 89' lang='grc'>1),</span> <span class='ocrx_word' id='word_1_355' title='bbox 3097 796 3224 850; x_wconf 69' lang='lat' dir='ltr'>quas</span> <span class='ocrx_word' id='word_1_356' title='bbox 3259 784 3390 833; x_wconf 87' lang='lat' dir='ltr'>ante</span> <span class='ocrx_word' id='word_1_357' title='bbox 3417 780 3676 850; x_wconf 89' lang='lat' dir='ltr'>pellenda</span> <span class='ocrx_word' id='word_1_358' title='bbox 3720 786 3820 846; x_wconf 85' lang='lat' dir='ltr'>est,</span> 
     </span>
    </p>
   </div>
   <div class='ocr_carea' id='block_1_50' title="bbox 2141 870 3260 942">
    <p class='ocr_par' dir='ltr' id='par_1_50' title="bbox 2141 870 3260 942">
     <span class='ocr_line' id='line_1_50' title="bbox 2141 870 3260 942; baseline -0.003 -17"><span class='ocrx_word' id='word_1_359' title='bbox 2141 888 2315 942; x_wconf 89' lang='lat' dir='ltr'>quam</span> <span class='ocrx_word' id='word_1_360' title='bbox 2345 887 2474 924; x_wconf 84' lang='lat' dir='ltr'>vera</span> <span class='ocrx_word' id='word_1_361' title='bbox 2505 870 2773 924; x_wconf 77' lang='lat' dir='ltr'>felicitate</span> <span class='ocrx_word' id='word_1_362' title='bbox 2803 871 3006 923; x_wconf 86' lang='lat' dir='ltr'>fruaris</span> <span class='ocrx_word' id='word_1_363' title='bbox 3039 886 3050 923; x_wconf 96' lang='lat'>:</span> <span class='ocrx_word' id='word_1_364' title='bbox 3092 871 3260 923; x_wconf 91' lang='lat' dir='ltr'>unde.</span> 
     </span>
    </p>
   </div>
   <div class='ocr_carea' id='block_1_51' title="bbox 2209 957 3822 1030">
    <p class='ocr_par' dir='ltr' id='par_1_51' title="bbox 2209 957 3822 1030">
     <span class='ocr_line' id='line_1_51' title="bbox 2209 957 3822 1030; baseline -0.002 -17"><span class='ocrx_word' id='word_1_365' title='bbox 2209 960 2418 1027; x_wconf 89' lang='lat' dir='ltr'>Tertio,</span> <span class='ocrx_word' id='word_1_366' title='bbox 2481 958 2686 1030; x_wconf 85' lang='lat' dir='ltr'>inquit,</span> <span class='ocrx_word' id='word_1_367' title='bbox 2739 975 2851 1010; x_wconf 86' lang='lat' dir='ltr'>non</span> <span class='ocrx_word' id='word_1_368' title='bbox 2902 959 3071 1010; x_wconf 87' lang='lat' dir='ltr'>etiam</span> <span class='ocrx_word' id='word_1_369' title='bbox 3103 959 3256 1026; x_wconf 81' lang='lat' dir='ltr'>jnste</span> <span class='ocrx_word' id='word_1_370' title='bbox 3289 957 3665 1027; x_wconf 88' lang='lat' dir='ltr'>conqueritur</span> <span class='ocrx_word' id='word_1_371' title='bbox 3711 958 3822 1026; x_wconf 87' lang='lat' dir='ltr'>ille,</span> 
     </span>
    </p>
   </div>
   <div class='ocr_carea' id='block_1_52' title="bbox 2140 1045 3828 1120">
    <p class='ocr_par' dir='ltr' id='par_1_52' title="bbox 2140 1045 3828 1120">
     <span class='ocr_line' id='line_1_52' title="bbox 2140 1045 3828 1120; baseline -0.001 -18"><span class='ocrx_word' id='word_1_372' title='bbox 2140 1050 2238 1120; x_wconf 91' lang='lat' dir='ltr'>qui</span> <span class='ocrx_word' id='word_1_373' title='bbox 2268 1047 2487 1102; x_wconf 87' lang='lat' dir='ltr'>amissis</span> <span class='ocrx_word' id='word_1_374' title='bbox 2517 1046 2584 1100; x_wconf 92' lang='lat' dir='ltr'>iis</span> <span class='ocrx_word' id='word_1_375' title='bbox 2607 1048 2900 1112; x_wconf 74' lang='lat' dir='ltr'>duntaxat,</span> <span class='ocrx_word' id='word_1_376' title='bbox 2943 1047 3002 1099; x_wconf 92' lang='lat' dir='ltr'>in</span> <span class='ocrx_word' id='word_1_377' title='bbox 3029 1046 3239 1117; x_wconf 89' lang='lat' dir='ltr'>quibus</span> <span class='ocrx_word' id='word_1_378' title='bbox 3273 1045 3417 1099; x_wconf 87' lang='lat' dir='ltr'>falsa</span> <span class='ocrx_word' id='word_1_379' title='bbox 3449 1046 3828 1116; x_wconf 88' lang='lat' dir='ltr'>assumptione</span> 
     </span>
    </p>
   </div>
   <div class='ocr_carea' id='block_1_53' title="bbox 2140 1133 3829 1204">
    <p class='ocr_par' dir='ltr' id='par_1_53' title="bbox 2140 1133 3829 1204">
     <span class='ocr_line' id='line_1_53' title="bbox 2140 1133 3829 1204; baseline -0.002 -14"><span class='ocrx_word' id='word_1_380' title='bbox 2140 1135 2376 1191; x_wconf 86' lang='lat' dir='ltr'>felicitas</span> <span class='ocrx_word' id='word_1_381' title='bbox 2409 1133 2617 1188; x_wconf 84' lang='lat' dir='ltr'>versari</span> <span class='ocrx_word' id='word_1_382' title='bbox 2645 1133 2918 1201; x_wconf 87' lang='lat' dir='ltr'>creditur,</span> <span class='ocrx_word' id='word_1_383' title='bbox 2940 1137 3100 1186; x_wconf 87' lang='lat' dir='ltr'>tanto</span> <span class='ocrx_word' id='word_1_384' title='bbox 3129 1133 3314 1203; x_wconf 89' lang='lat' dir='ltr'>aptior</span> <span class='ocrx_word' id='word_1_385' title='bbox 3328 1138 3413 1187; x_wconf 89' lang='lat' dir='ltr'>est</span> <span class='ocrx_word' id='word_1_386' title='bbox 3434 1134 3504 1186; x_wconf 90' lang='lat' dir='ltr'>ad</span> <span class='ocrx_word' id='word_1_387' title='bbox 3534 1150 3829 1204; x_wconf 88' lang='lat' dir='ltr'>assequen-</span> 
     </span>
    </p>
   </div>
   <div class='ocr_carea' id='block_1_54' title="bbox 2141 1221 3834 1279">
    <p class='ocr_par' dir='ltr' id='par_1_54' title="bbox 2141 1221 3834 1279">
     <span class='ocr_line' id='line_1_54' title="bbox 2141 1221 3834 1279; baseline -0.002 0"><span class='ocrx_word' id='word_1_388' title='bbox 2141 1225 2268 1279; x_wconf 92' lang='lat' dir='ltr'>dam</span> <span class='ocrx_word' id='word_1_389' title='bbox 2296 1239 2486 1277; x_wconf 86' lang='lat' dir='ltr'>veram</span> <span class='ocrx_word' id='word_1_390' title='bbox 2517 1223 2844 1276; x_wconf 84' lang='lat' dir='ltr'>felicitatem</span> <span class='ocrx_word' id='word_1_391' title='bbox 2880 1239 2892 1276; x_wconf 91' lang='lat'>:</span> <span class='ocrx_word' id='word_1_392' title='bbox 2930 1222 3020 1275; x_wconf 89' lang='lat' dir='ltr'>hic</span> <span class='ocrx_word' id='word_1_393' title='bbox 3046 1221 3198 1276; x_wconf 88' lang='lat' dir='ltr'>enim</span> <span class='ocrx_word' id='word_1_394' title='bbox 3230 1226 3389 1275; x_wconf 88' lang='lat' dir='ltr'>tanto</span> <span class='ocrx_word' id='word_1_395' title='bbox 3411 1221 3648 1276; x_wconf 90' lang='lat' dir='ltr'>liberior</span> <span class='ocrx_word' id='word_1_396' title='bbox 3677 1227 3756 1276; x_wconf 88' lang='lat' dir='ltr'>est</span> <span class='ocrx_word' id='word_1_397' title='bbox 3802 1239 3834 1275; x_wconf 88' lang='lat' dir='ltr'>a</span> 
     </span>
    </p>
   </div>
   <div class='ocr_carea' id='block_1_55' title="bbox 2143 1311 3438 1384">
    <p class='ocr_par' dir='ltr' id='par_1_55' title="bbox 2143 1311 3438 1384">
     <span class='ocr_line' id='line_1_55' title="bbox 2143 1311 3438 1384; baseline -0.004 -16"><span class='ocrx_word' id='word_1_398' title='bbox 2143 1313 2408 1378; x_wconf 73' lang='lat' dir='ltr'>miseriis,</span> <span class='ocrx_word' id='word_1_399' title='bbox 2442 1329 2568 1384; x_wconf 73' lang='lat' dir='ltr'>quae</span> <span class='ocrx_word' id='word_1_400' title='bbox 2605 1311 2770 1365; x_wconf 86' lang='lat' dir='ltr'>unica</span> <span class='ocrx_word' id='word_1_401' title='bbox 2792 1312 3218 1381; x_wconf 87' lang='lat' dir='ltr'>conquestionis</span> <span class='ocrx_word' id='word_1_402' title='bbox 3247 1327 3438 1365; x_wconf 88' lang='lat' dir='ltr'>causa.</span> 
     </span>
    </p>
   </div>
   <div class='ocr_carea' id='block_1_56' title="bbox 2212 1387 3836 1473">
    <p class='ocr_par' dir='ltr' id='par_1_56' title="bbox 2212 1387 3836 1473">
     <span class='ocr_line' id='line_1_56' title="bbox 2212 1387 3836 1473; baseline -0.001 -17"><span class='ocrx_word' id='word_1_403' title='bbox 2212 1403 2385 1473; x_wconf 84' lang='lat' dir='ltr'>Atqui</span> <span class='ocrx_word' id='word_1_404' title='bbox 2418 1407 2497 1466; x_wconf 89' lang='lat' dir='ltr'>tu,</span> <span class='ocrx_word' id='word_1_405' title='bbox 2530 1419 2560 1454; x_wconf 97' lang='lat' dir='ltr'>o</span> <span class='ocrx_word' id='word_1_406' title='bbox 2599 1402 2785 1461; x_wconf 61' lang='lat' dir='ltr'>.‘al&#39;iuli,</span> <span class='ocrx_word' id='word_1_407' title='bbox 2820 1401 3042 1455; x_wconf 90' lang='lat' dir='ltr'>amissis</span> <span class='ocrx_word' id='word_1_408' title='bbox 3073 1400 3143 1453; x_wconf 89' lang='lat' dir='ltr'>iis</span> <span class='ocrx_word' id='word_1_409' title='bbox 3174 1387 3472 1466; x_wconf 80' lang='lat' dir='ltr'>duntaxat,</span> <span class='ocrx_word' id='word_1_410' title='bbox 3517 1401 3579 1454; x_wconf 88' lang='lat' dir='ltr'>in</span> <span class='ocrx_word' id='word_1_411' title='bbox 3632 1400 3836 1471; x_wconf 85' lang='lat' dir='ltr'>quibus</span> 
     </span>
    </p>
   </div>
   <div class='ocr_carea' id='block_1_57' title="bbox 2145 1489 3838 1560">
    <p class='ocr_par' dir='ltr' id='par_1_57' title="bbox 2145 1489 3838 1560">
     <span class='ocr_line' id='line_1_57' title="bbox 2145 1489 3838 1560; baseline -0.001 -16"><span class='ocrx_word' id='word_1_412' title='bbox 2145 1491 2283 1544; x_wconf 88' lang='lat' dir='ltr'>falsa</span> <span class='ocrx_word' id='word_1_413' title='bbox 2347 1491 2620 1560; x_wconf 77' lang='lat' dir='ltr'>assumpti</span> <span class='ocrx_word' id='word_1_414' title='bbox 2652 1508 2736 1543; x_wconf 32' lang='lat' dir='ltr'>lue</span> <span class='ocrx_word' id='word_1_415' title='bbox 2789 1489 3030 1543; x_wconf 85' lang='lat' dir='ltr'>felicitas</span> <span class='ocrx_word' id='word_1_416' title='bbox 3081 1489 3294 1542; x_wconf 88' lang='lat' dir='ltr'>versari</span> <span class='ocrx_word' id='word_1_417' title='bbox 3353 1490 3630 1558; x_wconf 87' lang='lat' dir='ltr'>creditur,</span> <span class='ocrx_word' id='word_1_418' title='bbox 3684 1494 3838 1543; x_wconf 85' lang='lat' dir='ltr'>tanto</span> 
     </span>
    </p>
   </div>
   <div class='ocr_carea' id='block_1_58' title="bbox 2144 1578 3598 1649">
    <p class='ocr_par' dir='ltr' id='par_1_58' title="bbox 2144 1578 3598 1649">
     <span class='ocr_line' id='line_1_58' title="bbox 2144 1578 3598 1649; baseline -0.001 -17"><span class='ocrx_word' id='word_1_419' title='bbox 2144 1581 2332 1649; x_wconf 87' lang='lat' dir='ltr'>aptior</span> <span class='ocrx_word' id='word_1_420' title='bbox 2363 1597 2420 1632; x_wconf 88' lang='lat' dir='ltr'>es</span> <span class='ocrx_word' id='word_1_421' title='bbox 2455 1580 2524 1633; x_wconf 88' lang='lat' dir='ltr'>ad</span> <span class='ocrx_word' id='word_1_422' title='bbox 2556 1597 2633 1632; x_wconf 69' lang='lat' dir='ltr'>as</span> <span class='ocrx_word' id='word_1_423' title='bbox 2654 1578 2972 1648; x_wconf 69' lang='lat' dir='ltr'>equendam</span> <span class='ocrx_word' id='word_1_424' title='bbox 3015 1594 3210 1630; x_wconf 81' lang='lat' dir='ltr'>veram</span> <span class='ocrx_word' id='word_1_425' title='bbox 3243 1578 3598 1631; x_wconf 84' lang='lat' dir='ltr'>felicitatem.</span> 
     </span>
    </p>
   </div>
   <div class='ocr_carea' id='block_1_59' title="bbox 2179 1661 3835 1740">
    <p class='ocr_par' dir='ltr' id='par_1_59' title="bbox 2179 1661 3835 1740">
     <span class='ocr_line' id='line_1_59' title="bbox 2179 1661 3835 1740; baseline -0.003 -17"><span class='ocrx_word' id='word_1_426' title='bbox 2179 1661 2190 1672; x_wconf 69' lang='grc'><em>’</em></span> <span class='ocrx_word' id='word_1_427' title='bbox 2219 1669 2470 1723; x_wconf 90' lang='lat' dir='ltr'>Primum</span> <span class='ocrx_word' id='word_1_428' title='bbox 2517 1670 2748 1740; x_wconf 63' lang='lat' dir='ltr'>quiti-sm</span> <span class='ocrx_word' id='word_1_429' title='bbox 2789 1684 2855 1720; x_wconf 86' lang='lat' dir='ltr'>ea</span> <span class='ocrx_word' id='word_1_430' title='bbox 2911 1667 3185 1721; x_wconf 80' lang='lat' dir='ltr'>duntaxat</span> <span class='ocrx_word' id='word_1_431' title='bbox 3227 1666 3489 1727; x_wconf 85' lang='lat' dir='ltr'>amisisti.</span> <span class='ocrx_word' id='word_1_432' title='bbox 3534 1668 3594 1719; x_wconf 91' lang='lat' dir='ltr'>in</span> <span class='ocrx_word' id='word_1_433' title='bbox 3630 1666 3835 1737; x_wconf 83' lang='lat' dir='ltr'>quibus</span> 
     </span>
    </p>
   </div>
   <div class='ocr_carea' id='block_1_60' title="bbox 2144 1755 3836 1828">
    <p class='ocr_par' dir='ltr' id='par_1_60' title="bbox 2144 1755 3836 1828">
     <span class='ocr_line' id='line_1_60' title="bbox 2144 1755 3836 1828; baseline -0.002 -17"><span class='ocrx_word' id='word_1_434' title='bbox 2144 1758 2283 1811; x_wconf 87' lang='lat' dir='ltr'>falsa</span> <span class='ocrx_word' id='word_1_435' title='bbox 2315 1757 2702 1828; x_wconf 69' lang='lat' dir='ltr'>assumptioze</span> <span class='ocrx_word' id='word_1_436' title='bbox 2750 1757 3001 1810; x_wconf 88' lang='lat' dir='ltr'>creditur</span> <span class='ocrx_word' id='word_1_437' title='bbox 3039 1772 3158 1809; x_wconf 89' lang='lat' dir='ltr'>esse</span> <span class='ocrx_word' id='word_1_438' title='bbox 3198 1755 3478 1809; x_wconf 72' lang='lat' dir='ltr'>felicitas:</span> <span class='ocrx_word' id='word_1_439' title='bbox 3516 1756 3631 1808; x_wconf 84' lang='lat' dir='ltr'>tale</span> <span class='ocrx_word' id='word_1_440' title='bbox 3689 1755 3836 1807; x_wconf 88' lang='lat' dir='ltr'>enim</span> 
     </span>
    </p>
   </div>
   <div class='ocr_carea' id='block_1_61' title="bbox 2143 1845 3839 1916">
    <p class='ocr_par' dir='ltr' id='par_1_61' title="bbox 2143 1845 3839 1916">
     <span class='ocr_line' id='line_1_61' title="bbox 2143 1845 3839 1916; baseline -0.001 -17"><span class='ocrx_word' id='word_1_441' title='bbox 2143 1854 2223 1899; x_wconf 79' lang='lat' dir='ltr'>est</span> <span class='ocrx_word' id='word_1_442' title='bbox 2265 1847 2579 1916; x_wconf 82' lang='lat' dir='ltr'>generatim</span> <span class='ocrx_word' id='word_1_443' title='bbox 2640 1849 2826 1908; x_wconf 52' lang='lat' dir='ltr'>yi&#39;rosa</span> <span class='ocrx_word' id='word_1_444' title='bbox 2855 1845 2910 1916; x_wconf 89' lang='lat'>2)</span> <span class='ocrx_word' id='word_1_445' title='bbox 2962 1861 3130 1898; x_wconf 91' lang='lat' dir='ltr'>omne</span> <span class='ocrx_word' id='word_1_446' title='bbox 3160 1845 3376 1898; x_wconf 64' lang='lat' dir='ltr'>bonum</span> <span class='ocrx_word' id='word_1_447' title='bbox 3429 1851 3708 1909; x_wconf 84' lang='lat' dir='ltr'>creatum,</span> <span class='ocrx_word' id='word_1_448' title='bbox 3772 1847 3839 1898; x_wconf 91' lang='lat' dir='ltr'>ad</span> 
     </span>
    </p>
   </div>
   <div class='ocr_carea' id='block_1_62' title="bbox 2143 1933 3843 2006">
    <p class='ocr_par' dir='ltr' id='par_1_62' title="bbox 2143 1933 3843 2006">
     <span class='ocr_line' id='line_1_62' title="bbox 2143 1933 3843 2006; baseline -0.002 -18"><span class='ocrx_word' id='word_1_449' title='bbox 2143 1937 2294 2006; x_wconf 90' lang='lat' dir='ltr'>quod</span> <span class='ocrx_word' id='word_1_450' title='bbox 2329 1937 2474 1989; x_wconf 90' lang='lat' dir='ltr'>male</span> <span class='ocrx_word' id='word_1_451' title='bbox 2500 1936 2820 2005; x_wconf 69' lang='lat' dir='ltr'>applicatur</span> <span class='ocrx_word' id='word_1_452' title='bbox 2853 1935 3046 2003; x_wconf 77' lang='grc' dir='ltr'>(Μεινο</span> <span class='ocrx_word' id='word_1_453' title='bbox 3077 1933 3404 2004; x_wconf 88' lang='lat' dir='ltr'>2)ingenita</span> <span class='ocrx_word' id='word_1_454' title='bbox 3439 1933 3604 1986; x_wconf 87' lang='lat' dir='ltr'>nobis</span> <span class='ocrx_word' id='word_1_455' title='bbox 3635 1933 3843 1985; x_wconf 83' lang='lat' dir='ltr'>summi</span> 
     </span>
    </p>
   </div>
   <div class='ocr_carea' id='block_1_63' title="bbox 2142 2022 3842 2094">
    <p class='ocr_par' dir='ltr' id='par_1_63' title="bbox 2142 2022 3842 2094">
     <span class='ocr_line' id='line_1_63' title="bbox 2142 2022 3842 2094; baseline -0.002 -16"><span class='ocrx_word' id='word_1_456' title='bbox 2142 2025 2280 2078; x_wconf 92' lang='lat' dir='ltr'>boui</span> <span class='ocrx_word' id='word_1_457' title='bbox 2314 2025 2599 2094; x_wconf 76' lang='lat' dir='ltr'>cogitatio.</span> <span class='ocrx_word' id='word_1_458' title='bbox 2663 2024 2821 2077; x_wconf 66' lang='lat' dir='ltr'>Tales</span> <span class='ocrx_word' id='word_1_459' title='bbox 2869 2029 2999 2076; x_wconf 80' lang='lat' dir='ltr'>sunt</span> <span class='ocrx_word' id='word_1_460' title='bbox 3049 2023 3240 2093; x_wconf 87' lang='lat' dir='ltr'>(Prosa</span> <span class='ocrx_word' id='word_1_461' title='bbox 3283 2029 3330 2076; x_wconf 83' lang='lat' dir='ltr'>et</span> <span class='ocrx_word' id='word_1_462' title='bbox 3392 2025 3561 2077; x_wconf 54' lang='lat' dir='ltr'>ills-(ro</span> <span class='ocrx_word' id='word_1_463' title='bbox 3594 2025 3647 2088; x_wconf 81' lang='lat'>3)</span> <span class='ocrx_word' id='word_1_464' title='bbox 3709 2022 3842 2075; x_wconf 84' lang='lat' dir='ltr'>divi-</span> 
     </span>
    </p>
   </div>
   <div class='ocr_carea' id='block_1_64' title="bbox 2145 2111 3843 2183">
    <p class='ocr_par' dir='ltr' id='par_1_64' title="bbox 2145 2111 3843 2183">
     <span class='ocr_line' id='line_1_64' title="bbox 2145 2111 3843 2183; baseline -0.001 -18"><span class='ocrx_word' id='word_1_465' title='bbox 2145 2114 2257 2166; x_wconf 72' lang='lat' dir='ltr'>tim.</span> <span class='ocrx_word' id='word_1_466' title='bbox 2306 2114 2468 2167; x_wconf 83' lang='lat' dir='ltr'>Tales</span> <span class='ocrx_word' id='word_1_467' title='bbox 2523 2113 2709 2183; x_wconf 79' lang='lat' dir='ltr'>(Prosa</span> <span class='ocrx_word' id='word_1_468' title='bbox 2739 2115 2771 2166; x_wconf 70' lang='grc'><strong>4</strong></span> <span class='ocrx_word' id='word_1_469' title='bbox 2816 2118 2866 2166; x_wconf 81' lang='lat' dir='ltr'>et</span> <span class='ocrx_word' id='word_1_470' title='bbox 2919 2115 3087 2167; x_wconf 82' lang='lat' dir='ltr'>Metro</span> <span class='ocrx_word' id='word_1_471' title='bbox 3117 2111 3171 2182; x_wconf 64' lang='grc' dir='ltr'>αἱ)</span> <span class='ocrx_word' id='word_1_472' title='bbox 3240 2111 3633 2181; x_wconf 86' lang='lat' dir='ltr'>magistratus.</span> <span class='ocrx_word' id='word_1_473' title='bbox 3696 2112 3843 2164; x_wconf 86' lang='lat' dir='ltr'>Talis</span> 
     </span>
    </p>
   </div>
   <div class='ocr_carea' id='block_1_65' title="bbox 2145 2199 3844 2272">
    <p class='ocr_par' dir='ltr' id='par_1_65' title="bbox 2145 2199 3844 2272">
     <span class='ocr_line' id='line_1_65' title="bbox 2145 2199 3844 2272; baseline -0.002 -16"><span class='ocrx_word' id='word_1_474' title='bbox 2145 2204 2336 2272; x_wconf 81' lang='lat' dir='ltr'>(Prosa</span> <span class='ocrx_word' id='word_1_475' title='bbox 2367 2205 2463 2255; x_wconf 75' lang='lat' dir='ltr'>Set</span> <span class='ocrx_word' id='word_1_476' title='bbox 2494 2205 2659 2256; x_wconf 80' lang='lat' dir='ltr'>Illctro</span> <span class='ocrx_word' id='word_1_477' title='bbox 2686 2201 2738 2271; x_wconf 88' lang='lat'>5)</span> <span class='ocrx_word' id='word_1_478' title='bbox 2783 2205 3052 2271; x_wconf 86' lang='lat' dir='ltr'>potestas.</span> <span class='ocrx_word' id='word_1_479' title='bbox 3099 2201 3247 2254; x_wconf 89' lang='lat' dir='ltr'>Talis</span> <span class='ocrx_word' id='word_1_480' title='bbox 3290 2199 3480 2270; x_wconf 82' lang='lat' dir='ltr'>(Prosa</span> <span class='ocrx_word' id='word_1_481' title='bbox 3503 2204 3532 2253; x_wconf 93' lang='lat'>6</span> <span class='ocrx_word' id='word_1_482' title='bbox 3567 2206 3616 2254; x_wconf 84' lang='lat' dir='ltr'>et</span> <span class='ocrx_word' id='word_1_483' title='bbox 3674 2202 3844 2255; x_wconf 73' lang='lat' dir='ltr'>Meti-0</span> 
     </span>
    </p>
   </div>
   <div class='ocr_carea' id='block_1_66' title="bbox 2147 2289 3844 2362">
    <p class='ocr_par' dir='ltr' id='par_1_66' title="bbox 2147 2289 3844 2362">
     <span class='ocr_line' id='line_1_66' title="bbox 2147 2289 3844 2362; baseline -0.003 -16"><span class='ocrx_word' id='word_1_484' title='bbox 2147 2292 2200 2362; x_wconf 88' lang='lat'>6)</span> <span class='ocrx_word' id='word_1_485' title='bbox 2231 2290 2429 2360; x_wconf 82' lang='lat' dir='ltr'>gloria.</span> <span class='ocrx_word' id='word_1_486' title='bbox 2493 2290 2642 2344; x_wconf 84' lang='lat' dir='ltr'>Talis</span> <span class='ocrx_word' id='word_1_487' title='bbox 2697 2291 2884 2359; x_wconf 85' lang='lat' dir='ltr'>(Prosa</span> <span class='ocrx_word' id='word_1_488' title='bbox 2915 2294 2945 2343; x_wconf 82' lang='grc' dir='ltr'>’ἵ</span> <span class='ocrx_word' id='word_1_489' title='bbox 2976 2294 3028 2343; x_wconf 80' lang='lat' dir='ltr'>et</span> <span class='ocrx_word' id='word_1_490' title='bbox 3059 2290 3237 2344; x_wconf 81' lang='lat' dir='ltr'>Metro</span> <span class='ocrx_word' id='word_1_491' title='bbox 3258 2290 3314 2358; x_wconf 82' lang='lat'>7)</span> <span class='ocrx_word' id='word_1_492' title='bbox 3376 2289 3643 2359; x_wconf 84' lang='lat' dir='ltr'>voluptas</span> <span class='ocrx_word' id='word_1_493' title='bbox 3720 2305 3844 2341; x_wconf 87' lang='lat' dir='ltr'>cor-</span> 
     </span>
    </p>
   </div>
   <div class='ocr_carea' id='block_1_67' title="bbox 2145 2378 3841 2450">
    <p class='ocr_par' dir='ltr' id='par_1_67' title="bbox 2145 2378 3841 2450">
     <span class='ocr_line' id='line_1_67' title="bbox 2145 2378 3841 2450; baseline -0.001 -18"><span class='ocrx_word' id='word_1_494' title='bbox 2145 2381 2316 2450; x_wconf 80' lang='lat' dir='ltr'>poris.</span> <span class='ocrx_word' id='word_1_495' title='bbox 2377 2379 2532 2434; x_wconf 84' lang='lat' dir='ltr'>Talia</span> <span class='ocrx_word' id='word_1_496' title='bbox 2585 2380 2774 2449; x_wconf 83' lang='lat' dir='ltr'>(Prosa</span> <span class='ocrx_word' id='word_1_497' title='bbox 2820 2381 2852 2434; x_wconf 92' lang='lat'>8</span> <span class='ocrx_word' id='word_1_498' title='bbox 2884 2383 2932 2432; x_wconf 84' lang='lat' dir='ltr'>et</span> <span class='ocrx_word' id='word_1_499' title='bbox 2980 2381 3150 2433; x_wconf 80' lang='lat' dir='ltr'>Metro</span> <span class='ocrx_word' id='word_1_500' title='bbox 3209 2378 3262 2448; x_wconf 91' lang='lat'>8)</span> <span class='ocrx_word' id='word_1_501' title='bbox 3315 2378 3513 2432; x_wconf 81' lang='lat' dir='ltr'>omnia</span> <span class='ocrx_word' id='word_1_502' title='bbox 3571 2379 3723 2432; x_wconf 90' lang='lat' dir='ltr'>bona</span> <span class='ocrx_word' id='word_1_503' title='bbox 3755 2393 3841 2431; x_wconf 84' lang='lat' dir='ltr'>ea-</span> 
     </span>
    </p>
   </div>
   <div class='ocr_carea' id='block_1_68' title="bbox 2147 2469 2310 2522">
    <p class='ocr_par' dir='ltr' id='par_1_68' title="bbox 2147 2469 2310 2522">
     <span class='ocr_line' id='line_1_68' title="bbox 2147 2469 2310 2522; baseline -0.012 0"><span class='ocrx_word' id='word_1_504' title='bbox 2147 2469 2310 2522; x_wconf 90' lang='lat' dir='ltr'>duca.</span> 
     </span>
    </p>
   </div>
   <div class='ocr_carea' id='block_1_69' title="bbox 2219 2555 3847 2626">
    <p class='ocr_par' dir='ltr' id='par_1_69' title="bbox 2219 2555 3847 2626">
     <span class='ocr_line' id='line_1_69' title="bbox 2219 2555 3847 2626; baseline -0.001 -15"><span class='ocrx_word' id='word_1_505' title='bbox 2219 2556 2430 2611; x_wconf 90' lang='lat' dir='ltr'>Deinde</span> <span class='ocrx_word' id='word_1_506' title='bbox 2461 2556 2650 2626; x_wconf 88' lang='lat' dir='ltr'>aptior</span> <span class='ocrx_word' id='word_1_507' title='bbox 2680 2555 2869 2626; x_wconf 85' lang='lat' dir='ltr'>(Prosa</span> <span class='ocrx_word' id='word_1_508' title='bbox 2898 2557 2952 2625; x_wconf 89' lang='lat'>9)</span> <span class='ocrx_word' id='word_1_509' title='bbox 2985 2571 3044 2608; x_wconf 88' lang='lat' dir='ltr'>es</span> <span class='ocrx_word' id='word_1_510' title='bbox 3074 2560 3383 2625; x_wconf 90' lang='lat' dir='ltr'>propterea</span> <span class='ocrx_word' id='word_1_511' title='bbox 3417 2555 3486 2608; x_wconf 87' lang='lat' dir='ltr'>ad</span> <span class='ocrx_word' id='word_1_512' title='bbox 3535 2572 3847 2626; x_wconf 86' lang='lat' dir='ltr'>assequen-</span> 
     </span>
    </p>
   </div>
   <div class='ocr_carea' id='block_1_70' title="bbox 2145 2644 3848 2710">
    <p class='ocr_par' dir='ltr' id='par_1_70' title="bbox 2145 2644 3848 2710">
     <span class='ocr_line' id='line_1_70' title="bbox 2145 2644 3848 2710; baseline -0.001 -10"><span class='ocrx_word' id='word_1_513' title='bbox 2145 2646 2277 2700; x_wconf 89' lang='lat' dir='ltr'>dam</span> <span class='ocrx_word' id='word_1_514' title='bbox 2307 2662 2498 2698; x_wconf 82' lang='lat' dir='ltr'>veram</span> <span class='ocrx_word' id='word_1_515' title='bbox 2521 2645 2870 2710; x_wconf 85' lang='lat' dir='ltr'>felicitatem,</span> <span class='ocrx_word' id='word_1_516' title='bbox 2902 2644 3177 2697; x_wconf 90' lang='lat' dir='ltr'>nimirum</span> <span class='ocrx_word' id='word_1_517' title='bbox 3209 2659 3402 2697; x_wconf 88' lang='lat' dir='ltr'>veram</span> <span class='ocrx_word' id='word_1_518' title='bbox 3434 2645 3648 2698; x_wconf 90' lang='lat' dir='ltr'>summi</span> <span class='ocrx_word' id='word_1_519' title='bbox 3711 2645 3848 2698; x_wconf 91' lang='lat' dir='ltr'>boni</span> 
     </span>
    </p>
   </div>
   <div class='ocr_carea' id='block_1_71' title="bbox 2146 2733 3849 2804">
    <p class='ocr_par' dir='ltr' id='par_1_71' title="bbox 2146 2733 3849 2804">
     <span class='ocr_line' id='line_1_71' title="bbox 2146 2733 3849 2804; baseline 0.001 -17"><span class='ocrx_word' id='word_1_520' title='bbox 2146 2734 2575 2803; x_wconf 84' lang='lat' dir='ltr'>cogitationem,</span> <span class='ocrx_word' id='word_1_521' title='bbox 2622 2734 2906 2803; x_wconf 88' lang='lat' dir='ltr'>aspirante</span> <span class='ocrx_word' id='word_1_522' title='bbox 2937 2737 3131 2787; x_wconf 87' lang='lat' dir='ltr'>tamen</span> <span class='ocrx_word' id='word_1_523' title='bbox 3158 2734 3294 2799; x_wconf 89' lang='lat' dir='ltr'>Deo,</span> <span class='ocrx_word' id='word_1_524' title='bbox 3325 2733 3426 2803; x_wconf 89' lang='lat' dir='ltr'>qui</span> <span class='ocrx_word' id='word_1_525' title='bbox 3455 2733 3670 2787; x_wconf 82' lang='lat' dir='ltr'>idcirco</span> <span class='ocrx_word' id='word_1_526' title='bbox 3716 2734 3849 2804; x_wconf 81' lang='lat' dir='ltr'>(Me-</span> 
     </span>
    </p>
   </div>
   <div class='ocr_carea' id='block_1_72' title="bbox 2150 2821 3848 2894">
    <p class='ocr_par' dir='ltr' id='par_1_72' title="bbox 2150 2821 3848 2894">
     <span class='ocr_line' id='line_1_72' title="bbox 2150 2821 3848 2894; baseline 0.004 -18"><span class='ocrx_word' id='word_1_527' title='bbox 2150 2828 2230 2877; x_wconf 84' lang='lat' dir='ltr'>tro</span> <span class='ocrx_word' id='word_1_528' title='bbox 2261 2823 2314 2894; x_wconf 89' lang='lat'>9)</span> <span class='ocrx_word' id='word_1_529' title='bbox 2345 2822 2717 2893; x_wconf 69' lang='lat' dir='ltr'>{invocandus</span> <span class='ocrx_word' id='word_1_530' title='bbox 2761 2827 2884 2875; x_wconf 90' lang='lat' dir='ltr'>est:</span> <span class='ocrx_word' id='word_1_531' title='bbox 2942 2821 3175 2893; x_wconf 89' lang='lat' dir='ltr'>aliquod</span> <span class='ocrx_word' id='word_1_532' title='bbox 3217 2822 3373 2876; x_wconf 90' lang='lat' dir='ltr'>enim</span> <span class='ocrx_word' id='word_1_533' title='bbox 3404 2827 3490 2875; x_wconf 90' lang='lat' dir='ltr'>est</span> <span class='ocrx_word' id='word_1_534' title='bbox 3533 2822 3732 2891; x_wconf 87' lang='lat' dir='ltr'>(Prosa</span> <span class='ocrx_word' id='word_1_535' title='bbox 3767 2827 3848 2882; x_wconf 76' lang='grc' dir='ltr'>1οξ</span> 
     </span>
    </p>
   </div>
   <div class='ocr_carea' id='block_1_73' title="bbox 2147 2910 3853 2981">
    <p class='ocr_par' dir='ltr' id='par_1_73' title="bbox 2147 2910 3853 2981">
     <span class='ocr_line' id='line_1_73' title="bbox 2147 2910 3853 2981; baseline 0 -15"><span class='ocrx_word' id='word_1_536' title='bbox 2147 2929 2438 2966; x_wconf 90' lang='lat' dir='ltr'>summum</span> <span class='ocrx_word' id='word_1_537' title='bbox 2457 2913 2696 2978; x_wconf 89' lang='lat' dir='ltr'>bonum,</span> <span class='ocrx_word' id='word_1_538' title='bbox 2729 2910 2992 2965; x_wconf 88' lang='lat' dir='ltr'>videlicet</span> <span class='ocrx_word' id='word_1_539' title='bbox 3015 2912 3178 2975; x_wconf 89' lang='lat' dir='ltr'>Deus,</span> <span class='ocrx_word' id='word_1_540' title='bbox 3209 2912 3301 2964; x_wconf 90' lang='lat' dir='ltr'>cui</span> <span class='ocrx_word' id='word_1_541' title='bbox 3330 2911 3639 2981; x_wconf 86' lang='lat' dir='ltr'>cogitando</span> <span class='ocrx_word' id='word_1_542' title='bbox 3660 2913 3853 2966; x_wconf 91' lang='lat' dir='ltr'>omnis</span> 
     </span>
    </p>
   </div>
   <div class='ocr_carea' id='block_1_74' title="bbox 2148 2999 3851 3071">
    <p class='ocr_par' dir='ltr' id='par_1_74' title="bbox 2148 2999 3851 3071">
     <span class='ocr_line' id='line_1_74' title="bbox 2148 2999 3851 3071; baseline -0.001 -16"><span class='ocrx_word' id='word_1_543' title='bbox 2148 3001 2542 3070; x_wconf 79' lang='lat' dir='ltr'>homo(Metro</span> <span class='ocrx_word' id='word_1_544' title='bbox 2600 3002 2683 3071; x_wconf 90' lang='grc'>10)</span> <span class='ocrx_word' id='word_1_545' title='bbox 2739 3015 2937 3053; x_wconf 87' lang='lat' dir='ltr'>vacare</span> <span class='ocrx_word' id='word_1_546' title='bbox 2983 2999 3170 3067; x_wconf 88' lang='lat' dir='ltr'>debet,</span> <span class='ocrx_word' id='word_1_547' title='bbox 3221 3006 3497 3070; x_wconf 84' lang='lat' dir='ltr'>tanquam</span> <span class='ocrx_word' id='word_1_548' title='bbox 3529 3003 3728 3070; x_wconf 81' lang='lat' dir='ltr'>(Prosa</span> <span class='ocrx_word' id='word_1_549' title='bbox 3768 3005 3851 3060; x_wconf 84' lang='grc'>11)</span> 
     </span>
    </p>
   </div>
   <div class='ocr_carea' id='block_1_75' title="bbox 2149 3088 3850 3160">
    <p class='ocr_par' dir='ltr' id='par_1_75' title="bbox 2149 3088 3850 3160">
     <span class='ocr_line' id='line_1_75' title="bbox 2149 3088 3850 3160; baseline 0 -16"><span class='ocrx_word' id='word_1_550' title='bbox 2149 3091 2350 3144; x_wconf 90' lang='lat' dir='ltr'>ultimo</span> <span class='ocrx_word' id='word_1_551' title='bbox 2388 3107 2578 3144; x_wconf 91' lang='lat' dir='ltr'>rerum</span> <span class='ocrx_word' id='word_1_552' title='bbox 2613 3090 2871 3143; x_wconf 91' lang='lat' dir='ltr'>omnium</span> <span class='ocrx_word' id='word_1_553' title='bbox 2904 3088 3007 3142; x_wconf 86' lang='lat' dir='ltr'>ﬁni</span> <span class='ocrx_word' id='word_1_554' title='bbox 3042 3105 3054 3142; x_wconf 90' lang='lat'>:</span> <span class='ocrx_word' id='word_1_555' title='bbox 3090 3088 3247 3160; x_wconf 91' lang='lat' dir='ltr'>quod</span> <span class='ocrx_word' id='word_1_556' title='bbox 3282 3090 3638 3144; x_wconf 89' lang='lat' dir='ltr'>utdoceatur</span> <span class='ocrx_word' id='word_1_557' title='bbox 3669 3091 3850 3144; x_wconf 91' lang='lat' dir='ltr'>homo</span> 
     </span>
    </p>
   </div>
   <div class='ocr_carea' id='block_1_76' title="bbox 2151 3178 3853 3252">
    <p class='ocr_par' dir='ltr' id='par_1_76' title="bbox 2151 3178 3853 3252">
     <span class='ocr_line' id='line_1_76' title="bbox 2151 3178 3853 3252; baseline -0.002 -18"><span class='ocrx_word' id='word_1_558' title='bbox 2151 3181 2340 3252; x_wconf 75' lang='grc' dir='ltr'>(Μεινο</span> <span class='ocrx_word' id='word_1_559' title='bbox 2374 3180 2481 3250; x_wconf 84' lang='grc'>11),</span> <span class='ocrx_word' id='word_1_560' title='bbox 2513 3189 2696 3251; x_wconf 78' lang='lat' dir='ltr'>l_suam</span> <span class='ocrx_word' id='word_1_561' title='bbox 2737 3185 2988 3233; x_wconf 89' lang='lat' dir='ltr'>mentem</span> <span class='ocrx_word' id='word_1_562' title='bbox 3020 3179 3292 3232; x_wconf 88' lang='lat' dir='ltr'>attentius</span> <span class='ocrx_word' id='word_1_563' title='bbox 3340 3178 3684 3233; x_wconf 90' lang='lat' dir='ltr'>meditetur:</span> <span class='ocrx_word' id='word_1_564' title='bbox 3749 3181 3853 3233; x_wconf 84' lang='lat' dir='ltr'>hac</span> 
     </span>
    </p>
   </div>
   <div class='ocr_carea' id='block_1_77' title="bbox 2150 3267 3851 3341">
    <p class='ocr_par' dir='ltr' id='par_1_77' title="bbox 2150 3267 3851 3341">
     <span class='ocr_line' id='line_1_77' title="bbox 2150 3267 3851 3341; baseline -0.001 -17"><span class='ocrx_word' id='word_1_565' title='bbox 2150 3270 2339 3338; x_wconf 81' lang='lat' dir='ltr'>(Prosa</span> <span class='ocrx_word' id='word_1_566' title='bbox 2400 3270 2484 3341; x_wconf 79' lang='lat' dir='ltr'>l2)</span> <span class='ocrx_word' id='word_1_567' title='bbox 2546 3269 2758 3339; x_wconf 86' lang='lat' dir='ltr'>quippe</span> <span class='ocrx_word' id='word_1_568' title='bbox 2802 3267 3172 3322; x_wconf 86' lang='lat' dir='ltr'>meditatione</span> <span class='ocrx_word' id='word_1_569' title='bbox 3217 3268 3412 3336; x_wconf 90' lang='lat' dir='ltr'>discet,</span> <span class='ocrx_word' id='word_1_570' title='bbox 3469 3269 3668 3322; x_wconf 87' lang='lat' dir='ltr'>omnia</span> <span class='ocrx_word' id='word_1_571' title='bbox 3731 3285 3851 3323; x_wconf 86' lang='lat' dir='ltr'>esse</span> 
     </span>
    </p>
   </div>
   <div class='ocr_carea' id='block_1_78' title="bbox 2148 3356 3849 3426">
    <p class='ocr_par' dir='ltr' id='par_1_78' title="bbox 2148 3356 3849 3426">
     <span class='ocr_line' id='line_1_78' title="bbox 2148 3356 3849 3426; baseline -0.001 -14"><span class='ocrx_word' id='word_1_572' title='bbox 2148 3357 2296 3412; x_wconf 87' lang='lat' dir='ltr'>facta</span> <span class='ocrx_word' id='word_1_573' title='bbox 2350 3375 2380 3410; x_wconf 90' lang='lat' dir='ltr'>a</span> <span class='ocrx_word' id='word_1_574' title='bbox 2438 3359 2553 3412; x_wconf 92' lang='lat' dir='ltr'>Deo</span> <span class='ocrx_word' id='word_1_575' title='bbox 2606 3356 2748 3426; x_wconf 86' lang='lat' dir='ltr'>regi,</span> <span class='ocrx_word' id='word_1_576' title='bbox 2814 3362 2870 3409; x_wconf 90' lang='lat' dir='ltr'>et</span> <span class='ocrx_word' id='word_1_577' title='bbox 2901 3356 2992 3410; x_wconf 80' lang='lat' dir='ltr'>’ad</span> <span class='ocrx_word' id='word_1_578' title='bbox 3055 3358 3234 3410; x_wconf 91' lang='lat' dir='ltr'>Deum</span> <span class='ocrx_word' id='word_1_579' title='bbox 3303 3372 3424 3410; x_wconf 90' lang='lat' dir='ltr'>esse</span> <span class='ocrx_word' id='word_1_580' title='bbox 3495 3357 3849 3411; x_wconf 87' lang='lat' dir='ltr'>referenda:</span> 
     </span>
    </p>
   </div>
   <div class='ocr_carea' id='block_1_79' title="bbox 2149 3445 3852 3516">
    <p class='ocr_par' dir='ltr' id='par_1_79' title="bbox 2149 3445 3852 3516">
     <span class='ocr_line' id='line_1_79' title="bbox 2149 3445 3852 3516; baseline -0.001 -15"><span class='ocrx_word' id='word_1_581' title='bbox 2149 3447 2255 3502; x_wconf 87' lang='lat' dir='ltr'>hac</span> <span class='ocrx_word' id='word_1_582' title='bbox 2287 3447 2631 3516; x_wconf 84' lang='lat' dir='ltr'>cogitatione</span> <span class='ocrx_word' id='word_1_583' title='bbox 2662 3445 2855 3516; x_wconf 63' lang='lat' dir='ltr'>(illeer</span> <span class='ocrx_word' id='word_1_584' title='bbox 2890 3446 2974 3516; x_wconf 85' lang='lat' dir='ltr'>l2)</span> <span class='ocrx_word' id='word_1_585' title='bbox 2997 3445 3200 3515; x_wconf 59' lang='lat' dir='ltr'>:felices</span> <span class='ocrx_word' id='word_1_586' title='bbox 3250 3461 3468 3515; x_wconf 86' lang='lat' dir='ltr'>sumus,</span> <span class='ocrx_word' id='word_1_587' title='bbox 3504 3462 3611 3499; x_wconf 89' lang='lat' dir='ltr'>nec</span> <span class='ocrx_word' id='word_1_588' title='bbox 3660 3446 3852 3500; x_wconf 83' lang='lat' dir='ltr'>infeli-</span> 
     </span>
    </p>
   </div>
   <div class='ocr_carea' id='block_1_80' title="bbox 2150 3534 3856 3606">
    <p class='ocr_par' dir='ltr' id='par_1_80' title="bbox 2150 3534 3856 3606">
     <span class='ocr_line' id='line_1_80' title="bbox 2150 3534 3856 3606; baseline -0.001 -16"><span class='ocrx_word' id='word_1_589' title='bbox 2150 3553 2260 3603; x_wconf 88' lang='lat' dir='ltr'>ces,</span> <span class='ocrx_word' id='word_1_590' title='bbox 2285 3536 2396 3589; x_wconf 89' lang='lat' dir='ltr'>nisi</span> <span class='ocrx_word' id='word_1_591' title='bbox 2433 3535 2702 3606; x_wconf 88' lang='lat' dir='ltr'>inspectis</span> <span class='ocrx_word' id='word_1_592' title='bbox 2730 3535 2902 3588; x_wconf 89' lang='lat' dir='ltr'>rebus</span> <span class='ocrx_word' id='word_1_593' title='bbox 2936 3535 3160 3588; x_wconf 88' lang='lat' dir='ltr'>caducis</span> <span class='ocrx_word' id='word_1_594' title='bbox 3184 3534 3385 3588; x_wconf 89' lang='lat' dir='ltr'>eadem</span> <span class='ocrx_word' id='word_1_595' title='bbox 3440 3535 3723 3604; x_wconf 81' lang='lat' dir='ltr'>cogitatio</span> <span class='ocrx_word' id='word_1_596' title='bbox 3761 3540 3856 3589; x_wconf 86' lang='lat' dir='ltr'>aut</span> 
     </span>
    </p>
   </div>
   <div class='ocr_carea' id='block_1_81' title="bbox 2153 3624 3188 3691">
    <p class='ocr_par' dir='ltr' id='par_1_81' title="bbox 2153 3624 3188 3691">
     <span class='ocr_line' id='line_1_81' title="bbox 2153 3624 3188 3691; baseline -0.004 -11"><span class='ocrx_word' id='word_1_597' title='bbox 2153 3627 2431 3691; x_wconf 89' lang='lat' dir='ltr'>deleatur,</span> <span class='ocrx_word' id='word_1_598' title='bbox 2476 3630 2572 3679; x_wconf 90' lang='lat' dir='ltr'>aut</span> <span class='ocrx_word' id='word_1_599' title='bbox 2610 3625 2810 3678; x_wconf 89' lang='lat' dir='ltr'>saltem</span> <span class='ocrx_word' id='word_1_600' title='bbox 2834 3624 3188 3677; x_wconf 88' lang='lat' dir='ltr'>obscuretur.</span> 
     </span>
    </p>
   </div>
   <div class='ocr_carea' id='block_1_82' title="bbox 2223 3711 3790 3769">
    <p class='ocr_par' dir='ltr' id='par_1_82' title="bbox 2223 3711 3790 3769">
     <span class='ocr_line' id='line_1_82' title="bbox 2223 3711 3790 3769; baseline -0.001 0"><span class='ocrx_word' id='word_1_601' title='bbox 2223 3716 2650 3769; x_wconf 74' lang='lat' dir='ltr'>ARGUMENTA</span> <span class='ocrx_word' id='word_1_602' title='bbox 2691 3713 3204 3768; x_wconf 75' lang='lat' dir='ltr'>CONSOLATIONI</span> <span class='ocrx_word' id='word_1_603' title='bbox 3247 3711 3790 3768; x_wconf 62' lang='lat' dir='ltr'>PHILOSOPHICE</span> 
     </span>
    </p>
   </div>
   <div class='ocr_carea' id='block_1_83' title="bbox 2402 3816 3582 3858">
    <p class='ocr_par' dir='ltr' id='par_1_83' title="bbox 2402 3816 3582 3858">
     <span class='ocr_line' id='line_1_83' title="bbox 2402 3816 3582 3858; baseline -0.004 0"><span class='ocrx_word' id='word_1_604' title='bbox 2402 3818 2770 3858; x_wconf 69' lang='lat' dir='ltr'>CONTRAIHA</span> <span class='ocrx_word' id='word_1_605' title='bbox 2825 3817 2949 3857; x_wconf 75' lang='lat' dir='ltr'>CUM</span> <span class='ocrx_word' id='word_1_606' title='bbox 3000 3816 3582 3856; x_wconf 77' lang='lat' dir='ltr'>RESPONSIONIBUS.</span> 
     </span>
    </p>
   </div>
   <div class='ocr_carea' id='block_1_84' title="bbox 2221 3889 3860 3962">
    <p class='ocr_par' dir='ltr' id='par_1_84' title="bbox 2221 3889 3860 3962">
     <span class='ocr_line' id='line_1_84' title="bbox 2221 3889 3860 3962; baseline -0.001 -16"><span class='ocrx_word' id='word_1_607' title='bbox 2221 3892 2338 3958; x_wconf 90' lang='lat' dir='ltr'>Quo</span> <span class='ocrx_word' id='word_1_608' title='bbox 2372 3893 2696 3962; x_wconf 87' lang='lat' dir='ltr'>antiquiora</span> <span class='ocrx_word' id='word_1_609' title='bbox 2726 3897 2863 3945; x_wconf 86' lang='lat' dir='ltr'>sunt</span> <span class='ocrx_word' id='word_1_610' title='bbox 2895 3890 3247 3961; x_wconf 62' lang='lat' dir='ltr'>praejudicia,</span> <span class='ocrx_word' id='word_1_611' title='bbox 3283 3906 3349 3944; x_wconf 92' lang='lat' dir='ltr'>eo</span> <span class='ocrx_word' id='word_1_612' title='bbox 3383 3889 3680 3944; x_wconf 85' lang='lat' dir='ltr'>difﬁcilius</span> <span class='ocrx_word' id='word_1_613' title='bbox 3726 3892 3860 3946; x_wconf 72' lang='lat' dir='ltr'>haec</span> 
     </span>
    </p>
   </div>
   <div class='ocr_carea' id='block_1_85' title="bbox 2151 3979 3858 4051">
    <p class='ocr_par' dir='ltr' id='par_1_85' title="bbox 2151 3979 3858 4051">
     <span class='ocr_line' id='line_1_85' title="bbox 2151 3979 3858 4051; baseline -0.001 -16"><span class='ocrx_word' id='word_1_614' title='bbox 2151 3989 2470 4047; x_wconf 82' lang='lat' dir='ltr'>exuuntur;</span> <span class='ocrx_word' id='word_1_615' title='bbox 2506 3986 2811 4051; x_wconf 89' lang='lat' dir='ltr'>propterea</span> <span class='ocrx_word' id='word_1_616' title='bbox 2844 3980 3037 4033; x_wconf 88' lang='lat' dir='ltr'>Boetio</span> <span class='ocrx_word' id='word_1_617' title='bbox 3061 3979 3348 4050; x_wconf 64' lang='lat' dir='ltr'>prmdietis</span> <span class='ocrx_word' id='word_1_618' title='bbox 3365 3985 3660 4033; x_wconf 86' lang='lat' dir='ltr'>commoto</span> <span class='ocrx_word' id='word_1_619' title='bbox 3684 3981 3858 4050; x_wconf 88' lang='lat' dir='ltr'>plura</span> 
     </span>
    </p>
   </div>
   <div class='ocr_carea' id='block_1_86' title="bbox 2151 4068 3856 4140">
    <p class='ocr_par' dir='ltr' id='par_1_86' title="bbox 2151 4068 3856 4140">
     <span class='ocr_line' id='line_1_86' title="bbox 2151 4068 3856 4140; baseline -0.001 -17"><span class='ocrx_word' id='word_1_620' title='bbox 2151 4074 2478 4140; x_wconf 87' lang='lat' dir='ltr'>suppetunt,</span> <span class='ocrx_word' id='word_1_621' title='bbox 2522 4085 2649 4138; x_wconf 69' lang='lat' dir='ltr'>quae</span> <span class='ocrx_word' id='word_1_622' title='bbox 2695 4069 2959 4122; x_wconf 89' lang='lat' dir='ltr'>adversus</span> <span class='ocrx_word' id='word_1_623' title='bbox 2986 4069 3144 4122; x_wconf 90' lang='lat' dir='ltr'>illam</span> <span class='ocrx_word' id='word_1_624' title='bbox 3203 4068 3584 4139; x_wconf 72' lang='lat' dir='ltr'>philosophia:</span> <span class='ocrx_word' id='word_1_625' title='bbox 3641 4069 3856 4123; x_wconf 87' lang='lat' dir='ltr'>doctri-</span> 
     </span>
    </p>
   </div>
   <div class='ocr_carea' id='block_1_87' title="bbox 2152 4156 3859 4228">
    <p class='ocr_par' dir='ltr' id='par_1_87' title="bbox 2152 4156 3859 4228">
     <span class='ocr_line' id='line_1_87' title="bbox 2152 4156 3859 4228; baseline 0 -16"><span class='ocrx_word' id='word_1_626' title='bbox 2152 4175 2283 4212; x_wconf 89' lang='lat' dir='ltr'>nam</span> <span class='ocrx_word' id='word_1_627' title='bbox 2317 4162 2598 4228; x_wconf 88' lang='lat' dir='ltr'>opponat;</span> <span class='ocrx_word' id='word_1_628' title='bbox 2633 4158 2731 4212; x_wconf 87' lang='lat' dir='ltr'>sed</span> <span class='ocrx_word' id='word_1_629' title='bbox 2760 4174 2879 4212; x_wconf 69' lang='lat' dir='ltr'>sua:</span> <span class='ocrx_word' id='word_1_630' title='bbox 2908 4174 3026 4211; x_wconf 90' lang='lat' dir='ltr'>non</span> <span class='ocrx_word' id='word_1_631' title='bbox 3066 4157 3275 4212; x_wconf 88' lang='lat' dir='ltr'>desunt</span> <span class='ocrx_word' id='word_1_632' title='bbox 3319 4156 3723 4227; x_wconf 62' lang='lat' dir='ltr'>Philosophiae</span> <span class='ocrx_word' id='word_1_633' title='bbox 3772 4175 3859 4212; x_wconf 80' lang='lat' dir='ltr'>re-</span> 
     </span>
    </p>
   </div>
   <div class='ocr_carea' id='block_1_88' title="bbox 2151 4247 2504 4317">
    <p class='ocr_par' dir='ltr' id='par_1_88' title="bbox 2151 4247 2504 4317">
     <span class='ocr_line' id='line_1_88' title="bbox 2151 4247 2504 4317; baseline 0 -17"><span class='ocrx_word' id='word_1_634' title='bbox 2151 4247 2504 4317; x_wconf 89' lang='lat' dir='ltr'>sponsiones.</span> 
     </span>
    </p>
   </div>
   <div class='ocr_carea' id='block_1_89' title="bbox 416 4329 3861 4405">
    <p class='ocr_par' dir='ltr' id='par_1_89' title="bbox 416 4329 3861 4405">
     <span class='ocr_line' id='line_1_89' title="bbox 416 4329 3861 4405; baseline 0.001 -17"><span class='ocrx_word' id='word_1_635' title='bbox 416 4333 588 4404; x_wconf 81' lang='lat' dir='ltr'>Atqui</span> <span class='ocrx_word' id='word_1_636' title='bbox 620 4348 747 4404; x_wconf 64' lang='lat' dir='ltr'>qua:</span> <span class='ocrx_word' id='word_1_637' title='bbox 779 4330 1038 4398; x_wconf 86' lang='lat' dir='ltr'>amisisti,</span> <span class='ocrx_word' id='word_1_638' title='bbox 1085 4348 1117 4383; x_wconf 92' lang='lat' dir='ltr'>o</span> <span class='ocrx_word' id='word_1_639' title='bbox 1148 4331 1430 4396; x_wconf 89' lang='lat' dir='ltr'>Severine,</span> <span class='ocrx_word' id='word_1_640' title='bbox 1482 4330 1706 4383; x_wconf 82' lang='lat' dir='ltr'>divitias</span> <span class='ocrx_word' id='word_1_641' title='bbox 1738 4329 2034 4398; x_wconf 88' lang='lat' dir='ltr'>nimirum,</span> <span class='ocrx_word' id='word_1_642' title='bbox 2078 4341 2121 4394; x_wconf 92' lang='lat' dir='ltr'><strong>D</strong></span> <span class='ocrx_word' id='word_1_643' title='bbox 2223 4337 2330 4390; x_wconf 83' lang='lat' dir='ltr'>Lm.</span> <span class='ocrx_word' id='word_1_644' title='bbox 2367 4352 2439 4389; x_wconf 85' lang='lat' dir='ltr'>1v.</span> <span class='ocrx_word' id='word_1_645' title='bbox 2473 4365 2542 4374; x_wconf 96' lang='lat'><strong>—</strong></span> <span class='ocrx_word' id='word_1_646' title='bbox 2571 4336 2611 4389; x_wconf 85' lang='grc' dir='ltr'>Ι.</span> <span class='ocrx_word' id='word_1_647' title='bbox 2645 4335 2703 4390; x_wconf 88' lang='lat' dir='ltr'>Si</span> <span class='ocrx_word' id='word_1_648' title='bbox 2733 4334 2923 4405; x_wconf 66' lang='lat' dir='ltr'>(Proca</span> <span class='ocrx_word' id='word_1_649' title='bbox 2958 4335 3392 4405; x_wconf 79' lang='lat' dir='ltr'>l)Deus,inquit</span> <span class='ocrx_word' id='word_1_650' title='bbox 3409 4334 3660 4401; x_wconf 77' lang='lat' dir='ltr'>Boetius,</span> <span class='ocrx_word' id='word_1_651' title='bbox 3687 4351 3861 4391; x_wconf 87' lang='lat' dir='ltr'>mun-</span> 
     </span>
    </p>
   </div>
   <div class='ocr_carea' id='block_1_90' title="bbox 348 4419 2040 4491">
    <p class='ocr_par' dir='ltr' id='par_1_90' title="bbox 348 4419 2040 4491">
     <span class='ocr_line' id='line_1_90' title="bbox 348 4419 2040 4491; baseline -0.002 -15"><span class='ocrx_word' id='word_1_652' title='bbox 348 4427 404 4475; x_wconf 88' lang='lat' dir='ltr'>et</span> <span class='ocrx_word' id='word_1_653' title='bbox 453 4427 656 4476; x_wconf 77' lang='lat' dir='ltr'>caetera</span> <span class='ocrx_word' id='word_1_654' title='bbox 702 4422 759 4475; x_wconf 83' lang='lat' dir='ltr'>id</span> <span class='ocrx_word' id='word_1_655' title='bbox 803 4437 981 4491; x_wconf 85' lang='lat' dir='ltr'>genus</span> <span class='ocrx_word' id='word_1_656' title='bbox 1034 4437 1159 4490; x_wconf 58' lang='lat' dir='ltr'>qua:</span> <span class='ocrx_word' id='word_1_657' title='bbox 1194 4435 1358 4472; x_wconf 85' lang='lat' dir='ltr'>vocas</span> <span class='ocrx_word' id='word_1_658' title='bbox 1389 4419 1558 4486; x_wconf 88' lang='lat' dir='ltr'>bona,</span> <span class='ocrx_word' id='word_1_659' title='bbox 1607 4419 1727 4472; x_wconf 76' lang='lat' dir='ltr'>haec</span> <span class='ocrx_word' id='word_1_660' title='bbox 1768 4421 1955 4488; x_wconf 82' lang='lat' dir='ltr'>(Prosa</span> <span class='ocrx_word' id='word_1_661' title='bbox 1989 4419 2040 4490; x_wconf 86' lang='lat'>5)</span> 
     </span>
    </p>
   </div>
   <div class='ocr_carea' id='block_1_91' title="bbox 350 4508 2044 4581">
    <p class='ocr_par' dir='ltr' id='par_1_91' title="bbox 350 4508 2044 4581">
     <span class='ocr_line' id='line_1_91' title="bbox 350 4508 2044 4581; baseline -0.002 -16"><span class='ocrx_word' id='word_1_662' title='bbox 350 4512 499 4565; x_wconf 89' lang='lat' dir='ltr'>mala</span> <span class='ocrx_word' id='word_1_663' title='bbox 530 4512 719 4581; x_wconf 89' lang='lat' dir='ltr'>potius</span> <span class='ocrx_word' id='word_1_664' title='bbox 743 4516 877 4563; x_wconf 87' lang='lat' dir='ltr'>sunt.</span> <span class='ocrx_word' id='word_1_665' title='bbox 911 4509 1111 4572; x_wconf 86' lang='lat' dir='ltr'>animi,</span> <span class='ocrx_word' id='word_1_666' title='bbox 1146 4524 1319 4579; x_wconf 89' lang='lat' dir='ltr'>quam</span> <span class='ocrx_word' id='word_1_667' title='bbox 1359 4508 1546 4573; x_wconf 84' lang='lat' dir='ltr'>bona;</span> <span class='ocrx_word' id='word_1_668' title='bbox 1575 4508 1820 4561; x_wconf 67' lang='lat' dir='ltr'>miserias</span> <span class='ocrx_word' id='word_1_669' title='bbox 1851 4509 2044 4578; x_wconf 88' lang='lat' dir='ltr'>potius</span> 
     </span>
    </p>
   </div>
   <div class='ocr_carea' id='block_1_92' title="bbox 349 4597 2041 4669">
    <p class='ocr_par' dir='ltr' id='par_1_92' title="bbox 349 4597 2041 4669">
     <span class='ocr_line' id='line_1_92' title="bbox 349 4597 2041 4669; baseline 0 -18"><span class='ocrx_word' id='word_1_670' title='bbox 349 4616 521 4669; x_wconf 86' lang='lat' dir='ltr'>quam</span> <span class='ocrx_word' id='word_1_671' title='bbox 581 4599 866 4652; x_wconf 83' lang='lat' dir='ltr'>felicitatis</span> <span class='ocrx_word' id='word_1_672' title='bbox 915 4615 1142 4652; x_wconf 69' lang='lat' dir='ltr'>causae:</span> <span class='ocrx_word' id='word_1_673' title='bbox 1190 4602 1498 4667; x_wconf 87' lang='lat' dir='ltr'>propterea</span> <span class='ocrx_word' id='word_1_674' title='bbox 1555 4597 1707 4649; x_wconf 92' lang='lat' dir='ltr'>enim</span> <span class='ocrx_word' id='word_1_675' title='bbox 1769 4597 1959 4666; x_wconf 76' lang='lat' dir='ltr'>(Metro</span> <span class='ocrx_word' id='word_1_676' title='bbox 1987 4598 2041 4668; x_wconf 87' lang='lat'>5)</span> 
     </span>
    </p>
   </div>
   <div class='ocr_carea' id='block_1_93' title="bbox 350 4686 2042 4757">
    <p class='ocr_par' dir='ltr' id='par_1_93' title="bbox 350 4686 2042 4757">
     <span class='ocr_line' id='line_1_93' title="bbox 350 4686 2042 4757; baseline -0.001 -16"><span class='ocrx_word' id='word_1_677' title='bbox 350 4692 485 4741; x_wconf 63' lang='lat' dir='ltr'>mtas</span> <span class='ocrx_word' id='word_1_678' title='bbox 524 4688 810 4757; x_wconf 86' lang='lat' dir='ltr'>majorum</span> <span class='ocrx_word' id='word_1_679' title='bbox 853 4693 1046 4741; x_wconf 90' lang='lat' dir='ltr'>nostra</span> <span class='ocrx_word' id='word_1_680' title='bbox 1083 4688 1192 4740; x_wconf 88' lang='lat' dir='ltr'>fuit</span> <span class='ocrx_word' id='word_1_681' title='bbox 1221 4686 1467 4753; x_wconf 84' lang='lat' dir='ltr'>felicior;</span> <span class='ocrx_word' id='word_1_682' title='bbox 1501 4686 1654 4756; x_wconf 91' lang='lat' dir='ltr'>quod</span> <span class='ocrx_word' id='word_1_683' title='bbox 1686 4686 1770 4738; x_wconf 88' lang='lat' dir='ltr'>illi</span> <span class='ocrx_word' id='word_1_684' title='bbox 1812 4687 2042 4757; x_wconf 83' lang='lat' dir='ltr'>minori,</span> 
     </span>
    </p>
   </div>
   <div class='ocr_carea' id='block_1_94' title="bbox 351 4777 2046 4848">
    <p class='ocr_par' dir='ltr' id='par_1_94' title="bbox 351 4777 2046 4848">
     <span class='ocr_line' id='line_1_94' title="bbox 351 4777 2046 4848; baseline 0.002 -21"><span class='ocrx_word' id='word_1_685' title='bbox 351 4791 524 4846; x_wconf 86' lang='lat' dir='ltr'>quam</span> <span class='ocrx_word' id='word_1_686' title='bbox 558 4792 680 4843; x_wconf 90' lang='lat' dir='ltr'>nos,</span> <span class='ocrx_word' id='word_1_687' title='bbox 712 4778 918 4830; x_wconf 88' lang='lat' dir='ltr'>horum</span> <span class='ocrx_word' id='word_1_688' title='bbox 972 4777 1284 4848; x_wconf 90' lang='lat' dir='ltr'>cupiditate</span> <span class='ocrx_word' id='word_1_689' title='bbox 1319 4779 1654 4829; x_wconf 89' lang='lat' dir='ltr'>tenerentur</span> <span class='ocrx_word' id='word_1_690' title='bbox 1685 4793 1697 4830; x_wconf 92' lang='lat'><strong>:</strong></span> <span class='ocrx_word' id='word_1_691' title='bbox 1743 4782 2046 4847; x_wconf 87' lang='lat' dir='ltr'>propterea</span> 
     </span>
    </p>
   </div>
   <div class='ocr_carea' id='block_1_95' title="bbox 352 4863 2044 4936">
    <p class='ocr_par' dir='ltr' id='par_1_95' title="bbox 352 4863 2044 4936">
     <span class='ocr_line' id='line_1_95' title="bbox 352 4863 2044 4936; baseline 0.002 -19"><span class='ocrx_word' id='word_1_692' title='bbox 352 4864 542 4933; x_wconf 86' lang='lat' dir='ltr'>(Prosa</span> <span class='ocrx_word' id='word_1_693' title='bbox 572 4865 625 4933; x_wconf 88' lang='grc'>6)</span> <span class='ocrx_word' id='word_1_694' title='bbox 678 4865 937 4934; x_wconf 89' lang='lat' dir='ltr'>potentia</span> <span class='ocrx_word' id='word_1_695' title='bbox 993 4866 1053 4919; x_wconf 90' lang='lat' dir='ltr'>in</span> <span class='ocrx_word' id='word_1_696' title='bbox 1128 4865 1386 4936; x_wconf 90' lang='lat' dir='ltr'>improbo</span> <span class='ocrx_word' id='word_1_697' title='bbox 1454 4863 1794 4935; x_wconf 79' lang='lat' dir='ltr'>magistratu</span> <span class='ocrx_word' id='word_1_698' title='bbox 1850 4865 2044 4920; x_wconf 85' lang='lat' dir='ltr'>sedem</span> 
     </span>
    </p>
   </div>
   <div class='ocr_carea' id='block_1_96' title="bbox 351 4952 2045 5025">
    <p class='ocr_par' dir='ltr' id='par_1_96' title="bbox 351 4952 2045 5025">
     <span class='ocr_line' id='line_1_96' title="bbox 351 4952 2045 5025; baseline 0.002 -21"><span class='ocrx_word' id='word_1_699' title='bbox 351 4955 512 5004; x_wconf 87' lang='lat' dir='ltr'>nacta</span> <span class='ocrx_word' id='word_1_700' title='bbox 542 4952 821 5021; x_wconf 90' lang='lat' dir='ltr'>plurimas</span> <span class='ocrx_word' id='word_1_701' title='bbox 853 4952 968 5005; x_wconf 87' lang='lat' dir='ltr'>edit</span> <span class='ocrx_word' id='word_1_702' title='bbox 993 4958 1210 5021; x_wconf 73' lang='lat' dir='ltr'>strages</span> <span class='ocrx_word' id='word_1_703' title='bbox 1249 4953 1405 5025; x_wconf 89' lang='lat' dir='ltr'>quod</span> <span class='ocrx_word' id='word_1_704' title='bbox 1446 4953 1616 5007; x_wconf 91' lang='lat' dir='ltr'>nimis</span> <span class='ocrx_word' id='word_1_705' title='bbox 1640 4956 1799 5022; x_wconf 89' lang='lat' dir='ltr'>patet</span> <span class='ocrx_word' id='word_1_706' title='bbox 1853 4968 2045 5008; x_wconf 89' lang='lat' dir='ltr'>exem-</span> 
     </span>
    </p>
   </div>
   <div class='ocr_carea' id='block_1_97' title="bbox 349 5038 2043 5112">
    <p class='ocr_par' dir='ltr' id='par_1_97' title="bbox 349 5038 2043 5112">
     <span class='ocr_line' id='line_1_97' title="bbox 349 5038 2043 5112; baseline 0.002 -20"><span class='ocrx_word' id='word_1_707' title='bbox 349 5040 444 5110; x_wconf 88' lang='lat' dir='ltr'>plo</span> <span class='ocrx_word' id='word_1_708' title='bbox 476 5038 744 5110; x_wconf 26' lang='lat' dir='ltr'>(Metrom6)</span> <span class='ocrx_word' id='word_1_709' title='bbox 777 5040 1014 5093; x_wconf 85' lang='lat' dir='ltr'>Neronis</span> <span class='ocrx_word' id='word_1_710' title='bbox 1049 5058 1061 5094; x_wconf 89' lang='lat'>:</span> <span class='ocrx_word' id='word_1_711' title='bbox 1089 5048 1393 5111; x_wconf 88' lang='lat' dir='ltr'>propterea</span> <span class='ocrx_word' id='word_1_712' title='bbox 1427 5044 1617 5112; x_wconf 82' lang='lat' dir='ltr'>(Prosa</span> <span class='ocrx_word' id='word_1_713' title='bbox 1649 5041 1703 5112; x_wconf 88' lang='grc'>’7)</span> <span class='ocrx_word' id='word_1_714' title='bbox 1736 5041 2043 5112; x_wconf 88' lang='lat' dir='ltr'>famaipsa,</span> 
     </span>
    </p>
   </div>
   <div class='ocr_carea' id='block_1_98' title="bbox 349 5127 2046 5201">
    <p class='ocr_par' dir='ltr' id='par_1_98' title="bbox 349 5127 2046 5201">
     <span class='ocr_line' id='line_1_98' title="bbox 349 5127 2046 5201; baseline 0.002 -19"><span class='ocrx_word' id='word_1_715' title='bbox 349 5145 463 5201; x_wconf 88' lang='lat' dir='ltr'>qua</span> <span class='ocrx_word' id='word_1_716' title='bbox 497 5129 748 5199; x_wconf 89' lang='lat' dir='ltr'>optimus</span> <span class='ocrx_word' id='word_1_717' title='bbox 780 5127 1025 5199; x_wconf 87' lang='lat' dir='ltr'>quisque</span> <span class='ocrx_word' id='word_1_718' title='bbox 1047 5131 1271 5184; x_wconf 90' lang='lat' dir='ltr'>videtur</span> <span class='ocrx_word' id='word_1_719' title='bbox 1320 5131 1469 5199; x_wconf 90' lang='lat' dir='ltr'>duci,</span> <span class='ocrx_word' id='word_1_720' title='bbox 1531 5136 1808 5201; x_wconf 88' lang='lat' dir='ltr'>tanquam</span> <span class='ocrx_word' id='word_1_721' title='bbox 1867 5132 2046 5186; x_wconf 87' lang='lat' dir='ltr'>altera</span> 
     </span>
    </p>
   </div>
   <div class='ocr_carea' id='block_1_99' title="bbox 348 5217 2046 5291">
    <p class='ocr_par' dir='ltr' id='par_1_99' title="bbox 348 5217 2046 5291">
     <span class='ocr_line' id='line_1_99' title="bbox 348 5217 2046 5291; baseline 0.001 -18"><span class='ocrx_word' id='word_1_722' title='bbox 348 5220 483 5287; x_wconf 87' lang='lat' dir='ltr'>vita,</span> <span class='ocrx_word' id='word_1_723' title='bbox 537 5218 727 5288; x_wconf 80' lang='lat' dir='ltr'>(Metro</span> <span class='ocrx_word' id='word_1_724' title='bbox 747 5217 802 5287; x_wconf 83' lang='lat'>7)</span> <span class='ocrx_word' id='word_1_725' title='bbox 867 5223 1106 5270; x_wconf 88' lang='lat' dir='ltr'>mortem</span> <span class='ocrx_word' id='word_1_726' title='bbox 1142 5219 1400 5288; x_wconf 85' lang='lat' dir='ltr'>geminat</span> <span class='ocrx_word' id='word_1_727' title='bbox 1445 5220 1677 5274; x_wconf 87' lang='lat' dir='ltr'>tandem</span> <span class='ocrx_word' id='word_1_728' title='bbox 1737 5221 2046 5291; x_wconf 88' lang='lat' dir='ltr'>aliquando</span> 
     </span>
    </p>
   </div>
   <div class='ocr_carea' id='block_1_100' title="bbox 348 5305 2046 5380">
    <p class='ocr_par' dir='ltr' id='par_1_100' title="bbox 348 5305 2046 5380">
     <span class='ocr_line' id='line_1_100' title="bbox 348 5305 2046 5380; baseline 0.001 -20"><span class='ocrx_word' id='word_1_729' title='bbox 348 5308 660 5361; x_wconf 90' lang='lat' dir='ltr'>fatiscens:</span> <span class='ocrx_word' id='word_1_730' title='bbox 712 5311 1015 5378; x_wconf 89' lang='lat' dir='ltr'>propterea</span> <span class='ocrx_word' id='word_1_731' title='bbox 1052 5305 1242 5375; x_wconf 78' lang='lat' dir='ltr'>(Prosa-</span> <span class='ocrx_word' id='word_1_732' title='bbox 1276 5309 1327 5376; x_wconf 92' lang='lat'>8)</span> <span class='ocrx_word' id='word_1_733' title='bbox 1390 5309 1639 5375; x_wconf 88' lang='lat' dir='ltr'>fortuna,</span> <span class='ocrx_word' id='word_1_734' title='bbox 1696 5325 1825 5380; x_wconf 62' lang='lat' dir='ltr'>quae</span> <span class='ocrx_word' id='word_1_735' title='bbox 1876 5311 2046 5380; x_wconf 82' lang='lat' dir='ltr'>vulgo</span> 
     </span>
    </p>
   </div>
   <div class='ocr_carea' id='block_1_101' title="bbox 349 5394 2046 5465">
    <p class='ocr_par' dir='ltr' id='par_1_101' title="bbox 349 5394 2046 5465">
     <span class='ocr_line' id='line_1_101' title="bbox 349 5394 2046 5465; baseline 0.003 -18"><span class='ocrx_word' id='word_1_736' title='bbox 349 5395 558 5448; x_wconf 88' lang='lat' dir='ltr'>dicitur</span> <span class='ocrx_word' id='word_1_737' title='bbox 579 5411 873 5465; x_wconf 84' lang='lat' dir='ltr'>prospera,</span> <span class='ocrx_word' id='word_1_738' title='bbox 900 5394 1456 5449; x_wconf 83' lang='lat' dir='ltr'>menteminvolvens</span> <span class='ocrx_word' id='word_1_739' title='bbox 1487 5397 1761 5462; x_wconf 87' lang='lat' dir='ltr'>tenebris,</span> <span class='ocrx_word' id='word_1_740' title='bbox 1785 5399 2046 5452; x_wconf 88' lang='lat' dir='ltr'>eamdem</span> 
     </span>
    </p>
   </div>
   <div class='ocr_carea' id='block_1_102' title="bbox 352 5483 2047 5558">
    <p class='ocr_par' dir='ltr' id='par_1_102' title="bbox 352 5483 2047 5558">
     <span class='ocr_line' id='line_1_102' title="bbox 352 5483 2047 5558; baseline 0.005 -24"><span class='ocrx_word' id='word_1_741' title='bbox 352 5483 573 5537; x_wconf 89' lang='lat' dir='ltr'>inducit</span> <span class='ocrx_word' id='word_1_742' title='bbox 629 5501 756 5538; x_wconf 89' lang='lat' dir='ltr'>cum</span> <span class='ocrx_word' id='word_1_743' title='bbox 805 5485 864 5538; x_wconf 90' lang='lat' dir='ltr'>in</span> <span class='ocrx_word' id='word_1_744' title='bbox 899 5499 1175 5548; x_wconf 89' lang='lat' dir='ltr'>errorem,</span> <span class='ocrx_word' id='word_1_745' title='bbox 1224 5488 1346 5537; x_wconf 92' lang='lat' dir='ltr'>tum</span> <span class='ocrx_word' id='word_1_746' title='bbox 1399 5483 1458 5537; x_wconf 89' lang='lat' dir='ltr'>in</span> <span class='ocrx_word' id='word_1_747' title='bbox 1493 5486 1715 5549; x_wconf 89' lang='lat' dir='ltr'>vitium,</span> <span class='ocrx_word' id='word_1_748' title='bbox 1764 5503 1795 5539; x_wconf 88' lang='lat' dir='ltr'>a</span> <span class='ocrx_word' id='word_1_749' title='bbox 1839 5487 2047 5558; x_wconf 88' lang='lat' dir='ltr'>quibus</span> 
     </span>
    </p>
   </div>
   <div class='ocr_carea' id='block_1_103' title="bbox 353 5570 2049 5645">
    <p class='ocr_par' dir='ltr' id='par_1_103' title="bbox 353 5570 2049 5645">
     <span class='ocr_line' id='line_1_103' title="bbox 353 5570 2049 5645; baseline 0.005 -22"><span class='ocrx_word' id='word_1_750' title='bbox 353 5570 603 5639; x_wconf 84' lang='lat' dir='ltr'>fortuna,</span> <span class='ocrx_word' id='word_1_751' title='bbox 638 5590 768 5644; x_wconf 61' lang='lat' dir='ltr'>quae</span> <span class='ocrx_word' id='word_1_752' title='bbox 810 5574 981 5645; x_wconf 83' lang='lat' dir='ltr'>vulgo</span> <span class='ocrx_word' id='word_1_753' title='bbox 1003 5573 1251 5628; x_wconf 87' lang='lat' dir='ltr'>habetur</span> <span class='ocrx_word' id='word_1_754' title='bbox 1281 5572 1536 5643; x_wconf 86' lang='lat' dir='ltr'>adversa,</span> <span class='ocrx_word' id='word_1_755' title='bbox 1578 5575 1656 5628; x_wconf 91' lang='lat' dir='ltr'>sic</span> <span class='ocrx_word' id='word_1_756' title='bbox 1687 5576 1908 5643; x_wconf 87' lang='lat' dir='ltr'>liberat,</span> <span class='ocrx_word' id='word_1_757' title='bbox 1928 5577 2049 5632; x_wconf 74' lang='lat' dir='ltr'>haec</span> 
     </span>
    </p>
   </div>
   <div class='ocr_carea' id='block_1_104' title="bbox 2153 4423 3860 4494">
    <p class='ocr_par' dir='ltr' id='par_1_104' title="bbox 2153 4423 3860 4494">
     <span class='ocr_line' id='line_1_104' title="bbox 2153 4423 3860 4494; baseline 0 -15"><span class='ocrx_word' id='word_1_758' title='bbox 2153 4426 2289 4480; x_wconf 91' lang='lat' dir='ltr'>dum</span> <span class='ocrx_word' id='word_1_759' title='bbox 2348 4430 2593 4494; x_wconf 84' lang='lat' dir='ltr'>regeret,</span> <span class='ocrx_word' id='word_1_760' title='bbox 2653 4440 2759 4477; x_wconf 90' lang='lat' dir='ltr'>nec</span> <span class='ocrx_word' id='word_1_761' title='bbox 2793 4423 2971 4476; x_wconf 89' lang='lat' dir='ltr'>virtus</span> <span class='ocrx_word' id='word_1_762' title='bbox 3027 4423 3290 4494; x_wconf 64' lang='lat' dir='ltr'>praemio,</span> <span class='ocrx_word' id='word_1_763' title='bbox 3349 4439 3451 4477; x_wconf 90' lang='lat' dir='ltr'>nec</span> <span class='ocrx_word' id='word_1_764' title='bbox 3489 4423 3696 4477; x_wconf 82' lang='lat' dir='ltr'>vitium</span> <span class='ocrx_word' id='word_1_765' title='bbox 3757 4443 3860 4479; x_wconf 87' lang='lat' dir='ltr'>sua</span> 
     </span>
    </p>
   </div>
   <div class='ocr_carea' id='block_1_105' title="bbox 2155 4513 3857 4584">
    <p class='ocr_par' dir='ltr' id='par_1_105' title="bbox 2155 4513 3857 4584">
     <span class='ocr_line' id='line_1_105' title="bbox 2155 4513 3857 4584; baseline -0.002 -16"><span class='ocrx_word' id='word_1_766' title='bbox 2155 4521 2372 4568; x_wconf 90' lang='lat' dir='ltr'>careret</span> <span class='ocrx_word' id='word_1_767' title='bbox 2403 4531 2572 4584; x_wconf 68' lang='lat' dir='ltr'>poena</span> <span class='ocrx_word' id='word_1_768' title='bbox 2605 4530 2616 4566; x_wconf 93' lang='lat'><strong>:</strong></span> <span class='ocrx_word' id='word_1_769' title='bbox 2649 4529 2776 4566; x_wconf 91' lang='lat' dir='ltr'>cum</span> <span class='ocrx_word' id='word_1_770' title='bbox 2832 4517 3025 4566; x_wconf 89' lang='lat' dir='ltr'>tamen</span> <span class='ocrx_word' id='word_1_771' title='bbox 3062 4513 3416 4565; x_wconf 86' lang='lat' dir='ltr'>contrarium</span> <span class='ocrx_word' id='word_1_772' title='bbox 3456 4513 3857 4582; x_wconf 82' lang='lat' dir='ltr'>experiamur.</span> 
     </span>
    </p>
   </div>
   <div class='ocr_carea' id='block_1_106' title="bbox 2226 4601 3863 4674">
    <p class='ocr_par' dir='ltr' id='par_1_106' title="bbox 2226 4601 3863 4674">
     <span class='ocr_line' id='line_1_106' title="bbox 2226 4601 3863 4674; baseline 0 -16"><span class='ocrx_word' id='word_1_773' title='bbox 2226 4604 2335 4658; x_wconf 80' lang='lat' dir='ltr'>Nec</span> <span class='ocrx_word' id='word_1_774' title='bbox 2371 4603 2515 4674; x_wconf 83' lang='lat' dir='ltr'>(Ibid</span> <span class='ocrx_word' id='word_1_775' title='bbox 2544 4603 2558 4668; x_wconf 87' lang='lat'>)</span> <span class='ocrx_word' id='word_1_776' title='bbox 2585 4603 2759 4655; x_wconf 88' lang='lat' dir='ltr'>virtus</span> <span class='ocrx_word' id='word_1_777' title='bbox 2791 4601 3077 4672; x_wconf 51' lang='lat' dir='ltr'>jpracmiis,</span> <span class='ocrx_word' id='word_1_778' title='bbox 3106 4604 3289 4670; x_wconf 78' lang='lat' dir='ltr'>inquit</span> <span class='ocrx_word' id='word_1_779' title='bbox 3340 4602 3717 4670; x_wconf 78' lang='lat' dir='ltr'>Philosophia,</span> <span class='ocrx_word' id='word_1_780' title='bbox 3756 4620 3863 4658; x_wconf 88' lang='lat' dir='ltr'>nec</span> 
     </span>
    </p>
   </div>
   <div class='ocr_carea' id='block_1_107' title="bbox 2155 4690 3865 4761">
    <p class='ocr_par' dir='ltr' id='par_1_107' title="bbox 2155 4690 3865 4761">
     <span class='ocr_line' id='line_1_107' title="bbox 2155 4690 3865 4761; baseline 0.001 -15"><span class='ocrx_word' id='word_1_781' title='bbox 2155 4693 2271 4746; x_wconf 91' lang='lat' dir='ltr'>suis</span> <span class='ocrx_word' id='word_1_782' title='bbox 2301 4696 2455 4745; x_wconf 88' lang='lat' dir='ltr'>caret</span> <span class='ocrx_word' id='word_1_783' title='bbox 2478 4690 2682 4744; x_wconf 88' lang='lat' dir='ltr'>vitium</span> <span class='ocrx_word' id='word_1_784' title='bbox 2716 4690 3029 4760; x_wconf 87' lang='lat' dir='ltr'>suppliciis.</span> <span class='ocrx_word' id='word_1_785' title='bbox 3061 4692 3107 4743; x_wconf 74' lang='grc'>1¹</span> <span class='ocrx_word' id='word_1_786' title='bbox 3139 4691 3322 4758; x_wconf 60' lang='lat' dir='ltr'>tEnim</span> <span class='ocrx_word' id='word_1_787' title='bbox 3349 4690 3538 4760; x_wconf 84' lang='lat' dir='ltr'>(Metro</span> <span class='ocrx_word' id='word_1_788' title='bbox 3562 4691 3621 4760; x_wconf 82' lang='grc'>1)</span> <span class='ocrx_word' id='word_1_789' title='bbox 3679 4694 3865 4761; x_wconf 83' lang='lat' dir='ltr'>probi</span> 
     </span>
    </p>
   </div>
   <div class='ocr_carea' id='block_1_108' title="bbox 2156 4779 3864 4850">
    <p class='ocr_par' dir='ltr' id='par_1_108' title="bbox 2156 4779 3864 4850">
     <span class='ocr_line' id='line_1_108' title="bbox 2156 4779 3864 4850; baseline 0.001 -15"><span class='ocrx_word' id='word_1_790' title='bbox 2156 4783 2272 4835; x_wconf 89' lang='lat' dir='ltr'>Deo</span> <span class='ocrx_word' id='word_1_791' title='bbox 2308 4779 2660 4833; x_wconf 65' lang='lat' dir='ltr'>adhaerentes</span> <span class='ocrx_word' id='word_1_792' title='bbox 2684 4780 3052 4848; x_wconf 83' lang='lat' dir='ltr'>cogitatione,</span> <span class='ocrx_word' id='word_1_793' title='bbox 3094 4779 3350 4833; x_wconf 88' lang='lat' dir='ltr'>humana</span> <span class='ocrx_word' id='word_1_794' title='bbox 3366 4783 3499 4832; x_wconf 86' lang='lat' dir='ltr'>sunt</span> <span class='ocrx_word' id='word_1_795' title='bbox 3546 4779 3607 4832; x_wconf 90' lang='lat' dir='ltr'>in</span> <span class='ocrx_word' id='word_1_796' title='bbox 3641 4784 3864 4850; x_wconf 83' lang='lat' dir='ltr'>patria,</span> 
     </span>
    </p>
   </div>
   <div class='ocr_carea' id='block_1_109' title="bbox 2155 4867 3868 4942">
    <p class='ocr_par' dir='ltr' id='par_1_109' title="bbox 2155 4867 3868 4942">
     <span class='ocr_line' id='line_1_109' title="bbox 2155 4867 3868 4942; baseline -0.001 -19"><span class='ocrx_word' id='word_1_797' title='bbox 2155 4887 2188 4924; x_wconf 90' lang='lat' dir='ltr'>a</span> <span class='ocrx_word' id='word_1_798' title='bbox 2216 4886 2324 4940; x_wconf 89' lang='lat' dir='ltr'>qua</span> <span class='ocrx_word' id='word_1_799' title='bbox 2362 4869 2604 4938; x_wconf 89' lang='lat' dir='ltr'>improbi</span> <span class='ocrx_word' id='word_1_800' title='bbox 2647 4869 2928 4922; x_wconf 87' lang='lat' dir='ltr'>exsulant.</span> <span class='ocrx_word' id='word_1_801' title='bbox 2960 4871 3020 4919; x_wconf 89' lang='lat'>2°</span> <span class='ocrx_word' id='word_1_802' title='bbox 3053 4868 3245 4938; x_wconf 81' lang='lat' dir='ltr'>(Prosa</span> <span class='ocrx_word' id='word_1_803' title='bbox 3272 4868 3329 4939; x_wconf 83' lang='lat'>2)</span> <span class='ocrx_word' id='word_1_804' title='bbox 3364 4867 3532 4921; x_wconf 88' lang='lat' dir='ltr'>Probi</span> <span class='ocrx_word' id='word_1_805' title='bbox 3576 4875 3718 4922; x_wconf 88' lang='lat' dir='ltr'>sunt</span> <span class='ocrx_word' id='word_1_806' title='bbox 3761 4887 3868 4942; x_wconf 85' lang='lat' dir='ltr'>po-</span> 
     </span>
    </p>
   </div>
   <div class='ocr_carea' id='block_1_110' title="bbox 2154 4956 3862 5027">
    <p class='ocr_par' dir='ltr' id='par_1_110' title="bbox 2154 4956 3862 5027">
     <span class='ocr_line' id='line_1_110' title="bbox 2154 4956 3862 5027; baseline 0.002 -17"><span class='ocrx_word' id='word_1_807' title='bbox 2154 4960 2360 5025; x_wconf 90' lang='lat' dir='ltr'>tentes,</span> <span class='ocrx_word' id='word_1_808' title='bbox 2391 4956 2638 5026; x_wconf 90' lang='lat' dir='ltr'>improbi</span> <span class='ocrx_word' id='word_1_809' title='bbox 2672 4956 3036 5025; x_wconf 86' lang='lat' dir='ltr'>impotentes,</span> <span class='ocrx_word' id='word_1_810' title='bbox 3062 4973 3127 5010; x_wconf 79' lang='lat' dir='ltr'>ex</span> <span class='ocrx_word' id='word_1_811' title='bbox 3177 4971 3244 5010; x_wconf 91' lang='lat' dir='ltr'>eo</span> <span class='ocrx_word' id='word_1_812' title='bbox 3285 4957 3475 5026; x_wconf 83' lang='lat' dir='ltr'>(Metro</span> <span class='ocrx_word' id='word_1_813' title='bbox 3505 4959 3560 5026; x_wconf 89' lang='lat'>2)</span> <span class='ocrx_word' id='word_1_814' title='bbox 3606 4973 3862 5027; x_wconf 66' lang='lat' dir='ltr'>prmser-</span> 
     </span>
    </p>
   </div>
   <div class='ocr_carea' id='block_1_111' title="bbox 2154 5044 3866 5118">
    <p class='ocr_par' dir='ltr' id='par_1_111' title="bbox 2154 5044 3866 5118">
     <span class='ocr_line' id='line_1_111' title="bbox 2154 5044 3866 5118; baseline -0.002 -18"><span class='ocrx_word' id='word_1_815' title='bbox 2154 5046 2283 5114; x_wconf 87' lang='lat' dir='ltr'>tim,</span> <span class='ocrx_word' id='word_1_816' title='bbox 2314 5045 2464 5116; x_wconf 89' lang='lat' dir='ltr'>quod</span> <span class='ocrx_word' id='word_1_817' title='bbox 2494 5045 2578 5098; x_wconf 89' lang='lat' dir='ltr'>illi</span> <span class='ocrx_word' id='word_1_818' title='bbox 2626 5046 3018 5111; x_wconf 89' lang='lat' dir='ltr'>moderentur,</span> <span class='ocrx_word' id='word_1_819' title='bbox 3056 5045 3116 5098; x_wconf 89' lang='lat' dir='ltr'>hi</span> <span class='ocrx_word' id='word_1_820' title='bbox 3156 5044 3273 5098; x_wconf 90' lang='lat' dir='ltr'>suis</span> <span class='ocrx_word' id='word_1_821' title='bbox 3303 5045 3701 5115; x_wconf 84' lang='lat' dir='ltr'>obsequantur</span> <span class='ocrx_word' id='word_1_822' title='bbox 3733 5065 3866 5118; x_wconf 84' lang='lat' dir='ltr'>per-</span> 
     </span>
    </p>
   </div>
   <div class='ocr_carea' id='block_1_112' title="bbox 2155 5134 3870 5207">
    <p class='ocr_par' dir='ltr' id='par_1_112' title="bbox 2155 5134 3870 5207">
     <span class='ocr_line' id='line_1_112' title="bbox 2155 5134 3870 5207; baseline 0.002 -19"><span class='ocrx_word' id='word_1_823' title='bbox 2155 5135 2684 5189; x_wconf 77' lang='lat' dir='ltr'>turbationibus.30</span> <span class='ocrx_word' id='word_1_824' title='bbox 2736 5135 2924 5205; x_wconf 82' lang='lat' dir='ltr'>(Prosa</span> <span class='ocrx_word' id='word_1_825' title='bbox 2957 5134 3010 5203; x_wconf 91' lang='lat'>3)</span> <span class='ocrx_word' id='word_1_826' title='bbox 3067 5134 3239 5188; x_wconf 91' lang='lat' dir='ltr'>Probi</span> <span class='ocrx_word' id='word_1_827' title='bbox 3281 5134 3339 5188; x_wconf 91' lang='lat' dir='ltr'>in</span> <span class='ocrx_word' id='word_1_828' title='bbox 3399 5135 3557 5202; x_wconf 88' lang='lat' dir='ltr'>deos,</span> <span class='ocrx_word' id='word_1_829' title='bbox 3604 5135 3870 5207; x_wconf 83' lang='lat' dir='ltr'>improbi</span> 
     </span>
    </p>
   </div>
   <div class='ocr_carea' id='block_1_113' title="bbox 2156 5225 3870 5295">
    <p class='ocr_par' dir='ltr' id='par_1_113' title="bbox 2156 5225 3870 5295">
     <span class='ocr_line' id='line_1_113' title="bbox 2156 5225 3870 5295; baseline 0.002 -17"><span class='ocrx_word' id='word_1_830' title='bbox 2156 5225 2216 5279; x_wconf 91' lang='lat' dir='ltr'>in</span> <span class='ocrx_word' id='word_1_831' title='bbox 2248 5225 2447 5295; x_wconf 82' lang='lat' dir='ltr'>(Metro</span> <span class='ocrx_word' id='word_1_832' title='bbox 2483 5226 2536 5290; x_wconf 92' lang='lat'>3)</span> <span class='ocrx_word' id='word_1_833' title='bbox 2587 5225 2796 5278; x_wconf 87' lang='lat' dir='ltr'>bestias</span> <span class='ocrx_word' id='word_1_834' title='bbox 2828 5230 3020 5279; x_wconf 88' lang='lat' dir='ltr'>mente</span> <span class='ocrx_word' id='word_1_835' title='bbox 3055 5229 3463 5278; x_wconf 89' lang='lat' dir='ltr'>convertuntur</span> <span class='ocrx_word' id='word_1_836' title='bbox 3496 5241 3509 5277; x_wconf 90' lang='lat'><strong>:</strong></span> <span class='ocrx_word' id='word_1_837' title='bbox 3572 5225 3715 5279; x_wconf 89' lang='lat' dir='ltr'>hinc</span> <span class='ocrx_word' id='word_1_838' title='bbox 3767 5228 3870 5282; x_wconf 87' lang='lat' dir='ltr'>im-</span> 
     </span>
    </p>
   </div>
   <div class='ocr_carea' id='block_1_114' title="bbox 2155 5313 3872 5388">
    <p class='ocr_par' dir='ltr' id='par_1_114' title="bbox 2155 5313 3872 5388">
     <span class='ocr_line' id='line_1_114' title="bbox 2155 5313 3872 5388; baseline 0.001 -20"><span class='ocrx_word' id='word_1_839' title='bbox 2155 5314 2321 5385; x_wconf 88' lang='lat' dir='ltr'>probi</span> <span class='ocrx_word' id='word_1_840' title='bbox 2344 5314 2608 5383; x_wconf 69' lang='lat' dir='ltr'>(Prosu/t)</span> <span class='ocrx_word' id='word_1_841' title='bbox 2645 5313 2948 5367; x_wconf 87' lang='lat' dir='ltr'>miserrimi</span> <span class='ocrx_word' id='word_1_842' title='bbox 2991 5318 3145 5380; x_wconf 90' lang='lat' dir='ltr'>sunt,</span> <span class='ocrx_word' id='word_1_843' title='bbox 3183 5329 3429 5385; x_wconf 88' lang='lat' dir='ltr'>quorum</span> <span class='ocrx_word' id='word_1_844' title='bbox 3461 5314 3678 5370; x_wconf 86' lang='lat' dir='ltr'>idcirco</span> <span class='ocrx_word' id='word_1_845' title='bbox 3738 5319 3872 5388; x_wconf 75' lang='lat' dir='ltr'>(Me-</span> 
     </span>
    </p>
   </div>
   <div class='ocr_carea' id='block_1_115' title="bbox 2160 5403 2872 5473">
    <p class='ocr_par' dir='ltr' id='par_1_115' title="bbox 2160 5403 2872 5473">
     <span class='ocr_line' id='line_1_115' title="bbox 2160 5403 2872 5473; baseline -0.004 -14"><span class='ocrx_word' id='word_1_846' title='bbox 2160 5409 2242 5459; x_wconf 86' lang='lat' dir='ltr'>tro</span> <span class='ocrx_word' id='word_1_847' title='bbox 2263 5405 2317 5473; x_wconf 79' lang='grc'>4)</span> <span class='ocrx_word' id='word_1_848' title='bbox 2342 5407 2570 5473; x_wconf 86' lang='lat' dir='ltr'>praestat</span> <span class='ocrx_word' id='word_1_849' title='bbox 2596 5403 2872 5456; x_wconf 88' lang='lat' dir='ltr'>misereri.</span> 
     </span>
    </p>
   </div>
   <div class='ocr_carea' id='block_1_116' title="bbox 2227 5491 3868 5563">
    <p class='ocr_par' dir='ltr' id='par_1_116' title="bbox 2227 5491 3868 5563">
     <span class='ocr_line' id='line_1_116' title="bbox 2227 5491 3868 5563; baseline 0.006 -21"><span class='ocrx_word' id='word_1_850' title='bbox 2227 5491 2289 5544; x_wconf 92' lang='lat' dir='ltr'>ll.</span> <span class='ocrx_word' id='word_1_851' title='bbox 2328 5492 2441 5546; x_wconf 85' lang='lat' dir='ltr'>Sua</span> <span class='ocrx_word' id='word_1_852' title='bbox 2474 5491 2560 5555; x_wconf 2' lang='lat' dir='ltr'>psit</span> <span class='ocrx_word' id='word_1_853' title='bbox 2591 5491 2786 5561; x_wconf 89' lang='lat' dir='ltr'>probis</span> <span class='ocrx_word' id='word_1_854' title='bbox 2811 5491 3070 5558; x_wconf 87' lang='lat' dir='ltr'>felicitas,</span> <span class='ocrx_word' id='word_1_855' title='bbox 3110 5508 3211 5546; x_wconf 91' lang='lat' dir='ltr'>sua</span> <span class='ocrx_word' id='word_1_856' title='bbox 3261 5493 3543 5563; x_wconf 87' lang='lat' dir='ltr'>improbis</span> <span class='ocrx_word' id='word_1_857' title='bbox 3600 5495 3868 5560; x_wconf 86' lang='lat' dir='ltr'>miseria,</span> 
     </span>
    </p>
   </div>
   <div class='ocr_carea' id='block_1_117' title="bbox 2159 5580 3869 5656">
    <p class='ocr_par' dir='ltr' id='par_1_117' title="bbox 2159 5580 3869 5656">
     <span class='ocr_line' id='line_1_117' title="bbox 2159 5580 3869 5656; baseline 0.004 -23"><span class='ocrx_word' id='word_1_858' title='bbox 2159 5580 2292 5634; x_wconf 77' lang='lat' dir='ltr'>dicit</span> <span class='ocrx_word' id='word_1_859' title='bbox 2345 5583 2574 5644; x_wconf 74' lang='lat' dir='ltr'>Boetius,</span> <span class='ocrx_word' id='word_1_860' title='bbox 2636 5596 2738 5634; x_wconf 89' lang='lat' dir='ltr'>cur</span> <span class='ocrx_word' id='word_1_861' title='bbox 2782 5586 3082 5651; x_wconf 69' lang='lat' dir='ltr'>praeterea,</span> <span class='ocrx_word' id='word_1_862' title='bbox 3135 5583 3247 5636; x_wconf 91' lang='lat' dir='ltr'>Deo</span> <span class='ocrx_word' id='word_1_863' title='bbox 3294 5583 3574 5637; x_wconf 89' lang='lat' dir='ltr'>mundum</span> <span class='ocrx_word' id='word_1_864' title='bbox 3623 5594 3869 5656; x_wconf 82' lang='lat' dir='ltr'>regente</span> 
     </span>
    </p>
   </div>
  </div>
