3996 6170
136 262 219 309 57-.
776 251 843 304 1N
886 250 1136 305 uanos
1177 252 1267 304 ne
1308 252 1829 307 CONSOLATIONE
1872 254 2345 309 puiLosopui/a
2388 256 2920 312 l’ROLEGOMENA.
3496 258 3599 313 5'28

136 394 301 457 iProsa
316 389 393 459 5),
427 391 483 443 et
515 385 677 458 probi
708 387 1110 454 incommodis,
1134 391 1190 444 et
1229 388 1547 443 commodis
1573 389 1793 460 inzpro-
1832 394 1878 445 A
1909 394 1989 445 lro
2020 391 2069 461 2)
2102 392 2270 455 Deus,
2305 393 2468 463 cujus
2511 397 2595 449 est
2625 394 2819 448 omnia
2862 410 3115 464 cernere,
3149 395 3309 451 novit
3337 396 3596 460 modum,

136 482 183 534 bi
200 479 506 533 afﬁciantur
519 477 545 530 ?

193 570 364 633 Plura,
416 568 546 620 dicit
581 567 955 635 Philosophia,
986 566 1321 637 responderi
1361 570 1620 637 possunt.
1673 568 1797 622 Pri-

134 674 267 712 mum
290 656 436 709 enim
463 655 718 725 quamvis
753 656 942 726 (Ιὸίά.)
975 672 1250 725 germana
1276 662 1449 709 tanta:
1477 656 1797 727 dispositio-

132 748 204 800 nis
222 762 379 799 causa
424 746 495 798 ab
524 746 757 798 homine
789 747 1169 813 ignoraretur,
1204 746 1392 799 eidem
1432 751 1623 799 tamen
1685 748 1795 800 ho-

132 836 252 889 mini
278 850 390 887 non
437 839 742 903 propterea
772 833 1190 903 {dubitandum,
1223 834 1361 904 quin
1392 834 1588 886 omnia
1643 841 1795 888 recte

129 926 305 979 ﬁerent
337 925 529 991 {,Metro
561 924 613 993 5)
652 922 959 976 :admirari
991 923 1048 975 id
1069 924 1240 976 homo
1269 929 1475 992 potest,
1504 928 1564 974 ut
1592 923 1795 992 vulgus

128 1015 341 1067 miratur
385 1011 587 1066 effecta
631 1011 901 1065 ccelestia.
944 1011 1160 1065 Deinde
1187 1011 1275 1064 hee
1309 1011 1501 1081 (Prosa
1532 1014 1584 1081 6)
1645 1011 1793 1064 vices

127 1119 222 1157 non
249 1100 434 1155 minus
464 1100 1063 1170 providentiaedivinaa
1094 1105 1246 1169 sunt,
1269 1117 1442 1171 quam
1457 1100 1589 1165 fati;
1615 1116 1793 1170 quare

126 1199 177 1245 ut
225 1192 405 1260 (Metro
438 1191 713 1260 6)czetera
748 1189 806 1242 in
858 1189 1109 1260 quodam
1159 1190 1401 1243 circuitu
1448 1194 1788 1243 versantur:

124 1282 187 1334 sic
214 1280 398 1347 (Prosa
426 1280 486 1348 ’7)
542 1278 790 1344 fortuna,
842 1278 1015 1331 etiam
1049 1278 1301 1341 adversa,
1337 1283 1534 1348 utpote
1576 1295 1702 1348 quae
1760 1295 1793 1331 a

128 1372 219 1423 Deo
260 1370 461 1431 oritur,
523 1369 593 1421 ad
628 1369 807 1421 Deum
838 1367 1159 1431 referenda,
1188 1374 1252 1421 ut
1289 1368 1479 1435 (Metro
1506 1368 1557 1436 7)
1616 1368 1793 1420 homo

125 1473 216 1510 non
244 1457 346 1509 nisi
387 1461 522 1525 post
552 1460 841 1526 susceptos
874 1456 1099 1509 labores
1124 1455 1351 1509 fruatur
1382 1456 1611 1525 optatis.

183 1547 287 1598 lus.
320 1561 373 1597 .v
403 1576 468 1582 —
504 1545 599 1599 Ill.
625 1545 788 1607 Quod
814 1547 999 1613 (Prosa
1035 1546 1085 1612 l)
1112 1543 1308 1597 omnia
1337 1543 1683 1613 previdenti,
1709 1546 1792 1596 in-

124 1638 222 1702 quit
240 1636 467 1699 Boetius,
497 1633 641 1686 nihil
672 1633 849 1703 possit
875 1649 994 1687 esse
1028 1632 1641 1703 inopinatum,nullus,
1674 1634 1788 1686 Deo

122 1724 369 1775 mundum
395 1729 660 1792 regente,
693 1722 752 1775 in
787 1723 1003 1775 mundo
1034 1724 1143 1776 erit
1172 1738 1333 1776 casus
1366 1738 1378 1776 :
1422 1722 1701 1792 quidquid
1732 1722 1793 1775 in

1908 495 2021 549 quo
2051 479 2303 533 humana
2329 480 2580 551 [libertas
2611 497 2741 535 cum
2782 482 2972 536 divina
3020 483 3377 553 providentia
3423 485 3601 555 possit

1908 569 2221 623 conciliari.

1977 660 2037 711 V.
2073 658 2261 727 (Prosa
2296 658 2349 727 3)
2388 658 2708 724 Quomodo,
2743 663 2939 729 quaerit
2969 662 3203 724 Boetius,
3238 662 3599 731 providentia

1908 745 2124 810 divina,
2159 750 2357 815 utpote
2380 747 2714 815 certissima,
2768 749 3061 802 conciliari
3088 751 3301 819 poterit
3338 768 3468 805 cum
3494 753 3598 806 hu—

1907 851 2079 887 mana
2110 835 2396 889 libertate.
2429 836 2644 906 quippe
2675 853 2799 906 quae
2850 842 2933 891 est
2963 854 3166 908 expers
3197 840 3596 894 necessitatis?

1906 924 2099 990 (Melro
2127 924 2180 994 3)
2221 941 2293 977 an
2327 925 2461 993 quia
2493 931 2554 979 ut
2577 926 2633 978 in
2666 927 2907 993 caeteris,
2945 928 3023 979 sic
3046 928 3104 979 in
3134 928 3240 980 hoc
3272 944 3434 981 mens
3491 930 3597 982 hu-

1904 1030 2074 1066 mana
2103 1029 2206 1067 nec
2235 1014 2430 1067 omnia
2461 1014 2663 1081 nescit,
2694 1030 2799 1068 nec
2827 1017 3019 1069 omnia
3049 1016 3230 1080 novit,
3265 1020 3331 1070 ut
3366 1035 3397 1070 a
3446 1018 3598 1071 notis

1902 1102 2171 1172 progredi
2201 1102 2415 1155 nitatur
2441 1104 2509 1156 ad
2544 1103 2738 1171 ignota
2758 1103 2785 1157 ‘I

1975 1192 2101 1243 Haec
2154 1190 2343 1258 (Prosa
2373 1192 2425 1261 4)
2476 1193 2803 1256 concordia,
2884 1193 3231 1262 Philosophia
3285 1195 3598 1261 refcrt,id-

1902 1277 2049 1330 circo
2079 1278 2305 1331 videtur
2337 1279 2606 1346 difﬁcilis,
2642 1280 2775 1349 quia
2802 1281 2995 1334 divina
3047 1283 3328 1350 praznotio
3389 1284 3597 1337 huma-

1901 1382 2035 1420 nam
2067 1368 2290 1421 iniinite
2329 1385 2625 1437 superans,
2662 1376 2852 1423 mente
2893 1372 3146 1424 humana
3177 1388 3290 1424 non
3350 1373 3591 1442 capitur.

1903 1457 1994 1509 Sic
2015 1456 2298 1527 quidquid
2327 1458 2498 1511 Stoici
2531 1460 2721 1528 (iiletro
2750 1460 2806 1525 4)
2866 1466 3089 1528 putent,
3124 1462 3315 1530 plures
3343 1466 3477 1517 sunt
3534 1463 3595 1514 in

1901 1545 2100 1599 eodem
2134 1545 2367 1599 homine
2395 1548 2774 1617 cognoscendi
2812 1548 2989 1615 modi,
3026 1565 3269 1619 quorum
3321 1550 3418 1602 alii
3458 1550 3597 1603 alios

1897 1634 1975 1687 ita
2007 1636 2438 1701 transcendunt,
2464 1641 2525 1687 ut
2566 1637 2719 1706 quod
2753 1636 3072 1706 intelligere
3096 1654 3419 1707 possumus,
3451 1639 3596 1693 illud

1898 1740 2016 1776 non
2069 1728 2372 1794 propterea
2427 1724 2718 1795 possimus
2754 1725 3078 1794 imaginari.
3113 1726 3266 1780 Sicut
3322 1728 3511 1796 (Prosa
3543 1728 3595 1797 5)

1897 1829 2032 1882 ergo
2057 1830 2121 1866 ex
2152 1812 2542 1867 imbecillitate
2573 1820 2783 1868 nostrae
2813 1814 3244 1884 imaginationis
3276 1831 3389 1869 non
3424 1816 3595 1869 debet

1897 1903 2098 1971 negari
2128 1908 2324 1955 nostra
2350 1903 2750 1972 intelligentia,
2786 1904 2863 1955 sic
2897 1920 2962 1956 ex
2984 1904 3353 1957 imbecilitate
3385 1904 3592 1958 intelli-

1895 1990 2105 2059 gentiae
2134 1990 2424 2057 humanae,
2456 1991 2648 2044 divina
2678 1992 3005 2045 futurorum
3027 1992 3336 2045 liberorum
3364 2009 3590 2062 prmno-

1894 2079 1974 2132 tio
1996 2080 2261 2150 neganda
2293 2096 2407 2133 non
2434 2083 2536 2133 est.
2574 2081 2719 2149 Non,
2750 2080 3005 2151 inquam.
3043 2086 3345 2151 propterea
3369 2082 3588 2151 negari,

1896 2168 2459 2238 debetintelligentia
2486 2169 2757 2230 humana,
2791 2186 2919 2239 quae
2943 2170 3151 2224 idcirco
3184 2170 3316 2225 data
3367 2172 3595 2226 videtur

1894 2256 2135 2321 homini,
2158 2256 2358 2325 (Metro
2391 2257 2443 2326 5)
2472 2274 2587 2326 prm
2624 2258 2842 2310 caeteris
2875 2260 3282 2325 animantibus,
3318 2260 3410 2313 hic
3442 2264 3504 2313 ut
3523 2261 3594 2313 ad

1895 2347 2713 2421 cmliconspectum‘excitetur.
2734 2347 2919 2413 (Prosa
2936 2350 2989 2415 6)
3014 2350 3159 2401 Deus
3188 2349 3368 2418 igitur
3388 2354 3585 2418 utpote

1894 2438 2163 2501 aeternus,
2205 2435 2399 2488 futura
2423 2435 2620 2501 libora,
2646 2452 2743 2489 ceu
2782 2436 3108 2504 praesentia,
3142 2436 3320 2491 illaesa
3340 2436 3594 2491 hominis

1894 2523 2183 2585 libertate,
2226 2524 2403 2577 novit.

123 1811 437 1864 contrarium
472 1814 677 1864 doceat
697 1811 1077 1880 experientia.

175 1901 375 1965 Nullus,
410 1904 631 1969 reponit
664 1901 1013 1968 Philosophia
1033 1900 1236 1970 (lbid.),
1291 1900 1397 1954 erit
1427 1915 1587 1953 casus
1616 1902 1741 1968 fDeo
1772 1916 1785 1953 :

123 1990 193 2043 sed
223 2006 373 2042 casus
396 1989 511 2042 erit
541 1988 871 2042 hominibus
910 2005 922 2040 :
952 1988 1095 2041 sicut
1133 1988 1261 2041 dua:
1304 1989 1496 2057 (Metro
1530 1988 1579 2057 l)
1616 2004 1789 2043 naves

121 2079 364 2133 constanti
394 2078 651 2132 duorum
680 2077 987 2131 ﬂuminum
1001 2093 1173 2131 cursu
1205 2078 1479 2147 abreptis,
1512 2094 1615 2131 suo
1638 2094 1790 2148 quee-

120 2170 232 2221 libet
265 2184 389 2220 casn
421 2168 539 2221 sibi
568 2167 812 2220 invicem
840 2182 1138 2220 occurrere
1169 2172 1429 2234 possunt.

173 2257 245 2308 iV.
304 2256 491 2309 Posita
547 2255 749 2325 (Prosa
772 2258 825 2324 2)
896 2254 1089 2308 divina
1151 2255 1534 2324 providentia,
1616 2260 1787 2310 instat

120 2345 315 2412 Boetius,
362 2361 480 2399 non
548 2344 721 2398 stabit
779 2344 1033 2397 humana
1091 2344 1349 2411 libertas,
1399 2344 1561 2414 cujus
1596 2347 1784 2398 tamen

122 2434 475 2505 unusquisque
511 2435 692 2487 homo
725 2432 983 2487 conscius
1016 2436 1118 2487 est.

178 2524 233 2575 Ut
257 2540 351 2576 sua
382 2523 580 2593 (Ibid)
611 2523 847 2577 cuilibet
864 2521 1041 2576 menti
1074 2526 1182 2576 stat
1212 2521 1466 2591 libertas,
1498 2522 1785 2592 respondet

123 2611 443 2681 Philosophia,
470 2613 561 2666 sic
582 2630 687 2666 sua
722 2613 991 2666 humanae
1024 2611 1197 2666 stabit
1230 2628 1241 2664 :
1278 2612 1595 2680 saltemque
1646 2610 1785 2680 (Me—

1266 2763 1635 2829 CENSURA
1682 2765 2089 2830 LIBROSUM
2137 2765 2371 2829 BOETl
2382 2764 2405 2827 Ι

866 2901 1007 2982 DE
1080 2896 1922 2983 CONSOLATIONE
1993 2898 2805 2983 PHILOSOPHUE.

176 3030 293 3085 Suos
336 3031 394 3086 hi
424 3031 567 3085 libri
615 3030 944 3085 habuerunt
974 3029 1350 3091 adversarios,
1385 3045 1633 3100 quorum
1694 3029 1790 3084 alii
1828 3030 1867 3083 (ἰ.
1892 3031 2303 3099 perturbatione
2349 3035 2641 3099 conquesta
2724 3036 2844 3085 cst:
2913 3030 3007 3085 sed
3033 3031 3327 3095 medicina,
3386 3032 3585 3099 inquit,

124 3119 345 3188 adjuncta
371 3137 517 3187 esse,
554 3119 653 3173 alii
685 3120 893 3173 omissa
925 3120 1029 3174 hoc
1060 3122 1120 3173 in
1150 3136 1323 3189 opere
1354 3119 1619 3189 quaedam
1645 3134 1781 3173 con-
1894 3125 2101 3187 tempus
2125 3125 2223 3185 est,
2256 3136 2362 3172 non
2395 3121 2639 3185 querelae,
2665 3126 2767 3173 etc.

122 3217 409 3277 queruntur.
449 3211 725 3279 Utrisque
750 3209 1233 3279 responderejam
1264 3206 1622 3262 conabimur.
1964 3209 2181 3262 Deinde
2205 3212 2403 3262 auctor
2450 3209 2545 3261 ille
2594 3213 2677 3261 est
2708 3207 2929 3262 Boetius
2964 3225 2975 3262 :
3041 3224 3168 3262 cum
3201 3225 3401 3263 omnes
3446 3208 3588 3262 scri—

912 3298 955 3352 l.
1891 3303 2101 3368 plores,
2136 3314 2380 3368 quorum
2415 3314 2589 3366 supra
2630 3299 2980 3352 mentionem
3014 3297 3270 3365 fecimus,
3333 3298 3587 3368 quinque

176 3387 419 3441 Henricus
496 3388 839 3453 Glareanus,
897 3387 986 3439 cui
1052 3387 1313 3440 nonnulli
1374 3385 1780 3454 astipulantur,
1890 3385 2067 3438 libros
2099 3386 2512 3440 Consolationis
2542 3386 2919 3456 philosophia
2953 3386 3100 3439 inter
3130 3402 3407 3456 germana
3440 3387 3588 3440 Boe-

124 3476 379 3543 vxistimat,
414 3479 835 3542 Praefationem
869 3491 1033 3544 opera
1073 3477 1266 3540 Boetii,
1301 3477 1545 3529 solutam
1607 3473 1781 3542 hujus
1890 3474 1953 3527 tii
2017 3491 2192 3543 opera
2230 3481 2601 3528 recenseant:
2665 3475 2823 3528 nullo
2883 3475 3037 3528 enim
3098 3475 3210 3529 alio
3269 3491 3587 3545 argumen-

121 3566 266 3633 operis
303 3568 650 3631 orationem,
694 3566 846 3634 quod
878 3564 999 3617 haec
1028 3565 1327 3617 barbarior
1355 3567 1445 3629 sit,
1500 3581 1532 3616 a
1585 3564 1779 3616 Boetio
1889 3568 1948 3615 to
2032 3563 2407 3630 convinceris,
2482 3564 2716 3618 Aincida
2762 3564 3109 3634 ‘legitimum
3187 3580 3308 3618 esse
3364 3562 3587 3634 Virgilii

124 3670 207 3704 non
236 3655 395 3707 fuisse
441 3654 724 3724 scriptam
756 3671 773 3705 :
809 3669 872 3706 ex
906 3670 1019 3723 quo
1043 3670 1154 3706 non
1182 3654 1364 3706 solum
1402 3651 1647 3717 dubitat,
1682 3650 1777 3704 sed
1892 3668 2057 3721 opus.

123 3740 377 3809 inﬁciatur,
424 3741 752 3812 quidquam
812 3740 984 3809 hujus
1027 3740 1216 3809 operis
1264 3754 1607 3810 germanum
1658 3753 1779 3791 esse
1958 3744 2251 3794 Postrema
2307 3758 2423 3795 non
2455 3742 2555 3794 abs
2615 3758 2672 3795 re
2705 3742 2933 3797 Boetius
2978 3742 3037 3795 in
3087 3746 3204 3795 toto
3254 3742 3361 3796 hoc
3411 3758 3587 3813 opere

122 3832 261 3883 lloetii
284 3832 484 3885 fetum.
1887 3828 2125 3882 barbara
2154 3829 2329 3882 verba
2372 3829 2602 3883 miscuit
2636 3831 2869 3883 Latinis.
2915 3831 3102 3884 Voluit
3156 3831 3370 3901 quippe
3400 3831 3587 3901 philo-

168 3919 234 3971 Ad
262 3922 405 3989 quod
454 3919 803 3989 respondeo,
842 3918 1093 3988 primum
1123 3917 1365 3970 solutam
1409 3916 1777 3985 strictamque
1888 3918 2103 3985 sophici
2165 3918 2409 3970 oratoris
2451 3918 2639 3971 ofﬁcio
2683 3918 2935 3985 functus,
2995 3920 3177 3973 verbis
3234 3921 3305 3973 ad
3354 3936 3585 3973 sensum

120 4007 248 4074 hujus
265 4010 446 4077 operis
478 4010 805 4060 orationem
840 4007 1093 4075 ejusdem
1120 4023 1239 4059 esse
1271 4004 1777 4071 auctoris;deinde
1887 4006 2041 4075 vulgi
2082 4013 2217 4058 tunc
2243 4006 2469 4059 barbari
2517 4007 2898 4060 accomodatis
2950 4009 3050 4069 uti,
3109 4014 3170 4061 ut
3226 4009 3583 4078 pliilOSOphi-

118 4102 360 4151 .suctorem
390 4100 555 4151 hunc
588 4114 707 4150 esse
728 4097 1019 4164 Boetium;
1045 4100 1334 4164 postremo
1370 4094 1627 4147 Boetium
1659 4108 1777 4145 non
1888 4111 1950 4147 ca
1982 4094 2104 4163 ejus
2136 4094 2420 4163 'cogitatio
2451 4094 2671 4147 facilius
2715 4094 3043 4148 auditorum
3094 4095 3299 4148 animis
3330 4113 3585 4167 compre-

117 4183 187 4237 nbs
214 4202 262 4239 re
287 4187 518 4257 gemino
556 4185 939 4256 philosophici
986 4183 1251 4250 oratoris,
1287 4188 1343 4236 et
1368 4186 1553 4252 poetae
1585 4180 1774 4234 ofﬁcio
1886 4184 2237 4237 henderetur
2267 4199 2278 4236 :
2306 4182 2365 4235 in
2395 4182 2757 4253 philosophia
2783 4184 2959 4249 enim,
2995 4183 3146 4253 quod
3182 4183 3394 4253 optime
3424 4188 3587 4238 notat

119 4272 350 4342 functum,
422 4277 601 4330 modo
676 4275 936 4341 barbare,
1020 4273 1186 4327 modo
1254 4271 1449 4325 Latine
1514 4272 1771 4325 locutum
1819 4272 2123 4342 “Tullius,
2172 4288 2257 4325 res
2286 4277 2601 4341 spectantur
2626 4272 2744 4325 'non
2795 4272 2956 4325 verba
3006 4272 3339 4340 penduntur.
3399 4273 3587 4326 Voluit

120 4362 270 4417 fuisse.
1816 4359 1857 4378 ¹¹
1890 4379 2020 4415 vero
2074 4366 2253 4431 poeta:
2306 4377 2611 4430 personam
2670 4361 2957 4413 sustinens
3016 4359 3235 4430 lingua,
3280 4367 3341 4413 ut
3399 4360 3580 4425 aiunt,

170 4452 396 4507 Primum
462 4453 704 4525 quidem
764 4452 957 4505 stricta
1010 4450 1309 4521 solutaque
1360 4448 1775 4504 Consolationis
1887 4451 2126 4503 deorum
2175 4450 2515 4519 loquiznon
2546 4450 2733 4503 solum
2763 4461 2826 4503 ut
2863 4450 3199 4502 earumdem
3252 4450 3579 4503 auditorum

121 4538 485 4611 philosophicas
552 4542 734 4595 oratio
768 4542 1022 4611 ejusdem
1057 4540 1302 4592 auctoris
1334 4543 1463 4592 est:
1513 4538 1773 4609 quando-
1886 4538 2063 4594 animi
2117 4538 2471 4608 gravioribus
2522 4538 2823 4592 sententiis
2880 4538 3073 4591 lassati
3147 4542 3578 4591 rocrearentur:

1885 4629 2032 4683 hanc
2089 4627 2299 4680 etenim
2353 4628 2425 4680 ob
2482 4643 2709 4681 causam
2776 4627 2929 4680 idem
2982 4627 3228 4693 Boetius,
3286 4627 3579 4680 Platonem

1884 4719 2189 4789 pluresque
2219 4717 2359 4769 alios
2390 4715 2901 4780 veteresimitatus,
2934 4732 3063 4769 suos
3094 4716 3266 4769 libros
3288 4715 3345 4768 in
3378 4716 3577 4786 dispu-

1883 4807 2100 4861 tatione
2132 4809 2187 4859 et
2227 4805 2455 4874 dialogo
2480 4804 2704 4874 scripsit
2736 4821 2747 4857 :
2785 4820 2984 4858 verum
3016 4804 3188 4857 etiam
3223 4808 3285 4857 ut
3315 4804 3584 4859 Latinita-

1883 4902 1999 4949 tem
2030 4894 2251 4949 rudiori
2272 4911 2374 4947 suo
2399 4894 2605 4946 saeculo
2632 4894 2752 4961 jam
2795 4898 3181 4946 senescentem
3214 4898 3270 4946 et
3299 4893 3368 4947 ad
3428 4893 3582 4947 inte-

1884 4987 2057 5039 ritum
2082 4990 2487 5054 properantem
2520 4983 2694 5035 veluti
2716 4998 2744 5035 e
2775 4982 3033 5035 faucibus
3063 4982 3263 5035 mortis
3294 4983 3577 5052 eriperet;

1883 5079 1945 5125 ut
1998 5090 2127 5125 cum
2185 5073 2457 5125 barbaros
2515 5072 2687 5123 armis
2727 5071 2795 5123 ab
2829 5070 2990 5123 Italia
3022 5071 3327 5140 prohibere
3381 5071 3577 5124 consul

1882 5177 2000 5215 non
2028 5165 2238 5231 posset,
2268 5158 2593 5213 barbariem
2620 5159 2690 5211 ab
2732 5159 2959 5227 Europa
3002 5158 3120 5212 suis
3162 5159 3364 5212 saltem
3392 5156 3577 5210 versi-

1884 5250 1991 5303 bus
2022 5250 2218 5302 doctor
2240 5249 2443 5317 ejicere
2473 5251 2795 5300 conaretur.
2839 5248 3149 5316 Propterea
3176 5246 3237 5300 in
3278 5246 3404 5299 aliis
3452 5245 3577 5314 ejus

1884 5338 2152 5409 operibus
2204 5354 2333 5390 cum
2366 5336 2796 5406 philosophicis,
2851 5341 2973 5388 tum
3005 5335 3180 5388 etiam
3235 5334 3578 5404 theologicis

1884 5427 2158 5497 praedicta
2198 5425 2489 5479 barbaries
2527 5424 2836 5495 aliquando
2868 5424 3152 5477 occurrit:
3215 5429 3270 5476 at
3318 5423 3579 5492 ejusdem

1885 5532 2081 5570 versus
2113 5514 2249 5569 tersi
2303 5518 2455 5579 sunt,
2485 5513 2774 5583 elegantes
2822 5518 2879 5567 et
2936 5528 3114 5583 prope
3166 5511 3347 5565 divini
3377 5516 3442 5566 ut
3492 5512 3578 5566 fa-

1884 5610 2038 5660 tetur
2070 5605 2189 5675 ipse
2222 5604 2558 5658 Glareanus.

119 4628 327 4695 quidem,
374 4632 614 4701 dempta
662 4631 941 4683 alterutra
983 4630 1087 4682 hac
1119 4629 1397 4695 oratione,
1444 4627 1637 4681 nullus
1695 4631 1777 4680 est

120 4721 395 4785 superstitis
427 4737 612 4774 nexus
644 4737 657 4773 :
689 4720 813 4773 vide
853 4718 1007 4772 enim
1039 4718 1130 4788 (ne
1162 4720 1330 4787 plura
1358 4717 1450 4770 hic
1488 4716 1772 4770 describa-

125 4811 236 4875 mus)
276 4812 568 4879 quomodo
604 4808 728 4862 sine
768 4824 938 4879 prosa
994 4807 1166 4877 primi
1195 4805 1483 4877 Lcarminis
1536 4806 1775 4859 ultimus

125 4891 191 4945 hic
206 4911 404 4962 versus,

268 5022 361 5079 Qui
387 5022 597 5079 cecidit,
624 5021 800 5071 stabili
822 5034 932 5069 non
957 5025 1069 5070 erat
1097 5020 1185 5070 ille
1204 5020 1371 5082 gradu

118 5126 358 5184 cohareat
388 5147 521 5185 cum
554 5132 661 5185 hoc
694 5130 929 5184 secundi
960 5128 1229 5183 carminis
1258 5127 1445 5197 primo
1481 5142 1663 5194 versu,

268 5236 371 5284 Heu
401 5251 562 5299 quam
590 5237 851 5300 praecipiti
882 5248 1053 5284 mersa
1084 5234 1347 5298 profundo

270 5315 311 5363 Μ
319 5330 410 5365 ens
436 5316 618 5366 hebet!

125 5427 231 5482 Vide
260 5435 426 5487 etaim
473 5440 753 5504 quantum
794 5432 1204 5503 disjungantur
1232 5430 1352 5484 sine
1384 5429 1641 5483 versibus
1686 5429 1772 5483 in-

126 5520 334 5588 terjectis
378 5529 667 5593 postrema
714 5523 939 5594 primm,
988 5521 1257 5592 etprima
1283 5519 1549 5574 secundae
1600 5532 1778 5586 prosa

126 5606 220 5661 haec
240 5612 404 5666 verba
436 5629 448 5666 :
484 5613 846 5685 Philosophia
875 5614 960 5667 his
990 5612 1232 5667 versibus
1269 5610 1335 5664 de
1354 5614 1551 5665 nostra:
1581 5609 1777 5662 mentis
