3972 6172
313 245 414 297 579

1128 375 1194 426 ll.

383 471 583 522 Petrus
636 466 873 531 Bertius,
927 463 1016 516 cui
1048 463 1217 516 etiam
1263 461 1427 515 video
1469 461 1662 530 plures
1717 456 1998 524 assentiri,

315 557 640 620 arbitratur,
686 556 1012 618 Prte/‘atione
1034 554 1088 604 in
1119 551 1214 604 hos
1281 552 1448 604 Boetii
1489 550 1675 617 lib-ros,
1744 547 2002 602 Boetium

314 651 499 701 totum
548 644 652 697 hoc
677 640 1089 696 Consolationis
1149 639 1554 709 philosophica:
1613 654 1778 707 opus,
1832 640 2005 706 prout

315 734 658 796 instituerat,
693 746 808 783 non
856 727 1184 792 absolvisse,
1216 727 1517 797 eidemque
1578 726 1750 780 fuisse
1788 740 2002 794 propo-

315 825 490 876 situm
539 837 605 874 ex
655 819 912 872 doctrina
946 833 1170 887 quoque
1212 815 1548 880 Christiana,
1582 831 1648 867 ea
1696 812 2002 883 superiori-

315 914 420 966 bus
449 911 678 974 addere,
712 908 920 978 quibus
950 907 1016 959 ad
1059 905 1572 958 considerationem
1614 909 1845 956 aeternae
1877 901 2004 954 vitae

317 1001 541 1054 animus
582 1000 867 1052 humanus
897 995 1078 1048 attolli
1105 993 1285 1064 possit
1319 1010 1330 1046 :
1365 997 1485 1046 tum
1519 993 1653 1062 quia
1676 994 1789 1047 Non
1813 995 1890 1044 est
1920 1006 2006 1044 ve-

316 1090 566 1154 risimile,
611 1087 800 1156 inquit
860 1090 1071 1154 partem
1127 1085 1278 1136 illam
1331 1099 1365 1136 a
1421 1082 1728 1138 Christiano
1796 1081 2006 1134 homine

315 1182 537 1231 mortem
568 1176 630 1228 ob
661 1175 837 1228 oculos
882 1173 1107 1225 habente
1161 1173 1334 1236 fuisse
1377 1173 1714 1239 praeteritam
1761 1183 2002 1236 eumque,

318 1269 415 1334 qui
443 1265 508 1318 de
539 1268 729 1318 sancta
784 1263 1053 1314 Trinitate
1083 1263 1137 1312 in
1168 1275 1378 1313 carcere
1407 1261 1649 1326 scripsit,
1684 1259 2006 1311 consolatio-

317 1371 436 1408 nem
476 1357 534 1406 in
573 1353 817 1406 adversis
848 1367 954 1403 non
991 1351 1211 1417 petiisse
1255 1365 1322 1401 ex
1351 1349 1648 1416 disciplina
1696 1347 1912 1400 Christi
1958 1350 2008 1398 et

319 1445 570 1498 doctrina
619 1457 798 1494 rerum
843 1438 1232 1492 credendarum
1268 1453 1330 1490 ac
1371 1436 1768 1505 sperandarum
1826 1434 2007 1488 Libris

319 1536 491 1587 sacris
543 1531 838 1598 emplicata.
903 1530 1036 1581 Tum
1072 1529 1234 1580 etiam
1273 1527 1406 1594 quia
1432 1525 1575 1578 idem
1623 1525 1836 1577 Boetius
1882 1537 2008 1591 pas-

320 1626 423 1678 sim
463 1622 738 1690 promisit,
787 1619 1031 1684 incazpit,
1087 1616 1376 1681 festinavit
1433 1612 1709 1666 absolvere
1771 1611 2004 1680 majora,

319 1716 570 1777 viamque
597 1725 706 1778 qua
729 1721 874 1760 mens
896 1709 953 1758 in
976 1706 1220 1773 patriam
1251 1703 1524 1766 evehatur,
1559 1701 1794 1771 aperire.

391 1804 462 1855 At
485 1804 641 1853 tanta
672 1796 907 1866 quidem
939 1794 1046 1846 fuit
1072 1792 1251 1846 Boetii
1281 1791 1484 1860 pietas,
1511 1796 1577 1843 ut
1624 1789 1841 1843 nemini
1900 1788 2012 1841 du-

321 1891 479 1944 bium
512 1905 632 1941 esse
665 1885 862 1955 possit,
905 1882 1044 1952 quin
1079 1881 1160 1932 vir
1191 1880 1285 1932 ille
1327 1878 1736 1943 sanctissimus,
1780 1876 1926 1930 sicut
1955 1877 2014 1929 in

321 1977 630 2049 prosperis,
663 1975 740 2027 sic
764 1974 848 2043 {in
897 1969 1146 2025 adversis
1176 1968 1462 2024 Christum
1504 1966 1852 2036 cogitaverit.
1905 1964 2011 2018 Sed

324 2068 650 2138 quicunque
691 2064 882 2116 animo
915 2060 1249 2130 complexus
1277 2057 1450 2111 fuerit
1479 2073 1625 2121 eam,
1659 2071 1828 2125 quam
1878 2070 2012 2123 pro-

324 2157 641 2228 posuimus,
699 2153 868 2222 hujus
899 2149 1088 2220 operis
1121 2148 1333 2215 ideam,
1386 2147 1477 2199 hic
1521 2151 1672 2199 certe
1727 2160 1870 2214 opus
1909 2143 2016 2196 hoc

324 2245 645 2300 absolutum
696 2256 815 2294 esse
861 2239 1179 2292 fatebitur:
1233 2237 1341 2289 huc
1365 2235 1516 2288 enim
1551 2235 1861 2288 deductum
1907 2236 2012 2299 est,

323 2352 438 2406 quo
473 2335 667 2386 lumen
701 2330 958 2383 naturale
1004 2327 1120 2379 sive
1149 2325 1535 2396 philosophia,
1572 2340 1720 2393 qum,
1784 2328 1848 2374 ut
1886 2337 2017 2374 cum

323 2422 673 2476 Tertulliano
721 2421 942 2488 loquar,
979 2433 1138 2469 mens
1169 2418 1254 2467 est
1301 2415 1628 2467 naturaliter
1681 2412 2014 2475 Christiana,

324 2513 549 2580 poterat
591 2506 848 2560 tendere.
913 2506 1222 2572 PrOpterea
1289 2500 1550 2570 quamvis
1579 2500 1638 2551 in
1670 2502 1788 2550 toto
1847 2511 2017 2566 opere

325 2596 623 2665 multiplex
657 2610 776 2647 sese
800 2591 1074 2646 obtulerit
1103 2591 1244 2642 sacri
1279 2595 1465 2642 textus
1510 2587 1720 2641 citandi
1771 2587 2015 2653 occasio,

327 2687 382 2740 id
417 2701 528 2739 non
562 2683 692 2737 fecit
744 2681 970 2735 Boetius
1015 2680 1126 2732 nisi
1157 2678 1352 2743 semel,
1396 2693 1530 2730 usus
1568 2675 1656 2729 his
1722 2674 2016 2744 sapientia:

323 2775 512 2830 verbis
547 2791 558 2827 :
595 2774 841 2841 Disponit
864 2771 1044 2822 omnia
1082 2768 1341 2821 suaviter.

397 2863 681 2918 Potuisset
711 2875 848 2930 ergo
881 2858 1107 2912 Boetius
1155 2857 1223 2911 de
1256 2871 1358 2908 sua
1389 2853 1788 2908 Consolatione
1819 2852 2018 2924 ,philo-

327 2953 558 3024 sophica
589 2951 809 3006 locutus
835 2949 1044 3013 dicere,
1073 2945 1225 3017 quod
1255 2945 1455 3037 Justus
1484 2943 2017 3037 ‘Lipsius‘pqs-tmo-
2059 2983 2098 3037 Ο

245 3041 247 3044 ’
326 3042 463 3096 dum
498 3040 566 3094 de
589 3055 690 3092 sua
720 3037 1037 3092 Constantia
1066 3033 1227 3088 dixit.
1261 3034 1321 3088 Si
1357 3032 1514 3098 mihi,
1543 3031 1774 3102 inquit,
1811 3030 2022 3085 Theolo-

324 3146 452 3198 gum
482 3144 640 3195 agere
670 3128 1024 3194 propositum,
1068 3124 1359 3185 aberraui;
1392 3125 1439 3174 si
1471 3121 1876 3189 philosophum,
1926 3135 2024 3172 cur

329 3218 603 3286 culpant?
627 3217 927 3268 Haurimus
959 3215 1100 3265 enim
1128 3229 1153 3265 e
1180 3213 1410 3276 lacunis,
1445 3211 1722 3274 inquiunt,
1753 3225 1871 3277 qum
1901 3210 2022 3262 licet

332 3322 358 3359 e
382 3307 678 3375 purissimo
701 3303 1014 3356 divinarum
1045 3302 1378 3353 Litterarum
1404 3301 1574 3364 fonte.
1609 3299 1791 3351 Hucne
1820 3312 1901 3349 me
1929 3312 2022 3349 vo-

329 3390 496 3444 cant?
542 3391 614 3444 At
644 3406 737 3457 ego
767 3406 834 3443 ea:
863 3391 1043 3442 animo
1095 3394 1258 3441 testor
1285 3393 1335 3440 et
1370 3386 1660 3454 respondeo
1706 3402 1811 3439 non
1858 3386 2025 3438 aliam

329 3495 411 3535 me
439 3481 588 3532 viam
640 3480 838 3532 salutis
891 3492 1064 3542 nosse,
1121 3492 1285 3540 quam
1347 3477 1500 3537 hanc,
1559 3489 1677 3544 quae
1723 3490 1820 3543 per
1857 3490 2025 3528 unum

328 3571 490 3624 illum
512 3575 560 3622 et
581 3568 846 3621 directum
881 3566 1108 3619 limitem
1131 3565 1297 3617 ducat
1325 3581 1340 3616 :
1375 3564 1447 3616 ad
1497 3579 1651 3631 quem
1697 3569 1872 3617 tamen
1894 3580 2023 3632 per-

331 3657 656 3713 currendum
703 3658 968 3710 humanas
1013 3656 1177 3707 etiam
1234 3655 1444 3706 litteras
1471 3653 1772 3707 laxamenti
1811 3653 2028 3721 aliquid

331 3748 529 3816 afferre
580 3761 840 3810 censeam,
877 3747 981 3796 imo
1025 3743 1348 3811 adjumenti.
1405 3742 1709 3809 Augustini
1743 3744 2027 3795 consilium

332 3852 445 3893 esse
468 3839 574 3890 scio
605 3851 724 3905 quae
765 3851 798 3888 a
839 3833 1178 3903 philosophis
1226 3833 1434 3900 scripta
1478 3835 1624 3897 sunt,
1681 3833 1946 3898 colligere,
1980 3837 2031 3885 et

334 3930 394 3979 in
424 3941 580 3979 usum
622 3928 867 3977 nostrum
905 3923 1202 3986 vindicare,
1234 3921 1632 3989 possessoribus
1667 3922 1781 3974 illis
1803 3922 2030 3990 injustis

333 4021 519 4084 erepta
550 4035 570 4061 ι
622 4014 730 4067 Hoc
755 4014 910 4081 sequi
936 4012 1101 4072 volui,
1126 4013 1175 4063 et
1206 4012 1440 4078 peccavi.
1471 4011 1791 4076 Peecassem,
1829 4011 2028 4077 fateor,

333 4107 384 4158 si
404 4119 605 4173 purum
657 4104 796 4156 hunc
839 4105 888 4154 et
916 4101 1200 4167 mysticum
1230 4101 1512 4165 religionis
1553 4104 1750 4152 nostrae
1773 4099 2031 4166 liquorem

331 4197 688 4264 corrupissem
712 4193 879 4246 veteri
901 4193 1093 4259 aliqua
1122 4194 1172 4242 et
1186 4190 1348 4243 olenti
1375 4190 1524 4255 face.
1558 4189 1632 4241 At
1662 4194 1848 4242 contra
1867 4191 2028 4242 insti-

333 4287 377 4338 ti
402 4301 420 4337 :
443 4289 493 4338 et
535 4283 835 4338 sordentem
864 4297 962 4350 per
1004 4295 1058 4333 se
1081 4295 1388 4349 parumque
1430 4278 1690 4331 mundam
1725 4279 2030 4332 doctrinam

333 4372 641 4441 depurgare
680 4375 845 4440 atque
875 4370 1157 4422 illustrare
1177 4381 1466 4434 aggressus
1492 4381 1611 4419 sum
1635 4381 1770 4419 novo
1808 4369 1913 4421 isto
1942 4382 2027 4421 so-

335 4463 398 4515 le.
434 4464 535 4518 Cui
566 4461 697 4515 bono
731 4464 910 4513 autem
929 4458 989 4511 id
1018 4473 1125 4512 non
1156 4458 1351 4511 bonum
1380 4454 1490 4509 sit?
1551 4457 1612 4508 In
1635 4470 1843 4524 pugna,
1877 4457 2028 4526 equi-

339 4555 449 4604 tum
463 4556 561 4604 aut
589 4551 815 4605 statarii
838 4549 1034 4602 militis
1060 4548 1395 4616 praecipuam
1420 4559 1638 4613 operam
1663 4547 1980 4599 essescimus
2009 4563 2026 4599 :

1617 235 1738 289 AN.
1786 233 2000 287 MANL.
2049 232 2199 288 SEV.
2242 230 2487 285 BOETll.

3691 236 3800 287 580

2037 369 2084 420 A
2110 370 2320 436 spernis
2353 367 2469 421 ideo
2499 369 2819 434 sagittarios
2848 372 2900 421 et
2917 368 3225 433 funditores
3243 370 3348 423 ?In
3370 368 3525 423 domo
3550 375 3804 425 extruen-

2111 457 2185 510 da
2213 457 2492 510 architecti
2536 459 2834 511 maximam
2864 458 3078 511 laudem
3101 463 3159 521 et
3188 474 3346 511 usum
3376 473 3388 512 :
3435 459 3651 513 totlesne
3680 475 3809 529 ape-

2110 560 2204 598 ras
2232 547 2408 611 igitur
2439 549 2488 597 et
2527 545 2920 598 administros?
2951 545 3108 598 Idem
3137 547 3224 599 hic
3257 561 3426 599 cense.
3463 549 3671 601 Divitiae
3699 549 3813 600 illae

2111 635 2331 688 Litterae
2358 635 2473 686 veri
2501 633 2727 699 roboris,
2759 649 2898 688 verae
2919 637 3147 688 virtutis
3179 640 3229 688 et
3261 639 3584 689 constantia:
3626 637 3817 690 solida?

2113 724 2451 792 effectrices:
2507 737 2599 775 nec
2659 727 2826 776 tamen
2868 723 3164 776 humanum
3202 739 3428 792 prorsus
3484 727 3816 793 sapientiam

2112 827 2320 880 sperne.
2356 813 2492 864 Eam
2522 810 2662 876 dico,
2697 827 2816 878 quae
2843 828 2948 865 non
2977 827 3032 865 se
3061 812 3234 880 effert,
3269 813 3366 866 sed
3395 816 3566 866 servit
3600 815 3821 881 placide

2112 906 2161 955 et
2191 901 2504 954 ancillatur.
2541 900 2792 968 Lapidei,
2822 905 3093 968 elementa,
3126 903 3321 955 calcem
3349 918 3416 955 ea:
3447 905 3618 956 veteri
3648 908 3698 956 et
3718 904 3820 956 diu

2113 990 2265 1057 lapso
2298 988 2525 1056 adi/icio
2556 989 2648 1042 illo
2673 989 3030 1057 philosophiae
3059 995 3460 1059 compar-tamus
3495 1007 3508 1044 :
3541 1007 3608 1044 ne
3633 993 3823 1044 invide

2114 1079 2361 1131 lucellum
2392 1078 2486 1130 hoc
2533 1078 2842 1144 architecto,
2867 1083 2916 1130 et
2941 1081 3154 1147 patiare
3182 1082 3467 1134 materiam
3498 1079 3641 1134 hanc
3695 1081 3824 1134 sub-

2113 1169 2284 1220 sterni
2308 1168 2498 1220 saltem
2532 1169 2588 1218 in
2607 1166 3002 1230 fundamentis.
3039 1169 3114 1221 At
3144 1170 3285 1221 enim
3315 1184 3474 1222 sacra
3505 1170 3606 1222 illa
3638 1172 3824 1223 melio~

2113 1271 2200 1321 ra,
2230 1271 2322 1308 nec
2377 1255 2549 1308 verbis
2582 1255 2963 1308 abstinendum
3016 1257 3166 1321 fuit?
3197 1258 3424 1312 Meliora
3440 1260 3624 1323 fateor
3656 1275 3668 1310 :
3729 1259 3827 1311 sed

2116 1345 2259 1400 adde
2283 1347 2446 1397 etiam
2480 1346 2759 1410 graviora.
2811 1345 3059 1398 Lacertos
3092 1360 3231 1400 meos
3277 1347 3608 1416 expendoet
3667 1354 3826 1400 artus

2116 1438 2364 1501 artesque
2397 1431 2534 1486 libro
2569 1448 2582 1485 :
2632 1448 2728 1485 cur
2756 1447 2889 1486 onus
2919 1435 3058 1486 mihi
3091 1436 3299 1503 imponi
3326 1438 3540 1504 patiar,
3599 1439 3693 1489 cui
3718 1452 3826 1489 non

2117 1525 2220 1577 sim
2257 1521 2478 1588 ferendo
2497 1521 2524 1574 ‘?
2559 1521 2860 1588 Theologis,
2888 1521 2948 1574 id
2972 1526 3052 1576 est
3078 1525 3293 1590 magnis
3319 1525 3562 1589 altisque
3585 1527 3731 1578 viris
3757 1526 3828 1592 (et

2118 1614 2344 1665 eximios
2365 1611 2558 1664 multos
2589 1610 2697 1664 haec
2724 1616 2857 1664 aetas
2890 1611 3039 1680 tulit)
3069 1627 3272 1678 magna
3305 1615 3416 1666 ista
3445 1619 3497 1666 et
3516 1614 3641 1666 alta
3663 1614 3832 1666 relin-

2121 1715 2261 1767 quo:
2292 1713 2411 1751 mea
2461 1699 2654 1766 cymba
2684 1700 2818 1765 leget
2853 1700 3027 1753 littus.
3057 1700 3446 1770 Philosophum
3488 1718 3588 1770 ego
3640 1719 3828 1770 agam.

2121 1786 2215 1839 sed
2243 1786 2634 1841 Christianum.

2193 1875 2482 1946 Quidquid
2509 1892 2638 1929 vero
2686 1875 2908 1946 Lipsius
2952 1876 3286 1944 intenderit,
3345 1884 3547 1933 noster
3597 1880 3836 1933 Boetius

2123 1965 2228 2018 hac
2258 1981 2357 2018 sua
2416 1965 2796 2036 philosophia:
2833 1967 3259 2035 Consolatione,
3295 1967 3413 2021 suis
3443 1984 3564 2022 non
3620 1969 3834 2035 solum,

2123 2053 2218 2106 sed
2261 2053 2459 2106 alienis
2487 2054 2658 2106 etiam
2686 2059 3026 2108 caaterorum
3059 2054 3361 2110 hominum
3410 2056 3656 2123 morbis,
3705 2073 3838 2127 per-

2123 2142 2550 2196 turbationibus
2595 2142 2891 2208 nimirum,
2924 2148 3055 2213 apta
3113 2144 3320 2214 quaerit
3351 2146 3634 2200 remedia.
3695 2146 3838 2210 Qua:

2126 2237 2318 2285 autem
2345 2230 2472 2284 duci
2505 2231 2821 2301 potuissent
2859 2237 3201 2302 argumenta
3229 2249 3294 2287 ex
3322 2249 3483 2288 sacra
3537 2235 3836 2299 doctrina,

2127 2325 2182 2374 et
2207 2319 2479 2389 exemplis
2528 2335 2656 2372 cum
2716 2319 2943 2386 Christi,
3002 2326 3126 2375 tum
3187 2327 3514 2377 sanctorum
3568 2325 3836 2391 Patrum,

2126 2409 2249 2463 haec
2279 2408 2613 2462 Christianis
2649 2409 2906 2480 quidem,
2941 2415 3040 2463 aut
3070 2411 3213 2465 forte
3244 2412 3416 2466 etiam
3447 2413 3695 2478 Judaeis,
3733 2430 3837 2467 ne-

2127 2514 2414 2568 quaquam
2471 2514 2604 2552 vero
2653 2498 2894 2568 paganis
2944 2500 3213 2568 prodesse
3267 2502 3640 2572 potuissent:
3699 2519 3834 2556 cum

2128 2587 2518 2658 philosophica
2555 2587 2762 2657 quibus
2794 2589 2995 2654 utitur,
3029 2597 3364 2659 argumenta
3398 2596 3601 2662 utpote
3650 2603 3839 2645 natu-

2131 2675 2231 2728 rali
2264 2676 2481 2728 lumine
2514 2675 2782 2728 omnibus
2808 2675 3136 2731 hominibus
3165 2679 3335 2732 insito
3368 2679 3628 2745 fundata,
3648 2682 3841 2734 omni-

2129 2765 2234 2818 bus
2281 2765 2515 2818 omnino
2550 2765 2879 2819 hominibns
2921 2767 2987 2820 ad
3015 2769 3299 2822 curandos
3316 2769 3839 2839 perturbationum

2131 2853 2360 2907 morbos
2390 2854 2639 2907 maximo
2669 2854 2800 2908 usui
2828 2871 2948 2909 esse
2977 2856 3212 2926 possint.

2201 2940 2498 2996 Neminem
2541 2959 2712 3013 porro
2751 2959 2983 2997 movere
3015 2944 3205 3012 debet,
3247 2946 3400 3016 quod
3431 2946 3667 3000 Boetius
3705 2964 3844 3017 pas-

2126 3033 2230 3086 sim
2247 3033 2576 3100 promiserit,
2595 3033 3245 3101 incwperitJestinaver-it
3268 3035 3540 3089 absolvere
3564 3037 3798 3105 majora
3829 3051 3840 3089 :

2131 3137 2259 3175 cum
2289 3121 2443 3173 enim
2489 3122 2830 3190 praedictum
2861 3123 3058 3176 lumen
3088 3124 3346 3178 naturale
3376 3123 3523 3177 nihil
3555 3124 3726 3179 aliud
3778 3126 3846 3178 sit

2131 3227 2304 3280 quam
2333 3209 2489 3263 notio
2527 3209 2708 3264 menti
2739 3211 3010 3265 humana-'3
3061 3212 3331 3266 divinitus
3378 3213 3688 3284 impressa,
3730 3214 3845 3268 sive

2129 3298 2420 3369 cogitatio,
2493 3315 2605 3368 qua
2662 3300 2807 3352 Deus
2866 3305 3063 3370 utpote
3136 3303 3406 3372 magister
3458 3318 3572 3355 non
3641 3304 3844 3356 minus

2133 3404 2304 3458 quam
2339 3387 2689 3457 principium
2731 3393 2788 3442 et
2817 3389 2948 3442 ﬁnis
2995 3390 3264 3443 humana:
3298 3391 3527 3456 mentis,
3563 3392 3846 3446 eamdem

2131 3483 2384 3530 mentem
2415 3476 2580 3530 docet
2625 3477 2777 3530 viam
2831 3478 3030 3532 salutis
3091 3485 3360 3547 aeternae;
3403 3497 3659 3551 cumque
3721 3483 3847 3552 ipsa

2133 3566 2391 3636 ejusdem
2448 3566 2657 3619 mentis
2706 3567 2962 3634 attentio,
3012 3569 3278 3638 qumdam
3332 3569 3406 3622 sit
3453 3570 3846 3640 interrogatio

2136 3655 2250 3709 sive
2281 3654 2555 3725 precatio,
2591 3672 2702 3726 qua
2727 3657 2846 3726 ipsa
2877 3672 3042 3711 mens
3095 3659 3194 3712 Dei
3238 3658 3518 3729 discipula
3549 3661 3847 3730 majorem

2137 3744 2519 3798 eruditionem
2587 3745 2769 3814 poscit
2833 3751 3109 3817 rogatque
3182 3764 3344 3801 suum
3420 3754 3849 3818 praeceptorem

2138 3834 2340 3898 Deum,
2397 3833 2580 3903 magis
2665 3833 2952 3889 illustrare
3008 3837 3466 3907 paratissimum;
3519 3845 3849 3908 propterea

2140 3927 2305 3976 aucta
2333 3927 2528 3975 nostra
2569 3922 2640 3976 ad
2669 3923 2817 3977 hanc
2847 3924 3096 3994 primam
3129 3927 3430 3980 veritatem
3492 3928 3847 3994 attentione,

2138 4010 2474 4081 praedictum
2508 4011 2706 4064 lumen
2760 4012 2841 4066 ita
2871 4030 3122 4067 crescere
3151 4021 3362 4085 potest,
3427 4021 3487 4069 ut
3527 4016 3685 4070 viam
3735 4035 3852 4088 qua

2140 4115 2302 4153 mens
2325 4099 2381 4152 in
2411 4099 2657 4168 patriam
2683 4101 3007 4167 revehatur,
3039 4103 3232 4173 aliquo
3265 4103 3436 4157 modo
3485 4105 3670 4174 possit
3702 4121 3849 4176 ape-

2141 4187 2253 4242 rire
2288 4205 2300 4242 :
2358 4205 2713 4260 quanquam,
2744 4194 2809 4244 ut
2851 4191 3054 4262 religio
3093 4192 3406 4246 christiana
3448 4192 3634 4258 docet,
3695 4194 3853 4248 hanc

2140 4276 2292 4331 viam
2314 4277 2555 4332 feliciter
2608 4278 2766 4334 obire
2797 4296 2915 4334 non
2957 4281 3259 4350 possimus,
3289 4281 3418 4348 nisi,
3451 4287 3850 4349 monstrante,

2138 4372 2436 4438 praeeunte
2459 4371 2516 4423 et
2559 4368 2862 4440 adjuvante
2910 4370 3152 4439 Christo,
3190 4372 3291 4442 qui
3324 4377 3408 4425 est
3437 4374 3549 4439 via,
3608 4378 3850 4441 veritas,

2139 4462 2190 4511 et
2217 4459 2351 4512 vita.

1533 4761 1653 4843 Α.
1717 4761 1857 4844 Μ.
1920 4763 2194 4847 εεν.
2257 4765 2682 4849 ΒΟΕΤΙΙ

524 4911 750 5046 DE
885 4907 2257 5040 CONSOLATIONE
2374 4915 3656 5046 PHILOSOPHIzE

1617 5113 1984 5210 LIBER
2063 5117 2553 5214 PRIMUS.

819 5347 843 5402 Ι
882 5346 1170 5402 METRUM
1209 5345 1232 5367 '
1271 5348 1560 5403 PRIMUM.

340 5426 738 5478 Anavnsnruu.
763 5451 831 5459 —
859 5420 1074 5473 Boetius
1104 5418 1380 5473 observato
1409 5419 1739 5487 discrimine,
1793 5423 1847 5474 1°
1894 5422 2034 5475 inter

409 5548 432 5572 “
461 5547 626 5611 Quod
647 5551 885 5601 vocatur
903 5546 1214 5612 elegiacum.
1249 5529 1343 5600 Est
1373 5549 1564 5598 autem
1587 5545 1770 5616 elegia
1800 5561 2032 5600 carmen

2208 5354 2419 5428 priores
2475 5357 2524 5406 et
2553 5359 2837 5422 praesentes
2876 5371 3001 5411 suos
3017 5372 3244 5427 versus;
3279 5360 3482 5412 2°inter
3514 5374 3849 5428 prosperam

2212 5427 2262 5476 et
2309 5424 2595 5479 adversam
2625 5441 2779 5482 suam
2801 5428 3113 5498 fortunam;
3178 5424 3237 5483 3ὁ
3267 5433 3409 5485 inter
3452 5424 3738 5498 ﬂorentem
3799 5438 3848 5487 et

2139 5552 2402 5605 constans
2417 5565 2483 5606 ex
2505 5550 2721 5623 duplici
2745 5569 2956 5626 genere
2980 5571 3252 5612 versuum
3285 5555 3667 5626 alternorum,
3703 5573 3852 5630 quo-
