3996 6170
161 267 242 317 581
1144 260 1233 312 DE
1276 259 1802 313 CONSOLATIONE
1843 260 2328 315 PHILOSOPHle
2373 260 2480 314 LIB
2555 262 2604 314 l.
3525 264 3628 314 582

160 396 391 451 caducam
440 408 591 448 suam
646 396 854 447 aetatem
885 407 897 446 :
928 394 989 447 4ο
1043 394 1188 446 inter
1233 408 1503 446 accessum
1549 397 1603 446 et
1646 408 1823 448 reces-
1860 397 1906 449 Α
2007 396 2147 448 Ecce
2176 394 2320 448 mihi
2341 394 2540 448 lacerae
2573 394 2789 449 dictant
2819 394 3120 449 scribenda
3150 396 3431 461 Camenae,

158 484 257 523 sum
290 481 395 519 sua:
447 467 669 527 mortis;
713 481 780 518 ea:
823 468 1190 519 inconstantia
1221 467 1335 518 suis
1385 467 1573 518 amicis
1615 465 1810 533 probat

157 555 245 593 non
271 539 435 602 fuisse
452 538 657 601 felicem
679 552 860 590 rerum
886 552 1107 591 suarum
1140 540 1361 589 statum.

217 632 256 681 ε
286 625 541 680 Carmina
604 626 702 696 qui
751 626 1042 697 quondam
1097 624 1280 678 studio
1328 624 1566 678 ﬂorente
1600 624 1815 695 peregi,

277 714 514 781 Flebilis,
546 713 691 769 heu!
725 721 954 770 maestos
981 732 1151 786 cogor
1186 714 1329 768 inire
1370 714 1586 768 modos.

2064 500 2109 547 3
2151 494 2221 547 Et
2256 493 2399 547 veris
2430 493 2576 563 elegi
2608 493 2835 547 ﬂetibus
2874 510 2973 547 ora
3002 494 3210 563 rigant.

2000 591 2110 643 Has
2149 591 2348 644 saltem
2381 591 2570 645 nullus
2602 592 2787 661 potuit
2815 592 3147 661 pervincere
3188 597 3397 659 terror,

2070 688 2149 741 Ne
2177 693 2436 742 nostrum
2460 688 2691 743 comites
2726 693 3212 759 prosequerentur
3240 689 3369 743 iter.

1580 804 2166 860 INTERPRETATIO.

214 896 336 963 Ego,
366 897 460 961 qui
492 895 616 947 olim
644 896 854 962 perfeci
875 899 1146 963 poemata,
1185 894 1314 947 dum
1344 892 1533 945 studia
1566 906 1693 945 mea
1722 896 1825 958 ﬂo-

155 970 320 1019 rerent.
347 966 457 1018 Heu
489 965 609 1035 ipse
651 968 892 1034 afﬂictus
924 967 1209 1035 compellor
1241 965 1470 1033 aggredi
1509 979 1699 1017 versus
1724 966 1825 1016 tri-

1936 900 2059 949 stes.
2107 894 2200 947 En
2241 898 2404 948 Musae
2436 895 2683 947 laceratae
2716 898 3015 961 suggerunt
3054 897 3209 960 mihi,
3254 911 3373 964 quae
3418 900 3624 964 oportet

1935 965 2206 1028 scribere;
2236 981 2530 1033 versusque
2560 966 2782 1034 ﬂebiles
2829 972 3126 1034 aspergunt
3167 969 3377 1021 vultum
3430 981 3623 1020 meum

1760 1053 1987 1110 NOTAE.

158 1159 262 1197 rum
282 1143 435 1212 prior
465 1143 798 1199 hexameter
828 1143 1115 1210 heroicus,
1136 1146 1293 1197 sexto
1324 1141 1447 1197 loco
1473 1142 1818 1211 spondeum,

157 1216 327 1284 quinto
374 1214 683 1284 dactylum,
731 1221 980 1285 quatuor
1026 1214 1261 1284 reliquis
1318 1213 1819 1267 indiscriminatim

158 1286 446 1356 spondeum
480 1287 560 1338 vel
587 1286 873 1356 dactylum
897 1287 1099 1351 habet;
1134 1286 1419 1355 posterior
1463 1290 1823 1352 pentameter

159 1357 403 1425 elegiacus
449 1357 651 1426 quinto
704 1362 1025 1428 quartoque
1070 1358 1199 1428 loco
1246 1362 1597 1428 anapaestos;
1653 1356 1822 1408 tertio

160 1428 439 1500 spondeum
466 1445 478 1500 ;
524 1428 752 1482 duobus
790 1426 993 1499 primis
1019 1427 1343 1500 promiscue
1370 1426 1690 1497 spondeum
1724 1430 1822 1480 aut

157 1499 409 1564 dactylum
431 1499 672 1553 obtinet.

216 1574 257 1622 l.
312 1570 613 1639 Carmina.]
646 1572 887 1625 Carmen
918 1587 951 1624 a
997 1570 1251 1624 canendo
1299 1568 1534 1635 dictum,
1567 1573 1632 1621 ut
1657 1567 1819 1633 sicut,

156 1647 355 1694 auctore
399 1642 619 1708 Vossio,
664 1660 696 1695 a
738 1646 982 1708 genimen
1013 1649 1098 1696 est
1126 1657 1378 1709 germen;
1412 1640 1491 1692 sic
1518 1656 1551 1692 a
1580 1642 1823 1692 canimen

156 1713 215 1784 sit
238 1728 455 1778 carmen,
502 1730 543 1766 η
574 1714 634 1767 in
663 1730 693 1766 r
727 1730 1021 1779 converso,
1067 1711 1555 1784 quemadmodum
1590 1709 1651 1762 in
1686 1711 1822 1784 plu-

157 1783 287 1835 ribus
318 1784 457 1837 aliis.
496 1785 643 1837 Hinc
672 1801 903 1839 carmen
959 1790 1043 1838 est
1074 1781 1266 1837 stricta
1296 1782 1494 1847 oratio,
1534 1798 1601 1834 ex
1641 1781 1822 1850 pluri-

153 1853 239 1906 bus
258 1855 503 1908 versibus
531 1858 872 1925 composita,
898 1872 1069 1926 quam
1092 1860 1272 1925 poeta:
1293 1868 1494 1907 canere
1521 1853 1822 1906 dicuntur:

154 1926 273 1977 sicut
300 1926 573 1991 Virgilius
606 1928 841 1982 Aineida
870 1928 1149 1997 incipiens
1180 1926 1277 1990 ait,
1322 1928 1497 1997 Arma
1520 1926 1829 1997 uirumque

155 2011 299 2049 cano:
330 2013 564 2050 carmen
605 1999 758 2051 enim
790 1995 1024 2052 vocatur
1055 1998 1281 2067 longius
1340 1995 1634 2067 quoddam
1688 1996 1828 2067 vatis

154 2083 305 2138 opus:
338 2073 399 2121 ut
423 2069 836 2138 epigramma;
862 2070 939 2123 sic
956 2065 1599 2137 Catulli—epigrammata
1618 2065 1823 2138 inscri-

152 2137 607 2193 buntnrcarmma
638 2157 650 2206 ;
678 2147 740 2194 ut
762 2142 867 2194 ode
893 2158 905 2205 ;
936 2141 1013 2194 sic
1044 2143 1169 2194 odos
1203 2138 1422 2193 Horatii
1464 2137 1829 2206 appellantur

153 2213 415 2263 carminum
444 2210 585 2264 libri
620 2228 631 2265 :
676 2212 978 2282 quodlibet
1009 2228 1216 2281 poema
1251 2230 1266 2277 ;
1309 2211 1386 2262 sic
1418 2208 1562 2261 liber
1602 2209 1826 2278 primus

154 2281 358 2334 Lucretii
387 2283 456 2335 ab
488 2281 708 2336 eodem
727 2284 933 2337 dicitur
963 2299 1201 2352 carmen,
1231 2283 1271 2335 l.
1299 2298 1350 2333 γι
1383 2295 1395 2335 :

245 2370 659 2419 Commemorate
690 2373 831 2434 quod
862 2372 915 2419 in
946 2372 1117 2434 primo
1148 2383 1360 2433 quoque
1397 2366 1629 2415 carmine
1646 2367 1825 2416 claret.

208 2454 267 2504 At
294 2452 489 2505 unicus
542 2468 740 2505 versus
780 2470 896 2506 non
929 2452 1074 2505 solet
1104 2449 1383 2522 appellari
1413 2464 1629 2522 carmen
1664 2464 1675 2501 :
1720 2448 1828 2522 nisi

154 2522 270 2593 forte
298 2524 419 2590 hoc,
454 2525 751 2577 sententia
782 2525 1020 2577 inclusa.
1066 2520 1318 2593 poemati
1367 2536 1485 2573 non
1520 2520 1707 2593 impar
1737 2521 1826 2574 vi-

156 2592 359 2648 deatur:
390 2596 544 2648 sicut
563 2595 850 2664 Virgilius,
884 2612 942 2648 111
974 2591 1128 2661 Ain},
1167 2612 1220 2650 v.
1256 2596 1381 2656 “287,
1424 2591 1613 2643 canit:

309 2684 557 2747 Postibus
587 2684 821 2747 adversis
850 2685 952 2747 ﬁgo
981 2689 1032 2732 et
1048 2698 1155 2733 rem
1185 2683 1417 2731 carmine
1448 2679 1601 2740 signo
1626 2693 1637 2727 :

307 2747 491 2794 Eneas
526 2746 645 2794 haec
664 2747 728 2794 de
758 2746 953 2794 Danais
980 2747 1269 2794 victoribus
1299 2759 1461 2793 arma.

210 2827 251 2876 2.
289 2827 513 2897 Nodos]
567 2828 782 2881 Versus.
816 2828 1011 2881 Modus
1041 2828 1193 2880 enim
1228 2829 1547 2897 generatim
1580 2832 1664 2880 est
1704 2842 1824 2880 me-

156 2894 402 2963 diocritas,
483 2894 664 2969 quam
719 2900 869 2952 ultra
923 2902 1177 2969 citraque
1236 2894 1352 2951 non
1416 2905 1499 2952 est
1563 2904 1821 2953 rectum:

156 2968 611 3036 quemadmodum
657 2970 821 3023 docet
851 2968 1137 3037 Horatius,
1192 2969 1289 3023 lib.
1324 2986 1340 3022 1
1373 2986 1572 3036 serm.,
1623 2974 1724 3023 sat.
1768 2973 1822 3022 l:

304 3058 388 3106 Est
418 3058 619 3107 modus
646 3058 701 3106 in
728 3059 914 3107 rebus:
948 3062 1075 3106 sunt
1103 3058 1231 3106 certi
1263 3058 1492 3120 denique
1522 3058 1673 3117 ﬁnes,

304 3120 441 3177 Quos
474 3121 623 3169 ultra
653 3121 885 3183 citraque
912 3122 1095 3183 nequit
1130 3120 1418 3169 consistere
1449 3126 1670 3169 rectum.

207 3199 331 3253 Hinc
370 3203 688 3256 moderatus
721 3202 874 3255 idem
923 3202 1077 3272 quod
1117 3206 1475 3271 temperatus;
1528 3202 1820 3265 modestus,

154 3273 287 3337 quasi
313 3274 536 3327 modum
579 3290 837 3334 servans;
871 3273 1223 3339 commodum,
1278 3274 1441 3342 quasi
1481 3289 1599 3327 cum
1642 3272 1817 3326 modo.

155 3342 198 3394 Si
219 3351 391 3397 autem
422 3346 665 3409 alicubi,
700 3346 948 3397 maxime
982 3346 1042 3396 in
1074 3361 1265 3410 sensu,
1308 3345 1672 3397 mediocritas
1702 3360 1820 3396 ser-

158 3416 322 3487 vanda,
356 3416 680 3485 praesertim
712 3432 845 3468 vero
880 3416 937 3467 in
968 3431 1035 3467 eo
1065 3415 1164 3485 qui
1191 3416 1253 3467 fit
1284 3416 1535 3479 auribus,
1575 3431 1821 3484 quarum

162 3484 414 3551 iudicium,
451 3493 691 3539 auctore
724 3486 925 3551 Tullio,
961 3492 1045 3538 est
1068 3486 1538 3555 superbissimum
1569 3502 1580 3537 :
1615 3502 1681 3538 ex
1704 3502 1819 3555 quo

160 3556 219 3626 tit,
250 3562 301 3608 ut
341 3559 564 3610 musica
595 3564 652 3609 et
681 3558 888 3626 poesis,
922 3574 1049 3626 qum
1086 3558 1144 3608 in
1178 3556 1283 3609 hoc
1320 3559 1518 3609 saltem
1561 3562 1820 3625 cognatae

159 3625 408 3691 dicuntur,
455 3628 618 3697 quod
663 3625 865 3680 eodem
913 3625 1110 3679 auditu
1162 3627 1574 3696 percipiantur,
1606 3628 1664 3679 in
1698 3628 1822 3695 qui-

159 3698 361 3768 busdam
400 3698 584 3751 modis
614 3705 948 3752 versentur:
988 3700 1055 3750 In
1101 3700 1343 3763 .ilusicis,
1387 3698 1573 3768 inquit
1600 3698 1821 3751 Tullius

156 3766 227 3820 [de
268 3769 377 3835 OL,
430 3773 673 3835 numeri,
722 3774 772 3822 et
828 3784 998 3833 voces,
1046 3774 1094 3821 et
1125 3770 1301 3833 modi;
1355 3766 1622 3821 Horatius
1684 3785 1818 3822 vero

157 3842 351 3905 carm,l.
384 3858 442 3908 11,
477 3842 578 3893 od.
636 3846 685 3904 l,
732 3858 781 3893 v.
826 3841 970 3892 ult.:
1023 3840 1191 3904 Quere
1232 3840 1416 3893 modos
1456 3842 1653 3893 leviore
1703 3842 1820 3907 ple—

156 3914 275 3962 ctro:
306 3912 390 3964 od.
434 3916 516 3975 12,
554 3928 603 3964 v.
652 3912 722 3964 4:
768 3913 973 3979 Aptari
1012 3914 1237 3965 citharae
1266 3912 1479 3974 modis;
1517 3912 1551 3962 Ι.
1610 3926 1689 3975 ιιι,
1726 3911 1815 3963 od.

155 3982 191 4031 3.
218 3998 261 4033 v.
294 3984 390 4035 ult.
424 4000 436 4036 :
472 3986 683 4049 Magna
711 3983 885 4035 modis’
920 3987 1141 4034 tenuare
1174 3986 1395 4050 parvis:
1426 3982 1521 4034 od.
1556 3985 1608 4044 9,
1635 3997 1681 4033 v.
1713 3984 1776 4033 l0
1803 3998 1815 4035 :

160 4051 317 4106 Dulces
340 4054 495 4107 docta
513 4054 704 4107 modos
743 4059 791 4107 et
810 4054 1035 4106 citharae
1059 4056 1230 4106 sciens
1255 4069 1266 4106 :
1311 4058 1364 4106 et
1392 4052 1461 4105 de
1488 4055 1624 4105 Arte
1663 4057 1817 4121 poet.

304 4142 537 4190 Accessit
560 4142 902 4203 numerisque
922 4140 1199 4202 modisque
1218 4140 1433 4188 licentia
1458 4140 1646 4202 major.

209 4222 500 4291 Propterea
551 4222 651 4293 qui
698 4238 894 4275 versus
943 4222 1232 4291 conponit,
1275 4220 1367 4274 hic
1406 4220 1821 4293 Virgilio,70vi-

155 4288 241 4349 dio,
267 4288 508 4355 Horatio,
550 4288 605 4345 et
636 4294 855 4346 caeteris
886 4288 1095 4345 dicitur
1122 4293 1425 4357 modulari;
1466 4288 1613 4345 sicut
1659 4292 1821 4345 Cice-

156 4364 251 4446 Eo'ni
284 4380 317 4446 ιιι
350 4366 416 4418 de
464 4366 625 4431 Nat.,
661 4367 827 4417 Tibiae
871 4365 1141 4446 dicuntur
1171 4364 1444 4417 modulate
1491 4367 1737 4416 canentes
1768 4366 1818 4416 et
1856 4394 1899 4446 Ι)

152 4434 351 4497 ﬁdiculae
378 4452 661 4490 numerose
692 4442 962 4489 sonantes.

1932 1144 2131 1198 laceris
2160 1145 2373 1199 similes
2422 1146 2786 1200 viderentur:
2823 1146 3093 1215 antiquus
3130 1146 3284 1199 enim
3321 1150 3445 1199 erat
3471 1144 3618 1199 afﬂi-

1932 1221 2153 1269 ctorum
2204 1234 2347 1283 mos,
2384 1224 2562 1271 vestes
2610 1218 2907 1271 scindere:
2942 1218 3095 1271 unde
3126 1219 3226 1270 lib.
3256 1218 3377 1272 Job.
3425 1234 3547 1287 cap.
3586 1233 3621 1280 1,

1931 1303 1984 1340 v.
2031 1290 2119 1353 20,
2166 1291 2311 1342 Tunc
2340 1292 2585 1342 sun-emit
2628 1290 2723 1341 Job
2766 1293 2813 1341 et
2854 1290 3018 1342 scidit
3046 1292 3362 1341 vestimenta
3397 1304 3539 1349 sua;
3570 1293 3628 1339 et

1932 1358 2031 1413 lib.
2067 1360 2277 1425 IReg.,
2310 1377 2433 1429 cap.
2486 1377 2557 1423 1v,
2591 1376 2643 1413 v.
2694 1360 2783 1424 1‘2,
2828 1362 2923 1412 Vir
2962 1360 3027 1412 de
3073 1361 3361 1427 Benjamin
3412 1376 3481 1412 ea:
3511 1362 3626 1412 acie

1929 1434 2074 1482 venit
2096 1433 2154 1482 in
2174 1432 2288 1484 Silo
2326 1435 2383 1483 in
2412 1432 2498 1483 die
2547 1432 2665 1497 illa,
2700 1434 2872 1483 scissa
2902 1436 3043 1483 reste
3073 1437 3122 1484 et
3152 1446 3467 1500 conspersus
3490 1431 3624 1499 pul-

1930 1516 2053 1554 vere
2070 1508 2253 1570 caput.
2282 1504 2403 1571 Ipse
2438 1502 2633 1571 Virgil.
2666 1502 2793 1556 Ain.
2821 1518 2916 1567 x11,
2951 1518 3004 1555 v.
3038 1504 3177 1554 609:

2122 1589 2413 1637 Demittunt
2438 1594 2640 1637 mentes
2663 1605 2673 1637 :
2706 1590 2745 1637 it
2766 1589 2930 1637 scissa
2958 1594 3101 1637 veste
3132 1590 3375 1649 Latinus,

2121 1652 2371 1715 Conjugis
2393 1653 2647 1700 attonitus
2679 1652 2800 1699 fatis
2832 1652 3079 1713 urbisque
3110 1653 3282 1700 ruina.

2006 1733 2134 1785 Haec
2180 1734 2412 1786 tandem
2460 1734 2629 1787 Musze
2675 1734 2882 1786 dictare
2930 1733 3197 1786 dicuntur
3251 1731 3443 1786 Boetio
3486 1735 3625 1786 scri-

1863 1789 1903 1841 B
1937 1805 2144 1865 benda;
2200 1806 2350 1875 quod
2384 1811 2569 1873 poetae
2616 1805 2856 1873 tingant,
2880 1804 3035 1875 nihil
3065 1822 3097 1857 a
3141 1821 3197 1856 se
3229 1804 3355 1875 sive
3382 1820 3478 1856 ore
3506 1804 3626 1875 sive

1937 1874 2221 1945 scriptura
2249 1876 2454 1940 amitti,
2488 1875 2597 1928 nisi
2643 1876 2795 1945 quod
2827 1874 2934 1927 sibi
2964 1875 3159 1939 fuerit,
3211 1874 3627 1944 inspirantibus

1935 1948 2124 2011 Musis,
2176 1948 2469 2017 cognitum
2499 1962 2510 2001 ε
2555 1964 2730 2017 quare
2759 1947 2817 1999 hi
2873 1962 3146 2011 magnum
3181 1946 3470 2015 quoddam
3505 1960 3625 1998 car-

1934 2034 2065 2071 men
2093 2034 2209 2070 non
2241 2020 2425 2071 solent
2458 2018 2719 2087 aggredi,
2748 2018 2855 2069 nisi
2883 2018 3083 2069 iisdem
3111 2018 3279 2069 Musis
3310 2017 3623 2070 invocatis:

1934 2089 2014 2141 sic
2046 2090 2320 2142 Homerus
2353 2088 2401 2139 ἰλ
2442 2086 2742 2159 βῖυἱοίιρ
2780 2104 2939 2148 nunc,
2987 2088 3195 2157 inquit,
3230 2089 3385 2153 mihi,
3439 2090 3624 2152 Musae,

1936 2176 2055 2228 quae
2103 2161 2283 2214 domos
2318 2162 2547 2213 cwlestes
2582 2161 2855 2213 incolitis:
2913 2174 3003 2212 vos
3056 2162 3197 2211 enim
3250 2162 3369 2212 Deae
3396 2161 3542 2223 estis,
3578 2164 3627 2211 et

1933 2232 2157 2298 adestis,
2191 2238 2239 2285 et
2270 2236 2454 2285 omnia
2484 2234 2732 2285 novistis.
2776 2232 2883 2285 Nos
2917 2236 3095 2283 autem
3116 2233 3326 2295 famam
3349 2230 3629 2282 duntaxat

1934 2306 2268 2371 accepimus;
2297 2320 2467 2372 neque
2488 2304 2790 2371 quidquam
2820 2304 3015 2354 scimus
3038 2319 3057 2362 ;
3090 2302 3167 2353 sic
3200 2301 3485 2366 Horatius,
3518 2301 3551 2352 l.
3589 2316 3624 2359 1,

1935 2378 2038 2426 sat.
2074 2376 2300 2439 5,1!!usa
2322 2371 2479 2427 velim
2500 2389 2752 2427 memores
2775 2389 2789 2441 ;
2814 2373 2891 2424 sic
2927 2373 3079 2442 Virg.
3115 2374 3236 2425 Ain.
3268 2388 3363 2432 v11,
3399 2387 3449 2423 v.
3483 2371 3577 2423 641
3612 2387 3623 2423 :

2120 2462 2339 2510 Pandite
2369 2476 2512 2510 nunc
2539 2462 2807 2517 Helicona,
2835 2460 2965 2515 deae,
3024 2464 3314 2521 cantusque
3362 2462 3627 2506 movete...

2119 2525 2183 2571 Et
2208 2526 2521 2573 meministis
2568 2525 2725 2583 enim,
2774 2524 2928 2581 divae,
2961 2527 3012 2570 et
3048 2536 3340 2570 memorare
3372 2522 3625 2583 potestis:

2118 2587 2197 2634 Ad
2223 2602 2319 2635 nos
2348 2588 2435 2634 vix
2466 2587 2637 2635 tenuis
2663 2586 2815 2634 fama:
2842 2586 3131 2647 perlabitur
3151 2598 3296 2631 aura.

2004 2668 2055 2720 4.
2093 2666 2305 2738 Etegi.]
2360 2671 2556 2722 Versus
2610 2668 2808 2736 ﬂebiles
2858 2667 2972 2720 sive
3018 2666 3388 2718 miserabiles:
3431 2664 3627 2733 elegus

1933 2739 2107 2803 enim,
2141 2740 2293 2793 unde
2331 2741 2532 2809 elegia,
2568 2744 2652 2791 est
2701 2754 2931 2791 carmen
2961 2754 3231 2789 versuum
3272 2738 3625 2809 hexametro-

1932 2826 2061 2862 rum
2094 2806 2704 2880 pentametrorumque
2729 2809 2962 2862 alternis
2984 2809 3392 2880 dispositorum
3426 2810 3496 2880 ad
3522 2806 3623 2880 tri-

1933 2878 2147 2934 stitiam
2169 2883 2484 2951 praesertim
2518 2878 2951 2951 signiﬁcandam
2979 2880 3143 2932 :hinc
3166 2878 3449 2944 Horatius,
3485 2879 3524 2931 l.
3556 2878 3626 2931 de

1933 2955 2065 3005 Arte
2096 2958 2247 3022 poet.
2274 2970 2286 3006 :

2121 3040 2369 3089 Versibus
2400 3039 2670 3102 impariler
2692 3039 2893 3101 junctis
2927 3038 3263 3102 querimonia
3292 3037 3523 3100 primum
3548 3052 3560 3095 ;

2117 3103 2241 3151 Post
2269 3104 2428 3151 etiam
2458 3101 2663 3150 inclusa
2692 3107 2772 3150 est
2809 3102 2915 3149 voti
2950 3101 3212 3149 sententia
3242 3114 3456 3162 compos

2120 3166 2249 3221 Quis
2280 3168 2457 3214 tamen
2486 3165 2706 3227 exiguos
2736 3164 2909 3227 elegos
2936 3163 3167 3227 emiserit
3192 3167 3377 3227 auctor

2121 3228 2459 3276 Grammatici
2489 3224 2695 3275 certant
2722 3231 2773 3275 et
2802 3224 2974 3274 adhuc
3006 3226 3103 3274 sub
3134 3225 3309 3287 judice
3340 3224 3404 3272 lis
3434 3228 3526 3273 est‘

1931 3310 2089 3363 Idem
2122 3326 2295 3363 carm.
2330 3310 2366 3363 l.
2402 3326 2440 3373 1,
2471 3309 2562 3362 od.
2599 3311 2707 3362 33:

2118 3398 2233 3445 Albi
2260 3412 2326 3445 ne
2362 3398 2541 3445 doleas
2574 3397 2693 3459 plus
2720 3396 2886 3444 nimio
2927 3408 3131 3459 memor

2116 3460 2337 3507 Immitis
2365 3457 2615 3522 Glycerae,
2650 3473 2753 3507 neu
2785 3457 3114 3507 miserabiles

2116 3523 2373 3570 Decantes
2404 3526 2595 3584 elegos.

1934 3602 2092 3656 Unde
2122 3602 2358 3658 Ovidius
2380 3604 2414 3655 Ι.
2452 3620 2485 3655 ιι
2516 3604 2683 3668 Fast.,
2719 3603 2776 3654 in
2812 3601 2979 3654 initio
3008 3621 3021 3667 ;

2054 3692 2205 3739 Nunc
2239 3692 2468 3752 primum
2499 3690 2628 3737 velis
2655 3690 2789 3751 elegi
2821 3689 3111 3751 majoribus
3142 3688 3261 3736 itis:

2116 3754 2400 3815 Exiguum,
2426 3752 2661 3810 memini,
2694 3766 2862 3814 nuper
2892 3753 3049 3799 eratis
3079 3765 3229 3813 opus.

2004 3834 2224 3888 Scilicet
2278 3849 2470 3885 versus
2518 3832 2600 3884 illi
2662 3832 2871 3884 idcirco
2922 3837 3199 3885 vocantur
3248 3829 3416 3899 elegi,
3466 3829 3621 3899 quod

1930 3905 2104 3958 iidem
2148 3905 2208 3956 in
2248 3904 2544 3956 funeribus
2599 3904 2913 3970 praesertim
2960 3903 3400 3954 adhiberentur:
3454 3900 3621 3969 ἔλεγος

1930 3977 2083 4029 enim
2112 3979 2265 4043 ﬂetus
2316 3974 2524 4027 dicitur
2571 3971 2673 4022 ἀπὸ
2726 3976 2817 4022 τοῦ
2858 3971 2930 4022 ἐξ
2974 3972 3152 4041 λέγειν,
3190 3988 3317 4041 quae.
3358 3972 3620 4043 flentium

1927 4063 2033 4099 vox
2063 4042 2149 4099 est
2188 4046 2337 4115 apud
2364 4044 2806 4113 Aristophanem
2831 4059 2843 4096 :
2888 4045 3267 4112 quamobrem
3299 4042 3532 4096 Ovidius
3558 4058 3616 4094 ιιι

1930 4118 1998 4171 de
2029 4122 2182 4183 Arte,
2218 4118 2362 4186 eleg.
2404 4120 2449 4179 l,
2477 4116 2573 4179 ait,

2055 4205 2263 4253 Flebilis
2290 4204 2537 4265 indignos
2568 4202 2768 4264 elegeia
2798 4201 2949 4265 solve
2967 4200 3186 4262 capillos
3206 4237 3217 4255 ,

2116 4269 2227 4316 Heu
2259 4264 2427 4315 nimis
2446 4279 2511 4313 ex
2532 4278 2655 4312 vero
2687 4278 2829 4311 nunc
2861 4264 2954 4311 tibi
2986 4276 3181 4311 nomen
3214 4264 3371 4311 inest.

2002 4348 2497 4413 Quemadmodum
2529 4347 2695 4399 ﬂetus
2730 4346 3025 4415 elegorum
3063 4359 3212 4396 nunc
3234 4360 3267 4396 a
3296 4345 3490 4415 Boetio
3522 4358 3622 4394 vo-

1931 4426 2133 4475 cantur
2158 4423 2301 4482 veri;
2330 4419 2484 4489 quod
2509 4418 2784 4469 nimirum
2816 4415 3159 4489 eixitristitia,
3186 4430 3313 4489 quae
3351 4414 3517 4466 solita
3540 4418 3624 4467 est

1927 4495 2219 4562 elegorum
2250 4486 2506 4562 materia,
2539 4488 3045 4562 oriantuthisque
3075 4486 3508 4562 elegidicuntur
3525 4501 3624 4539 ora

1924 4558 2129 4631 rigare,
2166 4563 2308 4616 sicut
2342 4579 2375 4615 a
2407 4561 2646 4631 Virgilio
2678 4576 2751 4625 v1,
2786 4558 3033 4622 Aineid.,
3058 4574 3110 4609 ν.
3143 4559 3282 4610 699:

2110 4660 2197 4709 Sic
2220 4672 2543 4715 memorans,
2576 4657 2722 4720 largo
2746 4656 2868 4704 ﬂetu
2898 4654 3056 4702 simul
3086 4667 3179 4702 ora
3207 4653 3429 4717 rigabat.

1995 4756 2047 4805 ὅ.
2090 4754 2201 4805 Has
2243 4748 2477 4817 saltem]
2528 4750 2751 4802 Musas:
2805 4762 2938 4799 nam
2996 4760 3062 4798 ex
3121 4744 3388 4817 omnibus
3432 4742 3621 4817 bonis,

1925 4824 2133 4894 quibus
2156 4824 2327 4894 homo
2357 4814 2505 4873 allici
2528 4824 2731 4894 potest,
2768 4832 3015 4894 quasque
3045 4820 3177 4869 sunt
3206 4814 3292 4894 vel
3317 4814 3619 4894 exteriora,

1926 4885 1987 4949 ut
2014 4894 2243 4957 divitiae,
2294 4893 2497 4954 honor,
2529 4885 2721 4954 amici,
2771 4885 2938 4941 liberi
2968 4892 3025 4941 et
3080 4891 3385 4955 parentes;
3418 4886 3508 4938 vel
3540 4885 3625 4957 in-

1926 4967 2157 5032 teriora,
2193 4955 2307 5017 sive
2340 4962 2615 5031 corporis,
2669 4965 2730 5032 ut
2760 4959 2955 5032 robur,
2986 4957 3347 5032 pulchzitudo
3372 4960 3429 5010 et
3468 4955 3621 5032 sani-

1926 5044 2012 5091 tas
2040 5054 2053 5103 ;
2077 5026 2190 5090 sive
2234 5026 2461 5099 mentis,
2499 5036 2559 5084 ut
2608 5031 2866 5095 scientia,
2900 5035 2957 5082 et
2989 5026 3207 5103 virtus;
3245 5029 3365 5103 sola
3412 5026 3625 5079 mentis

1925 5099 2075 5162 bona
2106 5107 2361 5161 hostium
2414 5102 2732 5156 incursibus
2778 5117 2893 5154 non
2935 5104 3066 5153 sunt
3119 5099 3389 5154 obnoxia:
3444 5111 3623 5167 quare

1924 5180 2062 5234 Ovid
2091 5196 2148 5232 ιιι
2180 5177 2371 5243 Trist.,
2415 5175 2487 5228 el.
2528 5178 2588 5227 7:

2051 5278 2243 5341 Nempe
2265 5274 2355 5321 dat
2379 5276 2429 5341 et
2456 5270 2809 5341 quodcunque
2835 5269 2976 5341 libet
3005 5269 3218 5317 fortuna
3243 5265 3501 5341 rapitque,

2114 5332 2226 5385 Irus
2251 5342 2302 5385 et
2322 5340 2400 5385 est
2429 5332 2620 5389 subito,
2650 5332 2739 5395 qui
2766 5332 2922 5379 modo
2942 5332 3307 5395 Crcesus‘erat.

2052 5400 2277 5463 Singula
2301 5398 2425 5460 quid
2453 5392 2718 5463 referam?
2746 5397 2819 5463 nil
2852 5408 2957 5463 non
2990 5392 3212 5463 mortale
3236 5396 3498 5448 tenemus,

2084 5456 2565 5522 Pectoris—exceptis
2591 5458 2894 5520 ingeniique
2917 5456 3089 5522 bonis.

210 4506 351 4560 Sicut
380 4514 577 4561 autem
609 4524 842 4561 carmen
887 4524 1003 4561 non
1036 4506 1265 4572 dicitur,
1311 4504 1419 4559 nisi
1471 4504 1529 4557 in
1586 4503 1813 4573 integro

155 4578 368 4649 quodam
400 4586 689 4649 poemate,
725 4579 800 4632 ita
832 4580 1019 4633 modus
1052 4594 1167 4631 non
1199 4577 1424 4630 videtur
1449 4576 1576 4649 dici
1598 4576 1710 4627 nisi
1742 4574 1811 4649 de

158 4645 621 4719 versibus,-h11jus
654 4645 845 4719 Operis
886 4650 1175 4719 partibus:
1240 4649 1387 4701 unde
1429 4645 1813 4719 Boetius,‘qui

158 4719 295 4773 verba
323 4722 443 4775 haec
474 4716 629 4775 inter
671 4716 731 4775 s'e
756 4716 1099 4791 opposuerat
1130 4721 1190 4772 in
1220 4720 1447 4791 duobus
1496 4720 1581 4771 his
1614 4716 1814 4787 primis

158 4792 407 4845 versibus:
466 4795 679 4861 peregi,
742 4790 801 4845 et
838 4790 1005 4857 cogor
1058 4794 1239 4855 inire;
1270 4790 1452 4844 studio
1492 4792 1727 4857 ﬂorente,
1760 4792 1815 4840 et

156 4860 335 4927 ﬂebilis,
360 4860 602 4914 mrtezm
632 4863 976 4917 continuans
1008 4878 1160 4915 nunc
1188 4862 1428 4931 opponit
1459 4862 1632 4913 etiam
1685 4875 1815 4913 car-

156 4934 278 5008 mina
313 4941 363 4987 et
388 4936 577 5008 modos
594 4940 843 4999 mmstos;
896 4933 1088 5003 sicque
1122 4934 1394 4987 lectorem
1434 4932 1635 5008 dqcet,_
1668 4947 1813 5008 qua-

156 5000 212 5081 lis
250 5011 367 5081 erat
394 5007 663 5071 afﬂictus,
696 5000 1094 5076 quantumque
1126 5009 1378 5058 mutatus
1405 5019 1438 5056 a
1482 5002 1676 5057 Boetio
1700 5002 1815 5055 sive

155 5078 309 5141 seipso
338 5078 600 5131 ﬂorente.

208 5147 252 5197 3.
282 5149 591 5220 Camena]
624 5153 807 5214 Musa,
847 5164 984 5220 qua:
1015 5146 1284 5220 dicuntur
1313 5147 1602 5220 Carmente,
1639 5158 1756 5198 non
1784 5159 1816 5196 a

152 5220 290 5267 cantu
329 5218 670 5286 amoeno,'ut
722 5219 959 5291 quidam
1006 5218 1342 5291 aiunt,_psed
1388 5233 1507 5270 non
1559 5232 1720 5291 secus
1754 5231 1817 5268 ac

153 5299 372 5355 carmen,
404 5308 436 5343 a
474 5288 758 5357 canendo,
789 5292 868 5344 ita
902 5294 965 5343 ut
994 5290 1153 5359 prius
1185 5289 1515 5343 dicerentur
1547 5288 1812 5342 Cameez:

154 5360 281 5435 quod
319 5362 609 5435 nimirum,
643 5363 812 5416 Musis
851 5361 1489 5435 velutiinspirantibus,
1526 5361 1667 5412 ﬂant
1688 5374 1816 5435 carj

156 5432 286 5503 ruina
317 5433 429 5486 sive
476 5440 709 5499 cantus;
748 5438 846 5486 aut
896 5433 1072 5503 quod,
1117 5432 1309 5501 inquit
1360 5432 1576 5494 Festus,
1612 5432 1820 5503 canant

156 5496 298 5587 ἕψω
350 5496 713 5587 δηίίίίυοῐξυπί
756 5496 992 5587 Ῑειυάἐδτ
1038 5496 1414 5587 (Natu-02mm
1455 5500 1818 5587 scribendlilp
2050 5496 3146 5587 Ε’ἐέὲῖξ’ἕᾶὧᾜέἑῐὲῖᾰ’ὲῖῐὲἔῶῗνῦῑῇἑέιὶιε
3172 5515 3436 5587 domoque

157 5570 398 5652 ‘Camenze,
425 5570 541 5628 ndn
582 5579 859 5652 Camoenae.
895 5578 993 5652 Hae
1023 5570 1218 5652 autem
1250 5576 1419 5629 Musae
1450 5588 1603 5652 nunc
1634 5570 1817 5652 perhi-

2050 5570 2380 5652 —_Baptaqiie
2407 5570 2528 5652 sint,
2557 5584 2717 5631 adimi
2748 5570 2865 5644 quae
2900 5570 3118 5652 potuere
3147 5577 3309 5652 mihi:

158 5639 337 5726 bentur
382 5648 584 5726 lacera,
624 5648 779 5719 quod
820 5648 986 5701 sortis
1020 5639 1672 5726 Boetianaeuparticipes,
1717 5641 1817 5726 illo
2051 5639 2272 5726 Ingenio
2297 5639 2483 5726 tamen
2509 5639 2621 5726 ipsa
2646 5639 3111 5726 meo'comitprQue
3139 5640 3432 5726 .f‘ru‘orqm:

158 5666 337 5697 ucutut‘
382 5666 584 5715 ιασετᾶῖ,
624 5666 779 5719 ([1100
820 5666 986 5701 SOI'LlS
1020 5666 1305 5701 DOBURDEB
1343 5666 1672 5726 ρειπιιοῳυδ,
1717 5666 1817 5695 mu
2052 5666 2272 5763 ingenio
2308 5666 2483 5697 tamen
2509 5666 2621 5709 Ipsa.
2646 5666 2763 5718 μηξο
2786 5666 3111 5716 uomitumque
3139 5666 3251 5714 .u'uu

155 5710 365 5771 tlorente
402 5718 622 5786 ﬂorere,
655 5720 975 5791 eodemque
1004 5718 1216 5775 afﬂicto
1246 5717 1724 5789 attligi,pannosee
1762 5716 1821 5768 et
2155 5726 2288 5764 aesar
2304 5712 2360 5762 in
2391 5711 2490 5761 hoc
2515 5712 2687 5774 potuit
2708 5720 2844 5772 Jurls
2874 5705 3067 5756 habere
3097 5704 3251 5753 nlhll.
