  <div class='ocr_page' id='page_1' title='image "/cluster/home/n/w/nwhite01/storage/ocr_20150623/63/hvd.32044073498800/297.png"; bbox 0 0 3996 6170; ppageno 0'>
   <div class='ocr_carea' id='block_1_1' title="bbox 1653 307 3838 364">
    <p class='ocr_par' dir='ltr' id='par_1_1' title="bbox 1653 307 3838 364">
     <span class='ocr_line' id='line_1_1' title="bbox 1653 307 3838 364; baseline -0.002 -2"><span class='ocrx_word' id='word_1_1' title='bbox 1653 309 1764 363; x_wconf 71' lang='grc' dir='ltr'><strong><em>ΑΝ.</em></strong></span> <span class='ocrx_word' id='word_1_2' title='bbox 1811 309 2023 364; x_wconf 71' lang='lat' dir='ltr'><strong><em>MANL.</em></strong></span> <span class='ocrx_word' id='word_1_3' title='bbox 2072 307 2225 362; x_wconf 85' lang='lat' dir='ltr'>SEV.</span> <span class='ocrx_word' id='word_1_4' title='bbox 2276 307 2522 362; x_wconf 85' lang='lat' dir='ltr'><strong><em>BOETH.</em></strong></span> <span class='ocrx_word' id='word_1_5' title='bbox 3741 307 3838 360; x_wconf 62' lang='lat'><strong><em>38$</em></strong></span> 
     </span>
    </p>
   </div>
   <div class='ocr_carea' id='block_1_2' title="bbox 342 315 442 367">
    <p class='ocr_par' dir='ltr' id='par_1_2' title="bbox 342 315 442 367">
     <span class='ocr_line' id='line_1_2' title="bbox 342 315 442 367; baseline -0.02 0"><span class='ocrx_word' id='word_1_6' title='bbox 342 315 442 367; x_wconf 84' lang='lat'><strong><em>583</em></strong></span> 
     </span>
    </p>
   </div>
   <div class='ocr_carea' id='block_1_3' title="bbox 407 436 3501 513">
    <p class='ocr_par' dir='ltr' id='par_1_3' title="bbox 407 436 3501 513">
     <span class='ocr_line' id='line_1_3' title="bbox 407 436 3501 513; baseline -0.003 -14"><span class='ocrx_word' id='word_1_7' title='bbox 407 451 457 499; x_wconf 81' lang='lat'><strong>4</strong></span> <span class='ocrx_word' id='word_1_8' title='bbox 497 443 688 499; x_wconf 87' lang='lat' dir='ltr'><strong><em>Gloria</em></strong></span> <span class='ocrx_word' id='word_1_9' title='bbox 716 442 895 497; x_wconf 84' lang='lat' dir='ltr'><strong><em>felicis</em></strong></span> <span class='ocrx_word' id='word_1_10' title='bbox 921 441 1060 495; x_wconf 90' lang='lat' dir='ltr'><strong><em>olim</em></strong></span> <span class='ocrx_word' id='word_1_11' title='bbox 1086 440 1396 510; x_wconf 89' lang='lat' dir='ltr'><strong><em>viridisque</em></strong></span> <span class='ocrx_word' id='word_1_12' title='bbox 1423 441 1697 510; x_wconf 71' lang='lat' dir='ltr'><strong><em>juventm,</em></strong></span> <span class='ocrx_word' id='word_1_13' title='bbox 2073 444 2120 494; x_wconf 87' lang='grc' dir='ltr'>Α</span> <span class='ocrx_word' id='word_1_14' title='bbox 2360 441 2429 492; x_wconf 88' lang='lat' dir='ltr'><strong><em>Et</em></strong></span> <span class='ocrx_word' id='word_1_15' title='bbox 2461 439 2623 493; x_wconf 89' lang='lat' dir='ltr'><strong><em>dolor</em></strong></span> <span class='ocrx_word' id='word_1_16' title='bbox 2653 441 2878 492; x_wconf 65' lang='lat' dir='ltr'><strong><em>{etatem</em></strong></span> <span class='ocrx_word' id='word_1_17' title='bbox 2903 436 3071 513; x_wconf 86' lang='lat' dir='ltr'><strong><em>jussit</em></strong></span> <span class='ocrx_word' id='word_1_18' title='bbox 3102 436 3285 490; x_wconf 87' lang='lat' dir='ltr'><strong><em>inesse</em></strong></span> <span class='ocrx_word' id='word_1_19' title='bbox 3318 451 3501 490; x_wconf 87' lang='lat' dir='ltr'><strong><em>suam.</em></strong></span> 
     </span>
    </p>
   </div>
   <div class='ocr_carea' id='block_1_4' title="bbox 496 525 3446 599">
    <p class='ocr_par' dir='ltr' id='par_1_4' title="bbox 496 525 3446 599">
     <span class='ocr_line' id='line_1_4' title="bbox 496 525 3446 599; baseline -0.003 -12"><span class='ocrx_word' id='word_1_20' title='bbox 496 534 769 587; x_wconf 90' lang='lat' dir='ltr'><strong><em>Solantur</em></strong></span> <span class='ocrx_word' id='word_1_21' title='bbox 796 531 979 584; x_wconf 86' lang='lat' dir='ltr'><strong><em>moesti</em></strong></span> <span class='ocrx_word' id='word_1_22' title='bbox 1013 546 1165 583; x_wconf 90' lang='lat' dir='ltr'><strong><em>nunc</em></strong></span> <span class='ocrx_word' id='word_1_23' title='bbox 1200 546 1325 582; x_wconf 84' lang='lat' dir='ltr'><strong><em>mea</em></strong></span> <span class='ocrx_word' id='word_1_24' title='bbox 1361 529 1473 582; x_wconf 85' lang='lat' dir='ltr'><strong><em>fata</em></strong></span> <span class='ocrx_word' id='word_1_25' title='bbox 1504 528 1676 582; x_wconf 90' lang='lat' dir='ltr'><strong><em>senis.</em></strong></span> <span class='ocrx_word' id='word_1_26' title='bbox 2289 528 2680 599; x_wconf 86' lang='lat' dir='ltr'><strong><em>latempestivi</em></strong></span> <span class='ocrx_word' id='word_1_27' title='bbox 2710 527 3033 580; x_wconf 89' lang='lat' dir='ltr'><strong><em>funduntur</em></strong></span> <span class='ocrx_word' id='word_1_28' title='bbox 3062 525 3270 580; x_wconf 77' lang='lat' dir='ltr'><strong><em>vertice</em></strong></span> <span class='ocrx_word' id='word_1_29' title='bbox 3299 525 3446 592; x_wconf 86' lang='lat' dir='ltr'><strong><em>cani,</em></strong></span> 
     </span>
    </p>
   </div>
   <div class='ocr_carea' id='block_1_5' title="bbox 407 615 3468 690">
    <p class='ocr_par' dir='ltr' id='par_1_5' title="bbox 407 615 3468 690">
     <span class='ocr_line' id='line_1_5' title="bbox 407 615 3468 690; baseline -0.004 -12"><span class='ocrx_word' id='word_1_30' title='bbox 407 630 455 678; x_wconf 74' lang='lat'><strong>5</strong></span> <span class='ocrx_word' id='word_1_31' title='bbox 497 623 659 676; x_wconf 83' lang='lat' dir='ltr'><strong>Venit</strong></span> <span class='ocrx_word' id='word_1_32' title='bbox 687 621 843 674; x_wconf 87' lang='lat' dir='ltr'><strong><em>enim</em></strong></span> <span class='ocrx_word' id='word_1_33' title='bbox 873 624 1177 690; x_wconf 84' lang='lat' dir='ltr'><strong><em>properata</em></strong></span> <span class='ocrx_word' id='word_1_34' title='bbox 1211 618 1373 670; x_wconf 87' lang='lat' dir='ltr'><strong><em>malis</em></strong></span> <span class='ocrx_word' id='word_1_35' title='bbox 1408 616 1645 688; x_wconf 89' lang='lat' dir='ltr'><strong><em>inopina</em></strong></span> <span class='ocrx_word' id='word_1_36' title='bbox 1678 623 1960 684; x_wconf 83' lang='lat' dir='ltr'><strong><em>senectus,</em></strong></span> <span class='ocrx_word' id='word_1_37' title='bbox 2362 620 2426 672; x_wconf 83' lang='lat' dir='ltr'><strong><em>Et</em></strong></span> <span class='ocrx_word' id='word_1_38' title='bbox 2457 618 2652 673; x_wconf 88' lang='lat' dir='ltr'><strong><em>tremit</em></strong></span> <span class='ocrx_word' id='word_1_39' title='bbox 2684 617 2852 670; x_wconf 74' lang='lat' dir='ltr'><strong><em>ell‘eto</em></strong></span> <span class='ocrx_word' id='word_1_40' title='bbox 2883 631 3119 686; x_wconf 88' lang='lat' dir='ltr'><strong><em>corpore</em></strong></span> <span class='ocrx_word' id='word_1_41' title='bbox 3152 616 3278 668; x_wconf 83' lang='lat' dir='ltr'><strong><em>laxa</em></strong></span> <span class='ocrx_word' id='word_1_42' title='bbox 3305 615 3468 668; x_wconf 91' lang='lat' dir='ltr'><strong><em>cutis.</em></strong></span> 
     </span>
    </p>
   </div>
   <div class='ocr_carea' id='block_1_6' title="bbox 699 706 2378 764">
    <p class='ocr_par' dir='ltr' id='par_1_6' title="bbox 699 706 2378 764">
     <span class='ocr_line' id='line_1_6' title="bbox 699 706 2378 764; baseline -0.001 -3"><span class='ocrx_word' id='word_1_43' title='bbox 699 719 712 724; x_wconf 85' lang='lat'>&quot;</span> <span class='ocrx_word' id='word_1_44' title='bbox 1793 706 2378 764; x_wconf 77' lang='lat' dir='ltr'><strong><em>INTERPRE&#39;I‘ATIO.</em></strong></span> 
     </span>
    </p>
   </div>
   <div class='ocr_carea' id='block_1_7' title="bbox 345 795 2035 868">
    <p class='ocr_par' dir='ltr' id='par_1_7' title="bbox 345 795 2035 868">
     <span class='ocr_line' id='line_1_7' title="bbox 345 795 2035 868; baseline -0.004 -14"><span class='ocrx_word' id='word_1_45' title='bbox 345 803 597 868; x_wconf 79' lang='lat' dir='ltr'><strong><em>lacrymis</em></strong></span> <span class='ocrx_word' id='word_1_46' title='bbox 637 801 879 853; x_wconf 72' lang='lat' dir='ltr'><strong><em>sinceris.</em></strong></span> <span class='ocrx_word' id='word_1_47' title='bbox 927 798 1121 852; x_wconf 80' lang='lat' dir='ltr'><strong><em>Nullus</em></strong></span> <span class='ocrx_word' id='word_1_48' title='bbox 1192 801 1361 849; x_wconf 75' lang='lat' dir='ltr'><strong><em>metus</em></strong></span> <span class='ocrx_word' id='word_1_49' title='bbox 1403 798 1576 863; x_wconf 77' lang='lat' dir='ltr'><strong><em>potuit</em></strong></span> <span class='ocrx_word' id='word_1_50' title='bbox 1621 795 1890 849; x_wconf 76' lang='lat' dir='ltr'><strong><em>adducere</em></strong></span> <span class='ocrx_word' id='word_1_51' title='bbox 1937 797 2035 848; x_wconf 81' lang='lat' dir='ltr'><strong><em>has</em></strong></span> 
     </span>
    </p>
   </div>
   <div class='ocr_carea' id='block_1_8' title="bbox 344 868 2034 933">
    <p class='ocr_par' dir='ltr' id='par_1_8' title="bbox 344 868 2034 933">
     <span class='ocr_line' id='line_1_8' title="bbox 344 868 2034 933; baseline -0.003 -8"><span class='ocrx_word' id='word_1_52' title='bbox 344 875 532 926; x_wconf 86' lang='lat' dir='ltr'><strong><em>saltem</em></strong></span> <span class='ocrx_word' id='word_1_53' title='bbox 553 886 762 933; x_wconf 82' lang='lat' dir='ltr'><strong><em>musas,</em></strong></span> <span class='ocrx_word' id='word_1_54' title='bbox 793 874 854 921; x_wconf 88' lang='lat' dir='ltr'><strong><em>ut</em></strong></span> <span class='ocrx_word' id='word_1_55' title='bbox 875 884 979 920; x_wconf 91' lang='lat' dir='ltr'><strong><em>non</em></strong></span> <span class='ocrx_word' id='word_1_56' title='bbox 1001 871 1394 921; x_wconf 69' lang='lat' dir='ltr'><strong><em>comitarentur</em></strong></span> <span class='ocrx_word' id='word_1_57' title='bbox 1421 884 1591 920; x_wconf 83' lang='lat' dir='ltr'><strong><em>meum</em></strong></span> <span class='ocrx_word' id='word_1_58' title='bbox 1619 871 1785 920; x_wconf 85' lang='lat' dir='ltr'><strong><em>viam.</em></strong></span> <span class='ocrx_word' id='word_1_59' title='bbox 1811 868 2034 920; x_wconf 57' lang='lat' dir='ltr'><strong><em>Easdem</em></strong></span> 
     </span>
    </p>
   </div>
   <div class='ocr_carea' id='block_1_9' title="bbox 350 938 2030 1011">
    <p class='ocr_par' dir='ltr' id='par_1_9' title="bbox 350 938 2030 1011">
     <span class='ocr_line' id='line_1_9' title="bbox 350 938 2030 1011; baseline -0.004 -15"><span class='ocrx_word' id='word_1_60' title='bbox 350 945 540 1003; x_wconf 73' lang='lat' dir='ltr'><strong><em>Musae,</em></strong></span> <span class='ocrx_word' id='word_1_61' title='bbox 573 957 701 1011; x_wconf 77' lang='lat' dir='ltr'><strong><em>quae</em></strong></span> <span class='ocrx_word' id='word_1_62' title='bbox 725 941 955 993; x_wconf 84' lang='lat' dir='ltr'><strong><em>fuerunt</em></strong></span> <span class='ocrx_word' id='word_1_63' title='bbox 975 941 1152 1004; x_wconf 82' lang='lat' dir='ltr'><strong><em>gloria</em></strong></span> <span class='ocrx_word' id='word_1_64' title='bbox 1185 955 1325 990; x_wconf 69' lang='lat' dir='ltr'><strong><em>mea:</em></strong></span> <span class='ocrx_word' id='word_1_65' title='bbox 1349 938 1587 1005; x_wconf 68' lang='lat' dir='ltr'><strong><em>juventae</em></strong></span> <span class='ocrx_word' id='word_1_66' title='bbox 1614 938 1887 1006; x_wconf 85' lang='lat' dir='ltr'><strong><em>quondam</em></strong></span> <span class='ocrx_word' id='word_1_67' title='bbox 1915 941 2030 1004; x_wconf 82' lang='lat' dir='ltr'><strong><em>for-</em></strong></span> 
     </span>
    </p>
   </div>
   <div class='ocr_carea' id='block_1_10' title="bbox 347 1011 2038 1075">
    <p class='ocr_par' dir='ltr' id='par_1_10' title="bbox 347 1011 2038 1075">
     <span class='ocr_line' id='line_1_10' title="bbox 347 1011 2038 1075; baseline -0.003 -8"><span class='ocrx_word' id='word_1_68' title='bbox 347 1019 550 1068; x_wconf 75' lang='lat' dir='ltr'><strong><em>tunatae</em></strong></span> <span class='ocrx_word' id='word_1_69' title='bbox 578 1018 627 1064; x_wconf 91' lang='lat' dir='ltr'><strong><em>et</em></strong></span> <span class='ocrx_word' id='word_1_70' title='bbox 655 1013 874 1075; x_wconf 66' lang='lat' dir='ltr'><strong><em>vivida),</em></strong></span> <span class='ocrx_word' id='word_1_71' title='bbox 898 1013 1245 1064; x_wconf 73' lang='lat' dir='ltr'><strong><em>consolantur</em></strong></span> <span class='ocrx_word' id='word_1_72' title='bbox 1270 1024 1413 1062; x_wconf 87' lang='lat' dir='ltr'><strong><em>nunc</em></strong></span> <span class='ocrx_word' id='word_1_73' title='bbox 1433 1011 1724 1062; x_wconf 80' lang='lat' dir='ltr'><strong><em>adversam</em></strong></span> <span class='ocrx_word' id='word_1_74' title='bbox 1757 1015 2038 1074; x_wconf 77' lang='lat' dir='ltr'><strong><em>fortunam</em></strong></span> 
     </span>
    </p>
   </div>
   <div class='ocr_carea' id='block_1_11' title="bbox 344 1083 2038 1144">
    <p class='ocr_par' dir='ltr' id='par_1_11' title="bbox 344 1083 2038 1144">
     <span class='ocr_line' id='line_1_11' title="bbox 344 1083 2038 1144; baseline -0.003 -7"><span class='ocrx_word' id='word_1_75' title='bbox 344 1088 483 1138; x_wconf 81' lang='lat' dir='ltr'><strong><em>senis</em></strong></span> <span class='ocrx_word' id='word_1_76' title='bbox 528 1087 723 1136; x_wconf 79' lang='lat' dir='ltr'><strong><em>tristis.</em></strong></span> <span class='ocrx_word' id='word_1_77' title='bbox 781 1085 916 1136; x_wconf 80' lang='lat' dir='ltr'><strong><em>Nam</em></strong></span> <span class='ocrx_word' id='word_1_78' title='bbox 942 1088 1181 1135; x_wconf 79' lang='lat' dir='ltr'><strong><em>senectus</em></strong></span> <span class='ocrx_word' id='word_1_79' title='bbox 1227 1083 1492 1144; x_wconf 82' lang='lat' dir='ltr'><strong><em>festinata</em></strong></span> <span class='ocrx_word' id='word_1_80' title='bbox 1527 1085 1783 1134; x_wconf 62' lang='lat' dir='ltr'><strong><em>aerumnis</em></strong></span> <span class='ocrx_word' id='word_1_81' title='bbox 1815 1086 2038 1135; x_wconf 81' lang='lat' dir='ltr'><strong><em>accessit</em></strong></span> 
     </span>
    </p>
   </div>
   <div class='ocr_carea' id='block_1_12' title="bbox 345 1151 2038 1223">
    <p class='ocr_par' dir='ltr' id='par_1_12' title="bbox 345 1151 2038 1223">
     <span class='ocr_line' id='line_1_12' title="bbox 345 1151 2038 1223; baseline -0.003 -14"><span class='ocrx_word' id='word_1_82' title='bbox 345 1155 484 1209; x_wconf 83' lang='lat' dir='ltr'><strong><em>milii</em></strong></span> <span class='ocrx_word' id='word_1_83' title='bbox 515 1154 830 1223; x_wconf 81' lang='lat' dir='ltr'><strong><em>improvisa,</em></strong></span> <span class='ocrx_word' id='word_1_84' title='bbox 864 1157 911 1205; x_wconf 89' lang='lat' dir='ltr'><strong><em>et</em></strong></span> <span class='ocrx_word' id='word_1_85' title='bbox 941 1168 1131 1206; x_wconf 73' lang='lat' dir='ltr'><strong><em>maror</em></strong></span> <span class='ocrx_word' id='word_1_86' title='bbox 1179 1151 1373 1220; x_wconf 77' lang='lat' dir='ltr'><strong><em>effecit,</em></strong></span> <span class='ocrx_word' id='word_1_87' title='bbox 1419 1159 1477 1204; x_wconf 89' lang='lat' dir='ltr'><strong><em>ut</em></strong></span> <span class='ocrx_word' id='word_1_88' title='bbox 1519 1158 1652 1205; x_wconf 63' lang='lat' dir='ltr'><strong><em>aetas</em></strong></span> <span class='ocrx_word' id='word_1_89' title='bbox 1683 1167 1785 1206; x_wconf 88' lang='lat' dir='ltr'><strong><em>sua</em></strong></span> <span class='ocrx_word' id='word_1_90' title='bbox 1817 1156 1949 1206; x_wconf 81' lang='lat' dir='ltr'><strong><em>esset</em></strong></span> <span class='ocrx_word' id='word_1_91' title='bbox 1981 1154 2038 1204; x_wconf 83' lang='lat' dir='ltr'><strong><em>in</em></strong></span> 
     </span>
    </p>
   </div>
   <div class='ocr_carea' id='block_1_13' title="bbox 2144 791 3843 864">
    <p class='ocr_par' dir='ltr' id='par_1_13' title="bbox 2144 791 3843 864">
     <span class='ocr_line' id='line_1_13' title="bbox 2144 791 3843 864; baseline -0.003 -14"><span class='ocrx_word' id='word_1_92' title='bbox 2144 813 2243 850; x_wconf 86' lang='lat' dir='ltr'><strong><em>me.</em></strong></span> <span class='ocrx_word' id='word_1_93' title='bbox 2280 797 2524 852; x_wconf 82' lang='lat' dir='ltr'><strong><em>Canities</em></strong></span> <span class='ocrx_word' id='word_1_94' title='bbox 2551 799 2884 864; x_wconf 62' lang='lat' dir='ltr'><strong><em>praematura</em></strong></span> <span class='ocrx_word' id='word_1_95' title='bbox 2914 794 3200 862; x_wconf 82' lang='lat' dir='ltr'><strong><em>spargitur</em></strong></span> <span class='ocrx_word' id='word_1_96' title='bbox 3215 791 3315 861; x_wconf 84' lang='lat' dir='ltr'><strong><em>&#39;per</em></strong></span> <span class='ocrx_word' id='word_1_97' title='bbox 3350 807 3540 846; x_wconf 90' lang='lat' dir='ltr'><strong><em>meum</em></strong></span> <span class='ocrx_word' id='word_1_98' title='bbox 3573 797 3758 860; x_wconf 84' lang='lat' dir='ltr'><strong><em>caput,</em></strong></span> <span class='ocrx_word' id='word_1_99' title='bbox 3793 799 3843 845; x_wconf 82' lang='lat' dir='ltr'><strong><em>et</em></strong></span> 
     </span>
    </p>
   </div>
   <div class='ocr_carea' id='block_1_14' title="bbox 2146 866 3844 936">
    <p class='ocr_par' dir='ltr' id='par_1_14' title="bbox 2146 866 3844 936">
     <span class='ocr_line' id='line_1_14' title="bbox 2146 866 3844 936; baseline -0.003 -15"><span class='ocrx_word' id='word_1_100' title='bbox 2146 885 2272 921; x_wconf 81' lang='lat' dir='ltr'><strong><em>mea</em></strong></span> <span class='ocrx_word' id='word_1_101' title='bbox 2304 868 2766 936; x_wconf 78' lang='lat' dir='ltr'><strong><em>pellis,confectis</em></strong></span> <span class='ocrx_word' id='word_1_102' title='bbox 2794 867 3068 926; x_wconf 79' lang='lat' dir='ltr'><strong><em>membris,</em></strong></span> <span class='ocrx_word' id='word_1_103' title='bbox 3095 880 3296 930; x_wconf 88' lang='lat' dir='ltr'><strong><em>rugosa</em></strong></span> <span class='ocrx_word' id='word_1_104' title='bbox 3324 866 3707 917; x_wconf 85' lang='lat' dir='ltr'><strong><em>contremiscit.</em></strong></span> <span class='ocrx_word' id='word_1_105' title='bbox 3742 866 3844 918; x_wconf 87' lang='lat' dir='ltr'><strong><em>Illa</em></strong></span> 
     </span>
    </p>
   </div>
   <div class='ocr_carea' id='block_1_15' title="bbox 2144 938 3844 1003">
    <p class='ocr_par' dir='ltr' id='par_1_15' title="bbox 2144 938 3844 1003">
     <span class='ocr_line' id='line_1_15' title="bbox 2144 938 3844 1003; baseline -0.002 -11"><span class='ocrx_word' id='word_1_106' title='bbox 2144 955 2286 992; x_wconf 87' lang='lat' dir='ltr'><strong><em>mors</em></strong></span> <span class='ocrx_word' id='word_1_107' title='bbox 2309 940 2583 991; x_wconf 77' lang='lat' dir='ltr'><strong><em>hominum</em></strong></span> <span class='ocrx_word' id='word_1_108' title='bbox 2611 943 2694 990; x_wconf 88' lang='lat' dir='ltr'><strong><em>est</em></strong></span> <span class='ocrx_word' id='word_1_109' title='bbox 2713 941 3022 1001; x_wconf 80' lang='lat' dir='ltr'><strong><em>fortunata,</em></strong></span> <span class='ocrx_word' id='word_1_110' title='bbox 3053 951 3170 1003; x_wconf 61' lang='lat' dir='ltr'><strong><em>qua</em></strong></span> <span class='ocrx_word' id='word_1_111' title='bbox 3199 951 3304 988; x_wconf 87' lang='lat' dir='ltr'><strong><em>non</em></strong></span> <span class='ocrx_word' id='word_1_112' title='bbox 3324 949 3436 989; x_wconf 84' lang='lat' dir='ltr'><strong><em>sese</em></strong></span> <span class='ocrx_word' id='word_1_113' title='bbox 3474 938 3726 988; x_wconf 77' lang='lat' dir='ltr'><strong><em>immittit</em></strong></span> <span class='ocrx_word' id='word_1_114' title='bbox 3750 938 3844 1001; x_wconf 85' lang='lat' dir='ltr'><strong><em>ﬂo-</em></strong></span> 
     </span>
    </p>
   </div>
   <div class='ocr_carea' id='block_1_16' title="bbox 2146 1008 3838 1077">
    <p class='ocr_par' dir='ltr' id='par_1_16' title="bbox 2146 1008 3838 1077">
     <span class='ocr_line' id='line_1_16' title="bbox 2146 1008 3838 1077; baseline -0.003 -14"><span class='ocrx_word' id='word_1_115' title='bbox 2146 1013 2387 1063; x_wconf 81' lang='lat' dir='ltr'><strong><em>rentibus</em></strong></span> <span class='ocrx_word' id='word_1_116' title='bbox 2424 1008 2771 1077; x_wconf 70' lang='lat' dir='ltr'><strong><em>tem-poribus,</em></strong></span> <span class='ocrx_word' id='word_1_117' title='bbox 2806 1012 2855 1060; x_wconf 88' lang='lat' dir='ltr'><strong><em>et</em></strong></span> <span class='ocrx_word' id='word_1_118' title='bbox 2898 1008 3073 1070; x_wconf 81' lang='lat' dir='ltr'><strong><em>adest,</em></strong></span> <span class='ocrx_word' id='word_1_119' title='bbox 3123 1009 3347 1072; x_wconf 82' lang='lat' dir='ltr'><strong><em>afﬂictis</em></strong></span> <span class='ocrx_word' id='word_1_120' title='bbox 3375 1009 3694 1074; x_wconf 83' lang='lat' dir='ltr'><strong><em>frequenter</em></strong></span> <span class='ocrx_word' id='word_1_121' title='bbox 3731 1009 3838 1059; x_wconf 89' lang='lat' dir='ltr'><strong><em>im-</em></strong></span> 
     </span>
    </p>
   </div>
   <div class='ocr_carea' id='block_1_17' title="bbox 2144 1077 3845 1150">
    <p class='ocr_par' dir='ltr' id='par_1_17' title="bbox 2144 1077 3845 1150">
     <span class='ocr_line' id='line_1_17' title="bbox 2144 1077 3845 1150; baseline -0.001 -20"><span class='ocrx_word' id='word_1_122' title='bbox 2144 1083 2383 1150; x_wconf 70' lang='lat' dir='ltr'><strong><em>plorata.</em></strong></span> <span class='ocrx_word' id='word_1_123' title='bbox 2446 1082 2556 1133; x_wconf 76' lang='lat' dir='ltr'><strong><em>Heu</em></strong></span> <span class='ocrx_word' id='word_1_124' title='bbox 2610 1084 2871 1146; x_wconf 85' lang='lat' dir='ltr'><strong><em>quantum</em></strong></span> <span class='ocrx_word' id='word_1_125' title='bbox 2927 1078 3280 1131; x_wconf 61' lang='lat' dir='ltr'><strong><em>inexorabilis</em></strong></span> <span class='ocrx_word' id='word_1_126' title='bbox 3339 1093 3494 1150; x_wconf 79' lang='lat' dir='ltr'><strong><em>mors</em></strong></span> <span class='ocrx_word' id='word_1_127' title='bbox 3532 1077 3744 1150; x_wconf 72' lang='lat' dir='ltr'><strong><em>recedit</em></strong></span> <span class='ocrx_word' id='word_1_128' title='bbox 3775 1077 3845 1129; x_wconf 82' lang='lat' dir='ltr'><strong><em>ab</em></strong></span> 
     </span>
    </p>
   </div>
   <div class='ocr_carea' id='block_1_18' title="bbox 2149 1148 3847 1218">
    <p class='ocr_par' dir='ltr' id='par_1_18' title="bbox 2149 1148 3847 1218">
     <span class='ocr_line' id='line_1_18' title="bbox 2149 1148 3847 1218; baseline -0.002 -14"><span class='ocrx_word' id='word_1_129' title='bbox 2149 1148 2479 1205; x_wconf 81' lang='lat' dir='ltr'><strong><em>hominibus</em></strong></span> <span class='ocrx_word' id='word_1_130' title='bbox 2528 1151 2882 1208; x_wconf 79' lang='lat' dir='ltr'><strong><em>calamitosis,</em></strong></span> <span class='ocrx_word' id='word_1_131' title='bbox 2941 1153 2990 1202; x_wconf 87' lang='lat' dir='ltr'><strong><em>et</em></strong></span> <span class='ocrx_word' id='word_1_132' title='bbox 3022 1152 3299 1218; x_wconf 89' lang='lat' dir='ltr'><strong><em>quantum</em></strong></span> <span class='ocrx_word' id='word_1_133' title='bbox 3355 1148 3594 1202; x_wconf 85' lang='lat' dir='ltr'><strong><em>crudelis</em></strong></span> <span class='ocrx_word' id='word_1_134' title='bbox 3620 1155 3847 1202; x_wconf 83' lang='lat' dir='ltr'><strong><em>recusat</em></strong></span> 
     </span>
    </p>
   </div>
   <div class='ocr_carea' id='block_1_19' title="bbox 1966 1240 2198 1299">
    <p class='ocr_par' dir='ltr' id='par_1_19' title="bbox 1966 1240 2198 1299">
     <span class='ocr_line' id='line_1_19' title="bbox 1966 1240 2198 1299; baseline 0.004 -2"><span class='ocrx_word' id='word_1_135' title='bbox 1966 1240 2198 1299; x_wconf 66' lang='lat' dir='ltr'><strong><em>NOTAE.</em></strong></span> 
     </span>
    </p>
   </div>
   <div class='ocr_carea' id='block_1_20' title="bbox 412 1329 2028 1400">
    <p class='ocr_par' dir='ltr' id='par_1_20' title="bbox 412 1329 2028 1400">
     <span class='ocr_line' id='line_1_20' title="bbox 412 1329 2028 1400; baseline -0.002 -14"><span class='ocrx_word' id='word_1_136' title='bbox 412 1333 465 1386; x_wconf 93' lang='lat' dir='ltr'><strong><em>ld</em></strong></span> <span class='ocrx_word' id='word_1_137' title='bbox 521 1335 788 1400; x_wconf 86' lang='lat' dir='ltr'><strong><em>expertus</em></strong></span> <span class='ocrx_word' id='word_1_138' title='bbox 829 1333 908 1382; x_wconf 89' lang='lat' dir='ltr'><strong><em>est</em></strong></span> <span class='ocrx_word' id='word_1_139' title='bbox 968 1329 1218 1400; x_wconf 85' lang='lat' dir='ltr'><strong><em>Boetius,</em></strong></span> <span class='ocrx_word' id='word_1_140' title='bbox 1278 1329 1376 1397; x_wconf 97' lang='lat' dir='ltr'><strong><em>qui</em></strong></span> <span class='ocrx_word' id='word_1_141' title='bbox 1433 1334 1636 1398; x_wconf 78' lang='lat' dir='ltr'><strong><em>agente</em></strong></span> <span class='ocrx_word' id='word_1_142' title='bbox 1665 1329 2028 1393; x_wconf 87' lang='lat' dir='ltr'><strong><em>Tlieodorico,</em></strong></span> 
     </span>
    </p>
   </div>
   <div class='ocr_carea' id='block_1_21' title="bbox 339 1399 2028 1469">
    <p class='ocr_par' dir='ltr' id='par_1_21' title="bbox 339 1399 2028 1469">
     <span class='ocr_line' id='line_1_21' title="bbox 339 1399 2028 1469; baseline -0.002 -12"><span class='ocrx_word' id='word_1_143' title='bbox 339 1421 454 1457; x_wconf 88' lang='lat' dir='ltr'><strong><em>non</em></strong></span> <span class='ocrx_word' id='word_1_144' title='bbox 497 1399 682 1455; x_wconf 76' lang='lat' dir='ltr'><strong><em>solum</em></strong></span> <span class='ocrx_word' id='word_1_145' title='bbox 734 1399 1240 1469; x_wconf 79' lang='lat' dir='ltr'><strong><em>opes,dignitatcs,</em></strong></span> <span class='ocrx_word' id='word_1_146' title='bbox 1290 1401 1614 1469; x_wconf 60' lang='lat' dir='ltr'><strong><em>bonamque</em></strong></span> <span class='ocrx_word' id='word_1_147' title='bbox 1647 1400 2028 1454; x_wconf 91' lang='lat' dir='ltr'><strong><em>valetudinem</em></strong></span> 
     </span>
    </p>
   </div>
   <div class='ocr_carea' id='block_1_22' title="bbox 337 1471 2033 1540">
    <p class='ocr_par' dir='ltr' id='par_1_22' title="bbox 337 1471 2033 1540">
     <span class='ocr_line' id='line_1_22' title="bbox 337 1471 2033 1540; baseline -0.002 -12"><span class='ocrx_word' id='word_1_148' title='bbox 337 1475 550 1534; x_wconf 85' lang='lat' dir='ltr'><strong><em>amisit,</em></strong></span> <span class='ocrx_word' id='word_1_149' title='bbox 599 1473 692 1524; x_wconf 87' lang='lat' dir='ltr'><strong><em>sed</em></strong></span> <span class='ocrx_word' id='word_1_150' title='bbox 727 1490 752 1523; x_wconf 87' lang='lat' dir='ltr'><strong><em>a</em></strong></span> <span class='ocrx_word' id='word_1_151' title='bbox 782 1471 895 1523; x_wconf 80' lang='lat' dir='ltr'><strong><em>suis</em></strong></span> <span class='ocrx_word' id='word_1_152' title='bbox 939 1473 1108 1524; x_wconf 85' lang='lat' dir='ltr'><strong><em>etiam</em></strong></span> <span class='ocrx_word' id='word_1_153' title='bbox 1143 1471 1398 1523; x_wconf 84' lang='lat' dir='ltr'><strong><em>desertus</em></strong></span> <span class='ocrx_word' id='word_1_154' title='bbox 1439 1472 1655 1531; x_wconf 85' lang='lat' dir='ltr'><strong><em>amicis,</em></strong></span> <span class='ocrx_word' id='word_1_155' title='bbox 1692 1472 1907 1540; x_wconf 79' lang='lat' dir='ltr'><strong><em>quippe</em></strong></span> <span class='ocrx_word' id='word_1_156' title='bbox 1937 1473 2033 1539; x_wconf 88' lang='lat' dir='ltr'><strong><em>qui</em></strong></span> 
     </span>
    </p>
   </div>
   <div class='ocr_carea' id='block_1_23' title="bbox 336 1543 2035 1611">
    <p class='ocr_par' dir='ltr' id='par_1_23' title="bbox 336 1543 2035 1611">
     <span class='ocr_line' id='line_1_23' title="bbox 336 1543 2035 1611; baseline -0.001 -13"><span class='ocrx_word' id='word_1_157' title='bbox 336 1552 554 1598; x_wconf 89' lang='lat' dir='ltr'><strong><em>terrore</em></strong></span> <span class='ocrx_word' id='word_1_158' title='bbox 575 1545 958 1611; x_wconf 75' lang='lat' dir='ltr'><strong><em>imperatoris,</em></strong></span> <span class='ocrx_word' id='word_1_159' title='bbox 986 1544 1080 1611; x_wconf 88' lang='lat' dir='ltr'><strong><em>qui</em></strong></span> <span class='ocrx_word' id='word_1_160' title='bbox 1110 1543 1346 1595; x_wconf 78' lang='lat' dir='ltr'><strong><em>Romam</em></strong></span> <span class='ocrx_word' id='word_1_161' title='bbox 1371 1558 1601 1611; x_wconf 89' lang='lat' dir='ltr'><strong><em>quoque</em></strong></span> <span class='ocrx_word' id='word_1_162' title='bbox 1623 1560 1734 1594; x_wconf 89' lang='lat' dir='ltr'><strong><em>non</em></strong></span> <span class='ocrx_word' id='word_1_163' title='bbox 1755 1543 2035 1596; x_wconf 84' lang='lat' dir='ltr'><strong><em>dubitavit</em></strong></span> 
     </span>
    </p>
   </div>
   <div class='ocr_carea' id='block_1_24' title="bbox 336 1613 2031 1681">
    <p class='ocr_par' dir='ltr' id='par_1_24' title="bbox 336 1613 2031 1681">
     <span class='ocr_line' id='line_1_24' title="bbox 336 1613 2031 1681; baseline -0.003 -12"><span class='ocrx_word' id='word_1_164' title='bbox 336 1624 610 1680; x_wconf 79' lang='lat' dir='ltr'><strong><em>evertere,</em></strong></span> <span class='ocrx_word' id='word_1_165' title='bbox 645 1615 777 1666; x_wconf 88' lang='lat' dir='ltr'><strong><em>victi</em></strong></span> <span class='ocrx_word' id='word_1_166' title='bbox 825 1615 1130 1681; x_wconf 80' lang='lat' dir='ltr'><strong><em>fugerunt:</em></strong></span> <span class='ocrx_word' id='word_1_167' title='bbox 1188 1613 1561 1681; x_wconf 80' lang='lat' dir='ltr'><strong><em>quamobrem</em></strong></span> <span class='ocrx_word' id='word_1_168' title='bbox 1613 1613 1837 1666; x_wconf 88' lang='lat' dir='ltr'><strong><em>Boetius</em></strong></span> <span class='ocrx_word' id='word_1_169' title='bbox 1895 1615 2031 1666; x_wconf 85' lang='lat' dir='ltr'><strong><em>solis</em></strong></span> 
     </span>
    </p>
   </div>
   <div class='ocr_carea' id='block_1_25' title="bbox 335 1682 2107 1750">
    <p class='ocr_par' dir='ltr' id='par_1_25' title="bbox 335 1682 2107 1750">
     <span class='ocr_line' id='line_1_25' title="bbox 335 1682 2107 1750; baseline -0.003 -10"><span class='ocrx_word' id='word_1_170' title='bbox 335 1687 514 1740; x_wconf 91' lang='lat' dir='ltr'><strong><em>animi</em></strong></span> <span class='ocrx_word' id='word_1_171' title='bbox 561 1685 723 1738; x_wconf 83' lang='lat' dir='ltr'><strong><em>bonis</em></strong></span> <span class='ocrx_word' id='word_1_172' title='bbox 777 1684 834 1736; x_wconf 92' lang='lat' dir='ltr'><strong><em>in</em></strong></span> <span class='ocrx_word' id='word_1_173' title='bbox 897 1702 996 1737; x_wconf 85' lang='lat' dir='ltr'><strong><em>suo</em></strong></span> <span class='ocrx_word' id='word_1_174' title='bbox 1049 1684 1247 1736; x_wconf 85' lang='lat' dir='ltr'><strong><em>exsilio</em></strong></span> <span class='ocrx_word' id='word_1_175' title='bbox 1300 1682 1600 1736; x_wconf 62' lang='lat' dir='ltr'><strong><em>comitatus</em></strong></span> <span class='ocrx_word' id='word_1_176' title='bbox 1633 1689 1734 1750; x_wconf 82' lang='lat' dir='ltr'><strong><em>est,</em></strong></span> <span class='ocrx_word' id='word_1_177' title='bbox 1793 1684 2025 1737; x_wconf 77' lang='lat' dir='ltr'><strong><em>scientia</em></strong></span> <span class='ocrx_word' id='word_1_178' title='bbox 2068 1689 2107 1742; x_wconf 86' lang='grc' dir='ltr'><strong>Β</strong></span> 
     </span>
    </p>
   </div>
   <div class='ocr_carea' id='block_1_26' title="bbox 334 1755 2028 1825">
    <p class='ocr_par' dir='ltr' id='par_1_26' title="bbox 334 1755 2028 1825">
     <span class='ocr_line' id='line_1_26' title="bbox 334 1755 2028 1825; baseline -0.002 -15"><span class='ocrx_word' id='word_1_179' title='bbox 334 1758 598 1812; x_wconf 89' lang='lat' dir='ltr'><strong><em>videlicet</em></strong></span> <span class='ocrx_word' id='word_1_180' title='bbox 628 1761 682 1807; x_wconf 89' lang='lat' dir='ltr'><strong><em>et</em></strong></span> <span class='ocrx_word' id='word_1_181' title='bbox 713 1755 954 1815; x_wconf 83' lang='lat' dir='ltr'><strong><em>virtute.</em></strong></span> <span class='ocrx_word' id='word_1_182' title='bbox 1010 1755 1105 1807; x_wconf 83' lang='lat' dir='ltr'><strong><em>sed</em></strong></span> <span class='ocrx_word' id='word_1_183' title='bbox 1152 1769 1279 1807; x_wconf 88' lang='lat' dir='ltr'><strong><em>cum</em></strong></span> <span class='ocrx_word' id='word_1_184' title='bbox 1328 1755 1394 1807; x_wconf 91' lang='lat' dir='ltr'><strong><em>de</em></strong></span> <span class='ocrx_word' id='word_1_185' title='bbox 1449 1770 1550 1806; x_wconf 86' lang='lat' dir='ltr'><strong><em>sua</em></strong></span> <span class='ocrx_word' id='word_1_186' title='bbox 1599 1756 1803 1807; x_wconf 84' lang='lat' dir='ltr'><strong><em>virtute</em></strong></span> <span class='ocrx_word' id='word_1_187' title='bbox 1835 1762 2028 1825; x_wconf 84' lang='lat' dir='ltr'><strong><em>aperte</em></strong></span> 
     </span>
    </p>
   </div>
   <div class='ocr_carea' id='block_1_27' title="bbox 334 1826 2029 1898">
    <p class='ocr_par' dir='ltr' id='par_1_27' title="bbox 334 1826 2029 1898">
     <span class='ocr_line' id='line_1_27' title="bbox 334 1826 2029 1898; baseline -0.003 -16"><span class='ocrx_word' id='word_1_188' title='bbox 334 1829 491 1898; x_wconf 88' lang='lat' dir='ltr'><strong><em>loqui</em></strong></span> <span class='ocrx_word' id='word_1_189' title='bbox 523 1843 637 1880; x_wconf 91' lang='lat' dir='ltr'><strong><em>non</em></strong></span> <span class='ocrx_word' id='word_1_190' title='bbox 681 1827 758 1878; x_wconf 83' lang='lat' dir='ltr'><strong><em>ita</em></strong></span> <span class='ocrx_word' id='word_1_191' title='bbox 807 1826 1033 1878; x_wconf 82' lang='lat' dir='ltr'><strong><em>deceret</em></strong></span> <span class='ocrx_word' id='word_1_192' title='bbox 1083 1826 1268 1877; x_wconf 85' lang='lat' dir='ltr'><strong><em>virum</em></strong></span> <span class='ocrx_word' id='word_1_193' title='bbox 1301 1826 1804 1898; x_wconf 82' lang='lat' dir='ltr'><strong><em>modestissimum,</em></strong></span> <span class='ocrx_word' id='word_1_194' title='bbox 1830 1827 2029 1898; x_wconf 10' lang='lat' dir='ltr'><strong><em>gnomi-</em></strong></span> 
     </span>
    </p>
   </div>
   <div class='ocr_carea' id='block_1_28' title="bbox 335 1897 2028 1961">
    <p class='ocr_par' dir='ltr' id='par_1_28' title="bbox 335 1897 2028 1961">
     <span class='ocr_line' id='line_1_28' title="bbox 335 1897 2028 1961; baseline -0.002 -9"><span class='ocrx_word' id='word_1_195' title='bbox 335 1897 482 1952; x_wconf 88' lang='lat' dir='ltr'><strong><em>natis</em></strong></span> <span class='ocrx_word' id='word_1_196' title='bbox 527 1899 716 1961; x_wconf 85' lang='lat' dir='ltr'><strong><em>Musis,</em></strong></span> <span class='ocrx_word' id='word_1_197' title='bbox 753 1897 1000 1949; x_wconf 57' lang='lat' dir='ltr'><strong><em>scientia).</em></strong></span> <span class='ocrx_word' id='word_1_198' title='bbox 1061 1899 1260 1949; x_wconf 84' lang='lat' dir='ltr'><strong><em>saltem</em></strong></span> <span class='ocrx_word' id='word_1_199' title='bbox 1319 1897 1545 1948; x_wconf 88' lang='lat' dir='ltr'><strong><em>comitis</em></strong></span> <span class='ocrx_word' id='word_1_200' title='bbox 1603 1897 1886 1951; x_wconf 85' lang='lat' dir='ltr'><strong><em>meminit.</em></strong></span> <span class='ocrx_word' id='word_1_201' title='bbox 1939 1897 2028 1950; x_wconf 89' lang='lat' dir='ltr'><strong><em>Sic</em></strong></span> 
     </span>
    </p>
   </div>
   <div class='ocr_carea' id='block_1_29' title="bbox 335 1969 1023 2032">
    <p class='ocr_par' dir='ltr' id='par_1_29' title="bbox 335 1969 1023 2032">
     <span class='ocr_line' id='line_1_29' title="bbox 335 1969 1023 2032; baseline -0.006 -8"><span class='ocrx_word' id='word_1_202' title='bbox 335 1971 496 2025; x_wconf 88' lang='lat' dir='ltr'><strong><em>Ovid.</em></strong></span> <span class='ocrx_word' id='word_1_203' title='bbox 532 1986 584 2022; x_wconf 84' lang='lat' dir='ltr'><strong><em>iv</em></strong></span> <span class='ocrx_word' id='word_1_204' title='bbox 609 1969 799 2032; x_wconf 86' lang='lat' dir='ltr'><strong><em>Trist.,</em></strong></span> <span class='ocrx_word' id='word_1_205' title='bbox 840 1969 909 2021; x_wconf 90' lang='lat' dir='ltr'><strong><em>el.</em></strong></span> <span class='ocrx_word' id='word_1_206' title='bbox 955 1971 971 2019; x_wconf 86' lang='lat' dir='ltr'><strong><em>l</em></strong></span> <span class='ocrx_word' id='word_1_207' title='bbox 1010 1984 1023 2020; x_wconf 92' lang='lat'><strong><em>:</em></strong></span> 
     </span>
    </p>
   </div>
   <div class='ocr_carea' id='block_1_30' title="bbox 455 2045 1960 2110">
    <p class='ocr_par' dir='ltr' id='par_1_30' title="bbox 455 2045 1960 2110">
     <span class='ocr_line' id='line_1_30' title="bbox 455 2045 1960 2110; baseline -0.003 -12"><span class='ocrx_word' id='word_1_208' title='bbox 455 2051 536 2098; x_wconf 88' lang='lat' dir='ltr'><strong><em>Me</em></strong></span> <span class='ocrx_word' id='word_1_209' title='bbox 569 2061 777 2110; x_wconf 88' lang='lat' dir='ltr'><strong><em>quoque</em></strong></span> <span class='ocrx_word' id='word_1_210' title='bbox 804 2049 950 2095; x_wconf 87' lang='lat' dir='ltr'><strong><em>Musa</em></strong></span> <span class='ocrx_word' id='word_1_211' title='bbox 981 2046 1135 2103; x_wconf 80' lang='lat' dir='ltr'><strong><em>levat,</em></strong></span> <span class='ocrx_word' id='word_1_212' title='bbox 1169 2047 1315 2110; x_wconf 81' lang='lat' dir='ltr'><strong><em>Ponti</em></strong></span> <span class='ocrx_word' id='word_1_213' title='bbox 1343 2045 1636 2110; x_wconf 12' lang='lat' dir='ltr'><strong><em>ilocaijussa</em></strong></span> <span class='ocrx_word' id='word_1_214' title='bbox 1662 2049 1924 2109; x_wconf 83' lang='lat' dir='ltr'><strong><em>petentem</em></strong></span> <span class='ocrx_word' id='word_1_215' title='bbox 1950 2061 1960 2094; x_wconf 96' lang='lat'>:</span> 
     </span>
    </p>
   </div>
   <div class='ocr_carea' id='block_1_31' title="bbox 521 2108 1616 2170">
    <p class='ocr_par' dir='ltr' id='par_1_31' title="bbox 521 2108 1616 2170">
     <span class='ocr_line' id='line_1_31' title="bbox 521 2108 1616 2170; baseline -0.002 -12"><span class='ocrx_word' id='word_1_216' title='bbox 521 2108 641 2158; x_wconf 86' lang='lat' dir='ltr'><strong><em>Sola</em></strong></span> <span class='ocrx_word' id='word_1_217' title='bbox 667 2108 841 2158; x_wconf 81' lang='lat' dir='ltr'><strong><em>comes</em></strong></span> <span class='ocrx_word' id='word_1_218' title='bbox 865 2113 1059 2157; x_wconf 73' lang='lat' dir='ltr'><strong><em>nostras</em></strong></span> <span class='ocrx_word' id='word_1_219' title='bbox 1087 2109 1310 2169; x_wconf 70' lang='lat' dir='ltr'><strong><em>perstitit</em></strong></span> <span class='ocrx_word' id='word_1_220' title='bbox 1340 2108 1428 2156; x_wconf 84' lang='lat' dir='ltr'><strong><em>illa</em></strong></span> <span class='ocrx_word' id='word_1_221' title='bbox 1458 2109 1616 2170; x_wconf 64' lang='lat' dir='ltr'><strong><em>fugas.</em></strong></span> 
     </span>
    </p>
   </div>
   <div class='ocr_carea' id='block_1_32' title="bbox 457 2171 1681 2228">
    <p class='ocr_par' dir='ltr' id='par_1_32' title="bbox 457 2171 1681 2228">
     <span class='ocr_line' id='line_1_32' title="bbox 457 2171 1681 2228; baseline -0.002 -7"><span class='ocrx_word' id='word_1_222' title='bbox 457 2174 578 2221; x_wconf 88' lang='lat' dir='ltr'><strong><em>Sola</em></strong></span> <span class='ocrx_word' id='word_1_223' title='bbox 610 2187 705 2220; x_wconf 90' lang='lat' dir='ltr'><strong><em>nec</em></strong></span> <span class='ocrx_word' id='word_1_224' title='bbox 731 2172 950 2220; x_wconf 82' lang='lat' dir='ltr'><strong><em>insidias</em></strong></span> <span class='ocrx_word' id='word_1_225' title='bbox 983 2172 1118 2218; x_wconf 85' lang='lat' dir='ltr'><strong><em>inter</em></strong></span> <span class='ocrx_word' id='word_1_226' title='bbox 1144 2184 1238 2218; x_wconf 90' lang='lat' dir='ltr'><strong><em>nec</em></strong></span> <span class='ocrx_word' id='word_1_227' title='bbox 1272 2171 1451 2218; x_wconf 84' lang='lat' dir='ltr'><strong><em>militis</em></strong></span> <span class='ocrx_word' id='word_1_228' title='bbox 1481 2184 1681 2228; x_wconf 89' lang='lat' dir='ltr'><strong><em>ensem,</em></strong></span> 
     </span>
    </p>
   </div>
   <div class='ocr_carea' id='block_1_33' title="bbox 487 2233 1748 2296">
    <p class='ocr_par' dir='ltr' id='par_1_33' title="bbox 487 2233 1748 2296">
     <span class='ocr_line' id='line_1_33' title="bbox 487 2233 1748 2296; baseline -0.002 -12"><span class='ocrx_word' id='word_1_229' title='bbox 487 2237 590 2284; x_wconf 84' lang='lat' dir='ltr'><strong><em>Nec</em></strong></span> <span class='ocrx_word' id='word_1_230' title='bbox 615 2249 758 2283; x_wconf 88' lang='lat' dir='ltr'><strong><em>mare</em></strong></span> <span class='ocrx_word' id='word_1_231' title='bbox 783 2249 878 2283; x_wconf 88' lang='lat' dir='ltr'><strong><em>nec</em></strong></span> <span class='ocrx_word' id='word_1_232' title='bbox 909 2238 1111 2287; x_wconf 78' lang='lat' dir='ltr'><strong><em>ventos.</em></strong></span> <span class='ocrx_word' id='word_1_233' title='bbox 1150 2233 1551 2296; x_wconf 81' lang='lat' dir='ltr'><strong><em>barbariamque</em></strong></span> <span class='ocrx_word' id='word_1_234' title='bbox 1582 2234 1748 2282; x_wconf 86' lang='lat' dir='ltr'><strong><em>timet.</em></strong></span> 
     </span>
    </p>
   </div>
   <div class='ocr_carea' id='block_1_34' title="bbox 403 2303 2022 2374">
    <p class='ocr_par' dir='ltr' id='par_1_34' title="bbox 403 2303 2022 2374">
     <span class='ocr_line' id='line_1_34' title="bbox 403 2303 2022 2374; baseline -0.004 -12"><span class='ocrx_word' id='word_1_235' title='bbox 403 2309 525 2362; x_wconf 88' lang='lat' dir='ltr'><strong><em>Non</em></strong></span> <span class='ocrx_word' id='word_1_236' title='bbox 546 2306 807 2359; x_wconf 85' lang='lat' dir='ltr'><strong><em>omittam</em></strong></span> <span class='ocrx_word' id='word_1_237' title='bbox 832 2304 982 2374; x_wconf 89' lang='lat' dir='ltr'><strong><em>quod</em></strong></span> <span class='ocrx_word' id='word_1_238' title='bbox 1001 2303 1359 2373; x_wconf 75' lang='lat' dir='ltr'><strong><em>grammatici</em></strong></span> <span class='ocrx_word' id='word_1_239' title='bbox 1378 2303 1602 2368; x_wconf 86' lang='lat' dir='ltr'><strong><em>docent,</em></strong></span> <span class='ocrx_word' id='word_1_240' title='bbox 1625 2305 1812 2358; x_wconf 88' lang='lat' dir='ltr'><strong><em>saltem</em></strong></span> <span class='ocrx_word' id='word_1_241' title='bbox 1828 2307 2022 2357; x_wconf 87' lang='lat' dir='ltr'><strong><em>natum</em></strong></span> 
     </span>
    </p>
   </div>
   <div class='ocr_carea' id='block_1_35' title="bbox 331 2374 2024 2448">
    <p class='ocr_par' dir='ltr' id='par_1_35' title="bbox 331 2374 2024 2448">
     <span class='ocr_line' id='line_1_35' title="bbox 331 2374 2024 2448; baseline -0.004 -16"><span class='ocrx_word' id='word_1_242' title='bbox 331 2394 452 2433; x_wconf 88' lang='lat' dir='ltr'><strong><em>esse</em></strong></span> <span class='ocrx_word' id='word_1_243' title='bbox 485 2397 515 2431; x_wconf 86' lang='lat' dir='ltr'><strong><em>a</em></strong></span> <span class='ocrx_word' id='word_1_244' title='bbox 537 2378 794 2448; x_wconf 83' lang='lat' dir='ltr'><strong><em>captivis,</em></strong></span> <span class='ocrx_word' id='word_1_245' title='bbox 820 2376 913 2446; x_wconf 85' lang='lat' dir='ltr'><strong><em>qui</em></strong></span> <span class='ocrx_word' id='word_1_246' title='bbox 943 2376 1080 2427; x_wconf 85' lang='lat' dir='ltr'><strong><em>nihil</em></strong></span> <span class='ocrx_word' id='word_1_247' title='bbox 1109 2374 1262 2426; x_wconf 86' lang='lat' dir='ltr'><strong><em>aliud</em></strong></span> <span class='ocrx_word' id='word_1_248' title='bbox 1285 2376 1736 2444; x_wconf 53' lang='lat' dir='ltr'><strong><em>praetersalutem</em></strong></span> <span class='ocrx_word' id='word_1_249' title='bbox 1759 2392 1790 2427; x_wconf 89' lang='lat' dir='ltr'><strong><em>a</em></strong></span> <span class='ocrx_word' id='word_1_250' title='bbox 1811 2376 2024 2428; x_wconf 88' lang='lat' dir='ltr'><strong><em>victore</em></strong></span> 
     </span>
    </p>
   </div>
   <div class='ocr_carea' id='block_1_36' title="bbox 373 2454 552 2502">
    <p class='ocr_par' dir='ltr' id='par_1_36' title="bbox 373 2454 552 2502">
     <span class='ocr_line' id='line_1_36' title="bbox 373 2454 552 2502; baseline -0.011 0"><span class='ocrx_word' id='word_1_251' title='bbox 373 2454 552 2502; x_wconf 88' lang='lat' dir='ltr'><strong><em>etunt.</em></strong></span> 
     </span>
    </p>
   </div>
   <div class='ocr_carea' id='block_1_37' title="bbox 331 2465 2022 2585">
    <p class='ocr_par' dir='ltr' id='par_1_37' title="bbox 331 2465 2022 2585">
     <span class='ocr_line' id='line_1_37' title="bbox 331 2465 2022 2585; baseline -0.002 -13"><span class='ocrx_word' id='word_1_252' title='bbox 331 2465 688 2574; x_wconf 38' lang='lat' dir='ltr'><strong><em>pe&#39;tllflgloria.</em></strong></span> <span class='ocrx_word' id='word_1_253' title='bbox 720 2521 734 2581; x_wconf 93' lang='lat'>]</span> <span class='ocrx_word' id='word_1_254' title='bbox 770 2516 976 2580; x_wconf 86' lang='lat' dir='ltr'><strong><em>Honos,</em></strong></span> <span class='ocrx_word' id='word_1_255' title='bbox 1021 2515 1168 2568; x_wconf 86' lang='lat' dir='ltr'><strong><em>bona</em></strong></span> <span class='ocrx_word' id='word_1_256' title='bbox 1199 2516 1347 2568; x_wconf 86' lang='lat' dir='ltr'><strong><em>fama</em></strong></span> <span class='ocrx_word' id='word_1_257' title='bbox 1378 2522 1432 2568; x_wconf 91' lang='lat' dir='ltr'><strong><em>et</em></strong></span> <span class='ocrx_word' id='word_1_258' title='bbox 1457 2517 1640 2585; x_wconf 81' lang='lat' dir='ltr'><strong><em>gloria</em></strong></span> <span class='ocrx_word' id='word_1_259' title='bbox 1675 2515 1751 2568; x_wconf 87' lang='lat' dir='ltr'><strong><em>ita</em></strong></span> <span class='ocrx_word' id='word_1_260' title='bbox 1782 2518 1934 2569; x_wconf 88' lang='lat' dir='ltr'><strong><em>inter</em></strong></span> <span class='ocrx_word' id='word_1_261' title='bbox 1966 2533 2022 2568; x_wconf 88' lang='lat' dir='ltr'><strong><em>se</em></strong></span> 
     </span>
    </p>
   </div>
   <div class='ocr_carea' id='block_1_38' title="bbox 329 2586 2022 2656">
    <p class='ocr_par' dir='ltr' id='par_1_38' title="bbox 329 2586 2022 2656">
     <span class='ocr_line' id='line_1_38' title="bbox 329 2586 2022 2656; baseline -0.003 -12"><span class='ocrx_word' id='word_1_262' title='bbox 329 2589 619 2651; x_wconf 72' lang='lat' dir='ltr'><strong><em>differunt,</em></strong></span> <span class='ocrx_word' id='word_1_263' title='bbox 657 2596 719 2640; x_wconf 89' lang='lat' dir='ltr'><strong><em>ut</em></strong></span> <span class='ocrx_word' id='word_1_264' title='bbox 749 2588 928 2639; x_wconf 85' lang='lat' dir='ltr'><strong><em>bonos</em></strong></span> <span class='ocrx_word' id='word_1_265' title='bbox 967 2586 1254 2655; x_wconf 85' lang='lat' dir='ltr'><strong><em>quoddam</em></strong></span> <span class='ocrx_word' id='word_1_266' title='bbox 1289 2588 1360 2638; x_wconf 90' lang='lat' dir='ltr'><strong><em>sit</em></strong></span> <span class='ocrx_word' id='word_1_267' title='bbox 1403 2603 1606 2656; x_wconf 88' lang='lat' dir='ltr'><strong><em>genus,</em></strong></span> <span class='ocrx_word' id='word_1_268' title='bbox 1639 2586 1726 2639; x_wconf 88' lang='lat' dir='ltr'><strong><em>cui</em></strong></span> <span class='ocrx_word' id='word_1_269' title='bbox 1757 2587 2022 2656; x_wconf 87' lang='lat' dir='ltr'><strong><em>subjicia-</em></strong></span> 
     </span>
    </p>
   </div>
   <div class='ocr_carea' id='block_1_39' title="bbox 330 2657 2022 2731">
    <p class='ocr_par' dir='ltr' id='par_1_39' title="bbox 330 2657 2022 2731">
     <span class='ocr_line' id='line_1_39' title="bbox 330 2657 2022 2731; baseline -0.002 -17"><span class='ocrx_word' id='word_1_270' title='bbox 330 2666 424 2714; x_wconf 90' lang='lat' dir='ltr'><strong><em>tur</em></strong></span> <span class='ocrx_word' id='word_1_271' title='bbox 449 2663 698 2731; x_wconf 89' lang='lat' dir='ltr'><strong><em>primum</em></strong></span> <span class='ocrx_word' id='word_1_272' title='bbox 724 2658 956 2731; x_wconf 83' lang='lat' dir='ltr'><strong><em>quidem</em></strong></span> <span class='ocrx_word' id='word_1_273' title='bbox 993 2660 1138 2731; x_wconf 85' lang='lat' dir='ltr'><strong><em>bona</em></strong></span> <span class='ocrx_word' id='word_1_274' title='bbox 1158 2657 1340 2722; x_wconf 83' lang='lat' dir='ltr'><strong><em>fama;</em></strong></span> <span class='ocrx_word' id='word_1_275' title='bbox 1365 2658 1569 2731; x_wconf 86' lang='lat' dir='ltr'><strong><em>deinde</em></strong></span> <span class='ocrx_word' id='word_1_276' title='bbox 1598 2658 1782 2731; x_wconf 80' lang='lat' dir='ltr'><strong><em>gloria</em></strong></span> <span class='ocrx_word' id='word_1_277' title='bbox 1807 2674 1818 2710; x_wconf 90' lang='lat'><strong><em>:</em></strong></span> <span class='ocrx_word' id='word_1_278' title='bbox 1843 2673 2022 2731; x_wconf 85' lang='lat' dir='ltr'><strong><em>quare</em></strong></span> 
     </span>
    </p>
   </div>
   <div class='ocr_carea' id='block_1_40' title="bbox 332 2728 2022 2797">
    <p class='ocr_par' dir='ltr' id='par_1_40' title="bbox 332 2728 2022 2797">
     <span class='ocr_line' id='line_1_40' title="bbox 332 2728 2022 2797; baseline -0.002 -13"><span class='ocrx_word' id='word_1_279' title='bbox 332 2728 476 2785; x_wconf 71' lang='lat' dir='ltr'><strong><em>sicut</em></strong></span> <span class='ocrx_word' id='word_1_280' title='bbox 518 2733 715 2789; x_wconf 85' lang='lat' dir='ltr'><strong><em>bonos.</em></strong></span> <span class='ocrx_word' id='word_1_281' title='bbox 768 2729 847 2781; x_wconf 89' lang='lat' dir='ltr'><strong><em>sic</em></strong></span> <span class='ocrx_word' id='word_1_282' title='bbox 896 2728 1078 2797; x_wconf 84' lang='lat' dir='ltr'><strong><em>gloria</em></strong></span> <span class='ocrx_word' id='word_1_283' title='bbox 1129 2729 1442 2797; x_wconf 81' lang='lat' dir='ltr'><strong><em>generatim</em></strong></span> <span class='ocrx_word' id='word_1_284' title='bbox 1477 2735 1562 2782; x_wconf 89' lang='lat' dir='ltr'><strong><em>est</em></strong></span> <span class='ocrx_word' id='word_1_285' title='bbox 1600 2729 1753 2782; x_wconf 88' lang='lat' dir='ltr'><strong><em>bona</em></strong></span> <span class='ocrx_word' id='word_1_286' title='bbox 1801 2729 2022 2781; x_wconf 89' lang='lat' dir='ltr'><strong><em>virtutis</em></strong></span> 
     </span>
    </p>
   </div>
   <div class='ocr_carea' id='block_1_41' title="bbox 331 2799 2023 2868">
    <p class='ocr_par' dir='ltr' id='par_1_41' title="bbox 331 2799 2023 2868">
     <span class='ocr_line' id='line_1_41' title="bbox 331 2799 2023 2868; baseline -0.002 -12"><span class='ocrx_word' id='word_1_287' title='bbox 331 2799 539 2856; x_wconf 53' lang='lat' dir='ltr'><strong><em>alienae&quot;</em></strong></span> <span class='ocrx_word' id='word_1_288' title='bbox 574 2800 940 2862; x_wconf 80' lang='lat' dir='ltr'><strong><em>existimatio,</em></strong></span> <span class='ocrx_word' id='word_1_289' title='bbox 1001 2799 1163 2868; x_wconf 89' lang='lat' dir='ltr'><strong><em>signo</em></strong></span> <span class='ocrx_word' id='word_1_290' title='bbox 1214 2800 1406 2868; x_wconf 87' lang='lat' dir='ltr'><strong><em>aliquo</em></strong></span> <span class='ocrx_word' id='word_1_291' title='bbox 1462 2800 1884 2853; x_wconf 87' lang='lat' dir='ltr'><strong><em>manifestata:&#39;</em></strong></span> <span class='ocrx_word' id='word_1_292' title='bbox 1923 2799 2023 2853; x_wconf 89' lang='lat' dir='ltr'><strong><em>sed</em></strong></span> 
     </span>
    </p>
   </div>
   <div class='ocr_carea' id='block_1_42' title="bbox 330 2870 2018 2944">
    <p class='ocr_par' dir='ltr' id='par_1_42' title="bbox 330 2870 2018 2944">
     <span class='ocr_line' id='line_1_42' title="bbox 330 2870 2018 2944; baseline -0.004 -16"><span class='ocrx_word' id='word_1_293' title='bbox 330 2876 510 2928; x_wconf 84' lang='lat' dir='ltr'><strong><em>honos</em></strong></span> <span class='ocrx_word' id='word_1_294' title='bbox 533 2879 718 2944; x_wconf 89' lang='lat' dir='ltr'><strong><em>potest</em></strong></span> <span class='ocrx_word' id='word_1_295' title='bbox 754 2887 879 2944; x_wconf 80' lang='lat' dir='ltr'><strong><em>esse</em></strong></span> <span class='ocrx_word' id='word_1_296' title='bbox 903 2870 1074 2944; x_wconf 86' lang='lat' dir='ltr'><strong><em>unius</em></strong></span> <span class='ocrx_word' id='word_1_297' title='bbox 1101 2887 1114 2934; x_wconf 87' lang='lat'><strong>;</strong></span> <span class='ocrx_word' id='word_1_298' title='bbox 1146 2870 1297 2944; x_wconf 82' lang='lat' dir='ltr'><strong><em>bona</em></strong></span> <span class='ocrx_word' id='word_1_299' title='bbox 1329 2872 1499 2934; x_wconf 86' lang='lat' dir='ltr'><strong><em>fama,</em></strong></span> <span class='ocrx_word' id='word_1_300' title='bbox 1529 2887 1646 2944; x_wconf 90' lang='lat' dir='ltr'><strong><em>non</em></strong></span> <span class='ocrx_word' id='word_1_301' title='bbox 1678 2870 1786 2923; x_wconf 89' lang='lat' dir='ltr'><strong><em>nisi</em></strong></span> <span class='ocrx_word' id='word_1_302' title='bbox 1815 2871 2018 2922; x_wconf 90' lang='lat' dir='ltr'><strong><em>multi-</em></strong></span> 
     </span>
    </p>
   </div>
   <div class='ocr_carea' id='block_1_43' title="bbox 329 2927 2094 3012">
    <p class='ocr_par' dir='ltr' id='par_1_43' title="bbox 329 2927 2094 3012">
     <span class='ocr_line' id='line_1_43' title="bbox 329 2927 2094 3012; baseline -0.003 -13"><span class='ocrx_word' id='word_1_303' title='bbox 329 2927 585 3009; x_wconf 70' lang='lat' dir='ltr'><strong><em>tudinis;</em></strong></span> <span class='ocrx_word' id='word_1_304' title='bbox 629 2950 683 2996; x_wconf 90' lang='lat' dir='ltr'><strong><em>et</em></strong></span> <span class='ocrx_word' id='word_1_305' title='bbox 713 2943 918 3012; x_wconf 86' lang='lat' dir='ltr'><strong><em>gloria,</em></strong></span> <span class='ocrx_word' id='word_1_306' title='bbox 961 2927 1133 2994; x_wconf 86' lang='lat' dir='ltr'><strong><em>etiam</em></strong></span> <span class='ocrx_word' id='word_1_307' title='bbox 1167 2927 1510 3008; x_wconf 83' lang='lat' dir='ltr'><strong><em>optimatum</em></strong></span> <span class='ocrx_word' id='word_1_308' title='bbox 1543 2943 1686 2995; x_wconf 87' lang='lat' dir='ltr'><strong><em>bene</em></strong></span> <span class='ocrx_word' id='word_1_309' title='bbox 1723 2944 1789 2994; x_wconf 89' lang='lat' dir='ltr'><strong><em>de</em></strong></span> <span class='ocrx_word' id='word_1_310' title='bbox 1817 2947 1869 2994; x_wconf 87' lang='lat' dir='ltr'><strong><em>te</em></strong></span> <span class='ocrx_word' id='word_1_311' title='bbox 1900 2944 2016 2994; x_wconf 83' lang='lat' dir='ltr'><strong><em>exi-</em></strong></span> <span class='ocrx_word' id='word_1_312' title='bbox 2055 2927 2094 2980; x_wconf 60' lang='grc' dir='ltr'><strong><em>(ἶ</em></strong></span> 
     </span>
    </p>
   </div>
   <div class='ocr_carea' id='block_1_44' title="bbox 329 3012 2026 3082">
    <p class='ocr_par' dir='ltr' id='par_1_44' title="bbox 329 3012 2026 3082">
     <span class='ocr_line' id='line_1_44' title="bbox 329 3012 2026 3082; baseline -0.003 -12"><span class='ocrx_word' id='word_1_313' title='bbox 329 3017 727 3070; x_wconf 86' lang='lat' dir='ltr'><strong><em>stimantium:</em></strong></span> <span class='ocrx_word' id='word_1_314' title='bbox 760 3015 910 3076; x_wconf 80' lang='lat' dir='ltr'><strong><em>hinc,</em></strong></span> <span class='ocrx_word' id='word_1_315' title='bbox 947 3018 1174 3066; x_wconf 90' lang='lat' dir='ltr'><strong><em>auctore</em></strong></span> <span class='ocrx_word' id='word_1_316' title='bbox 1226 3012 1535 3082; x_wconf 89' lang='lat' dir='ltr'><strong><em>Scaligero,</em></strong></span> <span class='ocrx_word' id='word_1_317' title='bbox 1594 3013 1772 3082; x_wconf 80' lang='lat' dir='ltr'><strong><em>gloria</em></strong></span> <span class='ocrx_word' id='word_1_318' title='bbox 1816 3012 2026 3065; x_wconf 89' lang='lat' dir='ltr'><strong><em>dicitur</em></strong></span> 
     </span>
    </p>
   </div>
   <div class='ocr_carea' id='block_1_45' title="bbox 328 3084 2020 3158">
    <p class='ocr_par' dir='ltr' id='par_1_45' title="bbox 328 3084 2020 3158">
     <span class='ocr_line' id='line_1_45' title="bbox 328 3084 2020 3158; baseline -0.001 -20"><span class='ocrx_word' id='word_1_319' title='bbox 328 3088 490 3158; x_wconf 84' lang='lat' dir='ltr'><strong><em>quasi</em></strong></span> <span class='ocrx_word' id='word_1_320' title='bbox 521 3089 723 3154; x_wconf 87' lang='lat' dir='ltr'><strong><em>glosia:</em></strong></span> <span class='ocrx_word' id='word_1_321' title='bbox 767 3084 1057 3154; x_wconf 91' lang='lat' dir='ltr'><strong><em>quomodo</em></strong></span> <span class='ocrx_word' id='word_1_322' title='bbox 1090 3100 1208 3150; x_wconf 86' lang='lat' dir='ltr'><strong><em>ara,</em></strong></span> <span class='ocrx_word' id='word_1_323' title='bbox 1246 3085 1412 3158; x_wconf 84' lang='lat' dir='ltr'><strong><em>lares,</em></strong></span> <span class='ocrx_word' id='word_1_324' title='bbox 1455 3099 1644 3158; x_wconf 75' lang='lat' dir='ltr'><strong><em>arena,</em></strong></span> <span class='ocrx_word' id='word_1_325' title='bbox 1701 3084 2020 3158; x_wconf 71' lang='lat' dir='ltr'><strong><em>quasiasa,</em></strong></span> 
     </span>
    </p>
   </div>
   <div class='ocr_carea' id='block_1_46' title="bbox 327 3155 2025 3227">
    <p class='ocr_par' dir='ltr' id='par_1_46' title="bbox 327 3155 2025 3227">
     <span class='ocr_line' id='line_1_46' title="bbox 327 3155 2025 3227; baseline -0.003 -14"><span class='ocrx_word' id='word_1_326' title='bbox 327 3155 485 3226; x_wconf 83' lang='lat' dir='ltr'><strong><em>lases,</em></strong></span> <span class='ocrx_word' id='word_1_327' title='bbox 522 3174 722 3211; x_wconf 86' lang='lat' dir='ltr'><strong><em>asena:</em></strong></span> <span class='ocrx_word' id='word_1_328' title='bbox 768 3159 947 3227; x_wconf 77' lang='lat' dir='ltr'><strong><em>glosia</em></strong></span> <span class='ocrx_word' id='word_1_329' title='bbox 997 3159 1187 3208; x_wconf 87' lang='lat' dir='ltr'><strong><em>autem</em></strong></span> <span class='ocrx_word' id='word_1_330' title='bbox 1239 3155 1420 3227; x_wconf 91' lang='lat' dir='ltr'><strong><em>oritur</em></strong></span> <span class='ocrx_word' id='word_1_331' title='bbox 1451 3172 1514 3208; x_wconf 84' lang='lat' dir='ltr'><strong><em>ex</em></strong></span> <span class='ocrx_word' id='word_1_332' title='bbox 1563 3155 1798 3225; x_wconf 71' lang='grc' dir='ltr'><strong><em>γλῶσσα,</em></strong></span> <span class='ocrx_word' id='word_1_333' title='bbox 1833 3155 1890 3207; x_wconf 88' lang='lat' dir='ltr'><strong><em>id</em></strong></span> <span class='ocrx_word' id='word_1_334' title='bbox 1941 3159 2025 3208; x_wconf 89' lang='lat' dir='ltr'><strong><em>est</em></strong></span> 
     </span>
    </p>
   </div>
   <div class='ocr_carea' id='block_1_47' title="bbox 325 3226 2024 3300">
    <p class='ocr_par' dir='ltr' id='par_1_47' title="bbox 325 3226 2024 3300">
     <span class='ocr_line' id='line_1_47' title="bbox 325 3226 2024 3300; baseline -0.002 -17"><span class='ocrx_word' id='word_1_335' title='bbox 325 3232 545 3300; x_wconf 87' lang='lat' dir='ltr'><strong><em>lingua,</em></strong></span> <span class='ocrx_word' id='word_1_336' title='bbox 570 3229 725 3298; x_wconf 87' lang='lat' dir='ltr'><strong><em>quod</em></strong></span> <span class='ocrx_word' id='word_1_337' title='bbox 758 3226 938 3300; x_wconf 76' lang='lat' dir='ltr'><strong><em>gloria</em></strong></span> <span class='ocrx_word' id='word_1_338' title='bbox 971 3227 1041 3278; x_wconf 85' lang='lat' dir='ltr'><strong><em>sit</em></strong></span> <span class='ocrx_word' id='word_1_339' title='bbox 1060 3227 1215 3300; x_wconf 50' lang='lat' dir='ltr'><strong><em>fama</em></strong></span> <span class='ocrx_word' id='word_1_340' title='bbox 1236 3226 1437 3295; x_wconf 89' lang='lat' dir='ltr'><strong><em>ingens</em></strong></span> <span class='ocrx_word' id='word_1_341' title='bbox 1465 3228 1533 3280; x_wconf 88' lang='lat' dir='ltr'><strong><em>de</em></strong></span> <span class='ocrx_word' id='word_1_342' title='bbox 1558 3228 1797 3295; x_wconf 81' lang='lat' dir='ltr'><strong><em>alicujus</em></strong></span> <span class='ocrx_word' id='word_1_343' title='bbox 1816 3227 2024 3279; x_wconf 82' lang='lat' dir='ltr'><strong><em>virtute</em></strong></span> 
     </span>
    </p>
   </div>
   <div class='ocr_carea' id='block_1_48' title="bbox 327 3297 1296 3363">
    <p class='ocr_par' dir='ltr' id='par_1_48' title="bbox 327 3297 1296 3363">
     <span class='ocr_line' id='line_1_48' title="bbox 327 3297 1296 3363; baseline -0.004 -11"><span class='ocrx_word' id='word_1_344' title='bbox 327 3318 389 3354; x_wconf 86' lang='lat' dir='ltr'><strong><em>ac</em></strong></span> <span class='ocrx_word' id='word_1_345' title='bbox 418 3297 662 3354; x_wconf 75' lang='lat' dir='ltr'><strong><em>meritis.</em></strong></span> <span class='ocrx_word' id='word_1_346' title='bbox 697 3300 838 3352; x_wconf 87' lang='lat' dir='ltr'><strong><em>Hinc</em></strong></span> <span class='ocrx_word' id='word_1_347' title='bbox 868 3297 936 3349; x_wconf 89' lang='lat' dir='ltr'><strong><em>de</em></strong></span> <span class='ocrx_word' id='word_1_348' title='bbox 967 3313 1025 3348; x_wconf 89' lang='lat' dir='ltr'><strong><em>se</em></strong></span> <span class='ocrx_word' id='word_1_349' title='bbox 1058 3298 1296 3363; x_wconf 89' lang='lat' dir='ltr'><strong><em>Ennius,</em></strong></span> 
     </span>
    </p>
   </div>
   <div class='ocr_carea' id='block_1_49' title="bbox 858 3374 1656 3436">
    <p class='ocr_par' dir='ltr' id='par_1_49' title="bbox 858 3374 1656 3436">
     <span class='ocr_line' id='line_1_49' title="bbox 858 3374 1656 3436; baseline 0.001 -14"><span class='ocrx_word' id='word_1_350' title='bbox 858 3374 1030 3422; x_wconf 87' lang='lat' dir='ltr'><strong><em>Volito</em></strong></span> <span class='ocrx_word' id='word_1_351' title='bbox 1052 3375 1191 3421; x_wconf 87' lang='lat' dir='ltr'><strong><em>vivu‘</em></strong></span> <span class='ocrx_word' id='word_1_352' title='bbox 1223 3389 1316 3436; x_wconf 91' lang='lat' dir='ltr'><strong><em>per</em></strong></span> <span class='ocrx_word' id='word_1_353' title='bbox 1348 3389 1440 3423; x_wconf 90' lang='lat' dir='ltr'><strong><em>ora</em></strong></span> <span class='ocrx_word' id='word_1_354' title='bbox 1466 3375 1656 3423; x_wconf 85' lang='lat' dir='ltr'><strong><em>virum.</em></strong></span> 
     </span>
    </p>
   </div>
   <div class='ocr_carea' id='block_1_50' title="bbox 325 3445 1628 3515">
    <p class='ocr_par' dir='ltr' id='par_1_50' title="bbox 325 3445 1628 3515">
     <span class='ocr_line' id='line_1_50' title="bbox 325 3445 1628 3515; baseline -0.002 -12"><span class='ocrx_word' id='word_1_355' title='bbox 325 3449 481 3513; x_wconf 90' lang='lat' dir='ltr'><strong><em>Quod</em></strong></span> <span class='ocrx_word' id='word_1_356' title='bbox 513 3449 773 3501; x_wconf 87' lang='lat' dir='ltr'><strong><em>imitatur</em></strong></span> <span class='ocrx_word' id='word_1_357' title='bbox 801 3445 997 3515; x_wconf 85' lang='lat' dir='ltr'><strong><em>Virgil.</em></strong></span> <span class='ocrx_word' id='word_1_358' title='bbox 1033 3447 1250 3499; x_wconf 68' lang='lat' dir='ltr'><strong><em>.IEneid.</em></strong></span> <span class='ocrx_word' id='word_1_359' title='bbox 1281 3462 1374 3512; x_wconf 85' lang='lat' dir='ltr'><strong><em>xu,</em></strong></span> <span class='ocrx_word' id='word_1_360' title='bbox 1402 3462 1451 3500; x_wconf 88' lang='lat' dir='ltr'><strong><em>v.</em></strong></span> <span class='ocrx_word' id='word_1_361' title='bbox 1488 3450 1628 3500; x_wconf 77' lang='lat'><strong><em>‘235:</em></strong></span> 
     </span>
    </p>
   </div>
   <div class='ocr_carea' id='block_1_51' title="bbox 484 3524 1680 3591">
    <p class='ocr_par' dir='ltr' id='par_1_51' title="bbox 484 3524 1680 3591">
     <span class='ocr_line' id='line_1_51' title="bbox 484 3524 1680 3591; baseline -0.003 -15"><span class='ocrx_word' id='word_1_362' title='bbox 484 3527 740 3576; x_wconf 89' lang='lat' dir='ltr'><strong><em>Succedet</em></strong></span> <span class='ocrx_word' id='word_1_363' title='bbox 768 3525 928 3591; x_wconf 70' lang='lat' dir='ltr'><strong><em>fama,</em></strong></span> <span class='ocrx_word' id='word_1_364' title='bbox 954 3524 1210 3586; x_wconf 87' lang='lat' dir='ltr'><strong><em>vivusque</em></strong></span> <span class='ocrx_word' id='word_1_365' title='bbox 1237 3538 1329 3586; x_wconf 91' lang='lat' dir='ltr'><strong><em>per</em></strong></span> <span class='ocrx_word' id='word_1_366' title='bbox 1358 3538 1450 3572; x_wconf 86' lang='lat' dir='ltr'><strong><em>ora</em></strong></span> <span class='ocrx_word' id='word_1_367' title='bbox 1467 3524 1680 3573; x_wconf 86' lang='lat' dir='ltr'><strong><em>feretur.</em></strong></span> 
     </span>
    </p>
   </div>
   <div class='ocr_carea' id='block_1_52' title="bbox 396 3596 2023 3665">
    <p class='ocr_par' dir='ltr' id='par_1_52' title="bbox 396 3596 2023 3665">
     <span class='ocr_line' id='line_1_52' title="bbox 396 3596 2023 3665; baseline -0.004 -11"><span class='ocrx_word' id='word_1_368' title='bbox 396 3601 570 3654; x_wconf 85' lang='lat' dir='ltr'><strong><em>Fama</em></strong></span> <span class='ocrx_word' id='word_1_369' title='bbox 601 3604 793 3651; x_wconf 90' lang='lat' dir='ltr'><strong><em>autem</em></strong></span> <span class='ocrx_word' id='word_1_370' title='bbox 827 3612 943 3648; x_wconf 91' lang='lat' dir='ltr'><strong><em>non</em></strong></span> <span class='ocrx_word' id='word_1_371' title='bbox 977 3596 1085 3648; x_wconf 87' lang='lat' dir='ltr'><strong><em>alia</em></strong></span> <span class='ocrx_word' id='word_1_372' title='bbox 1115 3598 1182 3648; x_wconf 92' lang='lat' dir='ltr'><strong><em>de</em></strong></span> <span class='ocrx_word' id='word_1_373' title='bbox 1203 3612 1370 3648; x_wconf 84' lang='lat' dir='ltr'><strong><em>causa</em></strong></span> <span class='ocrx_word' id='word_1_374' title='bbox 1393 3597 1634 3648; x_wconf 81' lang='lat' dir='ltr'><strong><em>habetur</em></strong></span> <span class='ocrx_word' id='word_1_375' title='bbox 1656 3596 1880 3665; x_wconf 86' lang='lat' dir='ltr'><strong><em>ingens,</em></strong></span> <span class='ocrx_word' id='word_1_376' title='bbox 1910 3596 2023 3649; x_wconf 88' lang='lat' dir='ltr'><strong><em>nisi</em></strong></span> 
     </span>
    </p>
   </div>
   <div class='ocr_carea' id='block_1_53' title="bbox 325 3667 2020 3743">
    <p class='ocr_par' dir='ltr' id='par_1_53' title="bbox 325 3667 2020 3743">
     <span class='ocr_line' id='line_1_53' title="bbox 325 3667 2020 3743; baseline -0.004 -18"><span class='ocrx_word' id='word_1_377' title='bbox 325 3673 478 3743; x_wconf 90' lang='lat' dir='ltr'><strong><em>quod</em></strong></span> <span class='ocrx_word' id='word_1_378' title='bbox 510 3672 781 3743; x_wconf 8' lang='lat' dir='ltr'><strong><em>bascgper</em></strong></span> <span class='ocrx_word' id='word_1_379' title='bbox 813 3673 1033 3743; x_wconf 85' lang='lat' dir='ltr'><strong><em>mentes</em></strong></span> <span class='ocrx_word' id='word_1_380' title='bbox 1064 3671 1119 3718; x_wconf 86' lang='lat' dir='ltr'><strong><em>et</em></strong></span> <span class='ocrx_word' id='word_1_381' title='bbox 1150 3682 1378 3743; x_wconf 82' lang='lat' dir='ltr'><strong><em>p_er__ora</em></strong></span> <span class='ocrx_word' id='word_1_382' title='bbox 1409 3683 1637 3743; x_wconf 79' lang='lat' dir='ltr'><strong><em>quoque</em></strong></span> <span class='ocrx_word' id='word_1_383' title='bbox 1679 3667 2020 3743; x_wconf 78' lang='lat' dir='ltr'><strong><em>optimatum</em></strong></span> 
     </span>
    </p>
   </div>
   <div class='ocr_carea' id='block_1_54' title="bbox 323 3737 2020 3811">
    <p class='ocr_par' dir='ltr' id='par_1_54' title="bbox 323 3737 2020 3811">
     <span class='ocr_line' id='line_1_54' title="bbox 323 3737 2020 3811; baseline -0.002 -17"><span class='ocrx_word' id='word_1_384' title='bbox 323 3737 593 3811; x_wconf 72' lang='lat' dir='ltr'><strong><em>vagatur:</em></strong></span> <span class='ocrx_word' id='word_1_385' title='bbox 648 3737 756 3793; x_wconf 85' lang='lat' dir='ltr'><strong><em>huc</em></strong></span> <span class='ocrx_word' id='word_1_386' title='bbox 803 3737 1113 3807; x_wconf 85' lang='lat' dir='ltr'><strong><em>respiciens</em></strong></span> <span class='ocrx_word' id='word_1_387' title='bbox 1160 3739 1378 3790; x_wconf 88' lang='lat' dir='ltr'><strong><em>Tullius</em></strong></span> <span class='ocrx_word' id='word_1_388' title='bbox 1439 3753 1538 3811; x_wconf 78' lang='lat' dir='ltr'><strong><em>pro</em></strong></span> <span class='ocrx_word' id='word_1_389' title='bbox 1592 3739 1762 3791; x_wconf 58' lang='lat' dir='ltr'><strong><em>Maia:</em></strong></span> <span class='ocrx_word' id='word_1_390' title='bbox 1812 3739 2020 3804; x_wconf 86' lang='lat' dir='ltr'><strong><em>Gloria,</em></strong></span> 
     </span>
    </p>
   </div>
   <div class='ocr_carea' id='block_1_55' title="bbox 325 3810 2015 3883">
    <p class='ocr_par' dir='ltr' id='par_1_55' title="bbox 325 3810 2015 3883">
     <span class='ocr_line' id='line_1_55' title="bbox 325 3810 2015 3883; baseline -0.003 -16"><span class='ocrx_word' id='word_1_391' title='bbox 325 3810 532 3883; x_wconf 84' lang='lat' dir='ltr'><strong><em>inquit,</em></strong></span> <span class='ocrx_word' id='word_1_392' title='bbox 569 3816 647 3865; x_wconf 84' lang='lat' dir='ltr'><strong><em>est</em></strong></span> <span class='ocrx_word' id='word_1_393' title='bbox 685 3812 916 3864; x_wconf 81' lang='lat' dir='ltr'><strong><em>illustris</em></strong></span> <span class='ocrx_word' id='word_1_394' title='bbox 951 3813 1000 3861; x_wconf 91' lang='lat' dir='ltr'><strong><em>et</em></strong></span> <span class='ocrx_word' id='word_1_395' title='bbox 1036 3814 1346 3883; x_wconf 74' lang='lat' dir='ltr'><strong><em>pervagata</em></strong></span> <span class='ocrx_word' id='word_1_396' title='bbox 1366 3810 1656 3883; x_wconf 79' lang='lat' dir='ltr'><strong><em>multorum</em></strong></span> <span class='ocrx_word' id='word_1_397' title='bbox 1687 3813 1738 3862; x_wconf 88' lang='lat' dir='ltr'><strong><em>et</em></strong></span> <span class='ocrx_word' id='word_1_398' title='bbox 1792 3824 2015 3876; x_wconf 89' lang='lat' dir='ltr'><strong><em>magno-</em></strong></span> 
     </span>
    </p>
   </div>
   <div class='ocr_carea' id='block_1_56' title="bbox 321 3878 2020 3947">
    <p class='ocr_par' dir='ltr' id='par_1_56' title="bbox 321 3878 2020 3947">
     <span class='ocr_line' id='line_1_56' title="bbox 321 3878 2020 3947; baseline -0.002 -9"><span class='ocrx_word' id='word_1_399' title='bbox 321 3878 448 3939; x_wconf 77' lang='lat' dir='ltr'><strong><em>rum</em></strong></span> <span class='ocrx_word' id='word_1_400' title='bbox 481 3885 562 3937; x_wconf 90' lang='lat' dir='ltr'><strong><em>vel</em></strong></span> <span class='ocrx_word' id='word_1_401' title='bbox 585 3886 642 3936; x_wconf 87' lang='lat' dir='ltr'><strong><em>in</em></strong></span> <span class='ocrx_word' id='word_1_402' title='bbox 663 3896 786 3936; x_wconf 86' lang='lat' dir='ltr'><strong><em>suos</em></strong></span> <span class='ocrx_word' id='word_1_403' title='bbox 817 3883 976 3944; x_wconf 83' lang='lat' dir='ltr'><strong><em>cives,</em></strong></span> <span class='ocrx_word' id='word_1_404' title='bbox 1006 3881 1088 3932; x_wconf 88' lang='lat' dir='ltr'><strong><em>vel</em></strong></span> <span class='ocrx_word' id='word_1_405' title='bbox 1110 3878 1167 3931; x_wconf 84' lang='lat' dir='ltr'><strong><em>in</em></strong></span> <span class='ocrx_word' id='word_1_406' title='bbox 1188 3881 1462 3947; x_wconf 86' lang='lat' dir='ltr'><strong><em>patriam,</em></strong></span> <span class='ocrx_word' id='word_1_407' title='bbox 1495 3881 1578 3932; x_wconf 85' lang='lat' dir='ltr'><strong><em>vel</em></strong></span> <span class='ocrx_word' id='word_1_408' title='bbox 1600 3883 1655 3932; x_wconf 88' lang='lat' dir='ltr'><strong><em>in</em></strong></span> <span class='ocrx_word' id='word_1_409' title='bbox 1686 3895 1836 3933; x_wconf 87' lang='lat' dir='ltr'><strong><em>omne</em></strong></span> <span class='ocrx_word' id='word_1_410' title='bbox 1855 3895 2020 3946; x_wconf 88' lang='lat' dir='ltr'><strong><em>genus</em></strong></span> 
     </span>
    </p>
   </div>
   <div class='ocr_carea' id='block_1_57' title="bbox 325 3950 2017 4020">
    <p class='ocr_par' dir='ltr' id='par_1_57' title="bbox 325 3950 2017 4020">
     <span class='ocr_line' id='line_1_57' title="bbox 325 3950 2017 4020; baseline -0.002 -11"><span class='ocrx_word' id='word_1_411' title='bbox 325 3958 604 4009; x_wconf 86' lang='lat' dir='ltr'><strong><em>hominum</em></strong></span> <span class='ocrx_word' id='word_1_412' title='bbox 625 3956 781 4018; x_wconf 84' lang='lat' dir='ltr'><strong><em>fama</em></strong></span> <span class='ocrx_word' id='word_1_413' title='bbox 805 3954 1141 4004; x_wconf 84' lang='lat' dir='ltr'><strong><em>meritorum.</em></strong></span> <span class='ocrx_word' id='word_1_414' title='bbox 1167 3954 1237 4003; x_wconf 86' lang='lat' dir='ltr'><strong><em>At</em></strong></span> <span class='ocrx_word' id='word_1_415' title='bbox 1253 3951 1533 4020; x_wconf 70' lang='lat' dir='ltr'><strong><em>qiimritur</em></strong></span> <span class='ocrx_word' id='word_1_416' title='bbox 1552 3950 1646 4004; x_wconf 91' lang='lat' dir='ltr'><strong><em>hic</em></strong></span> <span class='ocrx_word' id='word_1_417' title='bbox 1667 3952 2017 4018; x_wconf 78' lang='lat' dir='ltr'><strong><em>scientiame,</em></strong></span> 
     </span>
    </p>
   </div>
   <div class='ocr_carea' id='block_1_58' title="bbox 324 4021 2020 4091">
    <p class='ocr_par' dir='ltr' id='par_1_58' title="bbox 324 4021 2020 4091">
     <span class='ocr_line' id='line_1_58' title="bbox 324 4021 2020 4091; baseline -0.002 -12"><span class='ocrx_word' id='word_1_418' title='bbox 324 4043 398 4080; x_wconf 87' lang='lat' dir='ltr'><strong><em>an</em></strong></span> <span class='ocrx_word' id='word_1_419' title='bbox 427 4027 655 4079; x_wconf 86' lang='lat' dir='ltr'><strong><em>virtutis</em></strong></span> <span class='ocrx_word' id='word_1_420' title='bbox 702 4022 875 4077; x_wconf 81' lang='lat' dir='ltr'><strong><em>fuerit</em></strong></span> <span class='ocrx_word' id='word_1_421' title='bbox 912 4023 1114 4091; x_wconf 88' lang='lat' dir='ltr'><strong><em>ingens</em></strong></span> <span class='ocrx_word' id='word_1_422' title='bbox 1164 4021 1261 4074; x_wconf 87' lang='lat' dir='ltr'><strong><em>illa</em></strong></span> <span class='ocrx_word' id='word_1_423' title='bbox 1308 4023 1485 4074; x_wconf 88' lang='lat' dir='ltr'><strong><em>Boetii</em></strong></span> <span class='ocrx_word' id='word_1_424' title='bbox 1540 4022 1738 4076; x_wconf 83' lang='lat' dir='ltr'><strong><em>fama?</em></strong></span> <span class='ocrx_word' id='word_1_425' title='bbox 1788 4023 1887 4091; x_wconf 89' lang='lat' dir='ltr'><strong><em>qui</em></strong></span> <span class='ocrx_word' id='word_1_426' title='bbox 1920 4038 2020 4091; x_wconf 88' lang='lat' dir='ltr'><strong><em>pro</em></strong></span> 
     </span>
    </p>
   </div>
   <div class='ocr_carea' id='block_1_59' title="bbox 323 4093 2017 4162">
    <p class='ocr_par' dir='ltr' id='par_1_59' title="bbox 323 4093 2017 4162">
     <span class='ocr_line' id='line_1_59' title="bbox 323 4093 2017 4162; baseline -0.001 -14"><span class='ocrx_word' id='word_1_427' title='bbox 323 4099 533 4152; x_wconf 88' lang='lat' dir='ltr'><strong><em>virtute</em></strong></span> <span class='ocrx_word' id='word_1_428' title='bbox 575 4096 751 4149; x_wconf 90' lang='lat' dir='ltr'><strong><em>Boetii</em></strong></span> <span class='ocrx_word' id='word_1_429' title='bbox 781 4094 1054 4159; x_wconf 90' lang='lat' dir='ltr'><strong><em>sentiunt,</em></strong></span> <span class='ocrx_word' id='word_1_430' title='bbox 1101 4093 1158 4144; x_wconf 86' lang='lat' dir='ltr'><strong><em>bi</em></strong></span> <span class='ocrx_word' id='word_1_431' title='bbox 1211 4093 1520 4160; x_wconf 87' lang='lat' dir='ltr'><strong><em>legendum</em></strong></span> <span class='ocrx_word' id='word_1_432' title='bbox 1553 4099 1757 4162; x_wconf 87' lang='lat' dir='ltr'><strong><em>putant</em></strong></span> <span class='ocrx_word' id='word_1_433' title='bbox 1788 4095 2017 4159; x_wconf 88' lang='lat' dir='ltr'><strong><em>solatur,</em></strong></span> 
     </span>
    </p>
   </div>
   <div class='ocr_carea' id='block_1_60' title="bbox 325 4164 2014 4239">
    <p class='ocr_par' dir='ltr' id='par_1_60' title="bbox 325 4164 2014 4239">
     <span class='ocr_line' id='line_1_60' title="bbox 325 4164 2014 4239; baseline -0.002 -17"><span class='ocrx_word' id='word_1_434' title='bbox 325 4167 483 4239; x_wconf 92' lang='lat' dir='ltr'><strong><em>quod</em></strong></span> <span class='ocrx_word' id='word_1_435' title='bbox 515 4164 1008 4239; x_wconf 76' lang='lat' dir='ltr'><strong><em>syntaxisalioqui</em></strong></span> <span class='ocrx_word' id='word_1_436' title='bbox 1038 4180 1151 4216; x_wconf 92' lang='lat' dir='ltr'><strong><em>non</em></strong></span> <span class='ocrx_word' id='word_1_437' title='bbox 1186 4168 1359 4216; x_wconf 84' lang='lat' dir='ltr'><strong><em>staret</em></strong></span> <span class='ocrx_word' id='word_1_438' title='bbox 1383 4165 1586 4239; x_wconf 59' lang='lat' dir='ltr'><strong><em>§_quasi</em></strong></span> <span class='ocrx_word' id='word_1_439' title='bbox 1623 4165 1849 4217; x_wconf 90' lang='lat' dir='ltr'><strong><em>Boetius</em></strong></span> <span class='ocrx_word' id='word_1_440' title='bbox 1890 4169 2014 4218; x_wconf 82' lang='lat' dir='ltr'><strong><em>lau-</em></strong></span> 
     </span>
    </p>
   </div>
   <div class='ocr_carea' id='block_1_61' title="bbox 324 4228 2098 4306">
    <p class='ocr_par' dir='ltr' id='par_1_61' title="bbox 324 4228 2098 4306">
     <span class='ocr_line' id='line_1_61' title="bbox 324 4228 2098 4306; baseline -0.003 -12"><span class='ocrx_word' id='word_1_441' title='bbox 324 4228 491 4294; x_wconf 81' lang='lat' dir='ltr'><strong><em>dator</em></strong></span> <span class='ocrx_word' id='word_1_442' title='bbox 541 4228 814 4306; x_wconf 76' lang='lat' dir='ltr'><strong><em>temporis</em></strong></span> <span class='ocrx_word' id='word_1_443' title='bbox 846 4228 957 4288; x_wconf 76' lang='lat' dir='ltr'><strong><em>acti</em></strong></span> <span class='ocrx_word' id='word_1_444' title='bbox 1015 4251 1072 4286; x_wconf 86' lang='lat' dir='ltr'><strong><em>se</em></strong></span> <span class='ocrx_word' id='word_1_445' title='bbox 1104 4251 1306 4305; x_wconf 86' lang='lat' dir='ltr'><strong><em>puero,</em></strong></span> <span class='ocrx_word' id='word_1_446' title='bbox 1367 4228 1588 4288; x_wconf 73' lang='lat' dir='ltr'><strong><em>dixerat</em></strong></span> <span class='ocrx_word' id='word_1_447' title='bbox 1634 4251 1692 4288; x_wconf 92' lang='lat' dir='ltr'><strong><em>se</em></strong></span> <span class='ocrx_word' id='word_1_448' title='bbox 1723 4251 1914 4288; x_wconf 89' lang='lat' dir='ltr'><strong><em>senem</em></strong></span> <span class='ocrx_word' id='word_1_449' title='bbox 1949 4252 2016 4289; x_wconf 88' lang='lat' dir='ltr'><strong><em>ea</em></strong></span> <span class='ocrx_word' id='word_1_450' title='bbox 2055 4228 2098 4281; x_wconf 80' lang='grc' dir='ltr'><strong><em>Ι)</em></strong></span> 
     </span>
    </p>
   </div>
   <div class='ocr_carea' id='block_1_62' title="bbox 323 4306 2012 4375">
    <p class='ocr_par' dir='ltr' id='par_1_62' title="bbox 323 4306 2012 4375">
     <span class='ocr_line' id='line_1_62' title="bbox 323 4306 2012 4375; baseline -0.004 -11"><span class='ocrx_word' id='word_1_451' title='bbox 323 4310 712 4364; x_wconf 85' lang='lat' dir='ltr'><strong><em>consolatione</em></strong></span> <span class='ocrx_word' id='word_1_452' title='bbox 743 4307 1072 4372; x_wconf 90' lang='lat' dir='ltr'><strong><em>sustentari,</em></strong></span> <span class='ocrx_word' id='word_1_453' title='bbox 1124 4306 1278 4375; x_wconf 91' lang='lat' dir='ltr'><strong><em>quod</em></strong></span> <span class='ocrx_word' id='word_1_454' title='bbox 1320 4322 1422 4375; x_wconf 91' lang='lat' dir='ltr'><strong><em>per</em></strong></span> <span class='ocrx_word' id='word_1_455' title='bbox 1446 4307 1766 4374; x_wconf 84' lang='lat' dir='ltr'><strong><em>juventam,</em></strong></span> <span class='ocrx_word' id='word_1_456' title='bbox 1812 4313 1870 4360; x_wconf 91' lang='lat' dir='ltr'><strong><em>et</em></strong></span> <span class='ocrx_word' id='word_1_457' title='bbox 1900 4306 2012 4359; x_wconf 91' lang='lat' dir='ltr'><strong><em>vir-</em></strong></span> 
     </span>
    </p>
   </div>
   <div class='ocr_carea' id='block_1_63' title="bbox 321 4376 2012 4449">
    <p class='ocr_par' dir='ltr' id='par_1_63' title="bbox 321 4376 2012 4449">
     <span class='ocr_line' id='line_1_63' title="bbox 321 4376 2012 4449; baseline -0.003 -14"><span class='ocrx_word' id='word_1_458' title='bbox 321 4388 442 4435; x_wconf 82' lang='lat' dir='ltr'><strong><em>tute</em></strong></span> <span class='ocrx_word' id='word_1_459' title='bbox 475 4385 530 4434; x_wconf 88' lang='lat' dir='ltr'><strong><em>et</em></strong></span> <span class='ocrx_word' id='word_1_460' title='bbox 587 4381 769 4449; x_wconf 84' lang='lat' dir='ltr'><strong><em>gloria</em></strong></span> <span class='ocrx_word' id='word_1_461' title='bbox 803 4376 1031 4430; x_wconf 88' lang='lat' dir='ltr'><strong><em>virtutis</em></strong></span> <span class='ocrx_word' id='word_1_462' title='bbox 1077 4377 1340 4446; x_wconf 69' lang='lat' dir='ltr'><strong><em>praemio,</em></strong></span> <span class='ocrx_word' id='word_1_463' title='bbox 1393 4377 1624 4449; x_wconf 77' lang='lat' dir='ltr'><strong><em>affectus</em></strong></span> <span class='ocrx_word' id='word_1_464' title='bbox 1667 4378 1856 4430; x_wconf 85' lang='lat' dir='ltr'><strong><em>fuerit.</em></strong></span> <span class='ocrx_word' id='word_1_465' title='bbox 1901 4378 2012 4430; x_wconf 87' lang='lat' dir='ltr'><strong><em>Nos</em></strong></span> 
     </span>
    </p>
   </div>
   <div class='ocr_carea' id='block_1_64' title="bbox 324 4448 2011 4521">
    <p class='ocr_par' dir='ltr' id='par_1_64' title="bbox 324 4448 2011 4521">
     <span class='ocr_line' id='line_1_64' title="bbox 324 4448 2011 4521; baseline -0.002 -15"><span class='ocrx_word' id='word_1_466' title='bbox 324 4459 537 4517; x_wconf 87' lang='lat' dir='ltr'><strong><em>autem,</em></strong></span> <span class='ocrx_word' id='word_1_467' title='bbox 578 4448 682 4521; x_wconf 81' lang='lat' dir='ltr'><strong><em>pro</em></strong></span> <span class='ocrx_word' id='word_1_468' title='bbox 737 4449 972 4503; x_wconf 85' lang='lat' dir='ltr'><strong><em>scientia</em></strong></span> <span class='ocrx_word' id='word_1_469' title='bbox 1019 4454 1339 4521; x_wconf 82' lang='lat' dir='ltr'><strong><em>pugnantes</em></strong></span> <span class='ocrx_word' id='word_1_470' title='bbox 1380 4448 2011 4521; x_wconf 76' lang='lat' dir='ltr'><strong><em>arbitramurgloriam</em></strong></span> 
     </span>
    </p>
   </div>
   <div class='ocr_carea' id='block_1_65' title="bbox 320 4518 2011 4590">
    <p class='ocr_par' dir='ltr' id='par_1_65' title="bbox 320 4518 2011 4590">
     <span class='ocr_line' id='line_1_65' title="bbox 320 4518 2011 4590; baseline -0.004 -12"><span class='ocrx_word' id='word_1_471' title='bbox 320 4525 469 4578; x_wconf 88' lang='lat' dir='ltr'><strong><em>hanc</em></strong></span> <span class='ocrx_word' id='word_1_472' title='bbox 499 4518 672 4576; x_wconf 79' lang='lat' dir='ltr'><strong><em>fuisse</em></strong></span> <span class='ocrx_word' id='word_1_473' title='bbox 701 4523 1006 4583; x_wconf 83' lang='lat' dir='ltr'><strong><em>Musarum,</em></strong></span> <span class='ocrx_word' id='word_1_474' title='bbox 1041 4518 1109 4572; x_wconf 89' lang='lat' dir='ltr'><strong><em>de</em></strong></span> <span class='ocrx_word' id='word_1_475' title='bbox 1136 4520 1344 4587; x_wconf 75' lang='lat' dir='ltr'><strong><em>quibus</em></strong></span> <span class='ocrx_word' id='word_1_476' title='bbox 1377 4518 1432 4570; x_wconf 93' lang='lat' dir='ltr'><strong><em>in</em></strong></span> <span class='ocrx_word' id='word_1_477' title='bbox 1467 4535 1628 4572; x_wconf 86' lang='lat' dir='ltr'><strong><em>versu</em></strong></span> <span class='ocrx_word' id='word_1_478' title='bbox 1666 4519 1866 4572; x_wconf 90' lang='lat' dir='ltr'><strong><em>ultimo</em></strong></span> <span class='ocrx_word' id='word_1_479' title='bbox 1895 4520 2011 4590; x_wconf 86' lang='lat' dir='ltr'><strong><em>agi-</em></strong></span> 
     </span>
    </p>
   </div>
   <div class='ocr_carea' id='block_1_66' title="bbox 325 4591 2009 4661">
    <p class='ocr_par' dir='ltr' id='par_1_66' title="bbox 325 4591 2009 4661">
     <span class='ocr_line' id='line_1_66' title="bbox 325 4591 2009 4661; baseline -0.002 -13"><span class='ocrx_word' id='word_1_480' title='bbox 325 4601 452 4648; x_wconf 85' lang='lat' dir='ltr'><strong><em>tur:</em></strong></span> <span class='ocrx_word' id='word_1_481' title='bbox 488 4594 640 4647; x_wconf 89' lang='lat' dir='ltr'><strong><em>unde</em></strong></span> <span class='ocrx_word' id='word_1_482' title='bbox 677 4592 980 4661; x_wconf 84' lang='lat' dir='ltr'><strong><em>legendum</em></strong></span> <span class='ocrx_word' id='word_1_483' title='bbox 1013 4597 1300 4659; x_wconf 85' lang='lat' dir='ltr'><strong><em>putamus,</em></strong></span> <span class='ocrx_word' id='word_1_484' title='bbox 1345 4591 1487 4642; x_wconf 89' lang='lat' dir='ltr'><strong><em>sicut</em></strong></span> <span class='ocrx_word' id='word_1_485' title='bbox 1521 4591 1577 4642; x_wconf 91' lang='lat' dir='ltr'><strong><em>in</em></strong></span> <span class='ocrx_word' id='word_1_486' title='bbox 1611 4591 1877 4644; x_wconf 90' lang='lat' dir='ltr'><strong><em>omnibus</em></strong></span> <span class='ocrx_word' id='word_1_487' title='bbox 1911 4607 2009 4644; x_wconf 83' lang='lat' dir='ltr'><strong><em>an-</em></strong></span> 
     </span>
    </p>
   </div>
   <div class='ocr_carea' id='block_1_67' title="bbox 320 4661 2009 4735">
    <p class='ocr_par' dir='ltr' id='par_1_67' title="bbox 320 4661 2009 4735">
     <span class='ocr_line' id='line_1_67' title="bbox 320 4661 2009 4735; baseline -0.002 -16"><span class='ocrx_word' id='word_1_488' title='bbox 320 4665 495 4735; x_wconf 89' lang='lat' dir='ltr'><strong><em>tiquis</em></strong></span> <span class='ocrx_word' id='word_1_489' title='bbox 548 4665 836 4717; x_wconf 88' lang='lat' dir='ltr'><strong><em>codicibus</em></strong></span> <span class='ocrx_word' id='word_1_490' title='bbox 866 4662 1091 4735; x_wconf 87' lang='lat' dir='ltr'><strong><em>legitur_</em></strong></span> <span class='ocrx_word' id='word_1_491' title='bbox 1133 4662 1414 4735; x_wconf 73' lang='lat' dir='ltr'><strong><em>solantur:</em></strong></span> <span class='ocrx_word' id='word_1_492' title='bbox 1465 4662 1629 4735; x_wconf 85' lang='lat' dir='ltr'><strong><em>quasi</em></strong></span> <span class='ocrx_word' id='word_1_493' title='bbox 1683 4663 1752 4714; x_wconf 88' lang='lat' dir='ltr'><strong><em>ab</em></strong></span> <span class='ocrx_word' id='word_1_494' title='bbox 1811 4661 2009 4715; x_wconf 85' lang='lat' dir='ltr'><strong><em>eodem</em></strong></span> 
     </span>
    </p>
   </div>
   <div class='ocr_carea' id='block_1_68' title="bbox 321 4732 2006 4800">
    <p class='ocr_par' dir='ltr' id='par_1_68' title="bbox 321 4732 2006 4800">
     <span class='ocr_line' id='line_1_68' title="bbox 321 4732 2006 4800; baseline -0.002 -10"><span class='ocrx_word' id='word_1_495' title='bbox 321 4732 516 4790; x_wconf 81' lang='lat' dir='ltr'><strong><em>Boetio</em></strong></span> <span class='ocrx_word' id='word_1_496' title='bbox 549 4736 808 4787; x_wconf 87' lang='lat' dir='ltr'><strong><em>dicatur:</em></strong></span> <span class='ocrx_word' id='word_1_497' title='bbox 843 4735 1011 4787; x_wconf 70' lang='lat' dir='ltr'><strong><em>Musae</em></strong></span> <span class='ocrx_word' id='word_1_498' title='bbox 1043 4732 1104 4786; x_wconf 91' lang='lat' dir='ltr'><strong><em>ob</em></strong></span> <span class='ocrx_word' id='word_1_499' title='bbox 1150 4746 1289 4800; x_wconf 87' lang='lat' dir='ltr'><strong><em>quas</em></strong></span> <span class='ocrx_word' id='word_1_500' title='bbox 1332 4732 1460 4784; x_wconf 88' lang='lat' dir='ltr'><strong><em>dum</em></strong></span> <span class='ocrx_word' id='word_1_501' title='bbox 1483 4733 1702 4798; x_wconf 80' lang='lat' dir='ltr'><strong><em>juvenis</em></strong></span> <span class='ocrx_word' id='word_1_502' title='bbox 1745 4735 2006 4800; x_wconf 84' lang='lat' dir='ltr'><strong><em>ﬂorerem,</em></strong></span> 
     </span>
    </p>
   </div>
   <div class='ocr_carea' id='block_1_69' title="bbox 318 4805 2007 4874">
    <p class='ocr_par' dir='ltr' id='par_1_69' title="bbox 318 4805 2007 4874">
     <span class='ocr_line' id='line_1_69' title="bbox 318 4805 2007 4874; baseline -0.001 -15"><span class='ocrx_word' id='word_1_503' title='bbox 318 4808 550 4874; x_wconf 89' lang='lat' dir='ltr'><strong><em>gloriam</em></strong></span> <span class='ocrx_word' id='word_1_504' title='bbox 575 4810 882 4858; x_wconf 88' lang='lat' dir='ltr'><strong><em>consecutus</em></strong></span> <span class='ocrx_word' id='word_1_505' title='bbox 899 4819 1041 4869; x_wconf 91' lang='lat' dir='ltr'><strong><em>sum,</em></strong></span> <span class='ocrx_word' id='word_1_506' title='bbox 1066 4819 1209 4856; x_wconf 86' lang='lat' dir='ltr'><strong><em>nunc</em></strong></span> <span class='ocrx_word' id='word_1_507' title='bbox 1257 4805 1530 4874; x_wconf 81' lang='lat' dir='ltr'><strong><em>afﬂictum</em></strong></span> <span class='ocrx_word' id='word_1_508' title='bbox 1561 4819 1736 4857; x_wconf 88' lang='lat' dir='ltr'><strong><em>senem</em></strong></span> <span class='ocrx_word' id='word_1_509' title='bbox 1773 4821 1854 4858; x_wconf 91' lang='lat' dir='ltr'><strong><em>me</em></strong></span> <span class='ocrx_word' id='word_1_510' title='bbox 1885 4820 2007 4858; x_wconf 89' lang='lat' dir='ltr'><strong><em>con-</em></strong></span> 
     </span>
    </p>
   </div>
   <div class='ocr_carea' id='block_1_70' title="bbox 317 4873 2008 4943">
    <p class='ocr_par' dir='ltr' id='par_1_70' title="bbox 317 4873 2008 4943">
     <span class='ocr_line' id='line_1_70' title="bbox 317 4873 2008 4943; baseline -0.002 -11"><span class='ocrx_word' id='word_1_511' title='bbox 317 4873 584 4932; x_wconf 77' lang='lat' dir='ltr'><strong><em>solantur.</em></strong></span> <span class='ocrx_word' id='word_1_512' title='bbox 628 4877 692 4928; x_wconf 86' lang='lat' dir='ltr'><strong><em>Et</em></strong></span> <span class='ocrx_word' id='word_1_513' title='bbox 729 4881 877 4928; x_wconf 89' lang='lat' dir='ltr'><strong><em>certe</em></strong></span> <span class='ocrx_word' id='word_1_514' title='bbox 907 4890 1037 4927; x_wconf 90' lang='lat' dir='ltr'><strong><em>cum</em></strong></span> <span class='ocrx_word' id='word_1_515' title='bbox 1069 4889 1234 4926; x_wconf 90' lang='lat' dir='ltr'><strong><em>mens</em></strong></span> <span class='ocrx_word' id='word_1_516' title='bbox 1268 4873 1518 4927; x_wconf 87' lang='lat' dir='ltr'><strong><em>humana</em></strong></span> <span class='ocrx_word' id='word_1_517' title='bbox 1547 4876 1807 4943; x_wconf 84' lang='lat' dir='ltr'><strong><em>pluribus</em></strong></span> <span class='ocrx_word' id='word_1_518' title='bbox 1838 4876 2008 4928; x_wconf 89' lang='lat' dir='ltr'><strong><em>simul</em></strong></span> 
     </span>
    </p>
   </div>
   <div class='ocr_carea' id='block_1_71' title="bbox 318 4945 2009 5017">
    <p class='ocr_par' dir='ltr' id='par_1_71' title="bbox 318 4945 2009 5017">
     <span class='ocr_line' id='line_1_71' title="bbox 318 4945 2009 5017; baseline -0.001 -16"><span class='ocrx_word' id='word_1_519' title='bbox 318 4946 1174 5017; x_wconf 72' lang='lat' dir='ltr'><strong><em>cogitationibusvehementer</em></strong></span> <span class='ocrx_word' id='word_1_520' title='bbox 1216 4945 1362 4998; x_wconf 79' lang='lat' dir='ltr'><strong><em>afﬁci</em></strong></span> <span class='ocrx_word' id='word_1_521' title='bbox 1393 4951 1662 5015; x_wconf 87' lang='lat' dir='ltr'><strong><em>nequeat,</em></strong></span> <span class='ocrx_word' id='word_1_522' title='bbox 1704 4951 2009 5015; x_wconf 85' lang='lat' dir='ltr'><strong><em>propterea</em></strong></span> 
     </span>
    </p>
   </div>
   <div class='ocr_carea' id='block_1_72' title="bbox 317 5015 2008 5086">
    <p class='ocr_par' dir='ltr' id='par_1_72' title="bbox 317 5015 2008 5086">
     <span class='ocr_line' id='line_1_72' title="bbox 317 5015 2008 5086; baseline -0.001 -15"><span class='ocrx_word' id='word_1_523' title='bbox 317 5015 456 5072; x_wconf 82' lang='lat' dir='ltr'><strong><em>dum</em></strong></span> <span class='ocrx_word' id='word_1_524' title='bbox 486 5019 545 5070; x_wconf 93' lang='lat' dir='ltr'><strong><em>in</em></strong></span> <span class='ocrx_word' id='word_1_525' title='bbox 572 5015 886 5086; x_wconf 87' lang='lat' dir='ltr'><strong><em>jucundam</em></strong></span> <span class='ocrx_word' id='word_1_526' title='bbox 925 5017 1326 5086; x_wconf 86' lang='lat' dir='ltr'><strong><em>cogitationem</em></strong></span> <span class='ocrx_word' id='word_1_527' title='bbox 1358 5017 1557 5070; x_wconf 90' lang='lat' dir='ltr'><strong><em>sedulo</em></strong></span> <span class='ocrx_word' id='word_1_528' title='bbox 1585 5017 1881 5081; x_wconf 89' lang='lat' dir='ltr'><strong><em>incumbit,</em></strong></span> <span class='ocrx_word' id='word_1_529' title='bbox 1907 5033 2008 5070; x_wconf 70' lang='lat' dir='ltr'><strong><em>saa-</em></strong></span> 
     </span>
    </p>
   </div>
   <div class='ocr_carea' id='block_1_73' title="bbox 316 5088 2006 5160">
    <p class='ocr_par' dir='ltr' id='par_1_73' title="bbox 316 5088 2006 5160">
     <span class='ocr_line' id='line_1_73' title="bbox 316 5088 2006 5160; baseline -0.001 -18"><span class='ocrx_word' id='word_1_530' title='bbox 316 5090 446 5160; x_wconf 90' lang='lat' dir='ltr'><strong><em>pius</em></strong></span> <span class='ocrx_word' id='word_1_531' title='bbox 486 5088 1049 5160; x_wconf 12' lang='lat' dir='ltr'><strong><em>tristiﬁcogitatione,</em></strong></span> <span class='ocrx_word' id='word_1_532' title='bbox 1103 5088 1276 5141; x_wconf 87' lang='lat' dir='ltr'><strong><em>veluti</em></strong></span> <span class='ocrx_word' id='word_1_533' title='bbox 1308 5088 1477 5156; x_wconf 88' lang='lat' dir='ltr'><strong><em>hujus</em></strong></span> <span class='ocrx_word' id='word_1_534' title='bbox 1527 5090 1856 5156; x_wconf 88' lang='lat' dir='ltr'><strong><em>immemor,</em></strong></span> <span class='ocrx_word' id='word_1_535' title='bbox 1888 5105 2006 5142; x_wconf 92' lang='lat' dir='ltr'><strong><em>non</em></strong></span> 
     </span>
    </p>
   </div>
   <div class='ocr_carea' id='block_1_74' title="bbox 315 5159 2005 5229">
    <p class='ocr_par' dir='ltr' id='par_1_74' title="bbox 315 5159 2005 5229">
     <span class='ocr_line' id='line_1_74' title="bbox 315 5159 2005 5229; baseline -0.001 -15"><span class='ocrx_word' id='word_1_536' title='bbox 315 5159 542 5214; x_wconf 76' lang='lat' dir='ltr'><strong><em>videtur</em></strong></span> <span class='ocrx_word' id='word_1_537' title='bbox 572 5159 760 5214; x_wconf 84' lang='lat' dir='ltr'><strong><em>afﬁci:</em></strong></span> <span class='ocrx_word' id='word_1_538' title='bbox 823 5159 903 5213; x_wconf 92' lang='lat' dir='ltr'><strong><em>sic</em></strong></span> <span class='ocrx_word' id='word_1_539' title='bbox 945 5160 1045 5229; x_wconf 89' lang='lat' dir='ltr'><strong><em>qui</em></strong></span> <span class='ocrx_word' id='word_1_540' title='bbox 1087 5160 1337 5229; x_wconf 80' lang='lat' dir='ltr'><strong><em>perfecto</em></strong></span> <span class='ocrx_word' id='word_1_541' title='bbox 1386 5160 1594 5212; x_wconf 88' lang='lat' dir='ltr'><strong><em>scelere</em></strong></span> <span class='ocrx_word' id='word_1_542' title='bbox 1641 5160 2005 5214; x_wconf 65' lang='lat' dir='ltr'><strong><em>conscientiae</em></strong></span> 
     </span>
    </p>
   </div>
   <div class='ocr_carea' id='block_1_75' title="bbox 315 5229 2006 5301">
    <p class='ocr_par' dir='ltr' id='par_1_75' title="bbox 315 5229 2006 5301">
     <span class='ocr_line' id='line_1_75' title="bbox 315 5229 2006 5301; baseline -0.001 -16"><span class='ocrx_word' id='word_1_543' title='bbox 315 5232 561 5286; x_wconf 86' lang='lat' dir='ltr'><strong><em>stimulis</em></strong></span> <span class='ocrx_word' id='word_1_544' title='bbox 589 5235 887 5295; x_wconf 86' lang='lat' dir='ltr'><strong><em>vexantur,</em></strong></span> <span class='ocrx_word' id='word_1_545' title='bbox 922 5231 1097 5284; x_wconf 89' lang='lat' dir='ltr'><strong><em>iidem</em></strong></span> <span class='ocrx_word' id='word_1_546' title='bbox 1123 5232 1274 5295; x_wconf 91' lang='lat' dir='ltr'><strong><em>ludo,</em></strong></span> <span class='ocrx_word' id='word_1_547' title='bbox 1300 5229 1599 5298; x_wconf 85' lang='lat' dir='ltr'><strong><em>colloquiis</em></strong></span> <span class='ocrx_word' id='word_1_548' title='bbox 1628 5236 1723 5284; x_wconf 86' lang='lat' dir='ltr'><strong><em>aut</em></strong></span> <span class='ocrx_word' id='word_1_549' title='bbox 1752 5231 2006 5301; x_wconf 87' lang='lat' dir='ltr'><strong><em>qualibet</em></strong></span> 
     </span>
    </p>
   </div>
   <div class='ocr_carea' id='block_1_76' title="bbox 315 5301 2004 5371">
    <p class='ocr_par' dir='ltr' id='par_1_76' title="bbox 315 5301 2004 5371">
     <span class='ocr_line' id='line_1_76' title="bbox 315 5301 2004 5371; baseline -0.002 -14"><span class='ocrx_word' id='word_1_550' title='bbox 315 5303 423 5357; x_wconf 85' lang='lat' dir='ltr'><strong><em>alia</em></strong></span> <span class='ocrx_word' id='word_1_551' title='bbox 444 5303 872 5366; x_wconf 85' lang='lat' dir='ltr'><strong><em>exercitatione,</em></strong></span> <span class='ocrx_word' id='word_1_552' title='bbox 897 5309 1173 5371; x_wconf 86' lang='lat' dir='ltr'><strong><em>tanquam</em></strong></span> <span class='ocrx_word' id='word_1_553' title='bbox 1200 5301 1589 5355; x_wconf 86' lang='lat' dir='ltr'><strong><em>consolatione</em></strong></span> <span class='ocrx_word' id='word_1_554' title='bbox 1617 5303 1834 5356; x_wconf 89' lang='lat' dir='ltr'><strong><em>tristem</em></strong></span> <span class='ocrx_word' id='word_1_555' title='bbox 1857 5303 2004 5355; x_wconf 87' lang='lat' dir='ltr'><strong><em>hanc</em></strong></span> 
     </span>
    </p>
   </div>
   <div class='ocr_carea' id='block_1_77' title="bbox 315 5371 2004 5445">
    <p class='ocr_par' dir='ltr' id='par_1_77' title="bbox 315 5371 2004 5445">
     <span class='ocr_line' id='line_1_77' title="bbox 315 5371 2004 5445; baseline -0.001 -18"><span class='ocrx_word' id='word_1_556' title='bbox 315 5375 725 5445; x_wconf 88' lang='lat' dir='ltr'><strong><em>cogitationem</em></strong></span> <span class='ocrx_word' id='word_1_557' title='bbox 756 5375 1151 5445; x_wconf 82' lang='lat' dir='ltr'><strong><em>permulcent:</em></strong></span> <span class='ocrx_word' id='word_1_558' title='bbox 1201 5371 1287 5445; x_wconf 78' lang='lat' dir='ltr'><strong><em>sic</em></strong></span> <span class='ocrx_word' id='word_1_559' title='bbox 1343 5377 1504 5445; x_wconf 88' lang='lat' dir='ltr'><strong><em>pater</em></strong></span> <span class='ocrx_word' id='word_1_560' title='bbox 1553 5373 1850 5441; x_wconf 86' lang='lat' dir='ltr'><strong><em>inopinata</em></strong></span> <span class='ocrx_word' id='word_1_561' title='bbox 1899 5373 2004 5426; x_wconf 81' lang='lat' dir='ltr'><strong><em>lilii</em></strong></span> 
     </span>
    </p>
   </div>
   <div class='ocr_carea' id='block_1_78' title="bbox 316 5442 2003 5511">
    <p class='ocr_par' dir='ltr' id='par_1_78' title="bbox 316 5442 2003 5511">
     <span class='ocr_line' id='line_1_78' title="bbox 316 5442 2003 5511; baseline -0.001 -12"><span class='ocrx_word' id='word_1_562' title='bbox 316 5442 670 5499; x_wconf 72' lang='lat' dir='ltr'><strong><em>dilectissimi</em></strong></span> <span class='ocrx_word' id='word_1_563' title='bbox 695 5442 874 5498; x_wconf 88' lang='lat' dir='ltr'><strong><em>morte</em></strong></span> <span class='ocrx_word' id='word_1_564' title='bbox 893 5444 1153 5504; x_wconf 76' lang='lat' dir='ltr'><strong><em>afflictus,</em></strong></span> <span class='ocrx_word' id='word_1_565' title='bbox 1185 5442 1445 5511; x_wconf 87' lang='lat' dir='ltr'><strong><em>diligenti</em></strong></span> <span class='ocrx_word' id='word_1_566' title='bbox 1469 5445 1788 5497; x_wconf 82' lang='lat' dir='ltr'><strong><em>venationis</em></strong></span> <span class='ocrx_word' id='word_1_567' title='bbox 1811 5445 2003 5498; x_wconf 87' lang='lat' dir='ltr'><strong><em>labore</em></strong></span> 
     </span>
    </p>
   </div>
   <div class='ocr_carea' id='block_1_79' title="bbox 317 5513 2000 5586">
    <p class='ocr_par' dir='ltr' id='par_1_79' title="bbox 317 5513 2000 5586">
     <span class='ocr_line' id='line_1_79' title="bbox 317 5513 2000 5586; baseline -0.001 -17"><span class='ocrx_word' id='word_1_568' title='bbox 317 5522 590 5586; x_wconf 85' lang='lat' dir='ltr'><strong><em>tanquam</em></strong></span> <span class='ocrx_word' id='word_1_569' title='bbox 623 5515 1008 5586; x_wconf 84' lang='lat' dir='ltr'><strong><em>consolatione</em></strong></span> <span class='ocrx_word' id='word_1_570' title='bbox 1037 5515 1254 5586; x_wconf 83' lang='lat' dir='ltr'><strong><em>luctum</em></strong></span> <span class='ocrx_word' id='word_1_571' title='bbox 1285 5513 1362 5586; x_wconf 46' lang='lat' dir='ltr'><strong><em>illa</em></strong></span> <span class='ocrx_word' id='word_1_572' title='bbox 1387 5515 1698 5586; x_wconf 25' lang='lat' dir='ltr'><strong><em>Aabstergit,</em></strong></span> <span class='ocrx_word' id='word_1_573' title='bbox 1735 5523 1799 5569; x_wconf 91' lang='lat' dir='ltr'><strong><em>ut</em></strong></span> <span class='ocrx_word' id='word_1_574' title='bbox 1827 5517 2000 5586; x_wconf 85' lang='lat' dir='ltr'><strong><em>hujus</em></strong></span> 
     </span>
    </p>
   </div>
   <div class='ocr_carea' id='block_1_80' title="bbox 317 5583 1909 5654">
    <p class='ocr_par' dir='ltr' id='par_1_80' title="bbox 317 5583 1909 5654">
     <span class='ocr_line' id='line_1_80' title="bbox 317 5583 1909 5654; baseline -0.001 -13"><span class='ocrx_word' id='word_1_575' title='bbox 317 5583 622 5641; x_wconf 77' lang='lat' dir='ltr'><strong><em>immemor</em></strong></span> <span class='ocrx_word' id='word_1_576' title='bbox 650 5587 926 5640; x_wconf 87' lang='lat' dir='ltr'><strong><em>videatur.</em></strong></span> <span class='ocrx_word' id='word_1_577' title='bbox 961 5584 1193 5638; x_wconf 85' lang='lat' dir='ltr'><strong><em>Ovidius</em></strong></span> <span class='ocrx_word' id='word_1_578' title='bbox 1224 5599 1278 5636; x_wconf 87' lang='lat' dir='ltr'><strong><em>iv</em></strong></span> <span class='ocrx_word' id='word_1_579' title='bbox 1307 5583 1495 5652; x_wconf 89' lang='lat' dir='ltr'><strong><em>Trist.,</em></strong></span> <span class='ocrx_word' id='word_1_580' title='bbox 1530 5583 1616 5638; x_wconf 27' lang='lat' dir='ltr'><strong><em>el.‘</em></strong></span> <span class='ocrx_word' id='word_1_581' title='bbox 1639 5589 1685 5654; x_wconf 88' lang='lat' dir='ltr'><strong><em>l,</em></strong></span> <span class='ocrx_word' id='word_1_582' title='bbox 1722 5588 1909 5640; x_wconf 89' lang='lat' dir='ltr'><strong><em>canit:</em></strong></span> 
     </span>
    </p>
   </div>
   <div class='ocr_carea' id='block_1_81' title="bbox 437 5662 1999 5729">
    <p class='ocr_par' dir='ltr' id='par_1_81' title="bbox 437 5662 1999 5729">
     <span class='ocr_line' id='line_1_81' title="bbox 437 5662 1999 5729; baseline 0 -14"><span class='ocrx_word' id='word_1_583' title='bbox 437 5666 595 5715; x_wconf 83' lang='lat' dir='ltr'><strong><em>Exsul</em></strong></span> <span class='ocrx_word' id='word_1_584' title='bbox 635 5679 798 5724; x_wconf 86' lang='lat' dir='ltr'><strong><em>eram,</em></strong></span> <span class='ocrx_word' id='word_1_585' title='bbox 833 5662 1316 5729; x_wconf 35' lang='lat' dir='ltr'><strong><em>requiesque‘mii,</em></strong></span> <span class='ocrx_word' id='word_1_586' title='bbox 1350 5677 1458 5712; x_wconf 92' lang='lat' dir='ltr'><strong><em>non</em></strong></span> <span class='ocrx_word' id='word_1_587' title='bbox 1510 5663 1649 5729; x_wconf 81' lang='lat' dir='ltr'><strong><em>fama</em></strong></span> <span class='ocrx_word' id='word_1_588' title='bbox 1691 5667 1851 5729; x_wconf 84' lang='lat' dir='ltr'><strong><em>petita</em></strong></span> <span class='ocrx_word' id='word_1_589' title='bbox 1878 5670 1957 5716; x_wconf 88' lang='lat' dir='ltr'><strong><em>est</em></strong></span> <span class='ocrx_word' id='word_1_590' title='bbox 1988 5681 1999 5715; x_wconf 89' lang='lat'><strong><em>:</em></strong></span> 
     </span>
    </p>
   </div>
   <div class='ocr_carea' id='block_1_82' title="bbox 498 5724 1661 5789">
    <p class='ocr_par' dir='ltr' id='par_1_82' title="bbox 498 5724 1661 5789">
     <span class='ocr_line' id='line_1_82' title="bbox 498 5724 1661 5789; baseline -0.003 -11"><span class='ocrx_word' id='word_1_591' title='bbox 498 5729 646 5778; x_wconf 83' lang='lat' dir='ltr'><strong><em>Mens</em></strong></span> <span class='ocrx_word' id='word_1_592' title='bbox 673 5729 878 5776; x_wconf 81' lang='lat' dir='ltr'><strong><em>intenta</em></strong></span> <span class='ocrx_word' id='word_1_593' title='bbox 905 5724 1015 5774; x_wconf 72' lang='lat' dir='ltr'><strong><em>suis</em></strong></span> <span class='ocrx_word' id='word_1_594' title='bbox 1042 5724 1109 5775; x_wconf 80' lang='lat' dir='ltr'><strong><em>ne</em></strong></span> <span class='ocrx_word' id='word_1_595' title='bbox 1137 5724 1274 5775; x_wconf 80' lang='lat' dir='ltr'><strong><em>foret</em></strong></span> <span class='ocrx_word' id='word_1_596' title='bbox 1297 5739 1463 5789; x_wconf 87' lang='lat' dir='ltr'><strong><em>usque</em></strong></span> <span class='ocrx_word' id='word_1_597' title='bbox 1486 5727 1661 5789; x_wconf 80' lang='lat' dir='ltr'><strong><em>malis,</em></strong></span> 
     </span>
    </p>
   </div>
   <div class='ocr_carea' id='block_1_83' title="bbox 469 5789 1998 5854">
    <p class='ocr_par' dir='ltr' id='par_1_83' title="bbox 469 5789 1998 5854">
     <span class='ocr_line' id='line_1_83' title="bbox 469 5789 1998 5854; baseline -0.001 -13"><span class='ocrx_word' id='word_1_598' title='bbox 469 5792 578 5841; x_wconf 82' lang='lat' dir='ltr'><strong><em>Hoc</em></strong></span> <span class='ocrx_word' id='word_1_599' title='bbox 602 5794 681 5840; x_wconf 88' lang='lat' dir='ltr'><strong><em>cst</em></strong></span> <span class='ocrx_word' id='word_1_600' title='bbox 707 5802 803 5839; x_wconf 89' lang='lat' dir='ltr'><strong><em>cur</em></strong></span> <span class='ocrx_word' id='word_1_601' title='bbox 828 5791 1004 5839; x_wconf 82' lang='lat' dir='ltr'><strong><em>cantet</em></strong></span> <span class='ocrx_word' id='word_1_602' title='bbox 1038 5789 1248 5840; x_wconf 88' lang='lat' dir='ltr'><strong><em>vinctus</em></strong></span> <span class='ocrx_word' id='word_1_603' title='bbox 1277 5802 1488 5853; x_wconf 86' lang='lat' dir='ltr'><strong><em>quoque</em></strong></span> <span class='ocrx_word' id='word_1_604' title='bbox 1512 5790 1767 5854; x_wconf 85' lang='lat' dir='ltr'><strong><em>compede</em></strong></span> <span class='ocrx_word' id='word_1_605' title='bbox 1811 5789 1998 5852; x_wconf 81' lang='lat' dir='ltr'><strong><em>fossor,</em></strong></span> 
     </span>
    </p>
   </div>
   <div class='ocr_carea' id='block_1_84' title="bbox 2268 1325 3444 1388">
    <p class='ocr_par' dir='ltr' id='par_1_84' title="bbox 2268 1325 3444 1388">
     <span class='ocr_line' id='line_1_84' title="bbox 2268 1325 3444 1388; baseline -0.002 -14"><span class='ocrx_word' id='word_1_606' title='bbox 2268 1327 2490 1376; x_wconf 86' lang='lat' dir='ltr'><strong><em>lndocili</em></strong></span> <span class='ocrx_word' id='word_1_607' title='bbox 2517 1339 2738 1374; x_wconf 89' lang='lat' dir='ltr'><strong><em>numero</em></strong></span> <span class='ocrx_word' id='word_1_608' title='bbox 2763 1338 2881 1374; x_wconf 89' lang='lat' dir='ltr'><strong><em>cum</em></strong></span> <span class='ocrx_word' id='word_1_609' title='bbox 2908 1339 3067 1388; x_wconf 83' lang='lat' dir='ltr'><strong><em>grave</em></strong></span> <span class='ocrx_word' id='word_1_610' title='bbox 3096 1325 3270 1373; x_wconf 87' lang='lat' dir='ltr'><strong><em>mollit</em></strong></span> <span class='ocrx_word' id='word_1_611' title='bbox 3295 1337 3444 1387; x_wconf 85' lang='lat' dir='ltr'><strong><em>opus.</em></strong></span> 
     </span>
    </p>
   </div>
   <div class='ocr_carea' id='block_1_85' title="bbox 2269 1389 3454 1447">
    <p class='ocr_par' dir='ltr' id='par_1_85' title="bbox 2269 1389 3454 1447">
     <span class='ocr_line' id='line_1_85' title="bbox 2269 1389 3454 1447; baseline -0.003 -8"><span class='ocrx_word' id='word_1_612' title='bbox 2269 1391 2456 1439; x_wconf 87' lang='lat' dir='ltr'><strong><em>Cantat</em></strong></span> <span class='ocrx_word' id='word_1_613' title='bbox 2480 1393 2532 1437; x_wconf 88' lang='lat' dir='ltr'><strong><em>et</em></strong></span> <span class='ocrx_word' id='word_1_614' title='bbox 2557 1389 2788 1436; x_wconf 87' lang='lat' dir='ltr'><strong><em>innitens</em></strong></span> <span class='ocrx_word' id='word_1_615' title='bbox 2814 1389 3016 1436; x_wconf 64' lang='lat' dir='ltr'><strong><em>limosae</em></strong></span> <span class='ocrx_word' id='word_1_616' title='bbox 3039 1401 3236 1447; x_wconf 88' lang='lat' dir='ltr'><strong><em>pronus</em></strong></span> <span class='ocrx_word' id='word_1_617' title='bbox 3265 1401 3454 1446; x_wconf 66' lang='lat' dir='ltr'><strong><em>arenae,</em></strong></span> 
     </span>
    </p>
   </div>
   <div class='ocr_carea' id='block_1_86' title="bbox 2328 1450 3488 1514">
    <p class='ocr_par' dir='ltr' id='par_1_86' title="bbox 2328 1450 3488 1514">
     <span class='ocr_line' id='line_1_86' title="bbox 2328 1450 3488 1514; baseline -0.003 -14"><span class='ocrx_word' id='word_1_618' title='bbox 2328 1450 2796 1514; x_wconf 70' lang='lat' dir='ltr'><strong><em>Adversotardani</em></strong></span> <span class='ocrx_word' id='word_1_619' title='bbox 2829 1451 2916 1514; x_wconf 86' lang='lat' dir='ltr'><strong><em>qui</em></strong></span> <span class='ocrx_word' id='word_1_620' title='bbox 2944 1452 3103 1501; x_wconf 81' lang='lat' dir='ltr'><strong><em>trahit</em></strong></span> <span class='ocrx_word' id='word_1_621' title='bbox 3131 1465 3284 1514; x_wconf 87' lang='lat' dir='ltr'><strong><em>amne</em></strong></span> <span class='ocrx_word' id='word_1_622' title='bbox 3305 1454 3488 1498; x_wconf 88' lang='lat' dir='ltr'><strong><em>ratem.</em></strong></span> 
     </span>
    </p>
   </div>
   <div class='ocr_carea' id='block_1_87' title="bbox 2267 1512 3609 1576">
    <p class='ocr_par' dir='ltr' id='par_1_87' title="bbox 2267 1512 3609 1576">
     <span class='ocr_line' id='line_1_87' title="bbox 2267 1512 3609 1576; baseline -0.001 -15"><span class='ocrx_word' id='word_1_623' title='bbox 2267 1516 2470 1576; x_wconf 79' lang='lat' dir='ltr'><strong><em>Quique</em></strong></span> <span class='ocrx_word' id='word_1_624' title='bbox 2508 1513 2666 1561; x_wconf 84' lang='lat' dir='ltr'><strong><em>refert</em></strong></span> <span class='ocrx_word' id='word_1_625' title='bbox 2692 1512 2887 1574; x_wconf 81' lang='lat' dir='ltr'><strong><em>pariter</em></strong></span> <span class='ocrx_word' id='word_1_626' title='bbox 2921 1514 3092 1563; x_wconf 87' lang='lat' dir='ltr'><strong><em>lentos</em></strong></span> <span class='ocrx_word' id='word_1_627' title='bbox 3110 1513 3173 1561; x_wconf 86' lang='lat' dir='ltr'><strong><em>ad</em></strong></span> <span class='ocrx_word' id='word_1_628' title='bbox 3202 1517 3411 1574; x_wconf 81' lang='lat' dir='ltr'><strong><em>pectora</em></strong></span> <span class='ocrx_word' id='word_1_629' title='bbox 3434 1526 3609 1562; x_wconf 89' lang='lat' dir='ltr'><strong><em>remos</em></strong></span> 
     </span>
    </p>
   </div>
   <div class='ocr_carea' id='block_1_88' title="bbox 2332 1575 3508 1640">
    <p class='ocr_par' dir='ltr' id='par_1_88' title="bbox 2332 1575 3508 1640">
     <span class='ocr_line' id='line_1_88' title="bbox 2332 1575 3508 1640; baseline 0.002 -18"><span class='ocrx_word' id='word_1_630' title='bbox 2332 1575 2396 1624; x_wconf 82' lang='lat' dir='ltr'><strong><em>In</em></strong></span> <span class='ocrx_word' id='word_1_631' title='bbox 2422 1589 2700 1640; x_wconf 84' lang='lat' dir='ltr'><strong><em>numerum</em></strong></span> <span class='ocrx_word' id='word_1_632' title='bbox 2739 1575 2887 1640; x_wconf 83' lang='lat' dir='ltr'><strong><em>pulsa</em></strong></span> <span class='ocrx_word' id='word_1_633' title='bbox 2914 1577 3128 1626; x_wconf 84' lang='lat' dir='ltr'><strong><em>brachia</em></strong></span> <span class='ocrx_word' id='word_1_634' title='bbox 3159 1583 3329 1626; x_wconf 86' lang='lat' dir='ltr'><strong><em>versat</em></strong></span> <span class='ocrx_word' id='word_1_635' title='bbox 3356 1591 3508 1640; x_wconf 86' lang='lat' dir='ltr'><strong><em>aqua.</em></strong></span> 
     </span>
    </p>
   </div>
   <div class='ocr_carea' id='block_1_89' title="bbox 2265 1638 3486 1702">
    <p class='ocr_par' dir='ltr' id='par_1_89' title="bbox 2265 1638 3486 1702">
     <span class='ocr_line' id='line_1_89' title="bbox 2265 1638 3486 1702; baseline 0.002 -16"><span class='ocrx_word' id='word_1_636' title='bbox 2265 1640 2451 1688; x_wconf 87' lang='lat' dir='ltr'><strong><em>Fessus</em></strong></span> <span class='ocrx_word' id='word_1_637' title='bbox 2473 1643 2530 1685; x_wconf 90' lang='lat' dir='ltr'><strong><em>ut</em></strong></span> <span class='ocrx_word' id='word_1_638' title='bbox 2551 1638 2795 1702; x_wconf 77' lang='lat' dir='ltr'><strong><em>incubuit</em></strong></span> <span class='ocrx_word' id='word_1_639' title='bbox 2822 1639 3011 1687; x_wconf 86' lang='lat' dir='ltr'><strong><em>baculo</em></strong></span> <span class='ocrx_word' id='word_1_640' title='bbox 3041 1655 3272 1702; x_wconf 86' lang='lat' dir='ltr'><strong><em>saxoque</em></strong></span> <span class='ocrx_word' id='word_1_641' title='bbox 3297 1638 3486 1689; x_wconf 75' lang='lat' dir='ltr'><strong><em>resedit</em></strong></span> 
     </span>
    </p>
   </div>
   <div class='ocr_carea' id='block_1_90' title="bbox 2329 1699 3513 1752">
    <p class='ocr_par' dir='ltr' id='par_1_90' title="bbox 2329 1699 3513 1752">
     <span class='ocr_line' id='line_1_90' title="bbox 2329 1699 3513 1752; baseline 0.002 -4"><span class='ocrx_word' id='word_1_642' title='bbox 2329 1702 2526 1752; x_wconf 83' lang='lat' dir='ltr'><strong><em>Pastor.</em></strong></span> <span class='ocrx_word' id='word_1_643' title='bbox 2559 1699 2853 1749; x_wconf 88' lang='lat' dir='ltr'><strong><em>arundineo</em></strong></span> <span class='ocrx_word' id='word_1_644' title='bbox 2884 1704 3116 1752; x_wconf 85' lang='lat' dir='ltr'><strong><em>carmine</em></strong></span> <span class='ocrx_word' id='word_1_645' title='bbox 3147 1699 3342 1751; x_wconf 81' lang='lat' dir='ltr'><strong><em>niulcet</em></strong></span> <span class='ocrx_word' id='word_1_646' title='bbox 3370 1716 3513 1751; x_wconf 85' lang='lat' dir='ltr'><strong><em>oves.</em></strong></span> 
     </span>
    </p>
   </div>
   <div class='ocr_carea' id='block_1_91' title="bbox 2265 1763 3623 1828">
    <p class='ocr_par' dir='ltr' id='par_1_91' title="bbox 2265 1763 3623 1828">
     <span class='ocr_line' id='line_1_91' title="bbox 2265 1763 3623 1828; baseline 0 -18"><span class='ocrx_word' id='word_1_647' title='bbox 2265 1763 2536 1828; x_wconf 69' lang='lat' dir='ltr'><strong><em>cantantis</em></strong></span> <span class='ocrx_word' id='word_1_648' title='bbox 2556 1763 2767 1828; x_wconf 80' lang='lat' dir='ltr'><strong><em>pariter,</em></strong></span> <span class='ocrx_word' id='word_1_649' title='bbox 2789 1765 2985 1828; x_wconf 84' lang='lat' dir='ltr'><strong><em>pariter</em></strong></span> <span class='ocrx_word' id='word_1_650' title='bbox 3011 1766 3133 1813; x_wconf 88' lang='lat' dir='ltr'><strong><em>data</em></strong></span> <span class='ocrx_word' id='word_1_651' title='bbox 3157 1780 3319 1828; x_wconf 85' lang='lat' dir='ltr'><strong><em>pensa</em></strong></span> <span class='ocrx_word' id='word_1_652' title='bbox 3348 1764 3623 1814; x_wconf 86' lang='lat' dir='ltr'><strong><em>trahentis.</em></strong></span> 
     </span>
    </p>
   </div>
   <div class='ocr_carea' id='block_1_92' title="bbox 2327 1825 3362 1889">
    <p class='ocr_par' dir='ltr' id='par_1_92' title="bbox 2327 1825 3362 1889">
     <span class='ocr_line' id='line_1_92' title="bbox 2327 1825 3362 1889; baseline 0.003 -16"><span class='ocrx_word' id='word_1_653' title='bbox 2327 1826 2545 1873; x_wconf 83' lang='lat' dir='ltr'><strong><em>Fallitur</em></strong></span> <span class='ocrx_word' id='word_1_654' title='bbox 2573 1825 2778 1872; x_wconf 63' lang='lat' dir='ltr'><strong><em>ancillae</em></strong></span> <span class='ocrx_word' id='word_1_655' title='bbox 2799 1825 3169 1889; x_wconf 72' lang='lat' dir='ltr'><strong><em>decipiturque</em></strong></span> <span class='ocrx_word' id='word_1_656' title='bbox 3197 1830 3362 1876; x_wconf 85' lang='lat' dir='ltr'><strong><em>labor.</em></strong></span> 
     </span>
    </p>
   </div>
   <div class='ocr_carea' id='block_1_93' title="bbox 2262 1888 3562 1950">
    <p class='ocr_par' dir='ltr' id='par_1_93' title="bbox 2262 1888 3562 1950">
     <span class='ocr_line' id='line_1_93' title="bbox 2262 1888 3562 1950; baseline 0.001 -15"><span class='ocrx_word' id='word_1_657' title='bbox 2262 1888 2442 1936; x_wconf 86' lang='lat' dir='ltr'><strong><em>Fertru</em></strong></span> <span class='ocrx_word' id='word_1_658' title='bbox 2461 1893 2513 1936; x_wconf 88' lang='lat' dir='ltr'><strong><em>et</em></strong></span> <span class='ocrx_word' id='word_1_659' title='bbox 2541 1888 2768 1950; x_wconf 71' lang='lat' dir='ltr'><strong><em>abducta</em></strong></span> <span class='ocrx_word' id='word_1_660' title='bbox 2797 1888 3118 1950; x_wconf 85' lang='lat' dir='ltr'><strong><em>Lyrnesside</em></strong></span> <span class='ocrx_word' id='word_1_661' title='bbox 3143 1892 3306 1939; x_wconf 87' lang='lat' dir='ltr'><strong><em>tristis</em></strong></span> <span class='ocrx_word' id='word_1_662' title='bbox 3333 1889 3562 1941; x_wconf 78' lang='lat' dir='ltr'><strong><em>Achilles</em></strong></span> 
     </span>
    </p>
   </div>
   <div class='ocr_carea' id='block_1_94' title="bbox 2328 1949 3256 2016">
    <p class='ocr_par' dir='ltr' id='par_1_94' title="bbox 2328 1949 3256 2016">
     <span class='ocr_line' id='line_1_94' title="bbox 2328 1949 3256 2016; baseline 0.002 -19"><span class='ocrx_word' id='word_1_663' title='bbox 2328 1949 2600 2016; x_wconf 66' lang='lat' dir='ltr'><strong><em>Harmonia</em></strong></span> <span class='ocrx_word' id='word_1_664' title='bbox 2620 1964 2772 2016; x_wconf 78' lang='lat' dir='ltr'><strong><em>curas</em></strong></span> <span class='ocrx_word' id='word_1_665' title='bbox 2793 1949 3093 2016; x_wconf 80' lang='lat' dir='ltr'><strong><em>attenuasse</em></strong></span> <span class='ocrx_word' id='word_1_666' title='bbox 3126 1954 3256 2016; x_wconf 84' lang='lat' dir='ltr'><strong><em>lyra.</em></strong></span> 
     </span>
    </p>
   </div>
   <div class='ocr_carea' id='block_1_95' title="bbox 2263 2011 3620 2075">
    <p class='ocr_par' dir='ltr' id='par_1_95' title="bbox 2263 2011 3620 2075">
     <span class='ocr_line' id='line_1_95' title="bbox 2263 2011 3620 2075; baseline 0.001 -16"><span class='ocrx_word' id='word_1_667' title='bbox 2263 2012 2393 2060; x_wconf 90' lang='lat' dir='ltr'><strong><em>Cum</em></strong></span> <span class='ocrx_word' id='word_1_668' title='bbox 2421 2011 2650 2060; x_wconf 84' lang='lat' dir='ltr'><strong><em>traheret</em></strong></span> <span class='ocrx_word' id='word_1_669' title='bbox 2674 2012 2833 2060; x_wconf 86' lang='lat' dir='ltr'><strong><em>silvas</em></strong></span> <span class='ocrx_word' id='word_1_670' title='bbox 2864 2013 3103 2075; x_wconf 86' lang='lat' dir='ltr'><strong><em>Orpbeus</em></strong></span> <span class='ocrx_word' id='word_1_671' title='bbox 3132 2011 3184 2064; x_wconf 84' lang='lat' dir='ltr'><strong><em>ét</em></strong></span> <span class='ocrx_word' id='word_1_672' title='bbox 3218 2018 3350 2064; x_wconf 89' lang='lat' dir='ltr'><strong><em>dura</em></strong></span> <span class='ocrx_word' id='word_1_673' title='bbox 3379 2012 3620 2063; x_wconf 87' lang='lat' dir='ltr'><strong><em>canendo</em></strong></span> 
     </span>
    </p>
   </div>
   <div class='ocr_carea' id='block_1_96' title="bbox 2325 2075 3456 2140">
    <p class='ocr_par' dir='ltr' id='par_1_96' title="bbox 2325 2075 3456 2140">
     <span class='ocr_line' id='line_1_96' title="bbox 2325 2075 3456 2140; baseline 0.002 -17"><span class='ocrx_word' id='word_1_674' title='bbox 2325 2076 2459 2123; x_wconf 85' lang='lat' dir='ltr'><strong><em>Saxa</em></strong></span> <span class='ocrx_word' id='word_1_675' title='bbox 2484 2075 2564 2121; x_wconf 86' lang='lat' dir='ltr'><strong><em>bis</em></strong></span> <span class='ocrx_word' id='word_1_676' title='bbox 2595 2075 2788 2122; x_wconf 85' lang='lat' dir='ltr'><strong><em>amissa</em></strong></span> <span class='ocrx_word' id='word_1_677' title='bbox 2818 2078 3045 2140; x_wconf 85' lang='lat' dir='ltr'><strong><em>conjuge</em></strong></span> <span class='ocrx_word' id='word_1_678' title='bbox 3072 2082 3296 2126; x_wconf 57' lang='lat' dir='ltr'><strong><em>maestus</em></strong></span> <span class='ocrx_word' id='word_1_679' title='bbox 3330 2083 3456 2126; x_wconf 87' lang='lat' dir='ltr'><strong><em>erat.</em></strong></span> 
     </span>
    </p>
   </div>
   <div class='ocr_carea' id='block_1_97' title="bbox 2210 2155 3837 2225">
    <p class='ocr_par' dir='ltr' id='par_1_97' title="bbox 2210 2155 3837 2225">
     <span class='ocr_line' id='line_1_97' title="bbox 2210 2155 3837 2225; baseline 0 -17"><span class='ocrx_word' id='word_1_680' title='bbox 2210 2155 2300 2208; x_wconf 90' lang='lat' dir='ltr'><strong><em>Sic</em></strong></span> <span class='ocrx_word' id='word_1_681' title='bbox 2332 2171 2470 2225; x_wconf 86' lang='lat' dir='ltr'><strong><em>ergo</em></strong></span> <span class='ocrx_word' id='word_1_682' title='bbox 2501 2155 2654 2208; x_wconf 86' lang='lat' dir='ltr'><strong><em>Musa</em></strong></span> <span class='ocrx_word' id='word_1_683' title='bbox 2685 2157 2834 2210; x_wconf 87' lang='lat' dir='ltr'><strong><em>levat</em></strong></span> <span class='ocrx_word' id='word_1_684' title='bbox 2868 2159 3121 2211; x_wconf 89' lang='lat' dir='ltr'><strong><em>Boetium</em></strong></span> <span class='ocrx_word' id='word_1_685' title='bbox 3149 2176 3160 2208; x_wconf 89' lang='lat'><strong>:</strong></span> <span class='ocrx_word' id='word_1_686' title='bbox 3211 2159 3417 2211; x_wconf 88' lang='lat' dir='ltr'><strong><em>Verum</em></strong></span> <span class='ocrx_word' id='word_1_687' title='bbox 3448 2156 3557 2210; x_wconf 88' lang='lat' dir='ltr'><strong><em>tria</em></strong></span> <span class='ocrx_word' id='word_1_688' title='bbox 3598 2155 3694 2208; x_wconf 80' lang='lat' dir='ltr'><strong><em>hic</em></strong></span> <span class='ocrx_word' id='word_1_689' title='bbox 3743 2172 3837 2208; x_wconf 86' lang='lat' dir='ltr'><strong><em>su-</em></strong></span> 
     </span>
    </p>
   </div>
   <div class='ocr_carea' id='block_1_98' title="bbox 2138 2226 3838 2300">
    <p class='ocr_par' dir='ltr' id='par_1_98' title="bbox 2138 2226 3838 2300">
     <span class='ocr_line' id='line_1_98' title="bbox 2138 2226 3838 2300; baseline 0 -22"><span class='ocrx_word' id='word_1_690' title='bbox 2138 2231 2376 2294; x_wconf 87' lang='lat' dir='ltr'><strong><em>persunt</em></strong></span> <span class='ocrx_word' id='word_1_691' title='bbox 2402 2226 2770 2300; x_wconf 79' lang='lat' dir='ltr'><strong><em>observanda.</em></strong></span> <span class='ocrx_word' id='word_1_692' title='bbox 2817 2230 3075 2282; x_wconf 86' lang='lat' dir='ltr'><strong><em>Primum</em></strong></span> <span class='ocrx_word' id='word_1_693' title='bbox 3107 2229 3342 2300; x_wconf 88' lang='lat' dir='ltr'><strong><em>quidem</em></strong></span> <span class='ocrx_word' id='word_1_694' title='bbox 3375 2227 3734 2300; x_wconf 85' lang='lat' dir='ltr'><strong><em>observanda</em></strong></span> <span class='ocrx_word' id='word_1_695' title='bbox 3755 2228 3838 2279; x_wconf 90' lang='lat' dir='ltr'><strong><em>vis</em></strong></span> 
     </span>
    </p>
   </div>
   <div class='ocr_carea' id='block_1_99' title="bbox 2137 2297 3836 2368">
    <p class='ocr_par' dir='ltr' id='par_1_99' title="bbox 2137 2297 3836 2368">
     <span class='ocr_line' id='line_1_99' title="bbox 2137 2297 3836 2368; baseline 0.001 -20"><span class='ocrx_word' id='word_1_696' title='bbox 2137 2312 2363 2368; x_wconf 55' lang='lat' dir='ltr'><strong><em>caesura?</em></strong></span> <span class='ocrx_word' id='word_1_697' title='bbox 2399 2298 2456 2349; x_wconf 92' lang='lat' dir='ltr'><strong><em>in</em></strong></span> <span class='ocrx_word' id='word_1_698' title='bbox 2490 2297 2576 2349; x_wconf 88' lang='lat' dir='ltr'><strong><em>bis</em></strong></span> <span class='ocrx_word' id='word_1_699' title='bbox 2602 2297 2809 2364; x_wconf 87' lang='lat' dir='ltr'><strong><em>verbis,</em></strong></span> <span class='ocrx_word' id='word_1_700' title='bbox 2839 2301 3019 2365; x_wconf 84' lang='lat' dir='ltr'><strong><em>felicis</em></strong></span> <span class='ocrx_word' id='word_1_701' title='bbox 3050 2297 3177 2354; x_wconf 79' lang='lat' dir='ltr'><strong><em>olim</em></strong></span> <span class='ocrx_word' id='word_1_702' title='bbox 3203 2316 3214 2354; x_wconf 91' lang='lat'>:</span> <span class='ocrx_word' id='word_1_703' title='bbox 3242 2316 3456 2354; x_wconf 64' lang='lat' dir='ltr'><strong><em>caesura</em></strong></span> <span class='ocrx_word' id='word_1_704' title='bbox 3486 2299 3666 2364; x_wconf 88' lang='lat' dir='ltr'><strong><em>enim,</em></strong></span> <span class='ocrx_word' id='word_1_705' title='bbox 3703 2314 3836 2368; x_wconf 68' lang='lat' dir='ltr'><strong><em>qua:</em></strong></span> 
     </span>
    </p>
   </div>
   <div class='ocr_carea' id='block_1_100' title="bbox 2137 2367 3836 2441">
    <p class='ocr_par' dir='ltr' id='par_1_100' title="bbox 2137 2367 3836 2441">
     <span class='ocr_line' id='line_1_100' title="bbox 2137 2367 3836 2441; baseline 0.002 -22"><span class='ocrx_word' id='word_1_706' title='bbox 2137 2367 2282 2420; x_wconf 89' lang='lat' dir='ltr'><strong><em>nihil</em></strong></span> <span class='ocrx_word' id='word_1_707' title='bbox 2307 2368 2580 2441; x_wconf 83' lang='lat' dir='ltr'><strong><em>aliudest</em></strong></span> <span class='ocrx_word' id='word_1_708' title='bbox 2614 2369 2673 2421; x_wconf 91' lang='lat' dir='ltr'><strong><em>in</em></strong></span> <span class='ocrx_word' id='word_1_709' title='bbox 2709 2386 2892 2430; x_wconf 81' lang='lat' dir='ltr'><strong><em>versu,</em></strong></span> <span class='ocrx_word' id='word_1_710' title='bbox 2938 2388 3109 2441; x_wconf 90' lang='lat' dir='ltr'><strong><em>quam</em></strong></span> <span class='ocrx_word' id='word_1_711' title='bbox 3151 2373 3378 2425; x_wconf 88' lang='lat' dir='ltr'><strong><em>residua</em></strong></span> <span class='ocrx_word' id='word_1_712' title='bbox 3411 2372 3620 2440; x_wconf 88' lang='lat' dir='ltr'><strong><em>prioris</em></strong></span> <span class='ocrx_word' id='word_1_713' title='bbox 3668 2367 3836 2423; x_wconf 74' lang='lat' dir='ltr'><strong><em>scan-</em></strong></span> 
     </span>
    </p>
   </div>
   <div class='ocr_carea' id='block_1_101' title="bbox 2134 2439 3835 2511">
    <p class='ocr_par' dir='ltr' id='par_1_101' title="bbox 2134 2439 3835 2511">
     <span class='ocr_line' id='line_1_101' title="bbox 2134 2439 3835 2511; baseline 0.001 -21"><span class='ocrx_word' id='word_1_714' title='bbox 2134 2441 2297 2511; x_wconf 81' lang='lat' dir='ltr'><strong><em>sionis</em></strong></span> <span class='ocrx_word' id='word_1_715' title='bbox 2331 2439 2566 2506; x_wconf 83' lang='lat' dir='ltr'><strong><em>syllaba,</em></strong></span> <span class='ocrx_word' id='word_1_716' title='bbox 2617 2456 2730 2509; x_wconf 87' lang='lat' dir='ltr'><strong><em>qua</em></strong></span> <span class='ocrx_word' id='word_1_717' title='bbox 2761 2439 3043 2510; x_wconf 81' lang='lat' dir='ltr'><strong><em>posterior</em></strong></span> <span class='ocrx_word' id='word_1_718' title='bbox 3085 2446 3295 2497; x_wconf 82' lang='lat' dir='ltr'><strong><em>scansio</em></strong></span> <span class='ocrx_word' id='word_1_719' title='bbox 3329 2439 3620 2511; x_wconf 79' lang='lat' dir='ltr'><strong><em>incipitur,</em></strong></span> <span class='ocrx_word' id='word_1_720' title='bbox 3655 2441 3835 2509; x_wconf 81' lang='lat' dir='ltr'><strong><em>sylla-</em></strong></span> 
     </span>
    </p>
   </div>
   <div class='ocr_carea' id='block_1_102' title="bbox 2135 2509 3829 2584">
    <p class='ocr_par' dir='ltr' id='par_1_102' title="bbox 2135 2509 3829 2584">
     <span class='ocr_line' id='line_1_102' title="bbox 2135 2509 3829 2584; baseline 0.001 -22"><span class='ocrx_word' id='word_1_721' title='bbox 2135 2509 2267 2584; x_wconf 76' lang='lat' dir='ltr'><strong><em>bam</em></strong></span> <span class='ocrx_word' id='word_1_722' title='bbox 2297 2512 2434 2584; x_wconf 81' lang='lat' dir='ltr'><strong><em>alias</em></strong></span> <span class='ocrx_word' id='word_1_723' title='bbox 2460 2511 2689 2584; x_wconf 79' lang='lat' dir='ltr'><strong><em>brevem</em></strong></span> <span class='ocrx_word' id='word_1_724' title='bbox 2737 2509 3056 2584; x_wconf 83' lang='lat' dir='ltr'><strong><em>producere</em></strong></span> <span class='ocrx_word' id='word_1_725' title='bbox 3088 2519 3308 2584; x_wconf 88' lang='lat' dir='ltr'><strong><em>potest;</em></strong></span> <span class='ocrx_word' id='word_1_726' title='bbox 3343 2509 3497 2584; x_wconf 82' lang='lat' dir='ltr'><strong><em>quod</em></strong></span> <span class='ocrx_word' id='word_1_727' title='bbox 3525 2512 3829 2584; x_wconf 84' lang='lat' dir='ltr'><strong><em>nimirum,</em></strong></span> 
     </span>
    </p>
   </div>
   <div class='ocr_carea' id='block_1_103' title="bbox 2134 2581 3836 2653">
    <p class='ocr_par' dir='ltr' id='par_1_103' title="bbox 2134 2581 3836 2653">
     <span class='ocr_line' id='line_1_103' title="bbox 2134 2581 3836 2653; baseline 0.002 -23"><span class='ocrx_word' id='word_1_728' title='bbox 2134 2581 2310 2633; x_wconf 90' lang='lat' dir='ltr'><strong><em>veluti</em></strong></span> <span class='ocrx_word' id='word_1_729' title='bbox 2355 2581 2583 2653; x_wconf 81' lang='lat' dir='ltr'><strong><em>initium</em></strong></span> <span class='ocrx_word' id='word_1_730' title='bbox 2616 2582 2906 2653; x_wconf 78' lang='lat' dir='ltr'><strong><em>sequentis</em></strong></span> <span class='ocrx_word' id='word_1_731' title='bbox 2950 2581 3232 2651; x_wconf 77' lang='lat' dir='ltr'><strong><em>vocabuli,</em></strong></span> <span class='ocrx_word' id='word_1_732' title='bbox 3262 2581 3600 2637; x_wconf 39' lang='lat' dir='ltr'><strong><em>ita&#39;elevari</em></strong></span> <span class='ocrx_word' id='word_1_733' title='bbox 3661 2583 3836 2636; x_wconf 83' lang='lat' dir='ltr'><strong><em>debet</em></strong></span> 
     </span>
    </p>
   </div>
   <div class='ocr_carea' id='block_1_104' title="bbox 2134 2652 3830 2725">
    <p class='ocr_par' dir='ltr' id='par_1_104' title="bbox 2134 2652 3830 2725">
     <span class='ocr_line' id='line_1_104' title="bbox 2134 2652 3830 2725; baseline 0.002 -23"><span class='ocrx_word' id='word_1_734' title='bbox 2134 2652 2582 2725; x_wconf 87' lang='lat' dir='ltr'><strong><em>pronuntiando,</em></strong></span> <span class='ocrx_word' id='word_1_735' title='bbox 2618 2660 2678 2706; x_wconf 86' lang='lat' dir='ltr'><strong><em>ut</em></strong></span> <span class='ocrx_word' id='word_1_736' title='bbox 2701 2652 2966 2724; x_wconf 82' lang='lat' dir='ltr'><strong><em>reliquas</em></strong></span> <span class='ocrx_word' id='word_1_737' title='bbox 3001 2656 3254 2725; x_wconf 72' lang='lat' dir='ltr'><strong><em>ejusdem</em></strong></span> <span class='ocrx_word' id='word_1_738' title='bbox 3291 2654 3548 2709; x_wconf 87' lang='lat' dir='ltr'><strong><em>vocabuli</em></strong></span> <span class='ocrx_word' id='word_1_739' title='bbox 3578 2654 3830 2724; x_wconf 77' lang='lat' dir='ltr'><strong><em>syllabas</em></strong></span> 
     </span>
    </p>
   </div>
   <div class='ocr_carea' id='block_1_105' title="bbox 2135 2723 3824 2798">
    <p class='ocr_par' dir='ltr' id='par_1_105' title="bbox 2135 2723 3824 2798">
     <span class='ocr_line' id='line_1_105' title="bbox 2135 2723 3824 2798; baseline 0.002 -26"><span class='ocrx_word' id='word_1_740' title='bbox 2135 2723 2416 2798; x_wconf 66' lang='lat' dir='ltr'><strong><em>sustinere</em></strong></span> <span class='ocrx_word' id='word_1_741' title='bbox 2449 2726 2667 2798; x_wconf 84' lang='lat' dir='ltr'><strong><em>possit:</em></strong></span> <span class='ocrx_word' id='word_1_742' title='bbox 2702 2723 2963 2795; x_wconf 84' lang='lat' dir='ltr'><strong><em>exempla</em></strong></span> <span class='ocrx_word' id='word_1_743' title='bbox 3003 2723 3135 2780; x_wconf 82' lang='lat' dir='ltr'><strong><em>sunt.</em></strong></span> <span class='ocrx_word' id='word_1_744' title='bbox 3188 2727 3394 2798; x_wconf 87' lang='lat' dir='ltr'><strong><em>cuique</em></strong></span> <span class='ocrx_word' id='word_1_745' title='bbox 3424 2728 3624 2780; x_wconf 77' lang='lat' dir='ltr'><strong><em>obvm:</em></strong></span> <span class='ocrx_word' id='word_1_746' title='bbox 3665 2725 3824 2794; x_wconf 75' lang='lat' dir='ltr'><strong><em>Virg.</em></strong></span> 
     </span>
    </p>
   </div>
   <div class='ocr_carea' id='block_1_106' title="bbox 2134 2793 2595 2861">
    <p class='ocr_par' dir='ltr' id='par_1_106' title="bbox 2134 2793 2595 2861">
     <span class='ocr_line' id='line_1_106' title="bbox 2134 2793 2595 2861; baseline 0.007 -16"><span class='ocrx_word' id='word_1_747' title='bbox 2134 2793 2261 2846; x_wconf 71' lang='lat' dir='ltr'><strong><em>zEn.</em></strong></span> <span class='ocrx_word' id='word_1_748' title='bbox 2298 2810 2372 2861; x_wconf 85' lang='lat' dir='ltr'><strong><em>iv,</em></strong></span> <span class='ocrx_word' id='word_1_749' title='bbox 2404 2811 2455 2846; x_wconf 93' lang='lat' dir='ltr'><strong><em>v.</em></strong></span> <span class='ocrx_word' id='word_1_750' title='bbox 2490 2796 2595 2848; x_wconf 65' lang='lat'><strong><em>64:</em></strong></span> 
     </span>
    </p>
   </div>
   <div class='ocr_carea' id='block_1_107' title="bbox 2246 2882 3558 2948">
    <p class='ocr_par' dir='ltr' id='par_1_107' title="bbox 2246 2882 3558 2948">
     <span class='ocr_line' id='line_1_107' title="bbox 2246 2882 3558 2948; baseline 0.003 -19"><span class='ocrx_word' id='word_1_751' title='bbox 2246 2909 2250 2916; x_wconf 74' lang='grc' dir='ltr'><strong><em>ι</em></strong></span> <span class='ocrx_word' id='word_1_752' title='bbox 2326 2882 2627 2931; x_wconf 88' lang='lat' dir='ltr'><strong><em>Pectoribus</em></strong></span> <span class='ocrx_word' id='word_1_753' title='bbox 2651 2883 2864 2933; x_wconf 86' lang='lat' dir='ltr'><strong><em>inhians</em></strong></span> <span class='ocrx_word' id='word_1_754' title='bbox 2894 2884 3147 2948; x_wconf 83' lang='lat' dir='ltr'><strong><em>spirantia</em></strong></span> <span class='ocrx_word' id='word_1_755' title='bbox 3167 2885 3397 2935; x_wconf 89' lang='lat' dir='ltr'><strong><em>consulit</em></strong></span> <span class='ocrx_word' id='word_1_756' title='bbox 3422 2889 3558 2934; x_wconf 83' lang='lat' dir='ltr'><strong><em>exta.</em></strong></span> 
     </span>
    </p>
   </div>
   <div class='ocr_carea' id='block_1_108' title="bbox 2210 2980 3835 3059">
    <p class='ocr_par' dir='ltr' id='par_1_108' title="bbox 2210 2980 3835 3059">
     <span class='ocr_line' id='line_1_108' title="bbox 2210 2980 3835 3059; baseline 0.002 -27"><span class='ocrx_word' id='word_1_757' title='bbox 2210 2980 2424 3059; x_wconf 83' lang='lat' dir='ltr'><strong><em>Deinde</em></strong></span> <span class='ocrx_word' id='word_1_758' title='bbox 2454 2980 2870 3059; x_wconf 87' lang='lat' dir='ltr'><strong><em>observandum</em></strong></span> <span class='ocrx_word' id='word_1_759' title='bbox 2905 2982 3227 3059; x_wconf 72' lang='lat' dir='ltr'><strong><em>discrimen,</em></strong></span> <span class='ocrx_word' id='word_1_760' title='bbox 3255 2984 3406 3054; x_wconf 92' lang='lat' dir='ltr'><strong><em>quod</em></strong></span> <span class='ocrx_word' id='word_1_761' title='bbox 3433 2981 3699 3059; x_wconf 83' lang='lat' dir='ltr'><strong><em>nonnulli</em></strong></span> <span class='ocrx_word' id='word_1_762' title='bbox 3733 2997 3835 3051; x_wconf 89' lang='lat' dir='ltr'><strong><em>po-</em></strong></span> 
     </span>
    </p>
   </div>
   <div class='ocr_carea' id='block_1_109' title="bbox 2136 3053 3836 3123">
    <p class='ocr_par' dir='ltr' id='par_1_109' title="bbox 2136 3053 3836 3123">
     <span class='ocr_line' id='line_1_109' title="bbox 2136 3053 3836 3123; baseline 0.002 -21"><span class='ocrx_word' id='word_1_763' title='bbox 2136 3057 2282 3103; x_wconf 91' lang='lat' dir='ltr'><strong><em>nunt</em></strong></span> <span class='ocrx_word' id='word_1_764' title='bbox 2307 3053 2456 3103; x_wconf 88' lang='lat' dir='ltr'><strong><em>inter</em></strong></span> <span class='ocrx_word' id='word_1_765' title='bbox 2480 3053 2756 3119; x_wconf 83' lang='lat' dir='ltr'><strong><em>juventus,</em></strong></span> <span class='ocrx_word' id='word_1_766' title='bbox 2802 3055 3077 3122; x_wconf 79' lang='lat' dir='ltr'><strong><em>juventus,</em></strong></span> <span class='ocrx_word' id='word_1_767' title='bbox 3110 3063 3166 3109; x_wconf 89' lang='lat' dir='ltr'><strong><em>et</em></strong></span> <span class='ocrx_word' id='word_1_768' title='bbox 3192 3053 3440 3123; x_wconf 72' lang='lat' dir='ltr'><strong><em>juventa:</em></strong></span> <span class='ocrx_word' id='word_1_769' title='bbox 3480 3070 3611 3107; x_wconf 87' lang='lat' dir='ltr'><strong><em>nam</em></strong></span> <span class='ocrx_word' id='word_1_770' title='bbox 3637 3055 3836 3121; x_wconf 79' lang='lat' dir='ltr'><strong><em>juven-</em></strong></span> 
     </span>
    </p>
   </div>
   <div class='ocr_carea' id='block_1_110' title="bbox 2136 3123 3830 3196">
    <p class='ocr_par' dir='ltr' id='par_1_110' title="bbox 2136 3123 3830 3196">
     <span class='ocr_line' id='line_1_110' title="bbox 2136 3123 3830 3196; baseline 0.002 -23"><span class='ocrx_word' id='word_1_771' title='bbox 2136 3127 2241 3196; x_wconf 67' lang='lat' dir='ltr'><strong><em>tus,</em></strong></span> <span class='ocrx_word' id='word_1_772' title='bbox 2269 3123 2556 3192; x_wconf 89' lang='lat' dir='ltr'><strong><em>inquiunt,</em></strong></span> <span class='ocrx_word' id='word_1_773' title='bbox 2580 3131 2663 3176; x_wconf 87' lang='lat' dir='ltr'><strong><em>est</em></strong></span> <span class='ocrx_word' id='word_1_774' title='bbox 2681 3125 3296 3196; x_wconf 88' lang='lat' dir='ltr'><strong><em>multitudojuvenum,</em></strong></span> <span class='ocrx_word' id='word_1_775' title='bbox 3314 3127 3574 3194; x_wconf 85' lang='lat' dir='ltr'><strong><em>juventas</em></strong></span> <span class='ocrx_word' id='word_1_776' title='bbox 3592 3133 3679 3177; x_wconf 80' lang='lat' dir='ltr'><strong><em>est</em></strong></span> <span class='ocrx_word' id='word_1_777' title='bbox 3701 3125 3830 3188; x_wconf 85' lang='lat' dir='ltr'><strong><em>dea,</em></strong></span> 
     </span>
    </p>
   </div>
   <div class='ocr_carea' id='block_1_111' title="bbox 2134 3194 3833 3261">
    <p class='ocr_par' dir='ltr' id='par_1_111' title="bbox 2134 3194 3833 3261">
     <span class='ocr_line' id='line_1_111' title="bbox 2134 3194 3833 3261; baseline 0.001 -15"><span class='ocrx_word' id='word_1_778' title='bbox 2134 3197 2190 3246; x_wconf 90' lang='lat' dir='ltr'><strong><em>et</em></strong></span> <span class='ocrx_word' id='word_1_779' title='bbox 2213 3194 2438 3261; x_wconf 85' lang='lat' dir='ltr'><strong><em>juventa</em></strong></span> <span class='ocrx_word' id='word_1_780' title='bbox 2473 3200 2643 3247; x_wconf 67' lang='lat' dir='ltr'><strong><em>mtas:</em></strong></span> <span class='ocrx_word' id='word_1_781' title='bbox 2678 3196 2773 3248; x_wconf 91' lang='lat' dir='ltr'><strong><em>sed</em></strong></span> <span class='ocrx_word' id='word_1_782' title='bbox 2805 3196 2928 3250; x_wconf 66' lang='lat' dir='ltr'><strong><em>haec</em></strong></span> <span class='ocrx_word' id='word_1_783' title='bbox 2975 3194 3090 3250; x_wconf 85' lang='lat' dir='ltr'><strong><em>non</em></strong></span> <span class='ocrx_word' id='word_1_784' title='bbox 3135 3203 3435 3250; x_wconf 88' lang='lat' dir='ltr'><strong><em>constant:</em></strong></span> <span class='ocrx_word' id='word_1_785' title='bbox 3471 3213 3603 3249; x_wconf 88' lang='lat' dir='ltr'><strong><em>nam</em></strong></span> <span class='ocrx_word' id='word_1_786' title='bbox 3645 3195 3833 3248; x_wconf 86' lang='lat' dir='ltr'><strong><em>Sallu-</em></strong></span> 
     </span>
    </p>
   </div>
   <div class='ocr_carea' id='block_1_112' title="bbox 2134 3264 3831 3332">
    <p class='ocr_par' dir='ltr' id='par_1_112' title="bbox 2134 3264 3831 3332">
     <span class='ocr_line' id='line_1_112' title="bbox 2134 3264 3831 3332; baseline 0.002 -16"><span class='ocrx_word' id='word_1_787' title='bbox 2134 3264 2275 3316; x_wconf 88' lang='lat' dir='ltr'><strong><em>stius</em></strong></span> <span class='ocrx_word' id='word_1_788' title='bbox 2320 3264 2681 3332; x_wconf 89' lang='lat' dir='ltr'><strong><em>juventutem</em></strong></span> <span class='ocrx_word' id='word_1_789' title='bbox 2726 3267 2943 3320; x_wconf 81' lang='lat' dir='ltr'><strong><em>vocavit</em></strong></span> <span class='ocrx_word' id='word_1_790' title='bbox 2990 3273 3238 3322; x_wconf 64' lang='lat' dir='ltr'><strong><em>aetatem.</em></strong></span> <span class='ocrx_word' id='word_1_791' title='bbox 3283 3269 3572 3322; x_wconf 88' lang='lat' dir='ltr'><strong><em>Postremo</em></strong></span> <span class='ocrx_word' id='word_1_792' title='bbox 3624 3267 3831 3320; x_wconf 84' lang='lat' dir='ltr'><strong><em>obser-</em></strong></span> 
     </span>
    </p>
   </div>
   <div class='ocr_carea' id='block_1_113' title="bbox 2133 3336 3831 3408">
    <p class='ocr_par' dir='ltr' id='par_1_113' title="bbox 2133 3336 3831 3408">
     <span class='ocr_line' id='line_1_113' title="bbox 2133 3336 3831 3408; baseline 0.002 -22"><span class='ocrx_word' id='word_1_793' title='bbox 2133 3336 2320 3388; x_wconf 89' lang='lat' dir='ltr'><strong><em>vanda</em></strong></span> <span class='ocrx_word' id='word_1_794' title='bbox 2352 3341 2487 3388; x_wconf 55' lang='lat' dir='ltr'><strong><em>astas</em></strong></span> <span class='ocrx_word' id='word_1_795' title='bbox 2527 3337 2731 3402; x_wconf 88' lang='lat' dir='ltr'><strong><em>Boetii,</em></strong></span> <span class='ocrx_word' id='word_1_796' title='bbox 2765 3339 2862 3408; x_wconf 88' lang='lat' dir='ltr'><strong><em>qui</em></strong></span> <span class='ocrx_word' id='word_1_797' title='bbox 2922 3342 3182 3408; x_wconf 88' lang='lat' dir='ltr'><strong><em>quamvis</em></strong></span> <span class='ocrx_word' id='word_1_798' title='bbox 3229 3340 3321 3392; x_wconf 90' lang='lat' dir='ltr'><strong><em>hic</em></strong></span> <span class='ocrx_word' id='word_1_799' title='bbox 3376 3340 3627 3408; x_wconf 81' lang='lat' dir='ltr'><strong><em>seipsum</em></strong></span> <span class='ocrx_word' id='word_1_800' title='bbox 3677 3338 3831 3390; x_wconf 83' lang='lat' dir='ltr'><strong><em>dicat</em></strong></span> 
     </span>
    </p>
   </div>
   <div class='ocr_carea' id='block_1_114' title="bbox 2133 3410 3832 3476">
    <p class='ocr_par' dir='ltr' id='par_1_114' title="bbox 2133 3410 3832 3476">
     <span class='ocr_line' id='line_1_114' title="bbox 2133 3410 3832 3476; baseline 0.002 -19"><span class='ocrx_word' id='word_1_801' title='bbox 2133 3422 2350 3471; x_wconf 89' lang='lat' dir='ltr'><strong><em>senem,</em></strong></span> <span class='ocrx_word' id='word_1_802' title='bbox 2384 3413 2504 3459; x_wconf 89' lang='lat' dir='ltr'><strong><em>tum</em></strong></span> <span class='ocrx_word' id='word_1_803' title='bbox 2538 3417 2754 3475; x_wconf 84' lang='lat' dir='ltr'><strong><em>tamen,</em></strong></span> <span class='ocrx_word' id='word_1_804' title='bbox 2788 3425 2915 3462; x_wconf 88' lang='lat' dir='ltr'><strong><em>cum</em></strong></span> <span class='ocrx_word' id='word_1_805' title='bbox 2945 3412 3062 3463; x_wconf 78' lang='lat' dir='ltr'><strong><em>lucc</em></strong></span> <span class='ocrx_word' id='word_1_806' title='bbox 3085 3411 3377 3476; x_wconf 85' lang='lat' dir='ltr'><strong><em>scriberet,</em></strong></span> <span class='ocrx_word' id='word_1_807' title='bbox 3401 3410 3662 3462; x_wconf 88' lang='lat' dir='ltr'><strong><em>nondum</em></strong></span> <span class='ocrx_word' id='word_1_808' title='bbox 3699 3410 3832 3460; x_wconf 82' lang='lat' dir='ltr'><strong><em>atti-</em></strong></span> 
     </span>
    </p>
   </div>
   <div class='ocr_carea' id='block_1_115' title="bbox 2132 3478 3830 3549">
    <p class='ocr_par' dir='ltr' id='par_1_115' title="bbox 2132 3478 3830 3549">
     <span class='ocr_line' id='line_1_115' title="bbox 2132 3478 3830 3549; baseline 0.002 -21"><span class='ocrx_word' id='word_1_809' title='bbox 2132 3483 2292 3549; x_wconf 87' lang='lat' dir='ltr'><strong><em>gerat</em></strong></span> <span class='ocrx_word' id='word_1_810' title='bbox 2323 3478 2860 3547; x_wconf 88' lang='lat' dir='ltr'><strong><em>quinquagesimum</em></strong></span> <span class='ocrx_word' id='word_1_811' title='bbox 2885 3482 3068 3534; x_wconf 76' lang='lat' dir='ltr'><strong><em>zetatis</em></strong></span> <span class='ocrx_word' id='word_1_812' title='bbox 3098 3499 3211 3534; x_wconf 68' lang='lat' dir='ltr'><strong><em>sua:</em></strong></span> <span class='ocrx_word' id='word_1_813' title='bbox 3239 3497 3452 3534; x_wconf 88' lang='lat' dir='ltr'><strong><em>annum</em></strong></span> <span class='ocrx_word' id='word_1_814' title='bbox 3479 3497 3491 3533; x_wconf 93' lang='lat'><strong><em>:</em></strong></span> <span class='ocrx_word' id='word_1_815' title='bbox 3516 3484 3830 3549; x_wconf 85' lang='lat' dir='ltr'><strong><em>propterea</em></strong></span> 
     </span>
    </p>
   </div>
   <div class='ocr_carea' id='block_1_116' title="bbox 2133 3548 3828 3628">
    <p class='ocr_par' dir='ltr' id='par_1_116' title="bbox 2133 3548 3828 3628">
     <span class='ocr_line' id='line_1_116' title="bbox 2133 3548 3828 3628; baseline 0.002 -30"><span class='ocrx_word' id='word_1_816' title='bbox 2133 3548 2292 3627; x_wconf 79' lang='lat' dir='ltr'><strong><em>addit</em></strong></span> <span class='ocrx_word' id='word_1_817' title='bbox 2319 3565 2375 3600; x_wconf 91' lang='lat' dir='ltr'><strong><em>se</em></strong></span> <span class='ocrx_word' id='word_1_818' title='bbox 2406 3564 2525 3628; x_wconf 82' lang='lat' dir='ltr'><strong><em>non</em></strong></span> <span class='ocrx_word' id='word_1_819' title='bbox 2571 3556 2684 3603; x_wconf 84' lang='lat' dir='ltr'><strong><em>tam</em></strong></span> <span class='ocrx_word' id='word_1_820' title='bbox 2719 3567 3023 3620; x_wconf 86' lang='lat' dir='ltr'><strong><em>annorum,</em></strong></span> <span class='ocrx_word' id='word_1_821' title='bbox 3054 3568 3227 3622; x_wconf 90' lang='lat' dir='ltr'><strong><em>quam</em></strong></span> <span class='ocrx_word' id='word_1_822' title='bbox 3256 3548 3646 3606; x_wconf 70' lang='lat' dir='ltr'><strong><em>aerumnarum</em></strong></span> <span class='ocrx_word' id='word_1_823' title='bbox 3677 3551 3828 3604; x_wconf 89' lang='lat' dir='ltr'><strong><em>serie</em></strong></span> 
     </span>
    </p>
   </div>
   <div class='ocr_carea' id='block_1_117' title="bbox 2133 3634 2513 3673">
    <p class='ocr_par' dir='ltr' id='par_1_117' title="bbox 2133 3634 2513 3673">
     <span class='ocr_line' id='line_1_117' title="bbox 2133 3634 2513 3673; baseline 0.008 -3"><span class='ocrx_word' id='word_1_824' title='bbox 2133 3634 2383 3671; x_wconf 84' lang='lat' dir='ltr'><strong><em>senuisse</em></strong></span> <span class='ocrx_word' id='word_1_825' title='bbox 2415 3635 2513 3673; x_wconf 89' lang='lat' dir='ltr'><strong><em>SlC.</em></strong></span> 
     </span>
    </p>
   </div>
   <div class='ocr_carea' id='block_1_118' title="bbox 2202 3691 3827 3763">
    <p class='ocr_par' dir='ltr' id='par_1_118' title="bbox 2202 3691 3827 3763">
     <span class='ocr_line' id='line_1_118' title="bbox 2202 3691 3827 3763; baseline 0.002 -22"><span class='ocrx_word' id='word_1_826' title='bbox 2202 3692 2295 3763; x_wconf 33' lang='grc' dir='ltr'><strong><em>9.-Δ</em></strong></span> <span class='ocrx_word' id='word_1_827' title='bbox 2321 3691 2570 3763; x_wconf 86' lang='lat' dir='ltr'><strong><em>Venit....</em></strong></span> <span class='ocrx_word' id='word_1_828' title='bbox 2605 3691 2895 3763; x_wconf 65' lang='lat' dir='ltr'><strong><em>senectus]</em></strong></span> <span class='ocrx_word' id='word_1_829' title='bbox 2930 3694 3226 3748; x_wconf 83' lang='lat' dir='ltr'><strong><em>Rationem</em></strong></span> <span class='ocrx_word' id='word_1_830' title='bbox 3259 3693 3421 3747; x_wconf 77' lang='lat' dir='ltr'><strong><em>affert</em></strong></span> <span class='ocrx_word' id='word_1_831' title='bbox 3465 3693 3695 3746; x_wconf 89' lang='lat' dir='ltr'><strong><em>Boetius</em></strong></span> <span class='ocrx_word' id='word_1_832' title='bbox 3721 3709 3827 3745; x_wconf 89' lang='lat' dir='ltr'><strong><em>cur</em></strong></span> 
     </span>
    </p>
   </div>
   <div class='ocr_carea' id='block_1_119' title="bbox 2132 3759 3824 3836">
    <p class='ocr_par' dir='ltr' id='par_1_119' title="bbox 2132 3759 3824 3836">
     <span class='ocr_line' id='line_1_119' title="bbox 2132 3759 3824 3836; baseline 0.002 -24"><span class='ocrx_word' id='word_1_833' title='bbox 2132 3759 2474 3836; x_wconf 14' lang='lat' dir='ltr'><strong><em>s_e__dixerit_g</em></strong></span> <span class='ocrx_word' id='word_1_834' title='bbox 2505 3778 2716 3836; x_wconf 84' lang='lat' dir='ltr'><strong><em>senem.</em></strong></span> <span class='ocrx_word' id='word_1_835' title='bbox 2770 3759 3042 3818; x_wconf 53' lang='lat' dir='ltr'><strong><em>Sen—actus</em></strong></span> <span class='ocrx_word' id='word_1_836' title='bbox 3091 3766 3324 3836; x_wconf 90' lang='lat' dir='ltr'><strong><em>quippe,</em></strong></span> <span class='ocrx_word' id='word_1_837' title='bbox 3377 3781 3524 3836; x_wconf 66' lang='lat' dir='ltr'><strong><em>quia,</em></strong></span> <span class='ocrx_word' id='word_1_838' title='bbox 3591 3769 3824 3836; x_wconf 84' lang='lat' dir='ltr'><strong><em>auctore</em></strong></span> 
     </span>
    </p>
   </div>
   <div class='ocr_carea' id='block_1_120' title="bbox 2130 3831 3824 3904">
    <p class='ocr_par' dir='ltr' id='par_1_120' title="bbox 2130 3831 3824 3904">
     <span class='ocr_line' id='line_1_120' title="bbox 2130 3831 3824 3904; baseline 0.002 -20"><span class='ocrx_word' id='word_1_839' title='bbox 2130 3831 2598 3904; x_wconf 32' lang='lat' dir='ltr'><strong><em>TullioLdeliniri</em></strong></span> <span class='ocrx_word' id='word_1_840' title='bbox 2638 3839 2828 3903; x_wconf 89' lang='lat' dir='ltr'><strong><em>potest</em></strong></span> <span class='ocrx_word' id='word_1_841' title='bbox 2875 3831 3279 3902; x_wconf 44' lang='lat' dir='ltr'><strong><em>occasus-vitae,</em></strong></span> <span class='ocrx_word' id='word_1_842' title='bbox 3313 3831 3488 3889; x_wconf 52' lang='lat' dir='ltr'><strong><em>ex&#39;eo</em></strong></span> <span class='ocrx_word' id='word_1_843' title='bbox 3534 3835 3824 3904; x_wconf 85' lang='lat' dir='ltr'><strong><em>contingit</em></strong></span> 
     </span>
    </p>
   </div>
   <div class='ocr_carea' id='block_1_121' title="bbox 2131 3901 3822 3978">
    <p class='ocr_par' dir='ltr' id='par_1_121' title="bbox 2131 3901 3822 3978">
     <span class='ocr_line' id='line_1_121' title="bbox 2131 3901 3822 3978; baseline 0.002 -24"><span class='ocrx_word' id='word_1_844' title='bbox 2131 3904 2279 3971; x_wconf 90' lang='lat' dir='ltr'><strong><em>quod</em></strong></span> <span class='ocrx_word' id='word_1_845' title='bbox 2307 3901 2484 3969; x_wconf 87' lang='lat' dir='ltr'><strong><em>ﬁbris,</em></strong></span> <span class='ocrx_word' id='word_1_846' title='bbox 2519 3921 2586 3957; x_wconf 85' lang='lat' dir='ltr'><strong><em>ex</em></strong></span> <span class='ocrx_word' id='word_1_847' title='bbox 2616 3901 2824 3978; x_wconf 72' lang='lat' dir='ltr'><strong><em>quibus</em></strong></span> <span class='ocrx_word' id='word_1_848' title='bbox 2853 3907 3045 3961; x_wconf 68' lang='lat' dir='ltr'><strong><em>solidae</em></strong></span> <span class='ocrx_word' id='word_1_849' title='bbox 3081 3901 3331 3978; x_wconf 86' lang='lat' dir='ltr'><strong><em>corporis</em></strong></span> <span class='ocrx_word' id='word_1_850' title='bbox 3363 3906 3597 3960; x_wconf 83' lang='lat' dir='ltr'><strong><em>animati</em></strong></span> <span class='ocrx_word' id='word_1_851' title='bbox 3630 3901 3822 3975; x_wconf 70' lang='lat' dir='ltr'><strong><em>partes</em></strong></span> 
     </span>
    </p>
   </div>
   <div class='ocr_carea' id='block_1_122' title="bbox 2131 3975 3821 4048">
    <p class='ocr_par' dir='ltr' id='par_1_122' title="bbox 2131 3975 3821 4048">
     <span class='ocr_line' id='line_1_122' title="bbox 2131 3975 3821 4048; baseline 0.002 -23"><span class='ocrx_word' id='word_1_852' title='bbox 2131 3978 2410 4048; x_wconf 79' lang='lat' dir='ltr'><strong><em>constant,</em></strong></span> <span class='ocrx_word' id='word_1_853' title='bbox 2444 3975 2763 4048; x_wconf 85' lang='lat' dir='ltr'><strong><em>retardatis,</em></strong></span> <span class='ocrx_word' id='word_1_854' title='bbox 2797 3978 3012 4032; x_wconf 65' lang='lat' dir='ltr'><strong><em>eaedem</em></strong></span> <span class='ocrx_word' id='word_1_855' title='bbox 3046 3975 3231 4048; x_wconf 80' lang='lat' dir='ltr'><strong><em>partes</em></strong></span> <span class='ocrx_word' id='word_1_856' title='bbox 3271 3979 3465 4032; x_wconf 75' lang='lat' dir='ltr'><strong><em>solidae.</em></strong></span> <span class='ocrx_word' id='word_1_857' title='bbox 3499 3978 3568 4030; x_wconf 89' lang='lat' dir='ltr'><strong><em>ad</em></strong></span> <span class='ocrx_word' id='word_1_858' title='bbox 3597 3983 3821 4031; x_wconf 86' lang='lat' dir='ltr'><strong><em>tantam</em></strong></span> 
     </span>
    </p>
   </div>
   <div class='ocr_carea' id='block_1_123' title="bbox 2130 4045 3820 4114">
    <p class='ocr_par' dir='ltr' id='par_1_123' title="bbox 2130 4045 3820 4114">
     <span class='ocr_line' id='line_1_123' title="bbox 2130 4045 3820 4114; baseline 0.002 -18"><span class='ocrx_word' id='word_1_859' title='bbox 2130 4045 2402 4097; x_wconf 89' lang='lat' dir='ltr'><strong><em>duritiem</em></strong></span> <span class='ocrx_word' id='word_1_860' title='bbox 2437 4045 2796 4114; x_wconf 84' lang='lat' dir='ltr'><strong><em>perveniant,</em></strong></span> <span class='ocrx_word' id='word_1_861' title='bbox 2829 4055 2890 4101; x_wconf 89' lang='lat' dir='ltr'><strong><em>ut</em></strong></span> <span class='ocrx_word' id='word_1_862' title='bbox 2918 4045 3232 4103; x_wconf 44' lang='lat' dir='ltr'><strong><em>non—modo</em></strong></span> <span class='ocrx_word' id='word_1_863' title='bbox 3266 4065 3379 4102; x_wconf 92' lang='lat' dir='ltr'><strong><em>non</em></strong></span> <span class='ocrx_word' id='word_1_864' title='bbox 3408 4055 3684 4112; x_wconf 87' lang='lat' dir='ltr'><strong><em>crescant,</em></strong></span> <span class='ocrx_word' id='word_1_865' title='bbox 3721 4049 3820 4101; x_wconf 86' lang='lat' dir='ltr'><strong><em>sed</em></strong></span> 
     </span>
    </p>
   </div>
   <div class='ocr_carea' id='block_1_124' title="bbox 2131 4117 3821 4189">
    <p class='ocr_par' dir='ltr' id='par_1_124' title="bbox 2131 4117 3821 4189">
     <span class='ocr_line' id='line_1_124' title="bbox 2131 4117 3821 4189; baseline 0.003 -22"><span class='ocrx_word' id='word_1_866' title='bbox 2131 4131 2234 4189; x_wconf 87' lang='lat' dir='ltr'><strong><em>nec</em></strong></span> <span class='ocrx_word' id='word_1_867' title='bbox 2260 4117 2468 4168; x_wconf 88' lang='lat' dir='ltr'><strong><em>nutriri</em></strong></span> <span class='ocrx_word' id='word_1_868' title='bbox 2509 4118 2754 4186; x_wconf 88' lang='lat' dir='ltr'><strong><em>possint.</em></strong></span> <span class='ocrx_word' id='word_1_869' title='bbox 2805 4120 2945 4173; x_wconf 90' lang='lat' dir='ltr'><strong><em>Hinc</em></strong></span> <span class='ocrx_word' id='word_1_870' title='bbox 2986 4121 3243 4184; x_wconf 88' lang='lat' dir='ltr'><strong><em>canities,</em></strong></span> <span class='ocrx_word' id='word_1_871' title='bbox 3288 4136 3444 4189; x_wconf 68' lang='lat' dir='ltr'><strong><em>rugm</em></strong></span> <span class='ocrx_word' id='word_1_872' title='bbox 3496 4125 3552 4172; x_wconf 87' lang='lat' dir='ltr'><strong><em>et</em></strong></span> <span class='ocrx_word' id='word_1_873' title='bbox 3599 4125 3821 4172; x_wconf 87' lang='lat' dir='ltr'><strong><em>tremor</em></strong></span> 
     </span>
    </p>
   </div>
   <div class='ocr_carea' id='block_1_125' title="bbox 2130 4187 3819 4260">
    <p class='ocr_par' dir='ltr' id='par_1_125' title="bbox 2130 4187 3819 4260">
     <span class='ocr_line' id='line_1_125' title="bbox 2130 4187 3819 4260; baseline 0.001 -20"><span class='ocrx_word' id='word_1_874' title='bbox 2130 4187 2414 4240; x_wconf 91' lang='lat' dir='ltr'><strong><em>oriuntur.</em></strong></span> <span class='ocrx_word' id='word_1_875' title='bbox 2449 4189 2696 4242; x_wconf 88' lang='lat' dir='ltr'><strong><em>Canities</em></strong></span> <span class='ocrx_word' id='word_1_876' title='bbox 2749 4191 2981 4260; x_wconf 89' lang='lat' dir='ltr'><strong><em>quidem</em></strong></span> <span class='ocrx_word' id='word_1_877' title='bbox 3023 4209 3056 4245; x_wconf 88' lang='lat' dir='ltr'><strong><em>a</em></strong></span> <span class='ocrx_word' id='word_1_878' title='bbox 3093 4187 3382 4244; x_wconf 82' lang='lat' dir='ltr'><strong><em>senectute</em></strong></span> <span class='ocrx_word' id='word_1_879' title='bbox 3424 4191 3606 4243; x_wconf 90' lang='lat' dir='ltr'><strong><em>oritur</em></strong></span> <span class='ocrx_word' id='word_1_880' title='bbox 3659 4191 3819 4260; x_wconf 89' lang='lat' dir='ltr'><strong><em>quod</em></strong></span> 
     </span>
    </p>
   </div>
   <div class='ocr_carea' id='block_1_126' title="bbox 2125 4261 3821 4332">
    <p class='ocr_par' dir='ltr' id='par_1_126' title="bbox 2125 4261 3821 4332">
     <span class='ocr_line' id='line_1_126' title="bbox 2125 4261 3821 4332; baseline 0.002 -22"><span class='ocrx_word' id='word_1_881' title='bbox 2125 4273 2324 4311; x_wconf 90' lang='lat' dir='ltr'><strong><em>succus</em></strong></span> <span class='ocrx_word' id='word_1_882' title='bbox 2357 4274 2423 4311; x_wconf 85' lang='lat' dir='ltr'><strong><em>ex</em></strong></span> <span class='ocrx_word' id='word_1_883' title='bbox 2455 4275 2568 4328; x_wconf 91' lang='lat' dir='ltr'><strong><em>quo</em></strong></span> <span class='ocrx_word' id='word_1_884' title='bbox 2603 4261 2750 4314; x_wconf 84' lang='lat' dir='ltr'><strong><em>tiunt</em></strong></span> <span class='ocrx_word' id='word_1_885' title='bbox 2797 4262 3008 4332; x_wconf 87' lang='lat' dir='ltr'><strong><em>capilli,</em></strong></span> <span class='ocrx_word' id='word_1_886' title='bbox 3053 4263 3243 4316; x_wconf 91' lang='lat' dir='ltr'><strong><em>minus</em></strong></span> <span class='ocrx_word' id='word_1_887' title='bbox 3265 4267 3422 4315; x_wconf 87' lang='lat' dir='ltr'><strong><em>actus</em></strong></span> <span class='ocrx_word' id='word_1_888' title='bbox 3455 4262 3821 4332; x_wconf 88' lang='lat' dir='ltr'><strong><em>corpusculo-</em></strong></span> 
     </span>
    </p>
   </div>
   <div class='ocr_carea' id='block_1_127' title="bbox 2123 4331 3820 4403">
    <p class='ocr_par' dir='ltr' id='par_1_127' title="bbox 2123 4331 3820 4403">
     <span class='ocr_line' id='line_1_127' title="bbox 2123 4331 3820 4403; baseline 0.002 -22"><span class='ocrx_word' id='word_1_889' title='bbox 2123 4344 2251 4403; x_wconf 79' lang='lat' dir='ltr'><strong><em>rum</em></strong></span> <span class='ocrx_word' id='word_1_890' title='bbox 2281 4334 2659 4403; x_wconf 87' lang='lat' dir='ltr'><strong><em>rotundorum</em></strong></span> <span class='ocrx_word' id='word_1_891' title='bbox 2691 4331 2936 4401; x_wconf 82' lang='lat' dir='ltr'><strong><em>ﬁguram</em></strong></span> <span class='ocrx_word' id='word_1_892' title='bbox 2959 4334 3146 4386; x_wconf 90' lang='lat' dir='ltr'><strong><em>induit</em></strong></span> <span class='ocrx_word' id='word_1_893' title='bbox 3171 4350 3185 4387; x_wconf 89' lang='lat'><strong><em>:</em></strong></span> <span class='ocrx_word' id='word_1_894' title='bbox 3219 4339 3523 4403; x_wconf 85' lang='lat' dir='ltr'><strong><em>propterea</em></strong></span> <span class='ocrx_word' id='word_1_895' title='bbox 3553 4331 3713 4384; x_wconf 88' lang='lat' dir='ltr'><strong><em>enim</em></strong></span> <span class='ocrx_word' id='word_1_896' title='bbox 3739 4333 3820 4385; x_wconf 82' lang='lat' dir='ltr'><strong><em>al-</em></strong></span> 
     </span>
    </p>
   </div>
   <div class='ocr_carea' id='block_1_128' title="bbox 2122 4399 3817 4474">
    <p class='ocr_par' dir='ltr' id='par_1_128' title="bbox 2122 4399 3817 4474">
     <span class='ocr_line' id='line_1_128' title="bbox 2122 4399 3817 4474; baseline 0.002 -22"><span class='ocrx_word' id='word_1_897' title='bbox 2122 4399 2360 4453; x_wconf 87' lang='lat' dir='ltr'><strong><em>bescunt</em></strong></span> <span class='ocrx_word' id='word_1_898' title='bbox 2391 4401 2506 4465; x_wconf 84' lang='lat' dir='ltr'><strong><em>nix,</em></strong></span> <span class='ocrx_word' id='word_1_899' title='bbox 2535 4418 2658 4468; x_wconf 89' lang='lat' dir='ltr'><strong><em>ova,</em></strong></span> <span class='ocrx_word' id='word_1_900' title='bbox 2692 4399 2906 4469; x_wconf 76' lang='lat' dir='ltr'><strong><em>cliarta,</em></strong></span> <span class='ocrx_word' id='word_1_901' title='bbox 2939 4404 3124 4474; x_wconf 91' lang='lat' dir='ltr'><strong><em>ipsum</em></strong></span> <span class='ocrx_word' id='word_1_902' title='bbox 3151 4399 3737 4458; x_wconf 40' lang='lat' dir='ltr'><strong><em>etiam—atramentum</em></strong></span> <span class='ocrx_word' id='word_1_903' title='bbox 3757 4404 3817 4455; x_wconf 89' lang='lat' dir='ltr'><strong><em>in</em></strong></span> 
     </span>
    </p>
   </div>
   <div class='ocr_carea' id='block_1_129' title="bbox 2121 4475 3817 4545">
    <p class='ocr_par' dir='ltr' id='par_1_129' title="bbox 2121 4475 3817 4545">
     <span class='ocr_line' id='line_1_129' title="bbox 2121 4475 3817 4545; baseline 0.002 -22"><span class='ocrx_word' id='word_1_904' title='bbox 2121 4487 2386 4545; x_wconf 85' lang='lat' dir='ltr'><strong><em>spumam</em></strong></span> <span class='ocrx_word' id='word_1_905' title='bbox 2437 4489 2812 4528; x_wconf 90' lang='lat' dir='ltr'><strong><em>conversum:</em></strong></span> <span class='ocrx_word' id='word_1_906' title='bbox 2867 4483 3174 4545; x_wconf 87' lang='lat' dir='ltr'><strong><em>propterea</em></strong></span> <span class='ocrx_word' id='word_1_907' title='bbox 3229 4476 3579 4529; x_wconf 85' lang='lat' dir='ltr'><strong><em>caudescunt</em></strong></span> <span class='ocrx_word' id='word_1_908' title='bbox 3635 4475 3817 4527; x_wconf 87' lang='lat' dir='ltr'><strong><em>lintea</em></strong></span> 
     </span>
    </p>
   </div>
   <div class='ocr_carea' id='block_1_130' title="bbox 2121 4544 3817 4615">
    <p class='ocr_par' dir='ltr' id='par_1_130' title="bbox 2121 4544 3817 4615">
     <span class='ocr_line' id='line_1_130' title="bbox 2121 4544 3817 4615; baseline 0.002 -21"><span class='ocrx_word' id='word_1_909' title='bbox 2121 4544 2235 4594; x_wconf 88' lang='lat' dir='ltr'><strong><em>rori</em></strong></span> <span class='ocrx_word' id='word_1_910' title='bbox 2257 4544 2478 4613; x_wconf 89' lang='lat' dir='ltr'><strong><em>solique</em></strong></span> <span class='ocrx_word' id='word_1_911' title='bbox 2509 4545 2800 4614; x_wconf 86' lang='lat' dir='ltr'><strong><em>exposita:</em></strong></span> <span class='ocrx_word' id='word_1_912' title='bbox 2829 4544 3058 4599; x_wconf 33' lang='lat' dir='ltr'><strong><em>hinc’si</em></strong></span> <span class='ocrx_word' id='word_1_913' title='bbox 3088 4546 3287 4600; x_wconf 89' lang='lat' dir='ltr'><strong><em>eadem</em></strong></span> <span class='ocrx_word' id='word_1_914' title='bbox 3319 4546 3659 4615; x_wconf 87' lang='lat' dir='ltr'><strong><em>capillorum</em></strong></span> <span class='ocrx_word' id='word_1_915' title='bbox 3693 4561 3817 4598; x_wconf 84' lang='lat' dir='ltr'><strong><em>ma-</em></strong></span> 
     </span>
    </p>
   </div>
   <div class='ocr_carea' id='block_1_131' title="bbox 2119 4615 3817 4688">
    <p class='ocr_par' dir='ltr' id='par_1_131' title="bbox 2119 4615 3817 4688">
     <span class='ocr_line' id='line_1_131' title="bbox 2119 4615 3817 4688; baseline 0.002 -22"><span class='ocrx_word' id='word_1_916' title='bbox 2119 4615 2282 4680; x_wconf 91' lang='lat' dir='ltr'><strong><em>teria,</em></strong></span> <span class='ocrx_word' id='word_1_917' title='bbox 2317 4621 2650 4688; x_wconf 84' lang='lat' dir='ltr'><strong><em>recuperato</em></strong></span> <span class='ocrx_word' id='word_1_918' title='bbox 2705 4632 2809 4670; x_wconf 90' lang='lat' dir='ltr'><strong><em>suo</em></strong></span> <span class='ocrx_word' id='word_1_919' title='bbox 2840 4617 3081 4688; x_wconf 82' lang='lat' dir='ltr'><strong><em>pristino</em></strong></span> <span class='ocrx_word' id='word_1_920' title='bbox 3137 4625 3318 4682; x_wconf 89' lang='lat' dir='ltr'><strong><em>motu,</em></strong></span> <span class='ocrx_word' id='word_1_921' title='bbox 3361 4618 3509 4671; x_wconf 85' lang='lat' dir='ltr'><strong><em>hanc</em></strong></span> <span class='ocrx_word' id='word_1_922' title='bbox 3565 4618 3817 4688; x_wconf 80' lang='lat' dir='ltr'><strong><em>ﬁguram</em></strong></span> 
     </span>
    </p>
   </div>
   <div class='ocr_carea' id='block_1_132' title="bbox 2120 4686 3819 4758">
    <p class='ocr_par' dir='ltr' id='par_1_132' title="bbox 2120 4686 3819 4758">
     <span class='ocr_line' id='line_1_132' title="bbox 2120 4686 3819 4758; baseline 0.002 -22"><span class='ocrx_word' id='word_1_923' title='bbox 2120 4689 2326 4758; x_wconf 76' lang='lat' dir='ltr'><strong><em>mutet,</em></strong></span> <span class='ocrx_word' id='word_1_924' title='bbox 2351 4686 2588 4758; x_wconf 83' lang='lat' dir='ltr'><strong><em>canities</em></strong></span> <span class='ocrx_word' id='word_1_925' title='bbox 2618 4686 2884 4742; x_wconf 76' lang='lat' dir='ltr'><strong><em>exuitur:</em></strong></span> <span class='ocrx_word' id='word_1_926' title='bbox 2935 4693 2997 4742; x_wconf 91' lang='lat' dir='ltr'><strong><em>ut</em></strong></span> <span class='ocrx_word' id='word_1_927' title='bbox 3038 4689 3099 4742; x_wconf 90' lang='lat' dir='ltr'><strong><em>in</em></strong></span> <span class='ocrx_word' id='word_1_928' title='bbox 3126 4689 3194 4741; x_wconf 88' lang='lat' dir='ltr'><strong><em>iis</em></strong></span> <span class='ocrx_word' id='word_1_929' title='bbox 3227 4688 3536 4758; x_wconf 86' lang='lat' dir='ltr'><strong><em>aliquando</em></strong></span> <span class='ocrx_word' id='word_1_930' title='bbox 3565 4687 3819 4756; x_wconf 86' lang='lat' dir='ltr'><strong><em>contigit</em></strong></span> 
     </span>
    </p>
   </div>
   <div class='ocr_carea' id='block_1_133' title="bbox 2120 4756 3817 4828">
    <p class='ocr_par' dir='ltr' id='par_1_133' title="bbox 2120 4756 3817 4828">
     <span class='ocr_line' id='line_1_133' title="bbox 2120 4756 3817 4828; baseline 0.001 -20"><span class='ocrx_word' id='word_1_931' title='bbox 2120 4756 2218 4824; x_wconf 90' lang='lat' dir='ltr'><strong><em>qui</em></strong></span> <span class='ocrx_word' id='word_1_932' title='bbox 2244 4757 2587 4811; x_wconf 87' lang='lat' dir='ltr'><strong><em>valetudinis</em></strong></span> <span class='ocrx_word' id='word_1_933' title='bbox 2621 4759 2758 4812; x_wconf 89' lang='lat' dir='ltr'><strong><em>vitio</em></strong></span> <span class='ocrx_word' id='word_1_934' title='bbox 2801 4764 3131 4813; x_wconf 86' lang='lat' dir='ltr'><strong><em>canuerant.</em></strong></span> <span class='ocrx_word' id='word_1_935' title='bbox 3169 4756 3342 4828; x_wconf 59' lang='lat' dir='ltr'><strong><em>Ruga}</em></strong></span> <span class='ocrx_word' id='word_1_936' title='bbox 3385 4759 3558 4812; x_wconf 83' lang='lat' dir='ltr'><strong><em>etiam</em></strong></span> <span class='ocrx_word' id='word_1_937' title='bbox 3591 4774 3624 4810; x_wconf 87' lang='lat' dir='ltr'><strong><em>a</em></strong></span> <span class='ocrx_word' id='word_1_938' title='bbox 3651 4774 3817 4811; x_wconf 89' lang='lat' dir='ltr'><strong><em>sene-</em></strong></span> 
     </span>
    </p>
   </div>
   <div class='ocr_carea' id='block_1_134' title="bbox 2119 4828 3818 4902">
    <p class='ocr_par' dir='ltr' id='par_1_134' title="bbox 2119 4828 3818 4902">
     <span class='ocr_line' id='line_1_134' title="bbox 2119 4828 3818 4902; baseline 0.002 -24"><span class='ocrx_word' id='word_1_939' title='bbox 2119 4830 2270 4902; x_wconf 85' lang='lat' dir='ltr'><strong><em>ctute</em></strong></span> <span class='ocrx_word' id='word_1_940' title='bbox 2295 4828 2598 4902; x_wconf 84' lang='lat' dir='ltr'><strong><em>oriuntur:</em></strong></span> <span class='ocrx_word' id='word_1_941' title='bbox 2632 4829 2784 4900; x_wconf 90' lang='lat' dir='ltr'><strong><em>quod</em></strong></span> <span class='ocrx_word' id='word_1_942' title='bbox 2809 4830 2966 4884; x_wconf 69' lang='lat' dir='ltr'><strong><em>ﬁbrae</em></strong></span> <span class='ocrx_word' id='word_1_943' title='bbox 2995 4830 3161 4902; x_wconf 86' lang='lat' dir='ltr'><strong><em>cutis,</em></strong></span> <span class='ocrx_word' id='word_1_944' title='bbox 3185 4846 3314 4902; x_wconf 63' lang='lat' dir='ltr'><strong><em>quae</em></strong></span> <span class='ocrx_word' id='word_1_945' title='bbox 3338 4835 3504 4883; x_wconf 86' lang='lat' dir='ltr'><strong><em>antea</em></strong></span> <span class='ocrx_word' id='word_1_946' title='bbox 3528 4834 3685 4882; x_wconf 86' lang='lat' dir='ltr'><strong><em>motu</em></strong></span> <span class='ocrx_word' id='word_1_947' title='bbox 3703 4828 3818 4902; x_wconf 78' lang='lat' dir='ltr'><strong><em>dis-</em></strong></span> 
     </span>
    </p>
   </div>
   <div class='ocr_carea' id='block_1_135' title="bbox 2118 4899 3817 4966">
    <p class='ocr_par' dir='ltr' id='par_1_135' title="bbox 2118 4899 3817 4966">
     <span class='ocr_line' id='line_1_135' title="bbox 2118 4899 3817 4966; baseline 0.002 -17"><span class='ocrx_word' id='word_1_948' title='bbox 2118 4899 2478 4966; x_wconf 87' lang='lat' dir='ltr'><strong><em>tendebatur,</em></strong></span> <span class='ocrx_word' id='word_1_949' title='bbox 2512 4899 2747 4954; x_wconf 79' lang='lat' dir='ltr'><strong><em>moratae</em></strong></span> <span class='ocrx_word' id='word_1_950' title='bbox 2769 4902 2896 4956; x_wconf 60' lang='lat' dir='ltr'><strong><em>alia;</em></strong></span> <span class='ocrx_word' id='word_1_951' title='bbox 2932 4901 3056 4955; x_wconf 88' lang='lat' dir='ltr'><strong><em>aliis</em></strong></span> <span class='ocrx_word' id='word_1_952' title='bbox 3086 4902 3165 4955; x_wconf 88' lang='lat' dir='ltr'><strong><em>sic</em></strong></span> <span class='ocrx_word' id='word_1_953' title='bbox 3202 4899 3562 4964; x_wconf 82' lang='lat' dir='ltr'><strong><em>incumbant,</em></strong></span> <span class='ocrx_word' id='word_1_954' title='bbox 3594 4903 3658 4953; x_wconf 89' lang='lat' dir='ltr'><strong><em>ut</em></strong></span> <span class='ocrx_word' id='word_1_955' title='bbox 3690 4901 3817 4953; x_wconf 89' lang='lat' dir='ltr'><strong><em>sul-</em></strong></span> 
     </span>
    </p>
   </div>
   <div class='ocr_carea' id='block_1_136' title="bbox 2117 4971 3816 5041">
    <p class='ocr_par' dir='ltr' id='par_1_136' title="bbox 2117 4971 3816 5041">
     <span class='ocr_line' id='line_1_136' title="bbox 2117 4971 3816 5041; baseline 0.001 -20"><span class='ocrx_word' id='word_1_956' title='bbox 2117 4983 2245 5021; x_wconf 89' lang='lat' dir='ltr'><strong><em>cum</em></strong></span> <span class='ocrx_word' id='word_1_957' title='bbox 2279 4971 2557 5038; x_wconf 74' lang='lat' dir='ltr'><strong><em>mentitze,</em></strong></span> <span class='ocrx_word' id='word_1_958' title='bbox 2582 4971 2803 5026; x_wconf 87' lang='lat' dir='ltr'><strong><em>vultum</em></strong></span> <span class='ocrx_word' id='word_1_959' title='bbox 2835 4989 2996 5026; x_wconf 87' lang='lat' dir='ltr'><strong><em>arare</em></strong></span> <span class='ocrx_word' id='word_1_960' title='bbox 3018 4973 3340 5027; x_wconf 87' lang='lat' dir='ltr'><strong><em>videantur.</em></strong></span> <span class='ocrx_word' id='word_1_961' title='bbox 3370 4972 3628 5041; x_wconf 88' lang='lat' dir='ltr'><strong><em>Denique</em></strong></span> <span class='ocrx_word' id='word_1_962' title='bbox 3648 4986 3816 5024; x_wconf 87' lang='lat' dir='ltr'><strong><em>senes</em></strong></span> 
     </span>
    </p>
   </div>
   <div class='ocr_carea' id='block_1_137' title="bbox 2116 5041 3815 5115">
    <p class='ocr_par' dir='ltr' id='par_1_137' title="bbox 2116 5041 3815 5115">
     <span class='ocr_line' id='line_1_137' title="bbox 2116 5041 3815 5115; baseline 0.002 -23"><span class='ocrx_word' id='word_1_963' title='bbox 2116 5043 2361 5093; x_wconf 87' lang='lat' dir='ltr'><strong><em>tremere</em></strong></span> <span class='ocrx_word' id='word_1_964' title='bbox 2392 5043 2596 5115; x_wconf 88' lang='lat' dir='ltr'><strong><em>solent,</em></strong></span> <span class='ocrx_word' id='word_1_965' title='bbox 2629 5048 2866 5113; x_wconf 90' lang='lat' dir='ltr'><strong><em>propter</em></strong></span> <span class='ocrx_word' id='word_1_966' title='bbox 2897 5044 3154 5115; x_wconf 89' lang='lat' dir='ltr'><strong><em>inopiam</em></strong></span> <span class='ocrx_word' id='word_1_967' title='bbox 3186 5044 3490 5115; x_wconf 90' lang='lat' dir='ltr'><strong><em>spirituum</em></strong></span> <span class='ocrx_word' id='word_1_968' title='bbox 3519 5061 3548 5096; x_wconf 86' lang='lat' dir='ltr'><strong><em>a</em></strong></span> <span class='ocrx_word' id='word_1_969' title='bbox 3576 5041 3815 5096; x_wconf 89' lang='lat' dir='ltr'><strong><em>cerebro</em></strong></span> 
     </span>
    </p>
   </div>
   <div class='ocr_carea' id='block_1_138' title="bbox 2116 5114 2845 5180">
    <p class='ocr_par' dir='ltr' id='par_1_138' title="bbox 2116 5114 2845 5180">
     <span class='ocr_line' id='line_1_138' title="bbox 2116 5114 2845 5180; baseline 0.01 -18"><span class='ocrx_word' id='word_1_970' title='bbox 2116 5126 2218 5180; x_wconf 90' lang='lat' dir='ltr'><strong><em>per</em></strong></span> <span class='ocrx_word' id='word_1_971' title='bbox 2249 5127 2452 5166; x_wconf 91' lang='lat' dir='ltr'><strong><em>nervos</em></strong></span> <span class='ocrx_word' id='word_1_972' title='bbox 2482 5114 2845 5169; x_wconf 54' lang='lat' dir='ltr'><strong><em>dil&#39;fusorum.</em></strong></span> 
     </span>
    </p>
   </div>
   <div class='ocr_carea' id='block_1_139' title="bbox 2153 5182 3818 5260">
    <p class='ocr_par' dir='ltr' id='par_1_139' title="bbox 2153 5182 3818 5260">
     <span class='ocr_line' id='line_1_139' title="bbox 2153 5182 3818 5260; baseline 0.002 -26"><span class='ocrx_word' id='word_1_973' title='bbox 2153 5182 2408 5260; x_wconf 72' lang='lat' dir='ltr'><strong><em>_Buplex</em></strong></span> <span class='ocrx_word' id='word_1_974' title='bbox 2465 5190 2656 5260; x_wconf 80' lang='lat' dir='ltr'><strong><em>autem</em></strong></span> <span class='ocrx_word' id='word_1_975' title='bbox 2701 5191 2786 5240; x_wconf 91' lang='lat' dir='ltr'><strong><em>est</em></strong></span> <span class='ocrx_word' id='word_1_976' title='bbox 2840 5190 3141 5260; x_wconf 86' lang='lat' dir='ltr'><strong><em>senectus,_</em></strong></span> <span class='ocrx_word' id='word_1_977' title='bbox 3171 5201 3381 5257; x_wconf 88' lang='lat' dir='ltr'><strong><em>nempe</em></strong></span> <span class='ocrx_word' id='word_1_978' title='bbox 3430 5183 3712 5260; x_wconf 82' lang='lat' dir='ltr'><strong><em>naturalis</em></strong></span> <span class='ocrx_word' id='word_1_979' title='bbox 3760 5187 3818 5238; x_wconf 83' lang='lat' dir='ltr'><strong><em>et</em></strong></span> 
     </span>
    </p>
   </div>
   <div class='ocr_carea' id='block_1_140' title="bbox 2112 5253 3816 5333">
    <p class='ocr_par' dir='ltr' id='par_1_140' title="bbox 2112 5253 3816 5333">
     <span class='ocr_line' id='line_1_140' title="bbox 2112 5253 3816 5333; baseline 0.004 -29"><span class='ocrx_word' id='word_1_980' title='bbox 2112 5253 2365 5333; x_wconf 78' lang='lat' dir='ltr'><strong><em>violenta</em></strong></span> <span class='ocrx_word' id='word_1_981' title='bbox 2383 5271 2400 5333; x_wconf 75' lang='grc' dir='ltr'><strong><em>⁹ε</em></strong></span> <span class='ocrx_word' id='word_1_982' title='bbox 2423 5256 2581 5333; x_wconf 76' lang='lat' dir='ltr'><strong><em>prior</em></strong></span> <span class='ocrx_word' id='word_1_983' title='bbox 2606 5272 2914 5333; x_wconf 67' lang='lat' dir='ltr'><strong><em>annorum,</em></strong></span> <span class='ocrx_word' id='word_1_984' title='bbox 2931 5257 3217 5333; x_wconf 76' lang='lat' dir='ltr'><strong><em>posterior</em></strong></span> <span class='ocrx_word' id='word_1_985' title='bbox 3232 5253 3816 5333; x_wconf 61' lang='lat' dir='ltr'><strong><em>arumnarumlonga</em></strong></span> 
     </span>
    </p>
   </div>
   <div class='ocr_carea' id='block_1_141' title="bbox 2115 5325 3541 5396">
    <p class='ocr_par' dir='ltr' id='par_1_141' title="bbox 2115 5325 3541 5396">
     <span class='ocr_line' id='line_1_141' title="bbox 2115 5325 3541 5396; baseline 0.004 -20"><span class='ocrx_word' id='word_1_986' title='bbox 2115 5325 2260 5378; x_wconf 88' lang='lat' dir='ltr'><strong><em>serie</em></strong></span> <span class='ocrx_word' id='word_1_987' title='bbox 2282 5325 2523 5380; x_wconf 85' lang='lat' dir='ltr'><strong><em>accidit:</em></strong></span> <span class='ocrx_word' id='word_1_988' title='bbox 2555 5329 2708 5382; x_wconf 89' lang='lat' dir='ltr'><strong><em>unde</em></strong></span> <span class='ocrx_word' id='word_1_989' title='bbox 2743 5329 2904 5384; x_wconf 88' lang='lat' dir='ltr'><strong><em>Ovid.</em></strong></span> <span class='ocrx_word' id='word_1_990' title='bbox 2932 5325 2980 5383; x_wconf 81' lang='lat' dir='ltr'><strong><em>l.</em></strong></span> <span class='ocrx_word' id='word_1_991' title='bbox 3015 5347 3033 5383; x_wconf 86' lang='lat'><strong>1</strong></span> <span class='ocrx_word' id='word_1_992' title='bbox 3066 5329 3135 5384; x_wconf 86' lang='lat' dir='ltr'><strong><em>de</em></strong></span> <span class='ocrx_word' id='word_1_993' title='bbox 3160 5331 3345 5396; x_wconf 89' lang='lat' dir='ltr'><strong><em>Pont.,</em></strong></span> <span class='ocrx_word' id='word_1_994' title='bbox 3369 5329 3441 5382; x_wconf 88' lang='lat' dir='ltr'><strong><em>el.</em></strong></span> <span class='ocrx_word' id='word_1_995' title='bbox 3475 5331 3541 5383; x_wconf 81' lang='lat'><strong><em>5:</em></strong></span> 
     </span>
    </p>
   </div>
   <div class='ocr_carea' id='block_1_142' title="bbox 2237 5413 3459 5482">
    <p class='ocr_par' dir='ltr' id='par_1_142' title="bbox 2237 5413 3459 5482">
     <span class='ocr_line' id='line_1_142' title="bbox 2237 5413 3459 5482; baseline 0.004 -22"><span class='ocrx_word' id='word_1_996' title='bbox 2237 5413 2353 5482; x_wconf 79' lang='lat' dir='ltr'><strong><em>Jam</em></strong></span> <span class='ocrx_word' id='word_1_997' title='bbox 2383 5414 2513 5463; x_wconf 89' lang='lat' dir='ltr'><strong><em>mibi</em></strong></span> <span class='ocrx_word' id='word_1_998' title='bbox 2544 5415 2770 5465; x_wconf 90' lang='lat' dir='ltr'><strong><em>deterior</em></strong></span> <span class='ocrx_word' id='word_1_999' title='bbox 2793 5418 2944 5482; x_wconf 79' lang='lat' dir='ltr'><strong><em>canis</em></strong></span> <span class='ocrx_word' id='word_1_1000' title='bbox 2978 5418 3280 5482; x_wconf 82' lang='lat' dir='ltr'><strong><em>aspergitur</em></strong></span> <span class='ocrx_word' id='word_1_1001' title='bbox 3309 5421 3459 5472; x_wconf 66' lang='lat' dir='ltr'><strong><em>tetas,</em></strong></span> 
     </span>
    </p>
   </div>
   <div class='ocr_carea' id='block_1_143' title="bbox 2297 5477 3459 5542">
    <p class='ocr_par' dir='ltr' id='par_1_143' title="bbox 2297 5477 3459 5542">
     <span class='ocr_line' id='line_1_143' title="bbox 2297 5477 3459 5542; baseline 0.003 -18"><span class='ocrx_word' id='word_1_1002' title='bbox 2297 5477 2689 5542; x_wconf 77' lang='lat' dir='ltr'><strong><em>Jamquemeos</em></strong></span> <span class='ocrx_word' id='word_1_1003' title='bbox 2719 5480 2897 5542; x_wconf 85' lang='lat' dir='ltr'><strong><em>vultus</em></strong></span> <span class='ocrx_word' id='word_1_1004' title='bbox 2919 5477 3054 5542; x_wconf 49' lang='lat' dir='ltr'><strong><em>ruga?</em></strong></span> <span class='ocrx_word' id='word_1_1005' title='bbox 3079 5477 3259 5529; x_wconf 75' lang='lat' dir='ltr'><strong><em>senilis</em></strong></span> <span class='ocrx_word' id='word_1_1006' title='bbox 3289 5485 3459 5542; x_wconf 81' lang='lat' dir='ltr'><strong><em>arat...</em></strong></span> 
     </span>
    </p>
   </div>
   <div class='ocr_carea' id='block_1_144' title="bbox 2236 5536 3812 5602">
    <p class='ocr_par' dir='ltr' id='par_1_144' title="bbox 2236 5536 3812 5602">
     <span class='ocr_line' id='line_1_144' title="bbox 2236 5536 3812 5602; baseline 0.004 -17"><span class='ocrx_word' id='word_1_1007' title='bbox 2236 5536 2500 5602; x_wconf 81' lang='lat' dir='ltr'><strong><em>Confiteor</em></strong></span> <span class='ocrx_word' id='word_1_1008' title='bbox 2520 5540 2689 5590; x_wconf 86' lang='lat' dir='ltr'><strong><em>facere</em></strong></span> <span class='ocrx_word' id='word_1_1009' title='bbox 2717 5541 2819 5591; x_wconf 86' lang='lat' dir='ltr'><strong><em>hoc</em></strong></span> <span class='ocrx_word' id='word_1_1010' title='bbox 2870 5536 3040 5592; x_wconf 72' lang='lat' dir='ltr'><strong><em>annos</em></strong></span> <span class='ocrx_word' id='word_1_1011' title='bbox 3073 5557 3085 5591; x_wconf 89' lang='lat'><strong>:</strong></span> <span class='ocrx_word' id='word_1_1012' title='bbox 3123 5543 3217 5592; x_wconf 89' lang='lat' dir='ltr'><strong><em>sed</em></strong></span> <span class='ocrx_word' id='word_1_1013' title='bbox 3241 5548 3294 5592; x_wconf 88' lang='lat' dir='ltr'><strong><em>et</em></strong></span> <span class='ocrx_word' id='word_1_1014' title='bbox 3323 5541 3490 5591; x_wconf 82' lang='lat' dir='ltr'><strong><em>altera</em></strong></span> <span class='ocrx_word' id='word_1_1015' title='bbox 3519 5555 3682 5590; x_wconf 79' lang='lat' dir='ltr'><strong><em>causa.</em></strong></span> <span class='ocrx_word' id='word_1_1016' title='bbox 3712 5547 3812 5602; x_wconf 85' lang='lat' dir='ltr'><strong><em>est,</em></strong></span> 
     </span>
    </p>
   </div>
   <div class='ocr_carea' id='block_1_145' title="bbox 2297 5601 3408 5668">
    <p class='ocr_par' dir='ltr' id='par_1_145' title="bbox 2297 5601 3408 5668">
     <span class='ocr_line' id='line_1_145' title="bbox 2297 5601 3408 5668; baseline 0.003 -19"><span class='ocrx_word' id='word_1_1017' title='bbox 2297 5601 2551 5651; x_wconf 78' lang='lat' dir='ltr'><strong><em>Anxietas</em></strong></span> <span class='ocrx_word' id='word_1_1018' title='bbox 2585 5605 2748 5668; x_wconf 79' lang='lat' dir='ltr'><strong><em>animi</em></strong></span> <span class='ocrx_word' id='word_1_1019' title='bbox 2779 5606 3172 5668; x_wconf 87' lang='lat' dir='ltr'><strong><em>continuusque</em></strong></span> <span class='ocrx_word' id='word_1_1020' title='bbox 3199 5603 3408 5654; x_wconf 86' lang='lat' dir='ltr'><strong><em>labor...</em></strong></span> 
     </span>
    </p>
   </div>
   <div class='ocr_carea' id='block_1_146' title="bbox 2233 5662 3585 5727">
    <p class='ocr_par' dir='ltr' id='par_1_146' title="bbox 2233 5662 3585 5727">
     <span class='ocr_line' id='line_1_146' title="bbox 2233 5662 3585 5727; baseline 0.004 -16"><span class='ocrx_word' id='word_1_1021' title='bbox 2233 5662 2317 5727; x_wconf 83' lang='lat' dir='ltr'><strong><em>Me</em></strong></span> <span class='ocrx_word' id='word_1_1022' title='bbox 2335 5678 2544 5727; x_wconf 87' lang='lat' dir='ltr'><strong><em>quoque</em></strong></span> <span class='ocrx_word' id='word_1_1023' title='bbox 2569 5666 2808 5716; x_wconf 82' lang='lat' dir='ltr'><strong><em>debilitat</em></strong></span> <span class='ocrx_word' id='word_1_1024' title='bbox 2831 5668 2993 5717; x_wconf 86' lang='lat' dir='ltr'><strong><em>series</em></strong></span> <span class='ocrx_word' id='word_1_1025' title='bbox 3016 5662 3276 5717; x_wconf 79' lang='lat' dir='ltr'><strong><em>immensa</em></strong></span> <span class='ocrx_word' id='word_1_1026' title='bbox 3299 5668 3544 5718; x_wconf 83' lang='lat' dir='ltr'><strong><em>laborum</em></strong></span> <span class='ocrx_word' id='word_1_1027' title='bbox 3574 5681 3585 5716; x_wconf 93' lang='lat'>:</span> 
     </span>
    </p>
   </div>
   <div class='ocr_carea' id='block_1_147' title="bbox 2293 5725 3472 5795">
    <p class='ocr_par' dir='ltr' id='par_1_147' title="bbox 2293 5725 3472 5795">
     <span class='ocr_line' id='line_1_147' title="bbox 2293 5725 3472 5795; baseline 0.003 -21"><span class='ocrx_word' id='word_1_1028' title='bbox 2293 5725 2428 5795; x_wconf 63' lang='lat' dir='ltr'><strong><em>Ante</em></strong></span> <span class='ocrx_word' id='word_1_1029' title='bbox 2454 5725 2632 5795; x_wconf 79' lang='lat' dir='ltr'><strong><em>meum</em></strong></span> <span class='ocrx_word' id='word_1_1030' title='bbox 2655 5733 2862 5795; x_wconf 82' lang='lat' dir='ltr'><strong><em>tempus</em></strong></span> <span class='ocrx_word' id='word_1_1031' title='bbox 2892 5743 3054 5795; x_wconf 81' lang='lat' dir='ltr'><strong><em>cogor</em></strong></span> <span class='ocrx_word' id='word_1_1032' title='bbox 3085 5737 3264 5781; x_wconf 87' lang='lat' dir='ltr'><strong><em>etesse</em></strong></span> <span class='ocrx_word' id='word_1_1033' title='bbox 3291 5743 3472 5780; x_wconf 86' lang='lat' dir='ltr'><strong><em>senex.</em></strong></span> 
     </span>
    </p>
   </div>
   <div class='ocr_carea' id='block_1_148' title="bbox 2180 5787 3812 5865">
    <p class='ocr_par' dir='ltr' id='par_1_148' title="bbox 2180 5787 3812 5865">
     <span class='ocr_line' id='line_1_148' title="bbox 2180 5787 3812 5865; baseline 0.004 -23"><span class='ocrx_word' id='word_1_1034' title='bbox 2180 5787 2356 5860; x_wconf 83' lang='lat' dir='ltr'><strong><em>Atqui</em></strong></span> <span class='ocrx_word' id='word_1_1035' title='bbox 2382 5791 2612 5847; x_wconf 84' lang='lat' dir='ltr'><strong><em>Boetius</em></strong></span> <span class='ocrx_word' id='word_1_1036' title='bbox 2639 5787 2855 5850; x_wconf 46' lang='lat' dir='ltr'><strong><em>non-de</em></strong></span> <span class='ocrx_word' id='word_1_1037' title='bbox 2875 5787 3095 5852; x_wconf 72' lang='lat' dir='ltr'><strong><em>annosa</em></strong></span> <span class='ocrx_word' id='word_1_1038' title='bbox 3115 5810 3218 5852; x_wconf 83' lang='lat' dir='ltr'><strong><em>sua</em></strong></span> <span class='ocrx_word' id='word_1_1039' title='bbox 3239 5796 3532 5851; x_wconf 86' lang='lat' dir='ltr'><strong><em>senectute</em></strong></span> <span class='ocrx_word' id='word_1_1040' title='bbox 3551 5807 3812 5865; x_wconf 83' lang='lat' dir='ltr'><strong><em>conque-</em></strong></span> 
     </span>
    </p>
   </div>
  </div>
