3996 6170
417 235 520 291 587

432 340 438 346 “
958 368 1008 415 9
1046 360 1272 415 PROSA
1309 360 1548 415 PRIMA.

408 475 816 531 Aacuaemuu.
863 499 931 507 —
964 469 1300 523 Describitur
1326 467 1699 536 Philosophia,
1731 484 1850 536 qua:
1886 470 2099 536 fugatis

473 547 697 616 poeticis
726 542 918 607 Musis,
946 540 1020 594 ad
1050 542 1289 616 Boetium
1321 542 1379 592 in
1415 541 1609 616 lectulo
1652 541 1920 616 jacentem
1952 555 2097 593 accc-

477 611 578 683 dit,
603 629 857 683 magnam
878 616 1068 666 mentis
1091 614 1203 681 ejus
1218 611 1677 679 perturbationem
1720 612 2095 680 deploratum.

477 726 606 778 Ilaec
637 722 775 776 dum
815 719 1023 773 tacitus
1060 734 1282 772 mecum
1311 722 1433 788 ipse
1465 728 1489 752 ³
1516 722 1869 788 reputarem,
1903 718 2097 789 queri-

408 813 779 881 moniamque
808 808 1236 879 lacrymabilem
1266 809 1281 840 ¹
1307 811 1331 851 b
1348 808 1477 877 styli
1499 808 1686 861 officio
1709 808 2095 877 designarem,

404 903 429 937 ²
456 903 699 958 astitisse
736 899 879 954 mihi
908 915 1079 969 supra
1108 907 1127 931 ο
1155 900 1424 952 verticem
1452 897 1568 951 visa
1590 903 1674 952 est
1710 898 1917 952 mulier
1946 914 2099 952 reve-

403 993 566 1047 rendi
604 990 920 1045 admodum
968 988 1181 1056 vultus,
1230 993 1325 1041 10
1353 988 1375 1019 ³
1424 987 1605 1041 oculis
1652 987 2005 1051 ardentibus,
2044 990 2099 1041 et

401 1084 555 1137 ultra
596 1078 1013 1135 “communem
1059 1076 1363 1131 hominum
1409 1075 1716 1130 valentiam
1760 1075 2102 1147 perspicaci-

1731 229 1851 284 AN.
1902 226 2119 284 MANL.
2166 206 2325 283 sev.
2374 227 2630 284 somn.

2139 366 2181 419 A
2211 361 2337 429 bus,
2366 361 2557 416 colore
2585 360 2794 427 vivido,
2824 364 2997 432 atque
3026 360 3349 416 inexhausti
3368 361 3582 432 vigoris,
3612 368 3827 436 quamvis

3741 236 3823 289 588

2209 450 2290 504 ita
2319 459 2341 485 ο
2371 449 2479 504 aevi
2510 451 2681 520 plena
2707 449 2873 518 foret,
2909 454 2971 505 ut
3000 450 3160 504 nullo
3191 451 3358 505 modo
3387 457 3585 507 nostra:
3611 454 3827 510 credere-

2208 544 2306 594 tur
2339 540 2543 594 mtatis.
2575 544 2597 576 ι
2624 541 2644 582 f
2710 541 2937 595 Statura
2986 540 3344 594 discretionis
3398 540 3678 613 ambiguae.
3719 545 3831 599 Nam

2209 645 2363 683 nunc
2390 628 2625 699 quidem
2637 629 2710 684 ad
2735 645 3101 684 communem
3129 646 3250 685 sese
3271 631 3292 653 ’
3314 630 3388 702 (5)
3411 630 3688 687 hominum
3705 649 3830 688 men-

2209 734 2401 771 suram
2420 727 2446 762 ε
2475 718 2811 786 cohibebat;
2847 735 2998 774 nunc
3028 736 3160 775 vero
3189 721 3416 791 pulsare
3441 721 3631 776 coelum
3664 724 3835 777 summi

2206 807 2434 863 verticis
2465 808 2728 863 acumine
2772 808 3107 864 videbatur:
3164 826 3292 881 qua:
3338 825 3465 863 cum
3502 816 3661 880 caput
3704 810 3836 866 altius

2208 896 2523 964 extulisset,
2557 897 2749 967 ipsum
2776 897 2948 951 etiam
2980 899 3188 953 coelum
3218 898 3565 968 penetrabat,
3586 900 3863 970 respicien-,

2206 986 2469 1057 tiumque
2495 986 2800 1040 hominum
2842 988 2870 1027 ιι
2895 986 3278 1041 frustrabatur
3309 987 3591 1041 intuitum.
3625 990 3643 1023 ⁵
3670 995 3741 1042 Il
3765 989 3841 1042 Ve-

2212 1080 2323 1130 stes
2363 1079 2525 1130 erant
2554 1075 2906 1131 tenuissimis
2932 1076 3061 1145 ﬁlis,
3105 1075 3303 1131 subtili
3332 1076 3582 1146 artiﬁcio,
3613 1077 3627 1113 ι
3652 1077 3843 1147 indisso-

1853 1150 2442 1221 INTERPRETATIO.

474 1268 500 1293 ⁸
534 1260 922 1325 Recogitarem.

472 1334 498 1375 Ι)
538 1332 749 1387 Calami
776 1343 872 1395 ope
900 1329 1162 1381 notarem.

473 1414 496 1438 ο
534 1404 708 1469 Caput
733 1414 944 1452 meum.

471 1472 499 1509 ἀ
537 1465 847 1529 Communes
878 1469 1161 1525 hominum
1190 1468 1330 1521 vires
1351 1465 1591 1520 videndi.

475 1553 496 1580 ο
532 1545 800 1613 Antiqua.

2284 1266 2303 1308 Ι
2336 1254 2591 1309 Altitudo
2639 1253 2762 1324 ejus
2790 1256 2912 1309 erat
2937 1254 3109 1309 variae
3137 1252 3476 1324 diﬁcrentiz.

2282 1334 2309 1368 ε
2348 1327 2757 1381 Continebatur.

2282 1398 2310 1438 h
2345 1398 2610 1463 Fugiebat
2641 1402 2934 1467 aspectum.

2283 1466 2298 1501 ¹
2336 1469 2664 1524 Individua.

471 1704 492 1739 ί
530 1705 672 1772 Styli
708 1697 928 1769 ofﬁcia]
986 1696 1174 1772 S_tylus
1224 1698 1309 1749 est
1366 1697 1672 1772 graphium
1720 1712 1835 1767 quo
1891 1609 2482 1756 veteigrgﬁbmines
2514 1698 2572 1753 in
2603 1714 2856 1772 errorem
2882 1696 3076 1772 induci
3097 1698 3710 1772 consueveruntf;p_quod
3731 1696 3847 1772 dica‘

404 1777 467 1831 in
496 1769 624 1829 cera
651 1774 994 1828 exarabant:
1025 1769 1130 1823 hoc
1169 1772 1362 1821 autem
1387 1769 1562 1823 veluti
1591 1770 1810 1822 calamo
1843 1784 1901 1821 se
1931 1785 2101 1825 usum

405 1848 546 1903 dicit
597 1845 823 1901 Boetius
872 1843 943 1897 ad
989 1840 1319 1894 scribendos
1377 1857 1572 1893 versus
1602 1839 1925 1910 praedictos,
1960 1856 2102 1910 quos

402 1924 564 1972 vocat
612 1918 1006 1986 querimoniam
1066 1911 1487 1986 lacrymabilem,
1544 1913 1696 1983 quod
1746 1910 1859 1966 sint
1914 1913 2097 1982 elegi:

386 1991 557 2060 ‘elegi
587 1983 742 2042 enim
775 1991 1132 2060 sunt_ver_sus
1165 1983 1539 2060 miserabiles.

477 2054 841 2127 ⁵νΛδιὶιίεείκ]
896 2057 991 2109 Est
1036 2055 1143 2109 hoc
1187 2054 1248 2127 in
1280 2070 1437 2107 more
1471 2054 1744 2124 positum,
1775 2070 1893 2108 non
1927 2054 2099 2109 modo

405 2134 554 2204 apud
606 2126 840 2204 poetas,
872 2142 1085 2204 verum
1131 2126 1302 2204 etiam
1332 2126 1484 2204 apud
1536 2130 1809 2204 oratores,
1844 2130 1908 2179 ut
1946 2127 2101 2196 quod

407 2197 577 2258 sensu
606 2197 825 2273 percipi
850 2216 965 2252 non
997 2202 1203 2273 potest,
1236 2197 1294 2251 id
1341 2198 1562 2273 objecta
1592 2198 1843 2273 quadam
1872 2213 1932 2250 re
1962 2214 2099 2273 sen-

406 2276 516 2341 sili,
561 2268 668 2328 sibi
715 2268 1015 2342 primum,’
1036 2269 1240 2323 deinde
1292 2269 1647 2342 auditoribus
1688 2268 1814 2342 suis,
1850 2268 2101 2342 cogitan-

408 2339 544 2401 dum
575 2339 941 2415 prop—ouant:
970 2345 1041 2415 ut
1066 2355 1214 2415 quae
1244 2339 1451 2415 veritas
1497 2341 1769 2415 p_rimtim_
1804 2340 1894 2393 hic
1925 2340 2100 2415 latere

404 2410 649 2481 videtur,
687 2410 823 2468 lure
868 2412 1200 2466 difﬁcultate
1239 2410 1572 2463 inveniendi
1621 2410 1803 2479 magis
1855 2411 2102 2463 arrideat

406 2489 659 2542 inventa.
685 2486 826 2539 Hinc
845 2484 1122 2549 familiare
1139 2486 1216 2535 est
1245 2483 1412 2551 Syris
1435 2486 1483 2534 et
1508 2484 1744 2534 maxime
1770 2483 2097 2547 Palaestinis,

404 2560 589 2630 inquit
624 2559 676 2612 S.
710 2556 941 2610 Hieron.
975 2555 1183 2630 incap.
1216 2569 1350 2605 xvui
1382 2553 1599 2606 Matth.
1646 2552 1720 2630 ad
1748 2568 1951 2630 omnem
1982 2569 2098 2630 ser-

403 2623 609 2685 monem
635 2644 792 2683 suum
820 2626 1115 2694 parabolas
1129 2623 1381 2692 jungere,
1432 2630 1492 2677 ut
1548 2624 1691 2692 quod
1721 2640 1820 2691 per
1867 2625 2101 2691 simplea:

402 2706 729 2774 praeceptum
760 2700 927 2774 teneri
966 2696 1034 2748 ab
1065 2695 1417 2774 auditoribus
1430 2710 1535 2774 non
1566 2700 1755 2774 potest,
1776 2710 1877 2763 per
1904 2697 2100 2774 simili-

409 2766 648 2828 tudinem
680 2770 1033 2837 ememplaque
1064 2771 1326 2821 teneatur.
1377 2766 1516 2821 Hinc
1547 2767 1776 2834 vulgata
1815 2766 1968 2835 apud
1999 2782 2100 2819 au-

360 2874 375 2901 ι
408 2851 591 2898 ctores
622 2842 862 2910 symbola
894 2839 1139 2910 quievel
1176 2838 1477 2910 rebus,ivel
1502 2837 2099 2910 verbis,pvel_picturis

410 2917 525 2969 sive
545 2908 739 2969 rerum
780 2908 1129 2979 imaginibus
1161 2909 1324 2961 ﬁunt.
1357 2909 1479 2971 Qua
1507 2909 1576 2962 de
1608 2925 1667 2961 re
1700 2908 1921 2961 doctius
1955 2908 2097 2961 nihil

408 2989 519 3041 dici
549 2990 735 3057 potest
752 2999 926 3057 quam
955 2981 1107 3057 quod
1136 2979 1557 3057 anohilissimo
1598 2980 1825 3057 Euclio,
1853 2980 2098 3057 cpnqui—

403 3060 526 3112 sitis
552 3051 807 3126 undique
830 3052 1131 3126 ex‘emplis,
1155 3051 1361 3126 dicitur
1384 3051 1441 3104 in
1465 3052 1738 3126 opusculo
1778 3052 1843 3103 de
1869 3051 2091 3126 Origine

401 3121 839 3190 Romancnsium,
873 3125 1046 3193 quod,
1090 3123 1136 3173 si
1167 3123 1370 3191 placet,
1400 3123 1677 3174 consules.
1712 3121 1885 3191 Atqui
1910 3122 2091 3190 philo-

401 3202 624 3269 sophia,
653 3202 850 3266 utpote
892 3192 1050 3269 ηοω.
1084 3194 1142 3269 in
1191 3193 1461 3269 quadam,
1488 3194 1695 3245 mentis
1742 3192 2090 3269 cogitatione

399 3263 676 3336 versatur,
712 3263 877 3320 sensu
902 3263 1118 3334 percipi
1146 3279 1261 3336 non
1282 3267 1470 3336 potest
1491 3280 1503 3315 :
1524 3263 1901 3336 quamobrem
1919 3263 2086 3329 hanc,

402 3343 622 3410 objecta
663 3333 934 3410 quadam
990 3352 1050 3410 re
1100 3334 1315 3410 sensui,
1378 3334 1607 3387 Boetius
1653 3333 1966 3410 arbitratu_s_
2002 3340 2089 3410 est

401 3405 508 3466 sibi
540 3405 816 3480 primum,
849 3406 1055 3480 deinde
1081 3405 1243 3457 nobis
1270 3422 1389 3458 esse
1418 3406 1876 3480 proponendum.
1912 3405 2091 3458 Philo-

399 3477 615 3555 sophiae
648 3487 841 3534 autem
888 3478 985 3555 hic
1009 3480 1523 3555 proponunturtl"
1564 3477 1742 3555 origo,
1773 3480 2086 3555 2°Anatura,

399 3547 749 3623 30'suhjecta
788 3549 1071 3623 materies,
1114 3547 1172 3599 4ο
1210 3550 1495 3623 -νρεεξεηὸο
1540 3549 1783 3623 species,
1826 3551 1883 3599 60
1933 3564 2086 3623 Περεῖ

471 3628 510 3678 Ι.
544 3618 721 3695 Igitur
752 3618 1395 3695 origoiphilosophiznin
1419 3619 1523 3671 hoc
1541 3619 1903 3695 proponitur,
1937 3620 2089 3688 quod

398 3690 596 3751 mulier
652 3698 773 3749 visa
821 3693 890 3745 sit
923 3690 1113 3745 Boetio
1153 3692 1393 3743 astitlsse
1433 3705 1603 3757 supra
1641 3693 1924 3744 verticem:
1959 3706 2087 3743 cum

399 3770 551 3822 enim
574 3762 1108 3837 philosopliiagnihil
1140 3761 1296 3837 aliud
1318 3763 1575 3837 sitquam
1616 3762 1807 3837 lumen
1830 3763 2089 3814 naturale

398 3833 1159 3909 paulo—longiusditiusum,
1178 3833 1296 3909 huic
1318 3834 1588 3909 .a_l)eo,_a
1618 3849 1732 3909 quo
1764 3834 1967 3909 lumen
1990 3848 2087 3886 na-

399 3903 581 3964 turale
612 3903 729 3971 est:
773 3906 986 3960 oritur:
1049 3903 1197 3956 unde
1230 3903 1447 3956 Tullius
1480 3921 1494 3956 1
1522 3904 1746 3958 ’I‘uscul.
1786 3920 1797 3957 :
1846 3905 2086 3958 Philoso-

398 3982 550 4052 phia,
585 3980 792 4052 inquit,
812 3979 1049 4052 omnium
1070 3979 1241 4052 mater
1259 3977 1484 4052 artium,
1517 3975 1719 4052 donum
1742 3980 1792 4052 et
1813 3978 2087 4052 inventum

399 4045 638 4107 deorum.
664 4045 874 4115 'Quare
906 4048 1027 4101 haec
1082 4046 1450 4115 philosophia
1493 4045 1724 4099 nonnisi
1764 4047 1822 4099 in
1853 4047 2086 4100 sublimi

397 4126 518 4178 loco
553 4130 608 4179 et
646 4138 815 4193 supra
845 4125 1015 4189 caput
1048 4117 1225 4193 videri
1276 4118 1494 4193 debuit,
1511 4123 1798 4193 tanquam
1844 4118 2083 4193 deccelp

392 4197 573 4265 lapsa.
621 4188 762 4249 Hinc
790 4188 994 4265 autem
1032 4188 1656 4265 philosop_liia_videtur
1686 4189 2084 4265 reverendiad-

2211 1777 2307 1825 tur
2338 1772 2510 1825 colore
2536 1771 2721 1824 vivido
2742 1776 2791 1824 et
2820 1770 3137 1824 inexhausti
3158 1773 3381 1836 vigoris,
3407 1770 3724 1839 intelligitur
3747 1770 3846 1840 phi-

2210 1842 2475 1912 losophia
2504 1858 2625 1896 esse
2646 1841 2762 1895 veri
2782 1841 3035 1910 certique
3050 1841 3257 1911 judicii
3280 1843 3623 1911 procreatrix
3644 1846 3694 1895 et
3722 1840 3849 1911 quasi

2211 1930 2459 1985 parens;
2512 1913 2609 1967 sed
2640 1913 3084 1985 quod,quamvis
3124 1917 3223 1967 aevi
3254 1914 3449 1985 plena,
3470 1912 3760 1985 inemhaﬁusti
3785 1916 3844 1965 vi-

2212 1983 2360 2053 goris
2383 1984 2603 2039 dicatur
2625 2001 2767 2049 esse,
2802 1984 3149 2056 intelligitur
3168 1983 3368 2056 eadem
3396 1984 3735 2056 philosophia
3752 1998 3851 2056 con-

2212 2057 2438 2111 tinuata
2495 2056 2869 2110 meditatione
2916 2055 2999 2108 ita
3052 2054 3295 2124 ﬁrmari,
3357 2055 3503 2110 vires
3541 2054 3851 2125 ut'acquirat

2212 2128 2423 2183 eundo.

2280 2198 2554 2262 Quaedam
2582 2197 2675 2251 hic
2706 2197 3007 2251 observare
3053 2196 3267 2266 poterit
3317 2196 3731 2268 grammaticus:
3766 2195 3852 2266 pri-

2210 2286 2370 2323 mum
2401 2269 2635 2339 quidem
2676 2269 2821 2322 hanc
2866 2268 3171 2321 verborum
3221 2269 3708 2331 constructionem,
3748 2282 3852 2339 reve-

2210 2342 2365 2395 rendi
2411 2337 2616 2406 vultus,
2664 2342 2829 2394 oculis
2868 2339 3227 2395 ardentibus:
3260 2340 3524 2410 quamvis
3566 2339 3705 2394 einm
3729 2337 3851 2391 Valla

2210 2413 2361 2467 dicat
2393 2427 2586 2465 rarum
2646 2428 2768 2482 esse
2808 2410 2870 2463 in
2917 2426 3029 2463 una
3074 2410 3364 2482 locutione
3401 2417 3693 2482 utrumque
3733 2411 3852 2482 hunc

2208 2499 2393 2537 casum
2426 2482 2686 2551 reperiri,
2719 2481 2776 2535 id
2807 2486 3002 2535 tamen
3030 2481 3299 2535 vitiosum
3341 2499 3461 2537 non
3494 2480 3848 2551 estfquaudo-

2253 2554 2445 2608 uidem
2487 2553 2724 2617 Plinius,
2770 2557 2913 2606 teste
2945 2552 3144 2606 eodem
3178 2553 3358 2621 Valla,
3404 2554 3482 2608 ita
3513 2553 3774 2623 loquitur:
3808 2554 3851 2603 et

2253 2570 2445 2608 uiuem
2487 2570 2724 2617 rnmus,
2770 2570 2913 2606 tesw
2945 2570 3144 2606 eoaem
3186 2570 3358 2621 vaua,
3404 2570 3482 2608 na
3514 2570 3774 2623 loquitur:
3808 2570 3851 2603 Bt

2209 2570 2405 2679 gicero
2432 2625 2569 2679 dicit
2598 2625 2888 2678 Lentulum
2912 2626 3118 2678 eximia
3146 2638 3259 2693 spe,
3276 2640 3502 2680 summa:
3528 2626 3728 2678 virtutis
3751 2622 3851 2675 ado-

2210 2698 2504 2750 lescentem.
2540 2696 2662 2749 Vid.
2700 2696 2836 2748 Nov.
2871 2695 3039 2748 Meth.
3074 2695 3287 2750 Deinde
3319 2713 3531 2750 nomen
3569 2696 3669 2749 hoc
3704 2695 3849 2747 valen-

2210 2772 2364 2832 tium,
2399 2783 2513 2837 quo
2546 2766 2775 2820 Boetius
2805 2766 2982 2837 utitur
3016 2781 3246 2836 quoque
3288 2767 3326 2821 l.
3376 2784 3458 2833 IlI,
3501 2783 3646 2837 pros.
3677 2768 3724 2829 9,
3752 2769 3799 2818 et
3820 2763 3849 2829 l,

2208 2854 2283 2902 1v,
2331 2836 2481 2909 pros.
2513 2840 2567 2903 '2,
2628 2854 2741 2890 non
2793 2836 2969 2909 videri
3026 2837 3104 2889 ita
3132 2838 3411 2892 usitatum
3473 2836 3618 2908 apud
3648 2836 3849 2909 Latinos.

2207 2905 2362 2983 ldem
2393 2909 2717 2983 valet‘quod
2742 2906 3005 2983 potentia
3025 2911 3192 2983 Ἱζώμη
3230 2926 3241 2959 :
3276 2909 3412 2963 hinc
3440 2905 3699 2983 Romana):
3727 2905 3851 2983 urbis

2137 2994 2177 3050 ρ
2209 2977 2678 3049 interpretatione
2744 2977 3010 3032 nonnulli
3054 2977 3326 3048 inferunt,
3389 2986 3618 3035 auctore
3673 2978 3851 3050 Setino,

2209 3067 2255 3105 c.
2289 3054 2323 3103 '2
2348 3048 2371 3104 ξ
2396 3052 2555 3116 Sunt,
2585 3051 2794 3120 inquit,
2835 3052 2933 3118 qui
2959 3050 3142 3103 videri
3188 3053 3355 3105 velint
3383 3055 3561 3108 Romae
3588 3048 3853 3105 vocabulum

2200 3123 2268 3176 ab
2289 3124 2554 3176 Evandro
2572 3126 2818 3191 primum
2834 3126 3045 3179 natum.
3074 3122 3467 3192 cumoppidum
3491 3121 3855 3191 ibioffendisset

2201 3194 2346 3262 quod
2373 3200 2710 3247 exstructum
2741 3196 2902 3246 antea
2942 3192 3245 3246 Valentiam
3266 3195 3491 3248 dixerat
3505 3195 3747 3263 juventus
3770 3192 3853 3245 La-

2196 3267 2345 3319 tina:
2378 3269 2700 3333 servataque
2737 3265 3129 3332 signiﬁcatione
3158 3266 3405 3332 impositi
3454 3269 3608 3334 prius
3650 3263 3842 3319 nominis

2198 3340 2401 3407 Ῥώμην
2431 3340 2634 3400 Graece,
2674 3337 2979 3390 Valentiam
3007 3336 3202 3390 Latine
3239 3340 3594 3407 nominatam.

2268 3405 2557 3462 “‘Slatura
2602 3407 2942 3461 discretionis
3000 3406 3343 3478 ambigua]
3402 3410 3500 3462 ΙΙΙ.
3556 3405 3852 3478 Proponitur

2199 3478 2453 3547 subjecta
2473 3478 2847 3548 philosophiae
2869 3474 3169 3551 materies:
3200 3474 3562 3551 philbsopbja
3590 3474 3729 3551 enim
3763 3474 3851 3551 pri-

2198 3546 2356 3602 mum
2388 3546 2645 3603 versatur
2674 3546 2821 3602 circa
2873 3548 3064 3617 ipsum
3111 3546 3447 3617 hominem;
3487 3546 3850 3605 considerando

2199 3625 2452 3674 mentem
2483 3626 2540 3674 et
2582 3636 2809 3690 corpus,
2845 3635 2912 3673 ex
2959 3618 3167 3690 quibus
3215 3621 3389 3675 homo
3422 3627 3683 3676 constat:
3723 3617 3850 3672 notio

2198 3691 2412 3764 quippe
2460 3692 2712 3745 hominis
2744 3691 3025 3764 omnium,
3052 3691 3279 3745 videtur
3310 3693 3534 3763 prima:
3594 3694 3850 3764 propterea

2198 3763 2469 3833 praedicta
2527 3764 2734 3816 mulier
2763 3778 2905 3816 nunc
2953 3763 3028 3816 ad
3077 3778 3405 3818 communem
3463 3763 3851 3819 sese’hominum

2196 3849 2508 3888 mensuram
2537 3834 2836 3888 cohibebat.
2869 3834 3083 3889 Deinde
3109 3835 3499 3905 philosophia,
3533 3833 3850 3905 coguitolru—

2199 3920 2371 3977 manu
2406 3921 2665 3975 corpore,
2700 3910 2957 3977 versatur
2996 3902 3145 3961 circa
3171 3902 3393 3977 reliqua
3425 3902 3849 3977 carpora,etiam_

2197 3976 2343 4047 circa
2366 3971 2573 4030 coelum
2599 3994 2611 4030 :
2646 3981 2928 4047 quatenus
2950 3976 3156 4031 horum
3191 3971 3507 4047 corporum
3528 3971 3771 4047 'cognitio
3800 3971 3851 4047 ad

2196 4046 2371 4120 vitam
2393 4047 2645 4101 hominis
2663 4043 3120 4120 conservandam
3143 4043 3463 4103 conducere
3492 4043 3706 4120 potest:
3729 4043 3851 4098 unde

2197 4119 2395 4171 eadem
2426 4120 2632 4172 mulier
2656 4134 2798 4172 nunc
2852 4118 3079 4187 pulsare
3103 4121 3289 4174 caelum
3319 4118 3523 4175 summi
3547 4120 3750 4175 verticis
3786 4130 3854 4169 ca-

2197 4192 2406 4243 cumine
2428 4190 2736 4245 videbatur.
2764 4191 3057 4245 Postremo
3079 4191 3469 4261 philosophia,
3494 4191 3709 4260 cognita
3732 4202 3853 4258 prte-

390 4259 807 4321 modumvultus
839 4263 954 4315 sive
982 4260 1337 4314 honorandi:
1372 4260 1428 4313 id
1461 4259 1674 4328 quippe
1706 4260 2082 4313 reverendam
2122 4273 2164 4327 1)
2196 4261 2392 4314 sertim
2424 4267 2615 4314 mente
2661 4262 2932 4329 humana,
2979 4259 3238 4316 versatur
3283 4259 3434 4317 circa
3480 4268 3720 4317 mentem
3758 4272 3854 4311 om-

389 4338 504 4391 sive
553 4335 955 4392 honorandum
997 4335 1285 4401 putamus,
1342 4333 1490 4400 quod
1547 4334 1645 4383 aut
1694 4330 1936 4399 origine,
1980 4336 2080 4385 aut

388 4415 570 4474 aetate,
602 4412 700 4463 aut
728 4404 1031 4476 sapientia,
1065 4407 1162 4455 aut
1191 4401 1416 4476 virtute,
1468 4406 1567 4454 aut
1596 4417 1938 4476 quacunque
1989 4401 2081 4476 di-

387 4482 605 4549 gnitate
635 4473 856 4533 caeteris
902 4478 1176 4549 praestare
1199 4473 1955 4549 jurdicamussPhilosophia,
1990 4473 2077 4549 in:

432 4552 513 4605 uit
544 4551 759 4615 Cicero,
784 4544 1004 4602 virtutis
1034 4547 1286 4609 co’ntimt,
1321 4550 1371 4596 et
1394 4545 1588 4608 of/icii,
1626 4549 1676 4597 et
1710 4545 1835 4597 bene
1859 4544 2080 4597 vivendi

432 4569 513 4605 Ull‘.
544 4569 759 4615 mcero,
784 4569 1004 4602 vll‘tuus
1034 4569 1286 4609 CUIlLUlt't,
1321 4569 1367 4596 UL
1394 4569 1588 4608 uului,
1626 4569 1673 4597 υι
1710 4569 1835 4597 umw
1859 4569 2077 4597 ⁷ιιιυωιιιιι

385 4569 759 4689 disciplinam,
789 4635 953 4686 quam
973 4620 1073 4688 qui
1082 4619 1390 4684 proﬁtetur,
1411 4618 1795 4684 gravissimam
1811 4618 2079 4669 sustinere

379 4708 667 4761 personam
696 4691 928 4745 videtur.

454 4766 475 4796 ³
516 4764 694 4817 Oculis
742 4761 1101 4823 ardentibus]
1178 4757 1244 4810 ll.
1298 4758 1509 4811 Natura
1558 4756 1939 4827 philosophiae
1986 4756 2077 4810 hic

383 4834 757 4905 proponitur:
818 4849 949 4886 nam
980 4834 1163 4905 ineo
1209 4829 1644 4905 versatur__ip_sa
1692 4829 2074 4898 philosophia:

381 4900 606 4970 natura,
632 4906 783 4976 quod
810 4905 883 4957 sit
904 4901 1158 4976 cognitio
1191 4900 1343 4976 clara
1374 4905 1430 4953 et
1458 4900 1738 4976 distincta,
1760 4917 1887 4976 qua
1912 4916 2073 4976 mens

377 4971 667 5043 humana;
688 4976 873 5030 vitatis
905 4971 1357 5043 praecipitatione
1388 4977 1443 5025 et
1472 4972 1831 5040 prtejudicio,
1865 4971 2072 5043 quibus

376 5050 643 5104 homines
671 5050 839 5119 vulgo
871 5042 1170 5119 falluntur,
1204 5058 1396 5096 veram
1428 5049 1759 5119 certamque
1802 5043 1871 5119 de
1903 5042 2073 5119 rebus

376 5122 646 5191 subjectis
677 5113 820 5173 ferat
851 5115 1193 5170 sententiam
1227 5130 1241 5165 :
1292 5118 1465 5168 omnis
1505 5118 1663 5191 enim,
1706 5113 2070 5191 inquitqu-

374 5186 572 5247 lius'm
604 5192 672 5245 de
696 5191 814 5248 0r..
846 5192 1175 5257 optimarum
1215 5201 1395 5237 rerum
1438 5189 1675 5257 cognitio
1713 5191 1874 5257 atque
1904 5186 2070 5257 inpiis

372 5267 690 5318 exercitatio
728 5254 1073 5331 philosophia
1102 5256 1644 5331 nominatur:Atqui
1691 5256 1845 5331 quod
1878 5254 2066 5331 philo-

372 5337 572 5404 sophia
604 5327 755 5387 nunc
776 5334 995 5385 dicatur
1021 5328 1186 5404 oculis
1218 5327 1532 5404 artlentibas
1563 5327 2062 5404 etperspieacibus:

373 5397 504 5459 inde
536 5405 875 5473 intelligitur
906 5400 1158 5470 cognitio
1187 5414 1307 5473 esse
1331 5398 1481 5451 clara
1511 5404 1570 5473 et
1592 5398 1891 5473 distincta:
1914 5397 2064 5473 quod

372 5478 597 5530 dicatur
626 5468 777 5531 ultra
807 5468 1133 5528 communem
1163 5472 1437 5525 hominum
1479 5471 1795 5537 volentiam,
1842 5468 2063 5522 intelli-

370 5549 525 5619 gitur
556 5548 679 5603 hrec
709 5547 873 5601 vitari
901 5543 1280 5613 praecipitatio
1307 5545 1363 5595 et
1393 5540 1815 5610 praejudicium,
1849 5538 2057 5610 quibus

2194 4331 2356 4404 nium
2426 4332 2897 4402 perfectissimam
2958 4335 3175 4388 Deum:
3234 4350 3264 4386 a
3315 4350 3430 4404 quo
3484 4336 3565 4388 ita
3618 4334 3854 4387 docemur

2186 4402 2550 4465 intrinsecus,
2587 4409 2652 4457 ut
2683 4404 2940 4474 quandiu
2980 4421 3098 4459 non
3125 4402 3492 4474 cognoscitur
3523 4418 3752 4474 summe_
3774 4416 3851 4474 ve-

2186 4489 2306 4547 rax,
2357 4475 2556 4547 tandiu
2586 4472 2887 4544 ignoretur
2934 4477 3121 4546 prima
3181 4472 3432 4529 veritatis
3464 4476 3697 4547 regula:
3740 4472 3851 4526 hinc

2184 4543 2291 4597 ista
2328 4546 2551 4613 mulier,
2604 4543 2723 4599 cum
2754 4549 2918 4613 caput
2937 4543 3125 4602 altius
3154 4549 3459 4612 emtulisset,
3512 4543 3687 4615 ipsum
3714 4549 3851 4597 etiam

2184 4618 2368 4669 caelum
2412 4618 2754 4689 penetrabat.
2790 4617 2997 4672 Verum
3029 4619 3179 4689 quod
3200 4619 3348 4672 Deus
3374 4619 3595 4689 percipi
3636 4616 3851 4689 nequeat

2185 4704 2352 4760 sensu
2384 4704 2497 4758 quo
2523 4688 2786 4760 homines
2811 4689 2983 4760 vulgo
3024 4687 3318 4760 percipere
3352 4687 3639 4752 dicuntur,
3673 4687 3852 4741 idcirco

2183 4758 2381 4811 eadem
2404 4759 2611 4813 mulier
2634 4758 2939 4828 cogitando
2972 4758 3149 4816 Deum
3178 4758 3587 4830 respicientium
3608 4762 3850 4815 hominum

2180 4830 2565 4895 frustrabatur
2585 4832 2866 4885 intuitum.

2253 4898 2275 4932 ⁵
2322 4903 2501 4956 Vestes
2551 4900 2771 4972 erant.]
2807 4902 2894 4956 IV.
2951 4902 3122 4956 Voces
3152 4903 3539 4974 philosophite
3600 4901 3739 4957 mira
3776 4897 3854 4974 hic

2182 4974 2303 5045 arte
2336 4978 2772 5045 proponuntur:
2802 4988 2937 5027 nam
2993 4978 3049 5027 1ο
3081 4972 3246 5028 voces
3278 4972 3693 5045 philosophicas.
3741 4972 3854 5024 sunt

2178 5041 2359 5111 ipsius
2402 5041 2783 5115 philosophiae
2829 5050 3046 5098 vestes:
3085 5045 3221 5115 quia
3259 5041 3422 5099 voces
3476 5041 3615 5100 sunt
3658 5045 3853 5110 integu-

2178 5118 2372 5166 menta
2392 5114 2757 5187 etinvolucra
2782 5114 3192 5187 cogitationum
3220 5133 3231 5170 :
3255 5116 3627 5187 philosophia
3665 5121 3852 5174 autem,

2177 5188 2376 5260 ξαρριεδ
2433 5186 2704 5260 cognitio,
2760 5186 3057 5260 quoddam
3109 5192 3193 5241 est
3250 5186 3617 5257 cogitationis
3674 5198 3855 5260 genus:

2173 5252 2445 5310 20’Voces
2488 5252 2901 5325 philosophiae
2959 5263 3092 5312 sunt
3139 5252 3469 5314 tenuissimis
3517 5260 3656 5328 ﬁlis,
3679 5252 3855 5328 subtili

2176 5330 2433 5399 artificio,
2476 5329 2954 5397 imlissolabilique
2998 5334 3228 5383 materia
3254 5326 3538 5398 perfecta“:
3600 5326 3850 5399 quoniam

2172 5396 2261 5450 htB
2293 5398 2569 5471 dictiones
2595 5404 2728 5453 sunt
2760 5396 3029 5467 humiles,
3065 5401 3131 5454 ad
3184 5396 3635 5471 intelligentiam
3663 5397 3849 5471 potius.

2173 5483 2347 5538 quam
2378 5469 2477 5544 ad_
2503 5486 2772 5544 pompam
2806 5472 3269 5544 accommodatae,
3304 5477 3360 5526 et
3385 5469 3693 5544 individua»
3722 5469 3853 5544 inter

2172 5554 2232 5593 se
2267 5539 2682 5595 necessitudine
2706 5543 3021 5613 conjunctae
3046 5560 3059 5610 ;
3087 5558 3228 5614 quas
3249 5559 3379 5597 cum
3404 5541 3735 5614 philosophi
3755 5539 3851 5607 ipsi

426 5675 451 5699 ⁵
482 5671 699 5722 Numeri
726 5671 867 5718 intra
912 5664 1250 5729 parentheses
1276 5663 1468 5715 inclusi
1497 5661 1665 5712 lineas
1709 5660 1958 5713 editionis
1981 5659 2047 5711 ad
2076 5673 2234 5712 usum
2262 5661 2507 5727 Delphini
2534 5666 2934 5728 repraesentant,
2976 5678 3082 5729 quo
3124 5664 3333 5717 facilius
3378 5664 3670 5729 utiliusque
3703 5659 3848 5712 inde:

364 5734 731 5800 alphabeticus
760 5728 1088 5780 consulatur.
1118 5728 1261 5779 EDIT.
