3972 6172
82 249 176 299 589
1102 241 1197 296 DE
1236 241 1762 299 CONSOLATIONE
1803 242 2300 303 PHILOSOPHM‘I
2320 244 2447 298 LIB.
2490 242 2541 300 Ι.

3472 247 3577 300 590

81 384 345 454 lubilique
406 379 650 435 materia
694 380 989 451 perfectae;
1040 395 1200 450 quas,
1258 380 1340 433 uti
1374 383 1504 450 post
1551 380 1751 434 eadem
1791 382 1836 432 Α
1868 380 2137 434 tulerant.
2170 381 2307 434 12'
2358 382 2423 434 Et
2452 380 2685 435 dextera
2732 380 2969 450 quidem
2999 381 3123 452 ejus
3159 381 3406 451 libellos,
3457 397 3574 437 sce-

81 472 365 545 prodente,
394 468 663 539 cognovi,
706 467 823 522 suis
850 467 1115 522 manibus
1148 467 1272 538 ipsa
1300 473 1575 523 temerat.
1614 469 1767 533 Qua-

82 577 221 617 ruma
250 558 528 630 speciem,
563 557 737 611 veluti
770 556 1019 610 fumosas
1049 556 1328 627 imagines
1372 557 1536 624 solet,
1584 557 1766 628 caligo

87 650 332 723 quaedam
397 646 674 715 neglecta:
718 645 1013 700 vetustatis
1060 647 1423 701 obduxerat.‘
1465 648 1674 701 Harum
1708 647 1769 700 in

88 748 320 795 extremo
341 737 419 805 (ὃ)
452 734 715 805 margine
748 752 805 801 ιι,
841 734 899 788 in
928 750 1196 805 supremo
1228 751 1361 789 vero
1393 741 1438 786 Θ
1470 735 1769 805 legebatur

90 832 137 883 in
164 832 371 881 extum.
409 829 594 894 Atque
630 825 778 878 inter
812 829 1087 894 utrasque
1120 824 1357 891 litteras,
1388 824 1448 878 in
1488 826 1770 879 scalarum

94 918 326 979 modum,
353 919 552 984 gratus
586 914 818 983 quidam
842 916 866 956 δ
896 912 1158 983 insigniti
1185 914 1545 981 videbantur,
1562 914 1771 986 quibus

93 1007 187 1060 cab
225 1004 493 1058 inferiore
523 1003 591 1056 ad
620 1002 882 1073 superius
914 1002 1268 1058 elementum
1299 1008 1448 1057 esset
1482 1019 1767 1058 ascensus.

97 1094 344 1151 Eamdem
375 1097 574 1146 tamen
610 1096 819 1146 vestem
844 1090 1223 1146 violentorum
1256 1092 1641 1162 quorumdam
1664 1091 1764 1147 sci-

95 1186 273 1240 derant
289 1198 517 1248 manus,
552 1186 611 1236 et
638 1181 946 1252 particulas
960 1197 1123 1252 ,quas
1141 1180 1384 1253 quisque
1398 1182 1609 1253 potuit,
1633 1182 1761 1236 abs-

1879 474 2074 538 ptrum
2116 485 2249 523 vero
2280 469 2513 523 sinistra
2556 468 2853 539 gestabat..
2886 469 2908 503 ³
2962 469 3098 534 Quae
3155 469 3298 525 ubid
3327 471 3578 543 poeticas

1878 558 2061 613 Musas
2105 558 2267 625 vidit,
2335 564 2531 612 nostro
2588 558 2914 613 assistentes
2948 566 2969 594 °
3027 563 3174 626 toro,
3228 560 3577 634 ﬂetibusque

1878 647 2022 701 meis
2062 647 2232 701 verba
2279 647 2578 714 dictantes,
2635 651 2918 702 commota
2966 648 3278 719 paulisper,
3311 665 3375 705 ac
3395 650 3571 707 torvis

1879 735 2257 790 inﬂammataf
2286 736 2599 790 luminibus
2632 753 2645 790 :
2680 736 2839 804 Quis,
2876 737 3082 808 inquit,
3115 738 3217 793 has
3245 746 3272 782 ε
3326 738 3579 794 scenicas

1880 823 2271 878 meretriculas
2304 824 2374 877 ad
2419 824 2569 877 hunc
2592 822 2667 893 (5)
2702 840 2920 893 aegrum
2948 825 3211 896 permisit
3265 827 3580 884 accedere?

1881 929 2008 984 quae
2037 913 2260 967 dolores
2282 912 2405 982 ejus
2436 928 2549 966 non
2580 912 2752 966 modo
2780 913 2951 967 nullis
2982 913 3251 969 remediis
3294 915 3572 986 foverent,

1881 1017 2083 1056 verum
2152 1001 2413 1055 dulcibus
2446 1001 2683 1071 insuper
2713 1002 2929 1057 alerent
2962 1003 3238 1059 venenis?
3301 1007 3397 1059 Ilua
3447 1008 3581 1060 sunt

1871 1090 2026 1145 enim
2094 1106 2223 1161 qua:
2245 1091 2273 1131 h
2304 1090 2671 1145 inl'ructuosis
2702 1090 3008 1147 affectuum
3060 1092 3258 1163 spinis,
3292 1093 3304 1128 ¹
3343 1093 3579 1150 uberem

1871 1178 2149 1234 fructibus
2178 1178 2418 1235 rationis
2439 1182 2690 1251 segetem
2721 1181 3387 1255 necant,hominumque
3417 1199 3579 1240 men-

1530 1270 2129 1329 INTERPRETATIO.

156 1376 178 1406 ι
200 1363 465 1417 Formam.
1952 1355 1973 1395 ἲ
1992 1358 2194 1413 Oculis.

155 1436 177 1476 Β
200 1434 479 1499 Inscripti.
1949 1430 2320 1484 BTheatrales.

156 1513 173 1538 ι
199 1504 278 1558 Ab
304 1506 417 1556 ima
442 1500 518 1555 ad
533 1515 799 1555 summam
825 1499 1084 1555 litteram.
1952 1500 2292 1555 hSterilibus.

163 1577 186 1618 ἀ
197 1574 474 1701 Ii’ratsides
492 1575 814 1627 carminum.

160 1654 178 1680 ο
237 1652 362 1700 ecto.

1956 1570 2309 1627 iFecundam.

349 1686 362 1699 ’
1724 1729 1946 1786 nom.

104 1823 384 1878 maximam
436 1824 660 1891 partem
699 1815 1049 1885 invenerint,
1070 1817 1225 1891 “ideo
1257 1816 1626 1888 philosophia
1674 1817 1776 1873 has
1815 1821 1855 1873 Β
1885 1835 1953 1874 ex
1985 1835 2101 1890 quo
2131 1818 2344 1891 factum
2374 1820 2534 1872 estut
2564 1817 2706 1891 liber
2731 1821 2787 1873 et
2814 1818 3141 1891 libellusea
3192 1818 3587 1889 signiﬁcarent

102 1899 197 1949 suis
215 1888 464 1947 manibus
498 1893 737 1944 texuisse
762 1892 883 1957 ipsa
920 1888 1269 1957 perhibetur,
1296 1906 1611 1959 earumque
1641 1906 1775 1958 pro-

102 1974 272 2037 pterea
321 1966 550 2037 speciem
590 1962 761 2015 veluti
802 1963 1041 2037 famosas
1110 1963 1375 2037 imagipes
1420 1962 1569 2037 solet,
1602 1960 1777 2037 caligo

104 2031 322 2103 quaedam
350 2031 606 2100 neglecta
632 2033 890 2103 retutatis
920 2031 1228 2103 obdita-isse.
1268 2031 1389 2095 Quo
1438 2032 1502 2084 lit
1541 2037 1602 2085 ut
1636 2033 1778 2086 Boe-

104 2101 214 2169 tius,
246 2108 408 2175 cujus
427 2105 636 2157 eximia
668 2102 940 2155 Latinitas
964 2101 1021 2175 in
1051 2102 1304 2175 versibus
1324 2103 1776 2175 emicat,ibarbaﬁ-

104 2197 175 2233 ras
204 2173 473 2249 quasdam
506 2173 1073 2249 dictiones,‘nonnisi
1102 2174 1250 2243 apud
1283 2174 1778 2249 pliilost_)phosusi-

102 2244 240 2305 tatas}
272 2249 328 2301 in
352 2248 544 2300 soluta
562 2262 661 2297 sua
686 2244 943 2297 oratione
961 2260 1238 2308 usurpare
1263 2260 1376 2297 non
1410 2245 1773 2298 dubitaverit.

158 2323 405 2375 'Harum
447 2322 505 2370 in
547 2321 784 2369 extremo
835 2314 1122 2385 margine]
1164 2316 1221 2368 V.
1258 2316 1483 2383 Species
1520 2316 1774 2383 philoso-

103 2393 229 2462 phias
266 2406 421 2462 nunc
451 2391 871 2462 proponuntur.
892 2389 990 2462 Est
1011 2385 1395 2462 _enim,_inquit
1426 2393 1618 2439 uoster
1646 2388 1778 2462 Boe-

100 2458 195 2516 tius
222 2461 512 2533 praefatin
560 2458 861 2528 Porphyr.,
919 2459 1268 2533 philosophia
1306 2473 1479 2533 genus
1511 2475 1529 2510 :
1577 2460 1776 2533 species

100 2529 363 2600 rei'o'ejus
421 2531 544 2583 dua:
572 2545 704 2593 una,
755 2544 872 2593 qua:
930 2530 1215 2600 θεωρητικὴ
1284 2529 1545 2600 dicitur;
1581 2530 1773 2596 altera,

102 2604 544 2677 qiimapaxrmn,
572 2601 632 2653 id
680 2599 1122 2677 estispeeuiatira
1150 2605 1199 2653 et
1225 2604 1424 2677 activa.
1460 2599 1659 2677 Prior“
1679 2601 1778 2677 illa

104 2670 312 2745 species,
347 2690 479 2744 qua:
512 2674 701 2725 littera
744 2676 789 2719 Θ
820 2670 1195 2745 signiﬁcatur,
1231 2671 1289 2723 in
1324 2687 1477 2745 n‘iera
1524 2670 1776 2745 veritatis

104 2741 602 2814 contemplatione;
654 2742 938 2811 posterior
971 2746 1185 2808 autem,
1214 2758 1342 2811 quae
1377 2741 1648 2814 litterati,
1714 2743 1777 2796 in

108 2812 494 2871 exercitatione
542 2812 769 2866 virtutis
824 2818 1100 2878 versatur,
1159 2818 1224 2866 ut
1253 2814 1417 2866 docet
1447 2812 1501 2867 S.
1538 2817 1681 2881 Aug.
1737 2814 1772 2866 l.

106 2905 185 2942 vui
217 2890 280 2942 de
312 2888 431 2941 Civ.
466 2885 589 2945 Dei,
619 2900 742 2953 cap.
791 2884 825 2935 4
865 2883 962 2936 ubi
984 2885 1248 2945 Socrates,
1286 2883 1495 2953 inquit.
1526 2886 1583 2936 in
1639 2886 1774 2937 acti-

106 2977 159 3013 ra
183 2960 490 3012 erceltuisse
516 2960 863 3008 memoratur.
892 2956 1237 3021 Pythagoras
1266 2971 1389 3008 vero
1436 2960 1611 3020 magis
1646 2970 1777 3008 con-

108 3033 410 3096 templatit‘a:
439 3029 639 3095 quibus
661 3028 837 3093 potuit
862 3027 1237 3093 intelligentiw
1263 3027 1478 3079 viribus
1500 3029 1773 3080 institisse.

1889 1889 2018 1961 quae
2046 1891 2105 1943 in
2132 1890 2202 1943 iis
2242 1889 2452 1962 scripta
2480 1890 2930 1944 continerentur.
2954 1890 3186 1962 Deinde
3221 1891 3422 1945 eadem
3460 1892 3585 1962 phi-

1884 1960 2148 2031 lusophia
2171 1960 2329 2014 utilis
2359 1962 2541 2034 est_ad
2557 1962 2838 2032 regendos
2868 1961 3095 2034 animos
3127 1962 3343 2016 :animi
3363 1960 3582 2034 quippe

1886 2038 2188 2103 reguntur,
2214 2048 2344 2085 cum
2366 2032 2575 2103 sedatis
2607 2033 3152 2103 perturbationibus,
3186 2037 3308 2087 tum
3342 2032 3582 2095 veritate

1886 2102 2127 2168 detecta,
2160 2103 2369 2175 quibus
2424 2102 2791 2174 philosophia
2840 2109 3041 2158 vacat:
3085 2105 3234 2168 hinc,
3266 2110 3329 2158 ut
3381 2111 3584 2175 postea

1884 2176 2123 2235 dicetur.
2168 2176 2323 2246 Plato
2338 2174 2530 2227 docuit
2561 2181 2684 2229 tum
2707 2175 2901 2229 beatas
2923 2175 3043 2229 fore
3075 2174 3428 2246 respublicas
3449 2192 3581 2231 cum

1886 2252 1982 2301 aut
2011 2245 2339 2317 philosophi
2359 2250 2644 2310 regerent,
2678 2250 2775 2300 aut
2802 2262 2967 2315 reges
2987 2245 3579 2316 philosopharentur:

1884 2322 2036 2387 quod
2065 2318 2309 2370 alterum
2341 2317 2718 2387 philosophias
2754 2317 3010 2371 ofﬁcium
3045 2323 3256 2387 sceptro
3296 2318 3582 2388 signiﬁca-

1882 2394 2017 2514 turt;
2052 2393 2339 2513 sctlzptrum
2377 2388 2532 2442 enim
2576 2389 2805 2459 imperii
2846 2388 3079 2461 signum
3123 2393 3236 2457 est;
3288 2389 3443 2445 unde
3474 2390 3582 2445 Lu-

1884 2476 1974 2514 cre
2004 2476 2091 2513 ius
2145 2500 2157 2513 .
2196 2476 2229 2513 v
2267 2475 2279 2513 :

1884 2475 2091 2514 creuus
2121 2475 2157 2513 Ι.
2196 2476 2229 2513 γ
2267 2475 2279 2513 Ξ

2008 2565 2141 2623 Ergo
2156 2563 2385 2628 regibus
2406 2564 2873 2628 occisisisubversa
2896 2564 3111 2628 jacebat

2009 2627 2240 2676 Pristiua
2263 2626 2511 2690 majestas
2537 2626 2810 2683 soliorum,
2838 2626 3126 2691 et'sceptra
3148 2627 3396 2692 superba.

1957 2726 2120 2788 Quod
2167 2741 2338 2794 porro
2369 2724 2565 2778 dextra
2600 2725 2675 2778 sit
2703 2724 2934 2778 sinistra
2972 2725 3200 2795 agilior,
3234 2730 3297 2779 ut
3326 2726 3583 2795 philoso-

1884 2796 2021 2867 phia
2089 2796 2158 2849 ad
2213 2796 2534 2849 docendum
2568 2795 2827 2865 paratior
2873 2811 3046 2866 quam
3097 2797 3169 2851 ad
3237 2798 3579 2865 regendum,

1886 2866 2187 2937 propterea
2225 2867 2423 2920 dextra
2464 2867 2683 2935 quidem
2723 2869 2841 2935 ejus
2889 2866 3114 2934 libellos,
3160 2875 3433 2937 sceptrum
3461 2884 3585 2923 vero

1884 2943 2111 2994 sinistra
2132 2938 2397 3005 gestabat.

1954 3014 1975 3045 ³
2008 3010 2132 3075 Quae
2186 3010 2281 3061 ubi
2333 3010 2570 3077 poeticas
2627 3008 2859 3077 Musas]
2918 3008 3088 3061 Musas
3144 3007 3410 3063 feruntur
3462 3025 3583 3064 esse

858 3078 1771 3167 jungeiidophilosopliiam'perfe;
1810 3115 1819 3158 ε

1956 3083 2137 3150 rgiues
2163 3080 2453 3167 quaedam,
2496 3094 2644 3160 quae,
2674 3079 2884 3167 Phoebo
2916 3078 3183 3167 praeside,
3225 3081 3581 3162 carminibus

107 3177 216 3227 cisse
244 3173 528 3226 laudatur.

160 3244 389 3299 Theoria
447 3239 681 3310 quidem
740 3243 798 3292 in
842 3253 1113 3307 supremo,
1164 3243 1358 3307 praxis
1423 3240 1482 3291 in
1539 3243 1776 3293 emtremo

106 3319 325 3381 margine
356 3313 658 3379 legebatur,
692 3310 843 3381 quod
869 3310 1065 3379 judice
1095 3311 1220 3378 ipso
1253 3310 1580 3373 Aristotele,
1641 3326 1776 3363 con-

104 3386 409 3456 templativa
459 3387 695 3456 praestet
748 3386 1039 3456 actuosa):
1102 3381 1574 3456 gradusntamen‘
1621 3386 1773 3447 sunt,

109 3452 290 3527 quibus
334 3456 408 3509 ab
458 3452 574 3507 una
618 3453 687 3505 ad
738 3453 975 3527 alteram
1013 3468 1278 3527 ascensus
1318 3452 1417 3505 ﬁat
1444 3458 1504 3527 et
1545 3452 1778 3527 descen-

106 3523 181 3581 s'us
210 3546 220 3581 :
249 3529 389 3598 quia
432 3542 535 3578 nec
568 3524 896 3577 exercitatio
927 3523 1151 3576 virtutis
1176 3524 1307 3598 _sine
1341 3523 1594 3598 veritatis
1638 3540 1777 3598 con-

109 3593 463 3669 templatione
509 3600 716 3669 potest,
749 3610 872 3669 inec_
905 3594 1312 3669 contemplatio
1358 3593 1606 3669 veritatis
1658 3596 1779 3647 sine

107 3666 485 3724 exercitatione
561 3666 791 3718 virtutis
842 3666 1013 3719 debet
1066 3683 1207 3719 esse.
1270 3666 1518 3718 Tandem
1585 3681 1778 3719 manus

106 3741 377 3795 hominum
400 3739 778 3800 riotrntorum,
812 3737 913 3805 qui
941 3736 1156 3790 scilicet
1186 3736 1638 3806 prmcipitatione
1682 3741 1781 3790 aut

107 3813 414 3881 pra‘judicio
464 3808 872 3881 philosophati,
925 3824 1112 3881 neque
1148 3808 1378 3881 veritati
1410 3808 1776 3881 consideran-

105 3878 407 3953 dmfneqne
438 3879 637 3953 virtuti
672 3879 1001 3932 exercendze
1039 3878 1404 3953 studuerunt,
1439 3895 1602 3931 voces
1648 3879 1775 3948 phi-

108 3951 401 4024 losophicas
448 3951 671 4020 partitae
719 3954 871 4024 sunt,
905 3955 961 4003 et
996 3951 1322 4024 particulas,
1367 3965 1504 4018 quas
1554 3954 1783 4018 quisque

106 4021 278 4091 putuit,
336 4024 701 4077 abstulerunt.
752 4023 1002 4075 Rom.1:
1056 4021 1182 4085 Qui,
1236 4037 1354 4074 cum
1411 4026 1782 4088 cognovissent

107 4100 242 4150 Deum
268 4112 376 4149 non
396 4097 541 4149 sicut
566 4096 734 4147 Deum
781 4094 1243 4159 gloriﬁcaverunt,
1275 4097 1372 4144 aut
1401 4098 1615 4159 gratias
1663 4108 1781 4157 ege-

105 4174 227 4233 runt,
260 4168 356 4221 sed
390 4168 731 4218 evanuerunt
762 4166 818 4217 in
844 4163 1265 4229 cogitationibus
1294 4166 1408 4218 suis
1440 4168 1491 4217 et
1528 4164 1784 4217 obscura-

110 4245 200 4292 tum
225 4244 302 4294 est
324 4240 596 4306 insipiens
625 4250 716 4289 cor
743 4250 924 4288 eorum
959 4251 972 4288 :
1006 4234 1240 4289 dicentes
1289 4237 1430 4290 enim
1468 4250 1523 4289 se
1553 4250 1664 4289 esse
1693 4249 1782 4289 sa-

109 4314 311 4377 pientes,
344 4311 507 4363 stulti
535 4310 676 4373 facti
697 4311 842 4360 sunt.

163 4382 495 4436 ’Deactera...
554 4380 825 4431 libellos...
874 4380 1144 4445 sceptrum
1205 4378 1431 4429 sinistra
1491 4374 1783 4445 gestabat]

114 4452 177 4505 Vl.
211 4453 467 4522 Denique
497 4448 880 4522 philosophia:
908 4449 1424 4522 usus‘proponitnr
1452 4464 1464 4500 :
1500 4463 1631 4499 nam
1666 4446 1788 4522 phi-

115 4519 542 4593 losophia'lltilis
575 4526 657 4574 est
686 4521 753 4593 ad
786 4519 1370 4593 crateras-disciplinas
1416 4519 1788 4593 capessendas

115 4599 155 4644 et
181 4590 237 4647 ad
276 4593 564 4663 regendos
609 4590 1052 4663 animostquod‘
1070 4591 1281 4663 libellis
1316 4596 1655 4663 sceptroque
1713 4590 1787 4663 si:

116 4660 414 4731 goiticatur.
450 4664 707 4717 Primum
741 4662 975 4732 quidem
1001 4660 1361 4731 philosophia
1397 4661 1553 4713 utilis
1608 4666 1690 4714 est
1719 4660 1790 4714 ad

115 4742 314 4791 ca-teras
372 4734 704 4805 disciplinas
735 4733 1162 4805 capessendas;
1207 4732 1656 4805 quatenusihinc
1704 4747 1791 4785 er—

115 4808 234 4860 roris
267 4803 536 4869 vitandi,
568 4804 702 4856 inde
754 4819 884 4856 vero
932 4803 1185 4857 veritatis
1215 4804 1574 4857 inveniendus
1636 4804 1789 4869 leges

117 4879 446 4943 prmscribit:
503 4876 651 4928 unde
682 4874 899 4928 Tullius
951 4874 1523 4943 smpe,PhilosOphia,
1576 4875 1787 4945 inquit,

116 4954 322 5004 omnium
357 4953 533 5002 mater
572 4950 776 4999 artium
814 4961 826 4998 :
859 4946 1260 5007 (nudandarum
1291 4950 1529 4999 omnium
1581 4950 1785 4999 artium

114 5024 429 5083 [irmeatriz
465 5025 517 5074 et
549 5020 710 5086 quasi
734 5032 935 5085 parens
964 5032 1091 5070 :nec
1120 5033 1244 5070 πονο
1274 5020 1392 5071 sine
1438 5018 1790 5084 philosopho-

118 5104 213 5142 rum
233 5093 530 5159 disciplina
569 5103 736 5155 genus
767 5093 828 5141 ut
850 5090 1075 5156 speciem
1104 5093 1367 5157 cujusque
1421 5092 1500 5141 rei
1556 5104 1787 5153 cernere,

118 5175 392 5228 nequeeam
437 5160 740 5228 deﬁniendo
775 5162 1050 5228 explicare
1098 5175 1191 5212 nec
1225 5161 1462 5213 tribuere
1499 5162 1557 5211 in
1601 5165 1790 5227 partes

119 5246 395 5296 possumus,
428 5248 521 5285 nec
548 5232 798 5297 judicare
828 5246 946 5298 quae
974 5247 1105 5283 vera
1123 5246 1241 5298 quae
1270 5233 1417 5296 falsa
1447 5236 1593 5295 sunt,
1620 5246 1790 5297 neque

122 5318 300 5359 cernere
351 5305 736 5372 consequentia
766 5304 1127 5369 repugnantia
1167 5302 1365 5365 videre,
1401 5302 1658 5368 ambigua
1687 5303 1793 5355 dis-

126 5378 338 5439 tinguere
380 5392 392 5429 :
430 5375 586 5445 quod
624 5373 1004 5445 philosophia:
1051 5372 1303 5426 ollicium
1344 5374 1540 5426 libellis
1577 5373 1791 5439 signiti-

126 5445 199 5496 tur
226 5462 237 5499 :
260 5444 469 5502 libellus
486 5445 639 5499 enim
662 5444 869 5498 dicitur
899 5461 928 5496 a
948 5445 1083 5497 liber
1119 5460 1131 5497 :
1162 5445 1298 5497 liber
1320 5451 1531 5505 autem,
1560 5451 1789 5498 auctore

126 5512 333 5583 Isidoro,
369 5519 471 5571 lib.
505 5533 580 5578 vi,
607 5532 654 5570 c.
696 5518 776 5576 12,
821 5520 898 5568 est
920 5518 1148 5569 interior
1176 5519 1363 5569 tunica
1407 5519 1641 5581 corticis,
1675 5532 1792 5581 quae

130 5583 249 5655 ligno
281 5591 502 5643 cohaeret
529 5592 587 5641 in
620 5602 730 5654 qua
763 5589 983 5655 antiqui
1030 5586 1371 5652 scribebant;
1432 5586 1585 5640 unde
1644 5586 1787 5640 Plin.

131 5654 158 5705 Ι.
190 5673 295 5719 xui.
325 5678 372 5715 c.
417 5664 500 5723 ll,
540 5662 605 5713 In
624 5654 957 5727 palmarum,
1002 5657 1212 5726 inquit,
1246 5660 1404 5723 foliis
1440 5660 1621 5725 primo
1650 5661 1794 5711 scri—

129 5729 375 5800 ptitatum,
410 5731 606 5786 deinde
637 5730 995 5795 quorumdam
1026 5730 1280 5783 arborum
1320 5730 1475 5784 libris
1500 5749 1517 5795 ;
1549 5730 1701 5800 quod
1732 5732 1791 5783 et

133 5796 466 5861 Cassiodorus
489 5801 709 5859 indicat
732 5802 772 5858 l.
805 5817 885 5872 ιι,
914 5801 1068 5871 Van,
1099 5816 1189 5873 ep.
1221 5800 1431 5874 38,ubi
1453 5801 1523 5857 de
1552 5796 1749 5857 charta
1775 5816 1790 5857 :

1885 3157 2213 3223 operantur.
2260 3152 2359 3223 llas,
2398 3152 2595 3223 Boetio
2650 3156 2784 3223 sunt
2810 3150 3064 3223 duplicis,
3102 3153 3332 3219 generis
3373 3167 3584 3223 nempe

1880 3221 2120 3293 poeticas,
2154 3229 2211 3276 et
2242 3222 2630 3290 philosophica:
2658 3238 2671 3286 ;
2707 3221 2816 3274 illa:
2849 3222 3304 3293 perturbatione,
3337 3223 3423 3277 has
3469 3221 3584 3278 no—

1885 3291 2041 3349 tione
2071 3296 2221 3347 clara
2251 3298 2308 3345 et
2337 3293 2606 3346 distincta
2637 3294 2820 3345 ductte
2848 3291 3127 3361 judicant.

1957 3366 2200 3443 Poeticae
2226 3379 2413 3443 musas
2433 3363 2727 3443 dicuntur,
2753 3379 2891 3443 qua;
2924 3362 3457 3443 perturbationibus
3482 3363 3583 3443 obs

1886 3442 2106 3491 caecata:
2137 3435 2417 3506 quidquid
2462 3435 2919 3506 perturbationis
2950 3439 3052 3501 est,
3088 3435 3230 3489 illud
3262 3436 3507 3506 probant
3531 3440 3589 3491 et

1888 3505 2203 3578 loquuntur
2230 3523 2241 3560 :
2279 3506 2431 3559 unde
2465 3522 2569 3575 pro
2602 3505 2828 3559 diverso
2845 3522 3053 3575 genere
3085 3511 3183 3560 aut
3199 3505 3583 3577 perturbatio-

1889 3596 2024 3632 num
2058 3583 2155 3632 aut
2188 3593 2385 3650 eorum
2426 3578 2634 3650 quibus
2666 3578 3133 3647 perturbationes
3170 3578 3402 3650 excitari
3453 3596 3585 3650 pos-

1889 3655 2040 3715 sunt,
2076 3650 2163 3703 hie
2204 3649 2372 3702 Musa:
2404 3649 2573 3718 vulgo
2605 3664 2811 3701 novem
2859 3653 3257 3703 numerantur.
3291 3649 3431 3703 Ilinc
3456 3649 3466 3650 ί
3491 3666 3587 3704 eas

1890 3723 2066 3787 Plato,
2114 3721 2152 3774 l.
2187 3737 2217 3773 x
2251 3720 2320 3773 de
2345 3721 2517 3792 _ltep.i,
2559 3724 2730 3792 putat
2775 3736 2804 3772 e
2853 3736 2953 3772 sua
2985 3720 3211 3774 civitate
3241 3736 3359 3775 esse
3400 3723 3589 3792 expel-

1889 3793 2105 3846 lendas.
2130 3795 2305 3855 Recte,
2339 3790 2527 3859 inquit
2555 3791 2773 3843 Tullius
2808 3806 2843 3842 u
2875 3792 3086 3856 Tusc..,
3120 3808 3154 3845 a
3201 3792 3423 3846 Platone
3451 3790 3586 3846 edu-

1889 3869 2085 3917 cuntur
2111 3868 2278 3931 poeta:
2298 3876 2364 3914 ea:
2394 3876 2455 3913 ea
2493 3863 2712 3914 civitate
2752 3877 2915 3927 quam
2942 3864 3108 3930 ﬁnxit
3150 3863 3241 3915 ille
3266 3878 3381 3916 cum
3412 3878 3586 3918 mores

1890 3938 2114 4002 Optimos
2145 3938 2193 3985 et
2223 3934 2492 3999 optimum
2540 3931 2848 3999 reipublica:
2880 3937 3081 3986 statum
3110 3936 3421 4002 exquireret
3447 3950 3461 3988 :
3493 3935 3587 3989 cui

1890 4004 2254 4059 consentiens
2283 4003 2336 4056 S.
2379 4006 2525 4070 Aug.
2561 4003 2599 4055 l.
2634 4018 2670 4054 Il
2693 4003 2762 4057 de
2816 4002 2931 4056 Civ.
2966 4003 3086 4069 Dei,
3131 4020 3178 4058 c.
3216 4005 3301 4063 14,
3350 4006 3585 4072 Platoni,

1890 4076 2099 4145 inquit,
2132 4077 2313 4143 potius
2355 4074 2542 4141 palma
2572 4072 2758 4145 danda
2778 4078 2876 4145 est,
2915 4075 3013 4141 qui
3051 4089 3171 4127 cum
3227 4079 3439 4129 ratione
3467 4078 3587 4142 for-

1891 4150 2063 4200 maret
2121 4146 2301 4213 qualis
2341 4160 2451 4198 esse
2485 4146 2677 4197 civitas
2705 4144 2914 4209 debeat,
2949 4150 3211 4211 tanquam
3240 4146 3588 4201 adversarios

1892 4218 2130 4272 civitatis
2159 4222 2341 4284 poetas
2398 4217 2620 4287 censuit,
2645 4216 2777 4287 urbe
2816 4215 3109 4283 pellendos.
3155 4216 3333 4287 llomo
3372 4217 3589 4287 quippe

1894 4306 1992 4343 seu
2032 4287 2260 4341 veritati
2293 4302 2390 4340 seu
2431 4284 2626 4339 virtuti
2657 4286 2901 4352 studeat,
2932 4302 3137 4339 exuere
3184 4284 3590 4356 potius'debet

1894 4365 2114 4414 veteres
2155 4374 2328 4429 quam
2390 4373 2564 4411 novas
2616 4357 2852 4411 induere
2912 4357 3590 4429 perturbationesrﬂinc

1898 4432 2067 4486 Musae
2100 4428 2221 4483 ista:
2248 4445 2398 4483 nunc
2412 4429 2681 4483 dicuntur
2706 4430 3022 4482 assistentes
3055 4433 3168 4481 toro
3192 4428 3589 4495 Boetii,illius-

1898 4520 2008 4573 que
2041 4502 2252 4570 ﬂetibus
2280 4502 2443 4573 verba
2464 4501 2728 4573 dictantes
2754 4517 2769 4553 :
2798 4500 3097 4573 quianunc
3132 4500 3591 4573 Boetiusvidetur

1900 4571 2335 4645 perturbatione
2368 4572 2555 4645 obrui,
2590 4571 2848 4645 nihilque
2878 4571 3031 4624 aliud
3062 4571 3417 4645 quamquod
3452 4586 3590 4641 per-

1900 4641 2150 4699 turbatio
2205 4645 2396 4709 dictat,
2433 4644 2709 4712 proferre.
2768 4643 2907 4695 Hinc
2956 4641 3176 4695 eosdem
3223 4642 3390 4696 Musas
3422 4646 3590 4699 torris

1899 4715 2279 4787 philosophia:
2315 4714 2617 4787 luminibus
2649 4713 2821 4787 aspici
2850 4714 3113 4787 feruntur
3136 4729 3158 4787 _:
3192 4714 3465 4785 quoniam
3492 4730 3591 4787 ve-

1900 4784 2058 4844 ritas.
2092 4784 2183 4840 cui
2228 4786 2581 4840 invenienda:
2613 4784 2977 4854 philosophia
3025 4784 3233 4851 studet,
3285 4786 3584 4855 perturba-

1899 4859 2173 4923 tionibus,
2234 4857 2443 4928 quibus
2520 4856 2608 4909 hae
2672 4855 3198 4928 indulgentiMusaa
3256 4856 3588 4927 impeditur.

1906 4932 2069 4985 Vetus
2116 4934 2214 4993 est,
2254 4926 2351 4981 'ait
2380 4929 2537 4981 Plato
2581 4928 2615 4980 Ι.
2651 4942 2683 4979 x
2717 4927 2785 4979 de
2838 4926 3084 4996 Repub.,
3142 4926 3500 4998 philosbphia:
3544 4935 3594 4983 et

1895 5004 2125 5069 poetices
2184 5000 2465 5053 dissensio.
2524 4999 2664 5052 Hinc
2719 4998 2857 5065 ipsae
2901 4999 3067 5051 Musa:
3110 5014 3261 5052 nunc
3321 5003 3594 5053 vocantur

1899 5073 2254 5126 meretricula
2299 5072 2516 5124 scenica:
2567 5074 2615 5121 et
2642 5069 2881 5123 Stirenes
2912 5084 3084 5139 usque
3111 5073 3169 5124 in
3212 5075 3439 5124 exitium
3469 5072 3591 5124 dul-

1899 5159 2002 5209 ces,
2040 5143 2189 5213 quod
2216 5140 2530 5213 blanditiis,
2577 5140 2745 5213 rebus
2793 5139 3037 5213 lictiset
3064 5142 3325 5196 cantibus
3368 5141 3486 5213 suis
3532 5142 3593 5195 in

1898 5211 2150 5268 errorem
2184 5212 2497 5281 vitiumque
2521 5211 2795 5265 inducant
2826 5228 2838 5265 :
2874 5211 3134 5267 Scirenes
3174 5213 3328 5266 enim
3359 5212 3593 5283 quibus-

1901 5286 2031 5340 dam
2089 5289 2223 5337 sunt
2273 5284 2620 5348 meretrices,
2667 5299 2796 5352 qua:
2830 5283 3096 5353 deceptos
3136 5282 3467 5351 navigantes
3522 5282 3593 5337 ad

1900 5372 2181 5411 summam
2200 5358 2508 5423 egestatem
2537 5352 2799 5424 redigant
2832 5371 2844 5407 :
2880 5352 3007 5408 aliis
3043 5359 3177 5408 sunt
3203 5360 3457 5408 monstra
3479 5369 3596 5408 ma-

1898 5428 2024 5481 rina
2064 5426 2399 5479 mulieribus
2447 5424 2655 5494 partim
2708 5425 2939 5493 similia,
2970 5441 3098 5495 qua:
3132 5425 3285 5478 vocis
3324 5424 3597 5480 suavitate

1899 5502 2312 5569 prtetereuntes
2353 5503 2556 5569 nautas
2608 5499 2859 5568 sopiant,
2911 5497 3243 5566 sopitosque
3274 5495 3547 5552 devorent
3581 5514 3594 5553 :

1898 5568 2053 5626 unde
2089 5569 2248 5623 Ovid.
2280 5585 2342 5622 ιιι
2366 5568 2434 5621 de
2458 5571 2579 5623 Art.
2617 5584 2632 5621 :

2026 5657 2261 5705 Monstra
2285 5656 2446 5705 maris
2471 5654 2712 5718 Seirenes
2737 5658 2906 5713 erant,
2937 5667 3056 5718 quae.
3077 5666 3205 5705 voce
3234 5668 3430 5707 canora

2090 5719 2367 5777 Quaslibet
2394 5718 2652 5769 admissas
2676 5717 3134 5768 detinuere’rates.

1897 5802 2210 5875 Pr0pterea
2274 5799 2491 5859 eaedem
2571 5799 2745 5856 Musa:
2805 5798 3076 5856 dicuntur
3136 5798 3346 5857 dolores
3424 5796 3604 5856 Boetii
