3996 6170
423 293 521 348 591

1723 290 1842 344 AN.
1891 291 2104 345 MANL.
2154 291 2306 348 SEV.
2355 291 2614 348 BOETII.
3765 299 3846 350 592

414 429 501 480 tes
532 422 914 478 assuefaciunt
937 421 1162 488 morbo,
1188 435 1304 474 non
1337 421 1602 475 liberant.
1634 423 1749 476 ιειί
1779 424 1846 477 At
1876 423 1921 475 si
1944 439 2116 492 quem
2157 430 2201 482 Α
2228 427 2373 477 esset
2429 422 2638 478 mulier
2695 431 2810 475 tam
2843 420 3168 491 imperiosae
3204 421 3562 488 auctoritatis,
3608 424 3847 497 obstupui,

419 515 746 587 profanum,
778 522 803 548 ι
824 511 907 566 uti
932 511 1103 581 vulgo
1135 510 1366 564 solitum
1390 510 1574 579 vobis,
1608 511 1896 564 blanditiae
1919 519 2118 567 vestrae

419 605 803 669 detraherent,
837 601 1028 654 minus
1056 601 1292 654 moleste
1323 601 1624 654 ferendum
1659 606 1942 670 putarem,
1967 601 2108 655 nihil

419 695 635 768 quippe
683 692 742 746 in
781 707 848 745 eo
881 695 1088 744 nostra:
1115 693 1139 732 ι)
1163 706 1348 760 operae
1383 690 1744 743 lazderentur.
1785 694 1902 744 ιν
1953 693 2112 745 llunc

413 792 573 839 vero°
615 781 875 836 Eleaticis
901 785 1071 851 atque
1094 778 1446 832 Academicis
1479 779 1682 833 studiis
1723 779 2112 836 innutritum?

415 875 523 931 Sed
573 871 723 927 abite
754 870 968 941 potius3
1005 869 1264 924 Seirenes
1303 884 1482 939 usque
1514 868 1573 922 in
1607 868 1842 922 exitium
1894 869 2106 937 dulces,

415 963 675 1034 meisque
706 977 836 1015 cum
867 958 1034 1013 Musis
1064 957 1381 1011 curandum
1443 957 1878 1028 sanandumque
1932 958 2107 1011 relin-

416 1053 596 1125 quite.
637 1050 734 1105 His
765 1049 861 1103 ille
890 1046 918 1083 ἀ
947 1049 1156 1102 chorus
1183 1046 1515 1116 increpitus,
1551 1046 1758 1115 dejecit
1786 1046 1949 1099 humi
1978 1063 2116 1100 mm-

409 1144 550 1198 stior
586 1142 830 1206 vultum,
862 1139 1267 1208 confessusque
1297 1137 1506 1190 rubore
1551 1135 1977 1202 verecundiam,
2027 1137 2109 1190 li-

411 1247 547 1288 men
575 1231 646 1302 (5)
693 1230 867 1284 tristis
898 1227 1153 1283 excessit.
1187 1229 1260 1281 At
1289 1243 1417 1297 ego,
1452 1225 1614 1296 cujus
1649 1224 1794 1279 acies
1843 1225 2107 1295 lacrymis

412 1338 602 1378 mersa
616 1320 909 1392 caligarat,
941 1334 1013 1372 ne
1045 1316 1379 1388 dignoscere
1409 1330 1639 1386 possem
1666 1330 1934 1386 quaenam
1985 1314 2108 1368 haec

2221 515 2464 585 visuque
2510 515 2569 567 in
2612 518 2823 566 terram
2864 512 3068 579 deﬁxo,
3131 512 3404 582 quidnam
3452 514 3696 586 deinceps
3737 527 3850 574 esset

2218 608 2434 667 actura,
2465 605 2787 673 exspectare
2827 601 3032 655 tacitus
3065 601 3228 670 ccepi.
3261 602 3402 655 Tum
3437 603 3529 655 illa
3547 605 3754 674 propius
3778 624 3848 661 ac-

2219 693 2446 759 cedeus,
2481 692 2540 745 in
2568 697 2822 745 extrema
2853 691 3041 744 lectuli
3070 690 3355 761 meiparte
3384 692 3645 761 consedit,
3675 711 3851 751 meum.

2219 798 2330 852 que
2358 782 2588 835 intuens
2620 781 2841 834 vultum
2873 781 3026 833 luctu
3059 796 3312 850 gravem,
3348 781 3458 850 (lO)
3486 787 3641 851 atque
3669 783 3720 836 in
3760 785 3849 839 hu-

2219 886 2377 924 mum
2395 886 2637 924 moerore
2655 870 2958 939 dejectum,
2978 867 3067 921 his
3094 869 3348 922 versibus
3379 870 3447 922 de
3468 875 3659 924 nostrai
3677 875 3846 928 mentis

2216 959 2649 1030 perturbatione
2683 963 3214 1082 οοιιίῖιιιξδξῖιεῇξὺῃ
3264 1029 3307 1082 Π

2929 1055 2940 1080 ι
3171 1067 3182 1081 Δ
3219 1041 3238 1060 .

2929 1041 3238 1082 ΜΕῙΗΙᾹἎΥ
3265 1041 3330 1082 ιι.

2215 1100 2618 1156 Anauueuruu.
2649 1131 2718 1140 —
2774 1101 3125 1170 Philosophia
3169 1101 3361 1153 mentis
3413 1100 3852 1171 Boetianzpertur-

2292 1173 2558 1227 bationem
2617 1173 2984 1240 descriptum,
3043 1176 3268 1224 veterem
3297 1171 3415 1239 ejus
3463 1171 3526 1224 de
3553 1173 3681 1238 calo,
3723 1179 3764 1227 et
3803 1175 3853 1228 de

2294 1247 2441 1298 omni
2483 1248 2687 1298 natura
2732 1248 3010 1298 scientiam
3068 1258 3185 1296 cum
3212 1259 3291 1295 'ea
3324 1244 3545 1308 confert,
3592 1259 3696 1312 quae
3742 1260 3852 1300 nunc

2289 1316 2508 1370 videtur
2537 1316 2781 1386 ejusdem
2803 1315 2872 1371 de
2901 1315 3058 1370 rebus
3077 1313 3322 1377 omnibus
3339 1316 3680 1383 ignoratione.

1866 1439 2446 1498 INTERPRETATIO.

479 1566 506 1593 ⁸
533 1560 875 1614 Ecclraneum
903 1559 953 1611 et
980 1553 1278 1620 vulgarem.

477 1632 504 1673 Β
540 1630 795 1686 Labores.

2289 1557 2309 1584 ο
2339 1549 2648 1603 Dialecticis
2680 1551 2730 1600 et
2759 1546 3074 1602 Platonicis.

2286 1618 2314 1656 ά
2356 1621 2538 1675 Turba
2561 1620 2874 1689 objurgata.

2040 1766 2247 1823 ΝΟΤᾸΞ
2261 1808 2274 1821 .

410 1882 662 1937 dulcibus
685 1882 910 1949 insuper
937 1877 1080 1932 alere
1098 1876 1351 1941 uenenis;
1403 1872 1692 1949 affectuum
1739 1874 1915 1949 spinis
1943 1875 2113 1949 ratio-
2154 1875 2193 1928 Β
2225 1868 2480 1949 ἑκοςὸεμέα
2511 1872 2581 1926 ab
2612 1871 2878 1925 Ecademo
2902 1872 3081 1926 lleroe
3110 1885 3123 1923 :
3160 1869 3312 1924 unde
3348 1870 3533 1924 Horat.
3565 1869 3719 1940 Epist.
3746 1871 3775 1924 l.
3801 1885 3846 1936 ιι,

408 1957 496 2008 nis
527 1958 752 2022 segetem
775 1945 999 2015 nccare;
1033 1952 1234 2003 mentes
1273 1947 1614 2010 assuefacere
1641 1945 1842 2012 morbo,
1884 1961 1989 2000 non
2039 1947 2106 2000 li-

411 2026 618 2079 berare.

478 2094 896 2165 Philosophich
954 2089 1352 2165 autemMusre
1385 2086 1671 2165 d_icuntur,
1706 2103 1834 2157 quae
1880 2091 2104 2165 pertur-

406 2159 739 2221 bationibus
788 2169 991 2230 exuta),
1026 2169 1090 2216 ut
1119 2162 1267 2214 clare
1301 2159 1679 2228 distincteque
1716 2163 2104 2230 cognoscunt,

409 2238 490 2292 sic
515 2239 774 2308 judicant
805 2253 817 2291 :
852 2229 1004 2308 unde
1040 2248 1336 2308 nunquam
1370 2232 1646 2308 falluntur
1679 2229 1814 2283 :has
1845 2231 2021 2291 Plato,
2049 2230 2103 2308 ,1.

408 2325 441 2362 x
474 2301 542 2363 de
593 2310 758 2379 Rep,
793 2307 1032 2379 laudans
1083 2301 1742 2379 vocat-divinum‘genus,
1797 2318 2004 2379 easque
2045 2301 2105 2353 in

409 2396 513 2434 sua
541 2372 770 2432 civitate
797 2378 1066 2432 admittit.
1105 2377 1221 2441 Hae,
1254 2373 1464 2444 fugatis
1493 2372 1661 2426 Musis
1687 2373 1944 2442 poeticis,
1971 2375 2106 2426 Boe-

406 2449 552 2506 tium
583 2451 850 2519 deinceps
880 2448 1187 2502 ducebunt.

485 2523 504 2558 ί
539 2523 613 2576 At
635 2525 684 2575 si
704 2513 861 2591 quem
895 2522 1216 2591 profanum.
1250 2515 1267 2586 1
1301 2515 1579 2591 Profanus
1612 2513 1820 2591 dicitur
1851 2519 1906 2566 et
1933 2514 2106 2591 locus

415 2597 470 2647 et
500 2585 800 2662 homo;-t°
830 2585 988 2645 locus
1020 2585 1296 2661 profanus
1322 2588 1368 2639 is
1400 2591 1631 2638 vocatur
1658 2586 1757 2655 qui
1783 2585 1945 2662 quasi
1982 2601 2111 2662 ppo-

411 2665 502 2718 cul
535 2681 566 2718 a
597 2657 730 2718 fano
762 2663 999 2734 positus,
1020 2657 1197 2715 'sacer
1242 2674 1354 2712 non
1405 2662 1534 2712 est:
1583 2672 1697 2727 quo
1749 2657 1920 2710 modo
1980 2658 2102 2709 Ain.

411 2751 512 2804 xu,
547 2752 597 2789 ν.
629 2738 731 2790 778
774 2751 786 2789 :

906 2821 1088 2883 Tuque
1115 2819 1313 2882 optima
1343 2817 1539 2883 ferrum

533 2886 692 2934 Terra
720 2888 839 2933 tene
875 2899 887 2933 :
919 2877 1058 2932 colui
1086 2877 1288 2930 vestros
1319 2881 1358 2927 si
1387 2890 1594 2938 semper
1622 2877 1873 2935 honores,

535 2949 686 3006 Quos
710 2951 897 2996 contra
930 2945 1177 2994 zEneadaa
1199 2942 1340 2992 bello
1367 2941 1533 2990 fecere
1557 2940 1833 3004 'profanos.

473 3049 533 3099 2°
567 3047 747 3100 Homo
781 3044 1056 3116 profanus
1085 3043 1182 3098 ille
1209 3042 1456 3116 habetur
1517 3037 1616 3109 qui
1656 3036 1816 3107 quasi
1847 3037 2030 3116 etiam
2075 3055 2105 3092 a

414 3115 547 3171 fano
579 3108 801 3187 procul,
827 3116 998 3169 sacris
1028 3131 1144 3170 non
1177 3120 1262 3168 est
1283 3108 1580 3167 initiatus:
1615 3108 2104 3179 quemadmodum

406 3187 605 3242 Eneid.
637 3204 721 3254 VI,
751 3204 801 3241 v.
837 3190 938 3240 258
973 3203 986 3240 :

778 3291 986 3348 Procul,
1009 3304 1039 3338 o
1060 3288 1365 3352 proculjeste
1390 3285 1616 3350 profani,

591 3353 899 3403 Conclamat
925 3359 1086 3409 vates,
1118 3357 1334 3414 totoque
1365 3352 1597 3400 absistite
1629 3353 1767 3402 luco.

477 3451 849 3522 Philosophia
871 3467 1006 3520 ergo
1041 3465 1353 3522 nunceum
1375 3449 1678 3522 hominem
1713 3455 1873 3504 vocat
1902 3452 2090 3522 profa-

411 3541 574 3591 num,
620 3520 729 3594 qui
755 3522 1056 3593 praeceptis
1096 3520 1510 3594 philosophicis
1558 3539 1675 3575 non
1718 3523 1991 3594 imbutus,
2020 3521 2090 3574 ab

403 3597 531 3666 ipsa
563 3592 923 3666 philosophia
959 3594 1182 3666 alienus
1206 3597 1291 3644 est
1325 3608 1336 3644 :
1373 3592 1451 3644 sic
1476 3593 1748 3666 Horatius
1777 3592 2085 3666 imperitos

402 3663 668 3722 homines
718 3671 774 3720 et
793 3663 836 3718 7a
866 3665 1034 3718 Musis
1070 3663 1307 3728 alienos,
1343 3679 1374 3715 a
1403 3663 1517 3716 suis
1549 3665 1922 3732 carminibus,
1957 3670 2080 3717 tan-

402 3754 576 3810 quam
634 3737 900 3808 profanos
941 3753 975 3790 a
1032 3735 1224 3802 sacris,
1268 3749 1488 3795 arcens,
1535 3737 1686 3790 canit
1731 3737 1767 3790 l.
1796 3751 1858 3790 ιιι
1892 3737 2078 3790 Carm.

400 3811 590 3864 od.t:

652 3896 748 3945 Odi
774 3895 1055 3959 profanum
1084 3893 1297 3959 vulgus,
1328 3895 1380 3941 et
1416 3905 1568 3943 arceo
1592 3910 1622 3959 γε

649 3956 837 4008 Favete
863 3958 1060 4019 linguis
1095 3971 1105 4004 :
1133 3956 1374 4021 carmina
1391 3969 1499 4007 non
1525 3958 1688 4021 prius.

647 4021 856 4077 Audita,
890 4018 1160 4068 musarum
1196 4018 1440 4066 sacerdos

646 4084 953 4147 Virginibus
984 4082 1263 4144 puerisque
1289 4086 1462 4129 canto.

469 4185 655 4249 Quare
688 4181 1077 4254 philosophia,
1104 4196 1238 4254 quae
1280 4195 1435 4232 nunc
1465 4180 1648 4254 utitur
1671 4180 1776 4254 hac
1817 4179 2092 4254 loquendi

395 4257 601 4322 forma,
651 4250 781 4325 quae
839 4250 1048 4325 Graecis
1093 4250 1482 4325 ἀποσιώπησις,
1506 4251 1765 4325 Ciceroni
1799 4252 2094 4325 reticentia

395 4330 622 4394 dicitur,
657 4322 794 4396 qua
825 4324 1094 4396 videlicet
1137 4324 1317 4396 oratio
1350 4323 1429 4374 sic
1476 4323 1854 4396 contrahitur,
1904 4329 1966 4375 ut
1997 4322 2088 4396 vix

394 4393 842 4470 appareat-quid
882 4395 1139 4470 dicturus
1169 4393 1341 4470 fuerit
1375 4394 1698 4470 orator,__ita
1729 4394 1952 4470 videtur
2006 4394 2088 4445 lo-

395 4463 532 4542 qui:
565 4469 645 4536 Si,
678 4463 910 4522 o'Musaa
940 4465 1200 4542 poeticae,
1232 4464 1485 4540 aliquem
1517 4463 1892 4542 philosophice
1922 4465 2091 4542 igna-

393 4535 544 4608 r'um,
572 4547 634 4594 ut
663 4545 848 4593 vester
895 4553 1016 4590 mos
1061 4541 1166 4598 est,
1200 4535 1478 4608 aratione
1537 4535 1602 4587 ad
1645 4535 2091 4608 perturbationis

393 4605 734 4681 obsequium
794 4608 1187 4681 detraheretis,
1235 4605 1288 4657 id
1337 4607 1886 4681 mi_nu_s__mole_st_um
1949 4606 2094 4658 mihi

393 4676 684 4736 videretur
719 4696 732 4733 :
767 4679 864 4733 sed
896 4678 1150 4733 Boetium
1174 4677 1233 4728 in
1263 4677 1422 4728 omni
1453 4676 1833 4746 philosophia:
1881 4693 2093 4746 genere

393 4752 910 4808 versatissimum...
979 4755 1183 4804 caetera
1223 4747 1551 4800 reticentur.
1613 4748 1701 4801 Sic
1757 4749 2091 4803 iuvenalis:

577 4840 836 4902 Majorum
859 4838 1060 4902 primus
1090 4834 1329 4902 quisquis
1361 4835 1459 4902 fuit
1489 4835 1576 4902 ille
1609 4839 1841 4902 tuorum,

577 4897 682 4952 Aut
711 4897 889 4964 pastor
917 4900 1017 4949 fuit
1037 4897 1128 4947 aut
1161 4899 1293 4946 illud
1319 4898 1458 4960 quod
1489 4897 1662 4946 dicere
1693 4899 1837 4946 nolo.

390 4984 480 5041 Sic
518 4981 790 5054 Virgilius
819 4996 987 5035 versu
1011 4979 1310 5033 notissimo
1350 4994 1363 5031 :

517 5072 660 5131 Quos
686 5084 843 5134 ego...
880 5069 973 5118 sed
1003 5073 1175 5117 motos
1205 5069 1422 5130 praestat
1449 5079 1764 5129 componere
1805 5066 2012 5115 ﬂuctus.

463 5157 486 5190 ³
513 5157 669 5210 Hunc
699 5168 821 5207 vero
864 5150 1127 5204 Eleaticis
1173 5154 1338 5216 atque
1381 5146 1767 5215 Academicis]
1829 5148 2091 5200 Dialecti-

389 5229 466 5283 οἰδ
523 5232 573 5281 et
629 5224 968 5280 Platonicis:
1029 5220 1218 5272 studia
1273 5219 1428 5272 enim
1473 5219 1766 5271 dialectica
1819 5225 2092 5271 voczntur

387 5299 673 5353 Eleatica:
736 5293 871 5366 quia
922 5290 1216 5366 dialectica
1261 5289 1440 5342 fertur
1473 5291 1706 5366 inventa
1766 5306 1797 5342 a
1843 5291 2088 5357 Zenone,

439 5370 516 5437 ui,
548 5368 701 5440 quod
733 5360 894 5440 ortus
926 5364 1002 5440 sit
1034 5377 1099 5414 ex
1131 5360 1281 5440 Elea,
1317 5366 1548 5440 vocatur
1579 5361 1815 5440 Eleates.
1847 5363 2090 5440 Est-vero

439 5387 516 5437 ll],
548 5387 701 5440 quoa
733 5387 894 5418 ortus
926 5387 1002 5415 διι
1034 5387 1099 5414 ελ
1131 5387 1281 5424 ιιυα,
1322 5387 1547 5412 vocatur
1582 5387 1815 5413 [Ἄρηα-δ.
1847 5387 1935 5413 nec
1962 5387 2087 5413 γυιυ

390 5387 543 5506 Elea,
580 5444 810 5492 auctore.
843 5434 1120 5489 Strabone
1153 5432 1193 5484 1.
1229 5447 1310 5506 vi,
1339 5431 1534 5506 civitas
1577 5432 1833 5506 Lucaniae
1857 5449 1902 5506 _a
1934 5432 2087 5506 Pho-

391 5502 656 5564 censibus
686 5507 936 5571 condita,
990 5502 1343 5558 Parmenidis
1387 5506 1443 5554 et
1473 5503 1713 5555 Zenonis
1749 5502 2088 5572 Pythagori-

391 5597 588 5635 corum
629 5579 834 5649 patria.
891 5576 1090 5649 Studia
1131 5579 1320 5649 autem
1371 5573 1660 5649 Platonica
1727 5575 2091 5649 appellantur

388 5642 744 5716 Academica,
774 5649 929 5721 quod
955 5645 1365 5721 Platouprimus
1405 5642 1462 5721 in
1503 5642 1810 5721 Academia
1839 5646 2088 5712 philoso-

388 5725 584 5796 phiam
630 5714 1050 5796 pro‘fe'ssus‘sit.
1247 5731 1378 5769 vero
1410 5714 1716 5794 Academia
1753 5731 2089 5796 nemorosus

383 5784 545 5852 Extra
573 5784 648 5851 et.
669 5807 848 5864 prope
872 5789 1124 5847 Athenas
1179 5788 1358 5854 locus,
1392 5785 1494 5856 qui
1548 5784 1708 5856 prius
1765 5786 1950 5842 dictus
1977 5786 2088 5845 fuit

2163 1967 2168 1970 -
2221 1943 2386 2014 epist.
2420 1947 2492 1998 2:

2343 2049 2552 2098 Scilicet
2576 2051 2633 2096 ut
2663 2061 2868 2111 possem
2903 2060 3064 2096 curvo
3095 2047 3405 2110 dignoscere
3431 2050 3638 2102 rectum,

2278 2111 2450 2174 Atque
2483 2113 2620 2159 inter
2653 2111 2811 2159 silvas
2832 2111 3076 2158 Ecademi
3107 2123 3344 2172 quaerere
3370 2122 3565 2158 verum.

2213 2210 2387 2280 Atqui
2415 2209 2643 2264 Boetius
2676 2209 2733 2262 in
2767 2209 3063 2263 dialecticis
3081 2214 3130 2262 et
3152 2210 3447 2262 Platonicis
3467 2207 3712 2262 doctrinis
3729 2222 3849 2280 exer-

2217 2279 2585 2335 citatissimus
2625 2282 2732 2334 fuit
2769 2296 2779 2334 :
2816 2281 2873 2332 in
2913 2281 3212 2333 dialecticis
3231 2281 3464 2349 quidem
3499 2295 3511 2332 :
3545 2280 3668 2349 quia
3710 2279 3848 2332 diale-

2220 2354 2389 2406 cticos
2434 2353 2608 2405 libros
2644 2351 2962 2405 Aristotelis
3008 2350 3148 2420 (qui,
3201 2351 3422 2418 judicio
3471 2350 3745 2414 Ciceronis,
3779 2351 3845 2401 Ι.ι

2219 2424 2289 2478 de
2321 2425 2500 2486 Orat.,
2553 2423 2620 2475 de
2653 2423 2868 2474 ratione
2928 2422 3247 2475 disserendi
3289 2423 3470 2474 multo
3518 2423 3665 2491 plura
3713 2437 3844 2490 quam

2217 2511 2416 2548 omnes
2441 2494 2695 2562 magistri
2728 2495 3024 2562 multoque
3059 2493 3299 2545 meliora
3331 2493 3490 2562 dixit)
3523 2493 3775 2544 transtulit
3806 2497 3847 2542 et

2217 2563 2643 2618 commentariis
2668 2564 2988 2617 illustravit.
3023 2565 3087 2616 In
3120 2565 3424 2617 Platonicis
3444 2579 3569 2616 vero
3595 2579 3606 2615 :
3636 2577 3847 2632 progres-

2216 2653 2278 2689 su
2313 2637 2465 2689 enim
2496 2635 2710 2704 patebit
2743 2635 3001 2688 Boetium
3033 2634 3456 2689 Platonicorum
3497 2635 3760 2704 opiniones
3784 2648 3846 2685 re-

2217 2711 2302 2762 cte
2324 2708 2692 2772 intellexisse,
2727 2706 2909 2776 iisque
2939 2705 3109 2759 fuisse
3139 2705 3599 2758 addictissimum.

2287 2799 2307 2830 ³
2358 2797 2600 2850 Seirenes
2672 2809 2843 2863 usque
2915 2797 2974 2847 in
3022 2792 3252 2848 exitium
3333 2791 3557 2864 dulces]
3617 2791 3842 2864 Seirenes,

2217 2867 2426 2928 Graece,
2460 2873 2686 2938 Σειρῆνες
2721 2862 2873 2919 unde
2914 2870 2970 2918 et
2995 2869 3176 2938 perei
3217 2870 3272 2918 et
3302 2881 3406 2934 per
3435 2869 3454 2918 ἱ
3482 2862 3697 2933 longum
3741 2862 3843 2938 scri-_

2215 2937 2390 3002 bitur,
2451 2935 2692 3006 duplicis
2731 2940 2864 2989 sunt
2921 2936 3167 3006 generis,
3229 2952 3440 3006 nempe
3488 2935 3846 3006 terrestres,_et

2217 3009 2474 3062 marinae.
2511 3003 2847 3077 Terrestres,
2882 3003 3144 3060 fucorum
3186 3003 3390 3077 genus;
3423 3005 3618 3060 nostris
3649 3003 3844 3075 physicis

2216 3076 2610 3152 dicunturra’mb
2643 3083 2732 3129 τοῦ
2767 3080 3052 3152 seipse-Gai,
3086 3076 3242 3148 quod
3269 3079 3528 3152 bestiolae
3555 3078 3653 3152 ιιιες
3668 3081 3847 3152 contra-

2217 3157 2302 3204 cta
2337 3151 2672 3204 membrana
2703 3145 2947 3203 curvatrr.
2969 3145 3199 3220 jaceant
3233 3165 3247 3203 :
3287 3150 3360 3204 de
3389 3150 3476 3203 his
3506 3149 3732 3218 loquitur

2214 3224 2343 3275 nius
2371 3224 2410 3276 Ι.
2445 3237 2524 3287 vr,
2555 3237 2677 3291 cap.
2718 3224 2806 3285 16;
2838 3221 2952 3291 sed
2973 3217 3060 3274 Vde
3090 3221 3178 3274 his
3208 3237 3362 3275 nunc
3392 3237 3506 3274 non
3533 3217 3738 3291 agitur._
3765 3217 3845 3291 Ma-

2211 3294 2352 3346 rinae
2404 3291 2481 3346 sic
2511 3285 2676 3346 dicta:
2715 3294 2801 3345 vel
2826 3289 2928 3342 ἀπὸ
2958 3300 3050 3352 τῆς
3083 3297 3276 3364 σειρᾶς,
3329 3310 3362 3346 a
3412 3285 3642 3364 vinculo.
3669 3288 3742 3364 vel
3766 3285 3841 3336 ἀπὸ

2211 3365 2304 3437 τοῦ
2342 3367 2534 3437 σύρειν2
2567 3361 3346 3437 adecipiendo,_quod'cantu
3379 3379 3479 3437 suo
3510 3361 3842 3437 imprudentes

2209 3428 2455 3488 advenas
2506 3428 2829 3488 devinciant
2881 3428 3303 3504 decipiantque,
3368 3428 3622 3488 feruntur
3663 3428 3841 3504 Acheloi

2211 3507 2368 3558 tluvii
2400 3511 2456 3558 et
2479 3506 2762 3575 Calliopes
2792 3505 2962 3572 illim;
3003 3501 3250 3575 superne
3289 3505 3617 3575 virginibus,
3663 3501 3841 3575 inferne

2207 3577 2456 3646 piscibus
2483 3572 2713 3630 similes.
2745 3579 2879 3630 Tres
2911 3572 3310 3642 numerantur,
3347 3572 3703 3645 Parthenope,
3740 3572 3841 3646 Leu-

2207 3641 2376 3713 cosia,
2432 3649 2619 3717 Ligea,
2655 3664 2900 3717 quarum
2949 3665 3064 3700 una
3110 3664 3266 3712 voce,
3299 3641 3478 3708 altera
3516 3641 3674 3712 tibiis,
3714 3641 3842 3696 tertia

2208 3720 2326 3790 lyra
2357 3726 2540 3782 canat,
2583 3736 2782 3772 omnes
2809 3724 2967 3772 tanta
2999 3724 3196 3790 cantus
3232 3719 3551 3785 dulcedine,
3581 3722 3638 3770 ut
3680 3719 3839 3768 nautas

2206 3789 2418 3862 s'opitos
2451 3791 2753 3860 naufragio
2782 3791 3044 3860 perdant.
3069 3789 3229 3844 Ovid.
3263 3807 3320 3843 ιιι
3351 3791 3419 3844 de
3443 3793 3556 3844 Art.
3587 3805 3600 3843 :

2330 3896 2562 3944 Monstra
2593 3895 2752 3943 maris
2783 3895 3024 3944 Seirenes
3053 3897 3222 3948 erant.
3255 3908 3376 3956 qua:
3406 3907 3528 3942 voce
3558 3904 3726 3941 canora

2427 3965 2519 4013 15
2552 3958 2824 4015 Quaslibet
2852 3957 3108 4006 admissas
3134 3957 3409 4006 detinuere
3443 3963 3590 4005 rates.

2279 4067 2350 4120 Ex
2375 4081 2486 4134 quo
2537 4065 2750 4118 factum
2797 4068 2976 4118 estut
3007 4063 3287 4134 quidquid
3323 4065 3542 4118 animos
3596 4059 3838 4134 hominum

2205 4132 2545 4206 corrumpit,
2580 4137 2721 4190 illud
2760 4137 2918 4190 Siren
2953 4132 3205 4200 vocetur,
3251 4135 3397 4190 sicut
3430 4136 3668 4206 Horatio,
3693 4132 3834 4206 Serui.

2203 4208 2242 4260 Ι.
2280 4225 2336 4273 ιι,
2361 4201 2464 4261 sat.
2504 4211 2554 4271 3,
2585 4207 2816 4260 uitanda
2829 4209 2903 4260 esl
2932 4207 3178 4275 improba
3203 4207 3362 4261 Siren
3395 4207 3616 4260 desidia.
3646 4204 3722 4258 Sic
3755 4201 3835 4275 igi-

2202 4283 2294 4330 tur
2324 4270 2493 4332 Musze
2535 4278 2771 4347 poeticae
2801 4270 3299 4347 perturbationum
3343 4283 3618 4348 parentes,
3649 4279 3732 4327 aut
3755 4270 3835 4349 sal-

2201 4353 2316 4402 tem
2363 4349 2610 4402 nutrices
2657 4365 2809 4402 nunc
2839 4354 3112 4401 vocantur
3150 4350 3394 4404 Seirenes
3433 4349 3504 4401 ad
3523 4350 3724 4401 exitium
3750 4355 3836 4394 su'e

2204 4421 2274 4473 ad
2310 4421 2623 4490 perniciem
2657 4436 2823 4487 usque
2842 4419 3023 4473 dulces
3059 4435 3071 4472 :
3108 4419 3238 4472 hinc
3261 4422 3474 4474 ea‘dem
3505 4421 3658 4473 Musa:
3679 4414 3838 4483 juben-

2130 4485 2172 4537 D
2203 4485 2497 4545 tur-abire
2525 4485 3020 4560 subeuntibusque
3074 4489 3240 4543 Musis
3267 4491 3662 4561 philosophicis
3691 4490 3835 4561 locum

2207 4562 2426 4627 cedere,
2476 4579 2589 4615 non
2636 4567 2766 4615 ante
2825 4555 3017 4615 tanien
3049 4578 3218 4631 quam
3247 4555 3318 4615 ab
3366 4555 3837 4632 ipsa-philosophia

2205 4633 2557 4702 pergraviter
2591 4632 2972 4702 reprehensa),
3007 4649 3283 4702 suamque
3309 4633 3589 4686 tristitiam
3614 4633 3796 4702 testatae
3823 4637 3832 4673 ξ

2204 4697 2356 4756 unde
2403 4705 2592 4757 chorus
2624 4697 2732 4757 ille
2781 4697 2991 4756 dicitur
3039 4697 3338 4771 increpitus
3385 4701 3674 4772 (increpari
3712 4697 3832 4772 idem

2204 4775 2354 4845 quod
2387 4776 2574 4827 verbis
2597 4775 2788 4828 aliisve
2821 4774 3000 4844 signis
3031 4766 3297 4844 gravi-bus
3318 4766 3668 4844 reprehendi}
3695 4774 3739 4822 et
3763 4766 3831 4845 de-

2196 4837 2392 4913 fecisse
2421 4846 2570 4899 humi
2592 4849 2829 4899 mmstior
2855 4837 3087 4899 ιῆιιιωῆ.
3120 4846 3276 4899 Abiit
3297 4837 3522 4899 tandem
3556 4837 3840 4914 chorusille

2203 4908 2259 4969 et
2303 4918 2465 4970 limen
2498 4919 2673 4970 tristis
2723 4919 2983 4982 excessit;
3038 4916 3270 4986 optimis
3321 4918 3472 4970 enim
3517 4908 3838 4986 philosophia!

2202 4985 2477 5041 institutis
2528 5004 2643 5041 non
2701 4987 2859 5057 prius
2890 4982 3093 5040 imbui'
3129 5003 3458 5056 possumus,
3503 4982 3661 5057 quam
3695 4982 3838 5057 Mus.“

2200 5057 2346 5122 illas,
2381 5048 3236 5130 similesqueperturbationum
3283 5048 3504 5112 veritati
3521 5048 3837 5130 invenienda:

2200 5129 2630 5183 contrariarum,
2669 5146 2866 5182 causas
2919 5131 3106 5182 valere
3141 5130 3500 5199 jusserimus.
3551 5129 3835 5199 Quanquam

2201 5201 2313 5254 illa:
2356 5201 2812 5269 perturbationes
2861 5217 3011 5270 smpe
3058 5193 3291 5254 remotis
3334 5201 3422 5254 his
3469 5200 3638 5270 causis
3689 5193 3834 5270 adhuc

2199 5265 2601 5340 perseverant:
2667 5271 2820 5324 unde
2863 5265 3222 5341 philosophia
3265 5273 3333 5326 de
3365 5271 3568 5326 mentis
3598 5265 3832 5321 Boetiante

2197 5343 2604 5410 perturbatione
2633 5345 2710 5395 sic
2731 5349 3020 5407 conquesta
3050 5348 3145 5396 est.

2268 5442 2287 5462 ο
2317 5431 2472 5493 Quod
2506 5431 2824 5498 generatim
2856 5433 3087 5497 lyricum
3119 5449 3151 5484 a
3193 5430 3332 5500 lyra,
3363 5434 3558 5499 utpote
3592 5428 3710 5498 lyrm
3743 5419 3832 5500 είῖβ

2199 5491 2405 5554 ﬁdibus
2437 5491 2718 5570 aptatum,
2741 5491 3034 5571 speciatim
3055 5491 3397 5556 Alcmanium
3413 5491 3758 5554 abinve'ntore
3775 5491 3832 5543 di-

2199 5573 2366 5626 citur.
2405 5575 2498 5626 Est
2525 5578 2714 5626 autem
2746 5589 2974 5627 carnem
3007 5581 3270 5627 constans
3296 5590 3359 5627 ex
3391 5589 3504 5626 uno
3535 5583 3722 5641 genere
3742 5575 3832 5641 vet-

2198 5661 2388 5716 suum,
2413 5659 2657 5715 quorum
2691 5644 2932 5714 quilibet
2963 5646 3328 5716 componitur
3356 5660 3419 5698 ex
3451 5632 3679 5716 quatuor
3723 5632 3832 5687 ulti—

2198 5715 2307 5796 mis
2339 5713 2534 5796 ver—sus
2570 5713 2782 5769 heroici
2814 5717 3073 5796 pedibus,
3094 5713 3188 5771 Vita
3211 5721 3272 5772 ut
3292 5722 3419 5789 post
3443 5713 3730 5770 secundum
3752 5717 3828 5776 pe'

2197 5785 2327 5843 dem
2359 5787 2578 5859 syllaba
2605 5785 2874 5860 supersit.
