3996 6170
136 291 228 345 593
1153 287 1244 340 DE
1282 285 1806 344 CONSOLATIONE
1845 285 2321 344 PHILOSOPHUE
2359 287 2496 344 LIB.
2545 288 2596 343 Ι.
3527 290 3632 346 594

262 425 600 494 Heu,quam
620 421 1116 494 praecipitimersa
1140 422 1428 493 profundo
1849 427 1896 480 A
2069 425 2169 480 Hic
2208 424 2501 495 quondam
2537 425 2676 480 coelo
2710 423 2857 480 liber
2887 430 3086 497 aperto

257 516 414 569 Mens
443 513 632 579 hebet,
671 516 745 580 et,
778 511 1015 583 propria
1046 512 1171 566 luce
1203 513 1418 580 relicta,
2077 519 2169 568 18
2202 514 2406 569 Suetus
2427 513 2487 568 in
2510 513 2776 568 aetherios
2808 515 2891 569 ire
2915 519 3162 584 meatus,

265 610 294 657 Ι
313 609 351 656 7
389 602 592 656 Tendit
623 603 681 655 in
726 605 988 656 externas
1015 601 1099 654 ire
1122 601 1419 670 tenebras;
2073 603 2352 657 Cernebat
2382 603 2531 656 rosei
2558 604 2779 658 lumina
2811 604 2968 671 solis,

255 691 509 745 Terreris
539 690 762 762 quoties
789 689 1024 745 ﬂatibus
1055 695 1240 759 aucta,
2066 691 2294 746 Visebat
2324 692 2526 763 gelidae
2556 693 2758 761 lsidera
2787 693 2963 759 lunai,

195 785 224 835 5
255 780 468 834 Crescit
496 781 556 834 in
579 780 926 835 immensum
949 779 1117 834 noxia
1144 795 1280 834 cura
1304 779 1316 833 l
2001 782 2064 834 lO
2092 781 2158 837 Et
2195 781 2554 852 quascunque
2581 798 2753 853 vagos
2784 783 2947 836 stella
2979 796 3264 836 recursus.

1577 877 2158 933 INTEBPBETATIO.

193 971 308 1024 Heu
333 972 601 1037 quantum
617 983 764 1022 mens
778 968 1033 1021 humana
1055 968 1308 1021 immersa
1320 965 1818 1037 perturbationum

134 1043 264 1094 mari
274 1041 471 1109 rapido
483 1041 713 1109 altoque
726 1039 1268 1108 obtunditur,suoque
1281 1041 1481 1092 lumine
1493 1039 1816 1106 posthabito,

135 1115 321 1167 nititur
340 1128 499 1165 ruere
511 1114 568 1164 in
590 1112 874 1178 caliginem
892 1114 1230 1177 exteriorem,
1256 1127 1376 1164 cum
1401 1111 1710 1163 sollicitudo
1728 1127 1818 1162 no-

136 1199 261 1251 cens,
277 1183 711 1253 aspirationibus
732 1182 1075 1238 terrestribus
1095 1182 1344 1252 turgida,
1364 1187 1594 1249 augetur
1609 1197 1813 1235 summo

1929 969 2256 1020 incremento
2275 969 2294 1020 .'
2312 969 2413 1020 Hic
2432 966 2658 1021 Boetius
2673 968 2798 1020 olim
2811 983 2917 1020 non
2932 967 3223 1038 impeditus
3245 968 3367 1022 caelo
3388 971 3623 1037 patente,

1927 1039 2117 1092 solitus
2153 1054 2254 1091 sua
2299 1039 2649 1107 cogitatione
2679 1039 2963 1091 ascendere
2990 1039 3063 1091 ad
3101 1042 3338 1106 regiones
3369 1041 3625 1106 ccelestes,

1926 1111 2228 1176 aspiciebat
2256 1110 2441 1163 radios
2465 1111 2591 1163 solis
2605 1113 2868 1178 purpurei
2882 1151 2894 1174 ,
2908 1111 3228 1165 intuebatur
3239 1114 3474 1177 formam
3489 1112 3628 1166 lunas

1924 1181 2167 1249 frigida},
2201 1185 2252 1235 et
2293 1186 2556 1250 quotquot
2599 1182 2765 1236 stella
2795 1182 2993 1236 habent
3023 1185 3348 1236 reversiones
3382 1188 3626 1237 errantes

1760 1270 1981 1326 NOTAE.

202 1364 244 1414 1.
279 1362 558 1428 Praecipiti
583 1374 762 1414 mersa
798 1359 1074 1428 profundo
1103 1358 1294 1426 mens]
1328 1358 1463 1421 Quae
1505 1373 1667 1411 mens
1699 1356 1817 1410 suis

138 1430 674 1501 perturbationibus,
707 1432 1024 1498 praesertim
1053 1447 1180 1483 vero
1210 1429 1392 1482 nimia
1413 1444 1602 1501 rerum
1638 1429 1814 1501 cadu-

137 1499 317 1555 carum
349 1503 734 1555 sollicitudine
761 1503 1024 1567 afﬁcitur,
1059 1501 1180 1554 haec
1205 1501 1274 1554 ab
1326 1501 1393 1552 iis
1425 1499 1811 1568 immergitur,

135 1574 295 1626 veluti
337 1574 585 1642 quodam
624 1573 788 1638 mari,
833 1573 987 1642 quod
1019 1573 1088 1625 sit
1113 1578 1170 1625 et
1199 1571 1548 1640 profundum
1581 1576 1636 1623 et
1667 1586 1815 1642 prac-

134 1659 276 1713 ceps.
300 1641 658 1697 Profundum
692 1641 954 1714 quidem;
986 1643 1252 1714 quodilla
1283 1642 1507 1696 atfectio
1540 1641 1719 1714 menti
1745 1641 1818 1695 sit

134 1715 412 1768 altissimis
439 1713 909 1769 radicibusinﬁxa
929 1731 942 1768 :
963 1713 1214 1785 praeceps
1241 1730 1395 1776 vero,
1429 1713 1584 1783 quod
1615 1713 1815 1785 eadem

132 1787 363 1845 affectio,
389 1786 570 1839 instar
598 1787 896 1856 cujusdam
916 1784 1082 1840 furia:
1113 1785 1418 1849 concitata,
1454 1784 1815 1854 praecipitem

129 1863 372 1910 mentem
407 1858 464 1910 in
497 1873 751 1911 errorem
784 1857 1101 1926 vitiumque
1133 1857 1400 1925 abripiat.

199 1931 244 1981 2.
285 1929 496 1998 Hebet]
546 1929 766 1982 Hebere
814 1925 1044 2000 proprie
1099 1927 1309 2000 dicitur
1363 1926 1606 2000 gladius,
1652 1925 1814 2000 cujus

131 2000 268 2053 acies
302 1997 491 2054 retusa
524 2006 628 2064 est,
662 1997 1033 2052 translatione
1069 2015 1199 2051 vero
1248 1997 1388 2051 illud
1426 2013 1618 2065 omne,
1653 1999 1814 2068 cujus

133 2078 308 2123 motus
341 2072 596 2140 languet.
632 2071 719 2124 Sic
748 2071 940 2140 Virgil.
973 2073 1094 2124 Ain.
1129 2086 1176 2133 v,
1213 2085 1359 2122 vers.
1390 2071 1527 2122 395:

554 2156 654 2206 Sed
691 2157 833 2205 enim
869 2157 1076 2218 gelidus
1105 2156 1348 2204 tardante
1381 2159 1595 2204 senecta

304 2219 531 2282 Sanguis
561 2219 734 2274 hebet,
761 2217 1056 2282 frigentque
1073 2218 1242 2268 etl'etze
1265 2219 1318 2266 in
1342 2231 1560 2282 corpore
1593 2217 1747 2266 viros.

191 2316 276 2372 Sic
312 2318 530 2371 Tullius
576 2335 612 2382 ι,
663 2318 910 2384 Tuscul.,
958 2316 1418 2382 Quemadmodum
1468 2315 1678 2386 inquit,
1718 2318 1817 2386 qui

130 2392 289 2441 aeutis
315 2389 488 2442 oculis
545 2388 873 2456 deﬁcientem
892 2389 1052 2441 solem
1075 2392 1372 2452 intuentur,
1406 2393 1679 2455 aspectum
1709 2403 1815 2441 om-

129 2463 243 2512 nino
291 2463 575 2523 amittunt,
627 2463 704 2513 sic
746 2463 937 2512 mentis
984 2461 1123 2512 acies
1165 2462 1399 2526 seipsam
1441 2461 1654 2511 intuens
1687 2475 1814 2512 non-

127 2547 394 2599 nunquam
425 2530 676 2584 hebescit.
712 2531 882 2600 Atqui
914 2546 1073 2583 mens
1106 2531 1359 2583 humana
1391 2535 1608 2598 quanto
1631 2529 1812 2598 magis

127 2602 646 2670 perturbationibus
671 2601 952 2667 obruitur,
973 2605 1129 2654 tanto
1150 2602 1342 2654 minus
1365 2601 1660 2654 veritatem
1684 2617 1815 2654 con-

127 2674 380 2744 templari
416 2679 601 2743 potest
645 2690 657 2727 :
707 2673 966 2742 adeoque
1015 2673 1206 2726 hebet.
1263 2673 1402 2725 Hinc
1447 2673 1501 2726 S.
1549 2674 1809 2740 Gregor.,

127 2746 254 2814 prol.
311 2748 364 2810 2,
413 2751 566 2813 part.
611 2745 670 2797 in
718 2744 1088 2810 Ezechielem,
1138 2758 1304 2810 mens,
1355 2743 1565 2814 inquit,
1609 2748 1812 2811 quanto

128 2820 260 2869 circa
293 2820 507 2869 terrena
526 2817 650 2885 plus
678 2818 906 2882 satagit,
930 2821 1078 2870 tanto
1105 2819 1161 2869 in
1184 2817 1267 2869 his
1280 2831 1400 2885 quae
1431 2821 1556 2869 sunt
1581 2817 1813 2870 cwlestia

128 2890 293 2941 minus
331 2888 498 2940 uidet.

185 2961 232 3011 2.
269 2961 509 3028 Propria
559 2959 673 3012 luce
700 2955 940 3029 relicta.]
993 2956 1161 3010 Menti
1204 2959 1426 3029 nostrae
1446 2955 1682 3029 insitum
1729 2961 1814 3011 est

129 3029 186 3083 ab
222 3030 351 3100 ipso
386 3035 594 3083 nostra).
632 3029 836 3082 mentis
867 3027 1105 3100 auctore
1135 3029 1246 3082 Deo
1278 3027 1567 3099 quoddam
1592 3028 1808 3095 lumen,

128 3117 223 3171 quo
247 3099 382 3171 ipsa
413 3118 470 3154 se
505 3117 667 3154 mens
697 3100 983 3154 erroribus
1013 3099 1276 3170 vitiisque
1309 3106 1537 3152 exutam
1562 3115 1813 3168 cognos-

128 3188 234 3226 cere
279 3173 763 3243 conjunctamque
805 3189 932 3243 cum
965 3171 1390 3243 divinamentc
1423 3171 1646 3243 sentire
1677 3187 1807 3240 pos-

128 3245 186 3296 sit
212 3261 224 3298 :
259 3245 361 3297 sed
391 3242 502 3297 hoc
535 3245 751 3297 lumine
783 3242 895 3297 frui
926 3243 1132 3297 nolunt
1159 3242 1196 3295 ii
1226 3243 1324 3313 qui
1349 3242 1462 3296 suis
1485 3242 1812 3312 obsequun-

133 3319 212 3368 tur
238 3315 796 3386 perturbationibus.

187 3382 256 3439 3.”
288 3389 353 3441 1η
395 3393 651 3440 externas
681 3389 760 3439 ire
801 3382 1096 3454 tenebras.]
1140 3384 1291 3439 Licet
1331 3383 1595 3454 quaedam
1633 3383 1811 3437 menti

129 3463 326 3510 nostra:
357 3458 530 3510 insita
551 3458 638 3510 vel
680 3457 868 3527 potius
900 3456 1098 3509 innata
1129 3455 1199 3508 sit
1229 3455 1498 3527 cognitio,
1533 3455 1683 3527 quod
1723 3459 1810 3527 ta-

128 3543 266 3582 mens
280 3545 450 3582 mens
463 3529 665 3582 eadem
680 3526 840 3582 tinita
854 3528 926 3581 sit
938 3527 1168 3596 suisque
1181 3526 1710 3596 perturbationibus
1723 3526 1814 3580 ob-

128 3601 302 3667 noxia,
340 3607 650 3670 propterea
679 3599 894 3669 duplici
917 3599 1171 3666 subjacet
1201 3598 1566 3650 tenebrarum
1591 3598 1809 3670 generi,

129 3670 429 3725 domestico
455 3669 733 3724 ’videlicet
780 3675 835 3724 et
866 3676 1120 3723 externo.
1178 3670 1518 3722 Domesticaa
1556 3669 1812 3722 tenebrae

126 3743 488 3812 versanturin
514 3742 879 3812 ignoratione
898 3757 1098 3794 eorum
1119 3756 1247 3810 qua:
1265 3757 1368 3794 nec
1382 3756 1687 3812 possumus
1710 3755 1812 3793 nec

128 3811 388 3867 debemus
421 3829 765 3883 cognoscere
799 3829 812 3866 :
855 3812 923 3866 de
968 3812 1057 3866 his
1087 3812 1340 3865 tenebris
1362 3812 1532 3882 vulgo
1579 3811 1807 3879 dicitur,

286 3919 506 3968 Nescire
537 3919 778 3982 quaedam
812 3932 1006 3979 magna
1031 3932 1151 3982 pars
1183 3918 1478 3981 sapientiai.

125 4017 364 4073 Externa:
407 4034 546 4072 vero
584 4019 838 4071 tenebrae
885 4023 1018 4071 sunt
1059 4017 1386 4086 ignorantia
1433 4033 1631 4070 eorum
1683 4033 1808 4087 qua:

125 4105 236 4142 cum
264 4090 561 4160 possimus
583 4089 1010 4159 debeamusque
1042 4104 1405 4160 cognoscere,
1433 4088 1812 4158 perturbatio-

128 4159 279 4213 nibus
323 4162 600 4215 ohceecati
639 4162 924 4214 nescimus
976 4176 988 4212 :
1043 4159 1121 4212 sic
1175 4159 1411 4229 quidam
1471 4161 1530 4212 in
1585 4175 1809 4212 summa

127 4233 201 4284 sui
243 4234 463 4302 Deique
501 4233 864 4298 ignoratione
895 4237 1208 4295 versantes,
1247 4247 1391 4301 quas
1435 4230 1808 4294 cogitationes

126 4302 175 4354 in
195 4306 373 4357 solum
407 4305 592 4357 Deum
631 4303 891 4356 conferre
921 4302 1214 4365 deberent,
1251 4303 1352 4354 has
1388 4302 1444 4354 in
1473 4319 1562 4354 res
1585 4307 1806 4354 creatas

127 4375 436 4428 conferunt.
493 4376 562 4428 Ut
608 4380 800 4427 autem
846 4372 1066 4427 casteris
1115 4373 1668 4442 perturbationibus,
1730 4373 1808 4425 sic

129 4445 286 4498 nimia
325 4447 651 4516 praesertim
681 4461 870 4497 rerum
899 4445 1240 4516 caducarum
1286 4443 1669 4516 sollicitudine
1702 4443 1808 4495 ob—

129 4514 392 4570 caecamur
421 4533 434 4568 :
469 4516 617 4568 unde
644 4532 792 4568 nunc
825 4532 984 4569 mens
1008 4515 1258 4567 humana
1289 4514 1498 4568 dicitur
1530 4518 1584 4566 in
1621 4521 1803 4566 exter-

1923 1362 2079 1413 trant
2111 1374 2124 1411 :
2151 1357 2245 1411 sed
2271 1359 2375 1412 hac
2397 1362 2686 1412 crescente
2709 1374 2846 1412 cura
2871 1358 3153 1412 minuitur
3181 1357 3361 1413 virtus
3383 1360 3618 1415 mentis:

1925 1430 2076 1483 unde
2128 1430 2358 1483 divinus
2407 1434 2726 1500 prmceptor
2785 1431 3062 1497 Christus,
3108 1430 3301 1484 Matth.
3357 1447 3410 1484 vx
3450 1431 3621 1501 hanc,

1927 1500 2380 1554 sollicitudinem
2438 1501 2700 1570 pluribus
2745 1502 2979 1554 confuta
3025 1501 3400 1571 argumentis,
3466 1500 3624 1558 sum;

1926 1588 2079 1652 mam
2306 1573 2730 1652 providentiam
2782 1573 3289 1652 commendaturus
3321 1573 3498 1652 _unde

1924 1643 2086 1696 Paul.
2115 1643 2189 1695 ad
2223 1643 2428 1714 Philip.
2465 1659 2539 1710 iv,
2577 1643 2750 1707 Nihil,
2780 1643 2986 1713 inquit,
3021 1645 3242 1698 solliciti
3280 1644 3431 1708 sitis;
3471 1645 3622 1700 unde

1923 1714 1977 1768 S.
2017 1716 2214 1769 Petrus
2271 1731 2360 1783 ep.
2423 1715 2462 1767 Ι.
2518 1730 2565 1767 c.
2613 1731 2666 1780 v,
2733 1715 2970 1778 Omnem,
3049 1715 3150 1781 ait,
3203 1716 3623 1770 sollicitudinem

1922 1791 2156 1839 vestram
2201 1786 2544 1853 projicientes
2576 1787 2634 1838 in
2674 1788 2840 1840 Deum
2873 1802 2884 1838 :
2920 1789 3177 1854 quoniam
3222 1789 3334 1854 ipsi
3371 1801 3502 1840 cura
3541 1791 3620 1842 est

1922 1858 1988 1911 de
2035 1856 2211 1920 vobis;
2249 1857 2456 1926 quibus
2505 1857 2727 1928 positis,
2783 1856 2926 1911 nihil
2972 1857 3186 1912 mirum
3239 1857 3285 1910 si
3316 1857 3437 1912 haec
3479 1873 3613 1913 cura

1925 1928 2018 1983 hic
2045 1929 2265 1981 dicatur
2292 1930 2480 1981 nomia.

1997 2020 2047 2070 6.
2082 2019 2182 2070 Hic
2243 2013 2560 2086 quondam]
2597 2016 2840 2070 Boetius.
2892 2015 3176 2070 Nimirum
3215 2033 3248 2070 a
3303 2016 3622 2087 quaestione

1924 2087 2167 2154 inﬁnita,
2228 2105 2401 2158 quam
2453 2087 2626 2141 Grmci
2670 2089 2807 2138 Θεσιν
2859 2089 3170 2157 appellant,
3203 2087 3277 2142 ad
3326 2088 3622 2143 deﬁnitam

1925 2159 2390 2224 controversiam,
2425 2175 2596 2229 quam
2614 2158 2788 2212 iidem
2811 2159 3008 2213 dicunt
3027 2160 3291 2222 ὑπόθεσιν,
3320 2175 3623 2230 progressa

1924 2231 2313 2312 philosophia,
2373 2231 2929 2312 commendat'eam,
2980 2247 3109 2312 quae
3165 2231 3459 2301 quondam
3507 2231 3622 2312 _fuit

1923 2301 1984 2356 in
2025 2305 2243 2368 Boetio,
2288 2318 2481 2356 rerum
2546 2301 2893 2355 naturalium
2937 2301 3221 2367 notitiam,
3272 2307 3619 2371 praesentem

1926 2373 2182 2443 ejusdem
2213 2374 2640 2443 ignorationem
2673 2373 2863 2426 statim
2903 2373 3143 2427 dictura.
3186 2373 3483 2442 Prasterita
3515 2389 3616 2427 au-

1925 2450 2042 2499 tem
2075 2446 2253 2498 Boetii
2281 2445 2506 2511 notitia,
2537 2449 2601 2498 ut
2636 2461 2790 2498 nunc
2823 2445 3054 2509 dicitur,
3104 2460 3315 2514 magna
3363 2444 3472 2498 fuit
3499 2447 3619 2499 tam

1926 2516 1994 2570 de
2025 2518 2164 2570 coelo
2197 2533 2369 2587 quam
2408 2516 2476 2570 de
2521 2521 2689 2568 terra.
2740 2517 2996 2569 Primum
3031 2517 3184 2569 enim
3236 2516 3462 2571 Boetius
3493 2515 3622 2570 cceli

1923 2589 2128 2652 sciens,
2162 2587 2449 2657 cognovit,
2490 2591 2542 2640 l°
2569 2589 2768 2655 solem,
2805 2588 2998 2641 lunam
3040 2592 3095 2640 et
3125 2587 3353 2654 stellas;
3388 2587 3449 2641 2°
3478 2603 3616 2641 ven-

1923 2663 2028 2722 tos,
2065 2660 2164 2729 qui
2195 2677 2228 2712 a
2267 2659 2548 2712 sideribus
2571 2660 2725 2712 velut
2759 2659 2992 2712 affectus
3025 2675 3054 2711 a
3083 2659 3268 2712 causis
3317 2658 3615 2726 oriuntur;

1925 2733 1982 2784 3°
2022 2731 2297 2801 Spiritum
2341 2730 2619 2795 Universi,
2656 2747 2685 2782 a
2725 2747 2860 2800 quo,
2895 2731 3050 2782 velut
3092 2746 3124 2782 a
3158 2746 3327 2801 causa
3373 2729 3496 2800 ipsa
3536 2730 3619 2782 si—

1925 2800 2076 2855 dera’
2113 2807 2438 2854 moventur.
2493 2801 2710 2854 Deinde
2766 2817 2903 2854 vero
2966 2801 3119 2854 idem
3167 2800 3394 2854 Boetius
3449 2805 3618 2854 terra:

1924 2873 2124 2939 sciens,
2155 2873 2422 2941 cognovit
2449 2871 2634 2924 varias
2675 2873 2812 2924 anni
2838 2877 3226 2940 tempestates,
3271 2875 3324 2923 1°
3355 2887 3608 2935 vernam,

1922 2947 1982 2996 2°
2015 2945 2407 2997 autumnalem
2439 2944 2738 3012 variasque
2760 2947 2980 2995 naturae
3026 2958 3242 2995 causas.
3271 2942 3415 2996 Hinc
3457 2942 3614 2996 idem

1925 3016 2153 3070 Boetius
2183 3031 2336 3069 nunc
2366 3011 2574 3067 dicitur
2611 3011 2748 3067 liber
2775 3015 2899 3067 cmlo
2939 3019 3154 3080 aperto;
3182 3017 3464 3083 quatenus
3491 3014 3615 3082 ejus

1922 3103 2104 3152 mens,
2138 3087 2314 3140 veluti
2339 3101 2568 3138 excusso
2597 3085 2852 3154 corporis
2891 3083 3034 3154 jugo
3076 3083 3338 3154 factoque
3372 3083 3481 3137 sibi
3513 3099 3618 3152 per

1923 3159 2144 3212 abditas
2170 3157 2349 3228 ipsius
2369 3155 2599 3228 aetheris
2637 3158 2834 3226 plagas
2873 3154 3480 3228 itinere,_cogitatione
3498 3171 3617 3228 non

1852 3224 1890 3279 C
1923 3232 2094 3283 modo
2120 3224 2368 3297 attingit,
2402 3227 2502 3280 sed
2529 3224 2700 3280 etiam
2738 3224 2993 3296 pervadit
3023 3226 3231 3280 coelum
3265 3243 3277 3280 :
3306 3241 3484 3296 quare
3513 3226 3616 3280 ad-

1922 3301 2096 3359 ditur.
2129 3302 2322 3355 Suetus
2352 3302 2411 3351 in
2438 3300 2687 3353 mtherios
2716 3301 2794 3352 ire
2824 3303 3054 3351 meatus.
3079 3297 3216 3361 Quae
3249 3297 3446 3351 omnia
3466 3312 3619 3350 scor-

1923 3389 2048 3426 sum
2089 3371 2447 3442 exponenda.

1992 3447 2043 3498 8.
2075 3437 2331 3500 Cernebat
2359 3442 2500 3495 rosei
2529 3441 2737 3513 lumina
2763 3439 2953 3513 solis.]
2988 3440 3028 3493 Ι.
3063 3438 3290 3513 Boetius
3347 3437 3619 3513 cognovit

1923 3516 2132 3579 solem;
2163 3515 2326 3584 cujus
2360 3512 2655 3577 doctrinm,
2696 3517 2844 3584 utet
2873 3510 3238 3584 sequentium
3269 3510 3474 3584 melior
3506 3515 3617 3564 tes-

1919 3587 1992 3640 tis
2022 3602 2143 3640 esse
2169 3581 2283 3638 non
2315 3588 2518 3654 potest,
2555 3599 2726 3653 quam
2759 3582 2878 3654 ipse
2905 3581 3129 3637 Boetius
3162 3584 3318 3654 de_se
3351 3581 3454 3634 sub
3484 3597 3617 3654 per-

1921 3675 2063 3711 sona
2105 3647 2799 3726 philosopliim’locutusf
2826 3657 2918 3710 Sol
2960 3660 3176 3720 autem,
3233 3647 3441 3726 inquit?
3483 3647 3616 3706 Tul-

1921 3725 2197 3788 lius.i’de
2248 3729 2375 3781 Nat.
2435 3727 2619 3792 deor.,
2669 3726 2848 3780 dictus
2883 3730 2980 3792 est,
3037 3727 3119 3778 vel
3175 3726 3308 3793 quia
3364 3725 3508 3778 solus
3549 3739 3618 3778 ea:

1920 3800 2166 3855 omnibus
2198 3799 2470 3852 sideribus
2502 3802 2578 3850 est
2611 3802 2829 3851 tantus:
2863 3799 2945 3851 vel
2975 3799 3106 3863 quia
3136 3812 3254 3851 cum
3285 3801 3508 3850 emortus
3538 3799 3617 3849 est

1919 3872 2219 3924 obscuratis
2252 3871 2454 3924 caeteris
2506 3870 2774 3923 sideribus
2813 3871 2958 3922 solus
2994 3872 3224 3936 apparet
3259 3883 3275 3920 :
3305 3883 3481 3938 quare
3514 3865 3612 3938 qui

1919 3942 2089 4009 hujus
2139 3942 2339 3993 sideris
2381 3944 2642 3996 naturam
2689 3945 3041 4008 perspectam
3087 3937 3372 4002 habuerit,
3420 3937 3512 3991 hic
3552 3937 3612 3991 in

1919 4013 2262 4080 cogitatione
2279 4027 2470 4066 rerum
2490 4013 2807 4068 caelestium
2837 4010 3257 4064 versatissimus
3277 4009 3480 4065 haberi
3509 4024 3618 4078 po-

1918 4090 2045 4137 test.

1990 4155 2039 4208 9.
2074 4154 2294 4209 Visebat
2322 4155 2512 4223 gelida
2541 4154 2725 4209 sidera
2755 4150 2938 4220 lunam]
2985 4152 3052 4205 ll.
3089 4149 3314 4203 Boetius
3346 4149 3617 4223 cognovit

1919 4227 2112 4279 lunam
2147 4243 2158 4279 :
2201 4219 2346 4279 sicut
2379 4226 2500 4294 ipse
2543 4227 2715 4279 etiam
2760 4219 3020 4277 testatur.
3066 4223 3222 4294 Luna
3270 4227 3484 4282 autem,
3518 4219 3615 4272 in-

1917 4298 2041 4366 quit
2071 4298 2286 4349 Tullius
2320 4315 2353 4350 ll
2388 4293 2456 4351 de
2495 4300 2618 4352 Nat.
2664 4297 2846 4359 deor.,
2882 4311 2928 4366 a7
2946 4293 3168 4347 lucendo
3200 4295 3517 4345 nominata:
3551 4306 3616 4343 ea

1917 4365 2149 4422 este-nim
2175 4370 2382 4422 Lucina
2421 4385 2433 4424 :
2467 4372 2651 4437 itaque
2679 4372 2739 4419 ut
2779 4365 2930 4433 apud
2961 4367 3168 4420 Graecos
3201 4367 3435 4416 Dianam
3465 4377 3614 4437 eam-

1919 4457 2020 4507 que
2054 4442 2380 4505 Luciferam,
2432 4446 2507 4494 sic
2537 4433 2687 4508 apud
2716 4444 2926 4490 nostros
2967 4438 3232 4508 Lucinam
3261 4438 3320 4508 in
3350 4433 3614 4508 pariendo

1917 4504 2193 4574 inrecunt,
2221 4529 2340 4578 quae
2381 4504 2791 4564 eadem-Diana.
2846 4507 3066 4562 Scilicet
3101 4509 3162 4558 ut
3191 4507 3275 4578 sol
3318 4521 3420 4574 per
3459 4504 3612 4578 diem

126 4601 211 4639 nas
248 4592 324 4641 ire
359 4588 630 4651 tenebras,
665 4589 870 4655 quoties
925 4588 981 4639 in
1009 4591 1327 4639 immensum
1368 4585 1634 4654 ejusmodi
1678 4600 1808 4636 cura
1849 4579 1889 4632 Ι)
1917 4584 2087 4645 solus,
2124 4583 2201 4634 sic
2229 4574 2372 4635 luna
2404 4600 2506 4652 per
2538 4588 2762 4655 noctem
2794 4580 2912 4655 sola
2945 4579 3134 4655 lucere
3168 4577 3414 4655 videtur,
3456 4574 3611 4628 unde

129 4663 311 4711 crescit.
348 4658 500 4714 Cum
540 4673 710 4727 porro
747 4658 943 4711 eadem
984 4674 1146 4710 mens
1182 4658 1435 4709 humana
1476 4673 1538 4709 ex
1572 4656 1805 4723 ignora-

133 4727 265 4781 tione
301 4730 406 4782 illa
437 4730 494 4780 in
542 4745 818 4794 errorem,
854 4745 917 4781 ex
969 4744 1162 4781 errore
1211 4727 1272 4780 in
1321 4728 1543 4791 vitium,
1575 4733 1637 4779 ex
1673 4727 1807 4778 vitio

130 4797 178 4868 in
201 4816 395 4866 pcenas
410 4805 654 4852 aeternas
678 4801 834 4867 lapsa
855 4799 1039 4862 cadat,
1061 4805 1366 4868 propterea
1393 4804 1590 4851 auctor
1622 4803 1812 4849 noster

128 4866 234 4921 haec
265 4872 523 4924 scribens
551 4866 743 4939 posuit
765 4886 832 4922 ea
861 4866 1109 4937 cogitare
1143 4887 1267 4938 qum
1303 4870 1632 4922 referuntur
1670 4870 1810 4921 Mat-

130 4939 246 4992 thzei
269 4958 403 4995 xxii.
440 4944 655 5007 Ligatis
692 4943 944 4994 manibus
975 4947 1022 4993 et
1053 4941 1280 5008 pedibus
1304 4942 1438 5007 (jus,
1477 4943 1675 4992 mittite
1695 4955 1813 4992 cum

130 5012 178 5061 in
221 5016 466 5066 tenebras
504 5015 796 5066 exteriores
827 5029 837 5066 :
875 5013 973 5065 ubi
1015 5013 1068 5066 S.
1117 5014 1378 5081 Gregor.,
1419 5014 1704 5066 Interiores
1739 5017 1814 5064 te-

132 5082 311 5146 nebrz.
346 5085 449 5144 ait.
481 5090 610 5136 sunt
629 5085 841 5137 czecitas
869 5084 1076 5152 cordis;
1103 5086 1392 5136 exteriores
1424 5084 1814 5136 tenebrwaeter-

131 5166 200 5204 ηε
226 5154 594 5208 damnationis
619 5171 748 5208 non).

193 5224 241 5275 4.
288 5228 471 5279 Aucta
514 5231 743 5278 terrenis
796 5225 1070 5295 [latibus]
1107 5225 1408 5294 Voluptate
1449 5223 1720 5276 nimirum
1764 5228 1818 5276 et

132 5291 804 5366 homiuum,quibuscum
826 5291 1088 5359 vivimus,
1113 5291 1557 5356 existimatione,
1585 5295 1816 5364 quibus,

135 5365 342 5433 utignis
355 5365 606 5431 ﬂatibus,
626 5373 818 5419 nostra
831 5367 1184 5438 perturbatio
1198 5367 1380 5419 alitur.
1393 5366 1670 5418 Nimirum
1691 5382 1818 5418 cum

136 5449 282 5488 meus
299 5438 950 5507 humanaconjungatur
967 5439 1216 5506 primum
1235 5438 1465 5506 quidem
1481 5453 1608 5490 cum
1625 5453 1823 5505 corpo-

137 5519 208 5564 re,
239 5508 444 5561 deinde
476 5526 601 5561 cum
636 5510 748 5562 illis
784 5509 897 5562 sive
924 5512 1116 5573 rebus,
1150 5510 1266 5560 sive
1301 5509 1580 5576 personis,
1609 5509 1817 5576 quibus

138 5589 188 5641 pi
203 5578 308 5630 ima
329 5580 772 5648 illaconjirnctio
789 5581 1016 5633 videtur
1029 5580 1260 5642 servari,
1276 5584 1575 5648 propterea
1596 5578 1715 5632 haec
1733 5594 1822 5631 re-

139 5651 612 5722 i‘umcaducarum
630 5667 786 5714 cura,
809 5657 1009 5722 agente
1029 5667 1286 5719 corpore,
1303 5650 1573 5712 nascitur,
1597 5649 1823 5718 agenti-

139 5714 351 5792 busque
383 5737 511 5774 cum
543 5723 711 5774 rebus
741 5714 874 5776 tuni
904 5714 1163 5792 personis
1195 5714 1559 5774 corroborata
1585 5714 1819 5773 crescit:

141 5802 224 5862 res
250 5790 484 5862 quidem
507 5799 683 5862 agunt
713 5810 815 5847 suo
863 5790 1123 5847 contactu
1161 5809 1172 5844 :
1209 5809 1465 5862 persome
1519 5808 1645 5844 vero
1695 5809 1824 5844 sua-

143 5857 207 5910 de
229 5860 404 5917 rebus
434 5857 1028 5934 istisvexistimatione,
1061 5857 1237 5937 quam
1268 5864 1528 5935 exemplo
1556 5863 1824 5919 demons-

1920 4659 2151 4706 vocatur
2195 4647 2513 4707 noctilu'ca:
2545 4653 2695 4706 unde
2736 4652 2908 4704 etiam
2942 4651 3063 4718 ejus
3105 4647 3312 4701 notitia
3343 4661 3613 4718 magnam

1919 4725 2242 4793 astrologize
2281 4725 2456 4779 Boetii
2495 4725 2659 4777 affert
2688 4717 3090 4775 accessionem.
3123 4718 3246 4793 Sed
3277 4717 3615 4793 cur_Pliilo-

1920 4787 2258 4862 sopbiarwhic
2301 4802 2462 4848 vocat
2508 4795 2692 4849 sidera
2724 4795 2912 4846 lunae?
2963 4807 3089 4844 cum
3109 4791 3257 4862 luna
3304 4789 3472 4862 unica
3518 4787 3612 4853 sit,

1921 4860 2076 4920 sidus
2105 4872 2295 4920 autem
2332 4867 2590 4919 videatur
2619 4865 2847 4930 signum
2872 4878 2935 4915 ex
2971 4861 3232 4931 pluribus
3247 4860 3426 4913 stellis
3457 4875 3614 4912 com-

1920 4937 2198 5006 positum.
2235 4944 2296 4990 ut
2326 4937 2508 4999 Aries,
2555 4934 2937 4997 Andromeda,
2994 4939 3125 5006 etc.,
3152 4932 3320 5006 _quia,
3355 4933 3612 5006 inquam,

1923 5003 2079 5061 sidus
2112 5009 2318 5061 dicitur
2339 5025 2546 5075 corpus
2568 5022 2758 5070 omne,
2785 5007 2935 5074 quod
2967 5003 3270 5073 splendida
3301 5019 3401 5056 sua
3433 5005 3618 5075 forma

1925 5097 1953 5132 a
1986 5079 2279 5132 commnni
2312 5073 2647 5132 cancrorum
2685 5073 2849 5128 turba
2880 5075 3290 5143 distinguitur:
3331 5075 3410 5126 sic
3457 5073 3615 5125 enim

1925 5151 2216 5218 eleganter
2253 5151 2458 5203 dicitur
2501 5152 2611 5218 {et
2655 5148 2811 5200 habet
2855 5162 2954 5201 sua
2991 5147 3175 5200 sidera
3220 5147 3378 5218 tellus
3409 5161 3430 5218 :_
3459 5143 3617 5218 sidus

1927 5213 2138 5291 Qui‘PPe
2174 5221 2378 5275 dicitur
2409 5221 2479 5274 ab
2506 5216 2662 5285 εἶδος,
2695 5221 2876 5284 forma
2905 5220 3019 5291 sive
3041 5220 3261 5291 ερθοίθδρ
3286 5215 3534 5291 Spiritu‘
3558 5213 3618 5265 in

1931 5289 1956 5352 ςή
1983 5298 2224 5356 mutato,
2261 5292 2411 5362 quod
2446 5308 2640 5344 rarum
2671 5306 2786 5344 non
2817 5296 2920 5342 est.
2942 5290 3054 5344 Cur
3070 5305 3204 5362 vero
3232 5289 3365 5340 luna
3383 5289 3619 5362 vocatur

1927 5364 2145 5430 gelida?
2178 5356 2294 5416 nisi
2339 5365 2489 5433 quod
2540 5363 2672 5415 luna
2716 5366 2925 5431 prmest
2966 5360 3136 5425 nocti,
3186 5375 3332 5428 quas,
3385 5356 3619 5408 absente

1929 5435 2065 5498 sole,
2093 5435 2277 5486 vicino
2311 5436 2401 5488 die
2430 5440 2514 5487 est
2541 5434 2829 5503 frigidior.
2863 5503 2872 5506 Α
3211 5498 3220 5506 ,
3254 5499 3326 5506 ___
3394 5499 3428 5506 _
3513 5497 3544 5506 __

2007 5509 2086 5559 10.
2121 5507 2196 5558 Et
2214 5521 2543 5574 quaecunque
2565 5498 2727 5571 υίῇίιοε
2750 5503 2909 5558 stella
2929 5498 3221 5574 recursus.)
3254 5499 3349 5551 lll.
3394 5498 3622 5574 Boetius

1931 5592 1989 5629 se
2023 5576 2193 5629 etiam
2222 5571 2399 5642 _tcste,
2442 5571 2707 5644 cognovit
2757 5576 2972 5644 pariter
3003 5573 3191 5644 stellas
3225 5587 3236 5624 :
3273 5587 3386 5624 non
3433 5571 3623 5626 solum

1934 5649 2086 5717 quod
2120 5655 2547 5716 spi‘:ct.‘itcarum
2572 5643 2929 5717 qualitatem,
2969 5643 3118 5717 quod
3157 5658 3436 5717 magnum
3483 5645 3630 5695 esset

1931 5714 2129 5772 verum
2151 5714 2354 5780 etiam,
2393 5720 2545 5789 quod
2579 5714 2758 5786 majus
2779 5724 2860 5769 est
2892 5715 3044 5789 quod
3076 5716 3280 5789 attinet
3301 5714 3372 5767 ad
3404 5728 3625 5767 earum-

1937 5792 2066 5843 dem
2113 5786 2512 5859 qiiaiititutein.
2565 5791 2753 5842 Stella:
2785 5795 2976 5841 autent
3008 5786 3250 5856 duplicis
3283 5792 3414 5859 sunt
3453 5800 3623 5850 geno-

1939 5863 2036 5926 ris,
2090 5857 2294 5934 nempe
2341 5864 2660 5917 inerrantes
2712 5869 2768 5915 et
2810 5876 2987 5930 vagas.
3052 5859 3240 5913 Stella:
3283 5857 3624 5921 inerrantes,
