3972 6172
281 210 382 264 599

1589 214 1703 270 AN.
1747 213 1962 271 MANL.
2009 213 2164 271 SEV.
2211 214 2457 272 BOETII.

3675 218 3803 272 600

277 347 377 398 24
401 342 418 377 ί
455 342 612 396 Tune
642 341 738 397 ille
769 358 848 412 es,
907 344 1007 412 ait,
1062 345 1162 415 qui
1208 350 1406 400 nostro
1464 347 1760 417 quondam
1816 347 1962 402 lacte
2001 348 2050 404 A
2081 347 2306 418 pectori'
2330 365 2456 402 meo
2488 348 2697 402 leniter
2728 363 2987 410 manum,
3039 351 3115 413 et,
3169 352 3268 402 25
3305 351 3326 382 ³
3361 347 3524 414 nihil,
3557 347 3805 418 inquit,

272 439 298 464 ⁸
327 432 601 497 nutritus,
626 433 834 486 nostris
860 434 1132 487 educatus
1153 434 1461 501 alimentis,
1497 435 1555 489 in
1583 436 1762 490 virilis
1792 436 1972 491 animi

275 520 456 575 robur
485 521 787 574 evaseras?
828 522 1001 593 Atqui
1053 522 1190 576 talia
1246 526 1272 566 ι)
1328 525 1754 579 contuleramus
1816 543 1974 581 arma

276 625 406 680 qua:
460 609 572 663 nisi
622 610 782 679 prius
823 611 1144 680 abjecisses,
1197 610 1407 666 invicta
1451 618 1505 666 te
1562 614 1789 669 tirmate
1848 620 1972 669 tue-

274 702 492 753 rentur.
521 698 870 768 Agnoscisne
900 699 1033 753 me?
1065 700 1215 762 Quid
1250 705 1402 754 taces
1422 700 1448 754 ?
1477 702 1719 772 pudore,
1755 721 1824 757 an
1857 708 1973 757 stu-

274 804 413 858 pore
444 787 694 841 siluisti?
723 787 798 857 (25)
852 789 1073 842 Mallem
1118 788 1372 858 pudore;
1418 790 1514 844 sed
1553 794 1629 857 te,
1681 797 1747 845 ut
1781 793 1966 857 video,

276 881 475 947 stupor
523 877 825 946 oppressit.
865 878 1123 948 Cumque
1180 893 1268 932 me
1312 895 1430 932 non
1491 880 1658 934 modo
1713 881 1966 949 tacitum,

275 965 376 1020 sed
397 965 686 1036 elinguem
734 982 970 1036 prorsus
1001 969 1344 1038 mutumque
1391 968 1642 1036 vidisset,
1672 972 1693 1005 ³
1719 970 1972 1024 admovit

2083 438 2321 507 periculi
2351 442 2454 505 est,
2487 449 2507 473 ο
2565 438 2893 508 lethargum
2945 437 3180 506 patitur,
3236 453 3597 491 communem
3647 437 3802 490 illu-

2083 543 2274 580 sarum
2307 527 2588 580 mentium
2629 527 2919 580 morbum.
2972 527 3071 581 Sui
3102 526 3396 596 paulisper
3431 526 3644 580 oblitus
3680 530 3808 591 est,

2082 616 2472 668 recordabitur
2504 615 2687 682 facile,
2721 619 2745 658 (Ι
2784 615 2831 668 si
2881 615 3112 685 quidem
3146 631 3250 668 nos
3307 620 3440 668 ante
3494 629 3804 684 cognove-

2083 703 2175 757 rit.
2237 708 2258 740 ι
2315 703 2475 768 Quod
2524 709 2586 757 ut
2650 703 2852 775 possit,
2909 704 3201 774 paulisper
3269 712 3290 737 ο
3351 704 3574 757 lumina
3623 704 3802 772 ejus,

2079 790 2100 828 ί
2127 793 2459 847 mortalium
2501 809 2690 846 rerum
2724 793 2874 847 nube
2933 793 3256 863 caligantia,
3291 798 3602 864 tergamus.
3643 794 3807 847 Haec

2079 881 2237 947 dixit,
2271 883 2578 952 oculosque
2607 899 2765 935 meos
2803 881 3032 936 ﬂetibus
3067 881 3369 950 undantes,
3402 886 3708 936 contracta
3743 879 3814 934 in

2079 987 2280 1040 rugam
2309 974 2459 1024 veste
2487 970 2730 1028 siccavit.

1728 1075 2314 1134 INTERPRETATIO.

349 1167 375 1194 ⁸
410 1160 550 1214 Puer
571 1159 846 1228 primum;
876 1157 1070 1213 deinde
1121 1157 1469 1226 adolescens;
1498 1165 1684 1230 postea
1722 1167 1807 1216 vir
1836 1165 1968 1232 phi-

279 1231 897 1355 ιοεξΡΊζῑῶῗάεάεναωιιε.

352 1399 374 1427 c
409 1373 706 1441 Lethargia
725 1375 934 1441 sopitus
959 1375 1055 1426 est.

2149 1169 2174 1209 d
2212 1166 2528 1222 Dummodo.

2153 1263 2174 1289 ο
2215 1239 2422 1293 Oculos.

2154 1307 2172 1342 ί
2209 1309 2571 1364 Caducarum.

1910 1449 2139 1507 NOT/E.

278 1533 432 1588 Mens
458 1549 630 1604 porro
657 1532 867 1587 dicitur
911 1534 1037 1604 totis
1064 1534 1123 1586 in
1155 1531 1376 1604 aliquid
1409 1536 1620 1588 intenta
1647 1535 1965 1599 luminibus,

281 1621 413 1658 cum
453 1603 670 1674 aliquid
703 1605 782 1657 ita
825 1603 1056 1673 cogitat,
1111 1603 1253 1657 nihil
1303 1609 1367 1657 ut
1397 1605 1450 1657 ei
1490 1606 1738 1674 supersit
1769 1606 1977 1661 virium

283 1676 356 1730 ad
385 1675 539 1730 aliud
568 1675 958 1746 cogitandum.
981 1675 1067 1729 Sic
1087 1675 1243 1745 Virg.
1275 1691 1327 1728 iv
1354 1675 1504 1739 Ᾱζῐιη
1535 1693 1565 1728 v
1605 1679 1732 1730 100:

677 1765 846 1813 Habes
881 1767 989 1813 tota
1019 1764 1161 1826 quod
1193 1769 1368 1814 mente
1394 1764 1590 1828 petisti.

360 1865 375 1898 ¹
424 1865 570 1918 Tune
605 1863 696 1917 ille
723 1861 818 1933 es]
856 1863 922 1916 ΙΙ.
953 1862 1321 1933 Philosophia
1353 1863 1611 1917 Boetium
1644 1863 1976 1934 alloquitur,

289 1940 353 1990 ut
402 1935 557 2005 quod
609 1938 824 1988 attenta
859 1934 1230 1988 meditatione
1258 1935 1326 1988 de
1360 1939 1510 1989 statu
1568 1935 1775 1989 mentis
1800 1935 1982 1988 Boetii

291 2007 516 2059 videtur
561 2021 676 2058 non
727 2005 980 2075 potuisse
1035 2021 1398 2076 cognoscere,
1460 2007 1598 2060 illud
1660 2007 1729 2060 ab
1782 2007 1985 2060 eodem

295 2076 487 2131 Boetio
517 2077 943 2147 percunctando
975 2080 1032 2130 et
1063 2075 1474 2146 interrogando
1511 2077 1717 2131 eliciat.
1767 2080 1843 2131 Ac
1872 2077 1988 2147 pri-

294 2164 455 2204 mum
488 2147 718 2220 quidem
738 2147 1106 2220 philOSOphia
1125 2148 1382 2201 Boetium
1401 2148 1716 2220 interrogat
1747 2149 1816 2203 de
1844 2165 1986 2220 prae-

294 2221 460 2275 terito
508 2219 714 2272 mentis
753 2218 1178 2288 Philosophiam
1229 2220 1405 2273 doctae
1446 2218 1820 2290 statu,‘cujus
1845 2218 1984 2273 fini-

295 2291 466 2356 tium,
501 2306 863 2361 progressum
899 2295 955 2343 et
993 2290 1407 2359 perfectionem
1439 2292 1656 2361 optime
1696 2294 1988 2361 comparat

297 2379 428 2417 cum
459 2360 710 2429 hemine,
747 2362 846 2432 qui
867 2360 1089 2415 virilem
1120 2367 1348 2415 aetatem
1383 2360 1693 2432 adepturus
1721 2360 1860 2416 lacte
1876 2361 1990 2431 pri—

298 2449 480 2500 mum,
514 2437 714 2503 postea
762 2432 886 2486 cibo
936 2434 1195 2501 graviore
1229 2434 1440 2486 alitur:
1493 2437 1687 2488 Nostro
1718 2433 1991 2501 quondam

302 2507 438 2560 lacte
479 2506 743 2564 nutritus,
796 2506 1000 2557 nostris
1057 2504 1314 2556 educatus
1361 2505 1653 2564 alimentis,
1701 2507 1759 2557 in
1810 2505 1991 2557 virilis

301 2578 475 2630 animi
492 2576 660 2630 robur
683 2589 953 2639 evaseras,
980 2575 1066 2630 Sic
1090 2575 1143 2629 S.
1177 2575 1384 2628 Paulus
1415 2576 1627 2628 similes
1661 2574 1993 2628 Christianas

301 2648 432 2702 vitae
488 2646 759 2718 periodos
792 2645 1191 2718 describens,l
1253 2646 1376 2699 Cor.
1433 2663 1502 2718 ut
1545 2644 1664 2718 ait:
1715 2649 1994 2713 Tanquam

297 2717 556 2789 parvulis
605 2721 661 2770 in
692 2717 903 2773 Christo
946 2717 1027 2772 lac
1056 2717 1205 2770 vobis
1241 2722 1439 2789 potum
1468 2717 1595 2770 dedi
1639 2732 1744 2770 non
1782 2732 1992 2770 escam:

305 2788 545 2844 nondum
576 2792 718 2842 enim
741 2793 1040 2857 poteratis;
1068 2796 1118 2842 et
1155 2788 1322 2842 Hebr.
1359 2805 1420 2841 v:
1458 2789 1618 2842 Facti
1680 2790 1827 2854 estis,
1871 2790 1995 2856 qui-

309 2863 405 2915 bus
454 2863 590 2915 lacte
631 2875 763 2929 opus
820 2862 911 2927 sit,
971 2877 1078 2914 non
1105 2860 1276 2913 solido
1307 2860 1454 2926 cibo;
1509 2860 1578 2912 ad
1628 2860 1780 2930 quod
1816 2857 1995 2928 respi-

308 2933 462 2986 ciens
511 2932 565 2986 S.
599 2933 802 2986 Petrus
829 2949 917 3002 ep.
955 2933 995 2998 l,
1031 2949 1154 3002 cap.
1192 2948 1267 2986 u:
1322 2933 1480 2986 Sicut
1523 2931 1677 2985 modo
1714 2933 1887 2997 geniti
1915 2933 1998 2984 in-

307 3007 512 3072 fantes,
541 3003 748 3073 inquit,
781 3005 1106 3057 rationabile
1136 3005 1251 3056 sine
1273 3002 1391 3056 dolo
1424 3004 1504 3056 lac
1535 3004 1910 3071 concupiscite,
1941 3005 2000 3054 ut
2039 3019 2079 3074 ο

306 3078 364 3129 in
395 3091 452 3129 eo
481 3079 736 3129 crescetis
767 3074 826 3128 in
840 3077 1088 3130 salutem.
1121 3078 1226 3128 Lac
1247 3080 1438 3127 autem
1461 3073 1843 3142 Philosophia:
1866 3076 1999 3125 sunt

310 3145 614 3216 principia,
650 3163 776 3215 qua:
838 3147 954 3199 sola
994 3145 1172 3200 animi
1230 3147 1544 3202 attentione
1593 3145 1993 3216 innotescunt:

313 3214 470 3270 cibus
498 3214 692 3269 autem
727 3217 978 3284 gravior,
1003 3222 1136 3270 sunt
1155 3216 1564 3278 conclusiones,
1604 3232 1728 3284 quae
1759 3231 1822 3267 ex
1846 3214 1996 3284 ejus-

312 3286 472 3340 modi
526 3286 826 3356 principiis
864 3288 1064 3356 majori
1125 3287 1371 3355 quodam
1431 3286 1622 3339 labore
1658 3286 1999 3338 inferuntur.

314 3356 557 3424 Deinde;
583 3357 784 3410 eadem
840 3357 1208 3426 Philosophia
1267 3358 1524 3410 Boetium
1586 3358 1903 3426 interrogat
1932 3356 1999 3408 de

316 3427 585 3498 praesenti
617 3431 765 3480 statu
815 3428 969 3481 illius
995 3429 1238 3498 mentis,
1259 3444 1387 3497 quin
1422 3443 1538 3480 non
1564 3429 1635 3481 ob
1669 3427 1838 3481 aliam
1868 3442 1998 3480 cau-

316 3497 436 3552 eam
464 3498 673 3552 dicitur
706 3498 992 3566 cecidisse,
1026 3497 1552 3568 perturbationibus
1603 3498 1768 3564 victa,
1829 3513 2003 3568 quam

316 3569 466 3640 quod
519 3568 746 3638 objectis
803 3573 969 3622 armis
1021 3567 1431 3636 philosophicis,
1466 3569 1554 3622 his
1595 3567 1861 3622 noluerit,
1896 3567 2000 3620 uti.

315 3639 492 3696 Arma
521 3646 713 3710 autem
744 3639 840 3692 illa
871 3645 1002 3693 sunt
1023 3644 1312 3710 praecepta
1343 3639 1753 3710 philosophica.

388 3711 496 3766 Sed
532 3709 913 3781 Philosophize
957 3709 1334 3781 interroganti
1369 3728 1480 3764 non
1539 3709 1844 3780 respondet
1874 3710 2004 3763 Boe-

317 3782 453 3848 tius,
485 3798 597 3834 non
625 3782 832 3850 pudore
879 3782 1135 3852 quidem,
1166 3783 1266 3853 qui
1296 3786 1436 3836 teste
1470 3783 1700 3836 Horatio
1749 3783 2006 3851 aliquan-

318 3853 389 3906 do
436 3854 626 3924 infans
652 3854 903 3920 prohibet
931 3855 1150 3922 profari
1175 3852 1272 3907 sed
1325 3859 1562 3923 stupore,
1611 3854 1709 3924 qui
1751 3854 1902 3923 quod
1936 3852 2008 3904 sit

319 3923 494 3977 veluti
547 3924 786 3977 durities
847 3924 1072 3991 mentis,
1131 3941 1256 3995 qum
1319 3925 1490 3978 etiam
1537 3923 1838 3978 sollicitata
1891 3938 2007 3976 non

321 3995 516 4059 sentit,
574 3998 876 4065 propterea
947 4000 1002 4048 et
1061 3995 1466 4065 cogitationem
1527 4001 1582 4050 et
1632 3995 2001 4056 locutionem,

321 4065 680 4135 cogitationis
727 4066 977 4136 signum,
1030 4067 1314 4136 impedit:
1372 4068 1505 4120 hinc
1537 4068 1764 4122 Boetius
1794 4071 2011 4133 stupore

319 4152 604 4205 oppressus
640 4137 846 4190 dicitur
872 4154 988 4190 non
1019 4138 1186 4191 modo
1221 4142 1436 4203 tacitus,
1471 4139 1563 4192 sed
1593 4140 1828 4203 elinguis
1845 4151 2006 4204 pror-

319 4222 433 4273 sus,
457 4212 508 4262 et
535 4213 752 4262 mutus:
805 4209 966 4279 quasi
1019 4211 1214 4262 tacitus
1242 4209 1598 4277 intelligatur
1627 4210 1724 4279 qui
1755 4209 2010 4276 linguam

319 4279 537 4333 habens
558 4279 754 4348 lingua
787 4295 900 4332 non
933 4279 1148 4346 utitur;
1172 4282 1424 4346 elinguis,
1453 4281 1552 4350 qui
1582 4279 1779 4348 lingua
1811 4283 2010 4346 captus

320 4352 522 4404 saltem
571 4351 852 4404 balbutire
893 4355 1102 4420 potest;
1147 4357 1325 4404 mutus
1371 4351 1618 4420 denique
1668 4351 1766 4420 qui
1821 4350 2011 4401 nulla—

321 4427 490 4474 tenus
521 4425 707 4492 potest
737 4422 919 4492 loqui.
976 4422 1064 4476 Sic
1116 4423 1335 4475 Tullius
1392 4421 1530 4474 dixit
1571 4427 1779 4475 mutum
1806 4423 2006 4486 forum,

322 4491 587 4558 elinguem
625 4491 832 4546 curiam
873 4497 923 4546 et
961 4495 1184 4546 tacitam
1218 4495 1512 4546 civitatem.
1552 4494 1625 4545 De
1668 4498 1898 4561 stupore
1926 4491 2010 4543 lo-

320 4569 484 4617 cutus
534 4563 820 4633 Virgilius,
880 4581 938 4616 in
995 4565 1221 4634 Georg.,
1274 4580 1324 4616 v.
1360 4565 1483 4632 520,
1512 4562 1665 4617 canit
1691 4563 1756 4616 de
1797 4562 2006 4616 tauris:

476 4669 593 4716 Non
624 4670 823 4718 umbrae
865 4671 1092 4718 altorum
1122 4681 1418 4727 nemorum,
1447 4684 1556 4718 nou
1585 4668 1766 4717 mollia
1790 4671 2014 4731 possunt

474 4731 628 4796 Prata
652 4745 859 4796 movere
885 4734 1140 4792 animum,
1171 4746 1278 4781 non
1305 4734 1393 4796 qui
1427 4747 1518 4795 per
1551 4747 1677 4796 saxa
1707 4731 1918 4779 volutus

477 4792 663 4858 Purior
691 4793 883 4858 electro
915 4809 1155 4858 campum
1183 4792 1511 4858 petit—amitis
1535 4809 1545 4842 :
1575 4799 1628 4842 at
1658 4795 1767 4841 ima

477 4853 763 4904 Solvuntur
786 4857 947 4905 latera
984 4853 1139 4920 atque
1179 4853 1360 4906 oculos
1391 4862 1573 4920 stupor
1601 4862 1754 4918 urget
1787 4855 2005 4904 inertes.

391 4949 416 4984 ²
445 4953 712 5028 Admovit
762 4959 968 5022 pectori
1009 4974 1121 5011 meo
1169 4956 1437 5028 manum]
1499 4959 1592 5010 lli.
1643 4955 2015 5028 Philosophia

321 5024 519 5097 Boetio
553 5025 862 5097 “admovet
925 5043 1180 5093 manum,
1236 5037 1297 5082 ut
1362 5024 1680 5082 evidentius
1737 5027 2016 5097 percipiat

326 5096 516 5150 morbi
549 5094 703 5148 illius
735 5112 980 5150 causam.
1017 5099 1172 5152 Sicut
1203 5105 1393 5154 autem
1417 5101 1615 5153 medici
1637 5094 1864 5167 cognito
1897 5094 2017 5150 cor-

324 5167 418 5233 de,
456 5169 662 5221 bonam
696 5167 782 5220 vel
841 5169 1048 5221 malam
1081 5171 1334 5239 corporis
1372 5171 1755 5224 valetudinem
1802 5185 2013 5238 cogno-

319 5255 376 5290 sc
398 5245 518 5311 unt,
553 5239 704 5311 quod
737 5238 921 5292 cordis
954 5245 1141 5311 motus
1167 5238 1353 5311 causa
1387 5242 1457 5295 sit
1506 5242 1859 5311 reliquarum
1891 5256 2013 5293 cor-

317 5310 480 5382 po_ris
513 5310 919 5364 atiectionum:
964 5310 1043 5362 ita
1075 5310 1460 5381 Philosophia,
1505 5310 1732 5382 cognita
1771 5311 2017 5364 hominis

315 5380 632 5452 voluntate,
675 5386 888 5452 rectam
935 5386 1030 5434 aut
1078 5380 1319 5451 pravam"
1356 5380 2015 5452 mentis‘cogitationem

312 5451 571 5524 percipit,
604 5451 755 5520 quod
783 5451 1042 5524 voluntas
1074 5469 1241 5505 causa
1296 5453 1363 5507 sit
1399 5451 1750 5524 reliquarum
1794 5454 2017 5522 cogita-

313 5521 531 5574 tionum
564 5528 679 5595 tam
710 5522 1082 5578 laudabilium
1112 5540 1284 5594 quam
1311 5521 1791 5595 vituper'abilium,
1831 5521 1908 5578 ita
1957 5528 2020 5576 ut

314 5608 424 5666 non
456 5599 586 5666 ante
617 5593 677 5647 in
708 5611 960 5649 errorem
990 5602 1088 5650 aut
1119 5593 1322 5649 vitium
1353 5593 1465 5650 labi
1495 5596 1792 5665 possimus,
1844 5611 2019 5666 quam

312 5663 697 5737 voluerimus:
755 5673 1058 5737 propterea
1098 5667 1466 5737 Philosophia
1495 5663 1649 5720 nunc
1676 5663 1894 5720 manum
1942 5667 2021 5718 di-

308 5734 453 5792 citur
482 5734 1021 5808 admovrdpectori:
1063 5745 1261 5811 pectus
1292 5734 1446 5796 enim
1478 5737 1759 5809 signiﬁcat
1800 5738 1930 5792 volu
1946 5753 2016 5790 n-

2077 1543 2294 1594 tatem:
2351 1541 2839 1610 quemadmodum
2897 1541 3049 1611 apud
3109 1542 3482 1596 Ciceronem:
3549 1543 3810 1597 Amicus

2083 1628 2183 1682 per
2211 1627 2265 1665 se
2293 1618 2517 1666 amatur
2549 1618 2652 1666 toto

2733 1617 2940 1667 iectore.

2163 1631 2183 1660 r
2211 1631 2265 1665 se
2293 1631 2517 1666 amatur
2549 1631 2652 1666 ιοιο
2713 1631 2940 1681 pectore.

2163 1683 2184 1716 ³
2217 1684 2378 1763 ⁸Νίὴὶι
2429 1683 2828 1763 ρεηῐοιιίἱρείς]
2889 1686 2974 1738 lV.
3024 1683 3393 1763 Philosophia
3451 1685 3816 1763 consolatur

2095 1755 2376 1813 Boetium,
2412 1759 2474 1806 ut
2516 1755 2636 1824 ipse
2673 1756 2918 1821 Boetius,
2953 1772 3051 1824 spe
3105 1755 3299 1808 salutis
3327 1760 3628 1825 concepta,
3670 1773 3816 1825 quae

2093 1825 2177 1878 illi
2217 1825 2484 1895 deinceps
2506 1831 2896 1896 proponentur
2930 1826 3200 1886 remedia.
3235 1827 3323 1878 his
3355 1831 3552 1879 utatur
3586 1827 3815 1880 luben-

2095 1897 2250 1950 tius:
2308 1902 2615 1966 propterea
2663 1897 3031 1968 Philosophia
3063 1899 3137 1950 ait
3173 1901 3224 1949 i°
3256 1897 3398 1950 nihil
3434 1913 3547 1950 esse
3569 1901 3822 1966 pericu-

2095 1970 2169 2022 li:
2219 1969 2354 2037 quia
2385 1984 2514 2021 cum
2546 1985 2707 2021 mens
2739 1974 2930 2021 nostra
2988 1968 3060 2021 sit
3087 1969 3444 2033 immortalis,
3482 1969 3611 2021 haec
3676 1972 3818 2022 nul-

2095 2040 2165 2092 lis
2195 2039 2306 2092 nisi
2349 2055 2607 2092 errorum
2640 2039 3023 2110 vitiorumque
3072 2044 3154 2092 est
3211 2039 3452 2092 obnoxia
3484 2040 3815 2109 periculis:

2094 2109 2188 2164 hic
2221 2115 2409 2163 autem
2440 2110 2582 2163 nihil
2617 2109 2946 2164 advertitur
2967 2111 3073 2163 nisi
3101 2110 3307 2164 oblivio
3330 2111 3622 2180 quaedam,
3675 2128 3820 2181 quae

2096 2181 2454 2234 imminentis
2485 2181 2694 2234 erroris
2726 2187 2824 2235 aut
2878 2182 3001 2234 vitii
3034 2187 3168 2234 nota
3225 2197 3338 2234 non
3375 2186 3498 2248 est;
3544 2185 3607 2234 "2°
3643 2198 3820 2236 men-

2096 2257 2213 2306 tem
2245 2252 2422 2306 Boetii
2452 2252 2768 2322 generatim
2798 2257 2920 2320 pati
2952 2253 3290 2320 lethargum:
3326 2269 3460 2305 nam
3492 2253 3818 2323 lethargus

2100 2328 2186 2376 est
2215 2324 2461 2377 violenta
2491 2324 2708 2376 cerebri
2739 2325 3102 2393 compressio,
3137 2324 3284 2376 unde
3308 2329 3505 2393 torpor
3539 2329 3594 2377 et
3639 2325 3817 2378 inex—

2100 2395 2425 2465 pugnabilis
2482 2395 2598 2447 fere
2660 2397 2844 2447 somni
2903 2395 3228 2456 necessitas,
3284 2411 3476 2448 rerum
3533 2397 3819 2449 omnium

2102 2467 2334 2529 oblivio,
2385 2470 2439 2518 et
2481 2465 2692 2519 mentis
2733 2466 2974 2519 defectio
3024 2467 3308 2520 nascitur:
3362 2466 3497 2520 hinc
3550 2467 3662 2536 qui
3709 2468 3822 2520 hoc

2103 2537 2305 2590 morbo
2333 2537 2675 2603 afficiuntur,
2710 2537 2810 2590 hos
2841 2537 3047 2590 medici
3092 2537 3287 2590 tandiu
3321 2547 3523 2590 curant
3557 2540 3820 2608 percuti,

2103 2609 2304 2678 pungi,
2342 2608 2454 2672 uri,
2489 2608 2729 2678 aliisque
2777 2609 2960 2663 modis
3013 2608 3273 2672 cruciari,
3307 2608 3506 2668 donec,
3543 2610 3820 2662 relaxato

2105 2679 2361 2746 cerebro,
2410 2679 2625 2748 vigilia,
2677 2681 2914 2733 attentio
2956 2685 3012 2732 et
3050 2679 3330 2732 memoria
3383 2679 3694 2733 iniisdem
3737 2697 3822 2733 re-

2105 2756 2310 2804 novata
2343 2756 2637 2804 nascatur:
2692 2767 2852 2804 mens
2889 2751 3064 2820 igitur
3095 2755 3327 2820 propter
3373 2751 3704 2820 quamdam
3739 2751 3818 2803 si-

2106 2822 2494 2876 militudinem
2528 2828 2649 2874 tum
2682 2822 2890 2875 dicitur
2922 2823 3037 2891 pati
3062 2823 3402 2891 lethargum,
3438 2838 3573 2874 cum
3610 2839 3821 2876 rerum

2109 2901 2242 2947 ante
2293 2894 2652 2962 cognilarum
2708 2892 3012 2946 immemor
3064 2893 3272 2945 h'eliere
3328 2893 3599 2946 videtur:
3656 2893 3822 2963 quod

2109 2968 2401 3018 communis
2433 2965 2641 3016 dicitur
2661 2965 2954 3016 illusarum
2973 2969 3230 3016 mentium
3253 2964 3490 3026 morbus,
3517 2971 3824 3032 quatenus

2109 3042 2330 3090 mentes
2359 3050 2655 3104 nunquam
2691 3044 2903 3100 errant,
2938 3035 3046 3086 nisi
3077 3037 3442 3087 immemores
3477 3037 3821 3103 primorum

2108 3106 2362 3160 veritatis
2422 3105 2864 3175 principiorum,
2896 3105 3349 3174 praecipitatione
3381 3111 3435 3157 et
3465 3107 3820 3174 praeiudicio

2102 3178 2399 3247 judicent;
2437 3180 2492 3230 3°
2543 3183 2795 3230 mentem
2847 3177 3026 3229 Boetii
3067 3177 3360 3245 speciatim
3417 3192 3538 3229 esse
3581 3178 3822 3232 oblitam

2108 3254 2228 3304 sui:
2287 3252 2370 3301 est
2409 3248 2561 3300 enim
2593 3249 2676 3301 vel
2706 3250 3030 3313 mam-imum,
3077 3248 3264 3317 inquit
3312 3247 3528 3300 Tullius
3564 3265 3583 3300 1
3622 3250 3822 3312 Tusc.,

2109 3323 2290 3374 animo
2320 3322 2438 3387 ipso
2465 3322 2705 3372 animum
2730 3320 2946 3372 videre:
2983 3325 3032 3372 et
3063 3322 3320 3372 nimirum
3351 3320 3486 3372 hanc
3517 3320 3691 3373 habet
3713 3324 3823 3374 vim

2108 3396 2435 3460 praeceptum
2463 3390 2759 3458 Apollinis,
2793 3406 2898 3456 quo
2928 3396 3102 3444 monet
3133 3393 3192 3443 ut
3221 3407 3274 3444 se
3307 3393 3536 3459 quisque
3579 3397 3818 3445 noscat:

2110 3478 2215 3515 non
2240 3465 2379 3515 enim
2412 3461 2567 3514 credo
2593 3461 2652 3513 id
2681 3463 2951 3529 praecipit,
2999 3468 3057 3515 ut
3090 3463 3328 3514 membra
3352 3469 3539 3516 nostra
3571 3469 3676 3514 aut
3704 3469 3817 3516 sta-

2113 3540 2295 3586 turam
2337 3535 2635 3600 ﬁguramvc
2681 3547 2982 3592 noscamus,
3015 3549 3182 3600 neque
3215 3549 3306 3585 nos
3337 3549 3571 3600 corpora
3599 3548 3821 3600 sumus,

2112 3620 2282 3674 neque
2313 3619 2404 3670 ego
2433 3604 2534 3655 tibi
2565 3603 2746 3656 dicens
2778 3603 2872 3656 hoc
2905 3606 3116 3672 corpori
3156 3608 3244 3656 tuo
3275 3605 3431 3656 dico:
3462 3619 3582 3656 cum
3619 3608 3818 3669 igitur,

2112 3691 2264 3728 nosce
2294 3679 2362 3739 te,
2395 3674 2548 3740 dicit,
2587 3676 2680 3727 hoc
2736 3675 2892 3739 dicit,
2945 3690 3100 3728 nosce
3152 3677 3393 3727 animum
3443 3679 3642 3728 tuum:
3685 3693 3818 3728 nam

2114 3760 2307 3814 corpus
2337 3746 2553 3813 quidem
2575 3748 2736 3813 quasi
2759 3762 2854 3799 vas
2887 3751 2963 3798 est
2989 3752 3085 3798 aut
3113 3746 3338 3813 aliquod
3367 3747 3540 3798 animi
3572 3753 3824 3816 recepta-

2115 3819 2326 3871 culum:
2354 3817 2419 3868 ab
2453 3819 2632 3870 animo
2660 3823 2750 3870 tuo
2782 3817 3054 3885 quidquid
3092 3820 3297 3883 agitur,
3329 3816 3386 3869 id
3429 3819 3623 3882 agitur
3651 3833 3690 3869 a
3725 3824 3772 3870 te
3805 3833 3817 3868 :

2116 3888 2256 3941 hunc
2275 3890 2447 3954 igitur
2474 3903 2628 3940 nosse
2660 3890 2772 3941 nisi
2794 3889 3036 3940 divinum
3054 3893 3205 3948 esset,
3236 3903 3341 3940 non
3361 3893 3493 3940 esset
3517 3889 3614 3941 hoc
3638 3891 3820 3940 acrio-

2116 3963 2194 4012 ris
2223 3959 2507 4026 cujusdam
2538 3961 2710 4011 animi
2738 3963 3082 4027 prazceptum,
3130 3961 3225 4024 sic,
3270 3965 3327 4011 ut
3377 3959 3649 4011 tributum
3721 3963 3821 4013 Deo

2118 4033 2211 4094 sit,
2271 4031 2364 4082 hoc
2422 4034 2500 4082 est
2529 4032 2767 4098 seipsum
2802 4045 2956 4098 posse
2987 4044 3314 4096 cognoscere.
3369 4030 3448 4081 Ex
3478 4030 3698 4098 quibus
3734 4047 3823 4084 se-

2120 4103 2314 4170 quitur
2362 4106 2612 4153 mentem
2671 4101 2983 4154 humanam
3017 4117 3130 4153 non
3168 4101 3324 4169 prius
3355 4116 3518 4169 posse
3555 4100 3821 4169 philoso-

2119 4171 2284 4242 phari
2317 4187 2488 4241 quam
2520 4171 2768 4241 seipsam
2821 4175 3033 4235 noscat,
3097 4177 3160 4222 ut
3189 4187 3318 4240 qua:
3353 4171 3530 4224 oblita
3581 4172 3675 4223 sui
3711 4178 3817 4234 est,

2123 4243 2240 4296 haec
2297 4243 2590 4311 speciatim
2662 4243 2919 4312 lethargo
2969 4243 3224 4295 laborare
3287 4243 3491 4295 merito
3549 4242 3821 4310 dicatur;

2121 4316 2178 4366 4ο
2196 4320 2443 4367 mentem
2461 4313 2932 4383 Boetiipaulisper
2947 4318 3168 4367 tantum
3183 4328 3292 4367 esse
3304 4315 3525 4368 oblitam
3539 4317 3818 4384 sui,quod

2122 4390 2416 4452 antecepta
2449 4386 2637 4438 animo
2670 4385 2829 4438 notio
2874 4385 2960 4437 sui
3019 4385 3090 4437 sit
3131 4385 3361 4438 innata:
3398 4386 3546 4437 unde
3590 4387 3662 4438 ad
3709 4387 3822 4455 pri-

2051 4451 2093 4504 D
2125 4473 2273 4510 mam
2305 4451 2682 4526 Philosophia}
2712 4456 3156 4509 admonitionem
3191 4455 3388 4508 eadem
3431 4471 3594 4508 mens
3630 4451 3824 4510 recor-

2123 4529 2350 4582 dabitur
2380 4528 2488 4580 sui.

2191 4598 2212 4631 "
2256 4599 2407 4662 Quod
2464 4603 2521 4651 ut
2558 4597 2774 4666 possit]
2823 4597 3077 4667 Denique
3137 4595 3509 4666 Philosophia
3550 4597 3822 4651 Boetium

2123 4670 2393 4738 deinceps
2425 4676 2711 4734 curatura,
2753 4669 3010 4736 ejusdem
3042 4669 3239 4738 oculos,
3282 4669 3594 4720 mortalium
3638 4685 3826 4722 rerum

2119 4742 2264 4794 nube
2293 4734 2608 4806 caligantes,
2660 4734 2979 4807 [talibusque
3017 4734 3284 4792 undantes
3314 4743 3591 4791 contractu
3624 4742 3683 4792 in
3732 4757 3824 4792 ru-

2121 4829 2246 4881 gam.
2282 4817 2422 4865 veste
2459 4813 2733 4876 abstersit,
2763 4818 2811 4863 et
2845 4814 3100 4864 siccavit:
3139 4826 3266 4880 qua:
3308 4809 3640 4863 continuato
3674 4827 3824 4880 prte-

2123 4885 2270 4936 dicto
2317 4883 2698 4951 Philosophiae.
2768 4883 3040 4952 symbolo,
3086 4898 3197 4934 non
3258 4887 3372 4934 tam
3431 4882 3498 4934 de
3553 4898 3822 4952 corpore,

2125 4971 2294 5026 quam
2331 4955 2399 5007 de
2435 4961 2622 5026 mente
2655 4953 3209 5026 intelligendasunt.

2197 5026 2451 5078 Primum
2493 5023 2668 5095 igitur
2696 5027 2840 5078 oculi
2874 5024 3050 5077 Boetii
3085 5021 3398 5076 mortalium
3449 5038 3634 5076 rerum
3685 5025 3826 5078 nube

2125 5098 2458 5163 caligabunt,
2486 5096 2636 5166 quod
2669 5098 2791 5166 ejus
2814 5112 2975 5149 mens
3010 5095 3354 5166 caducarum
3376 5109 3569 5166 rerum
3604 5101 3828 5164 pertur-

2125 5168 2473 5236 bationibus,
2504 5165 2711 5229 amore,
2750 5183 2798 5219 v.
2857 5183 2935 5236 g.,
2964 5172 3061 5218 aut
3092 5165 3375 5219 desiderio
3405 5165 3716 5220 obscurata
3756 5167 3824 5220 vi-

2131 5240 2386 5293 debatur.

2200 5310 2408 5364 Deinde
2455 5309 2627 5363 iidem
2679 5309 2827 5362 oculi
2857 5309 3068 5376 ﬂetibus
3107 5307 3429 5372 undabant;
3475 5308 3632 5376 quod
3669 5308 3821 5377 ejus-

2128 5383 2254 5436 dem
2290 5398 2447 5434 mens
2490 5387 2718 5450 propter
2770 5381 3004 5433 amissas
3059 5396 3148 5432 res
3207 5381 3446 5432 caducas
3496 5378 3825 5432 afﬁceretur

2129 5453 2381 5516 tristitia,
2417 5453 2575 5520 cujus
2607 5453 2767 5518 signa
2794 5456 3117 5517 sunt/lctus.

2199 5525 2480 5577 Praeterea
2509 5522 2870 5591 Philosophia
2903 5524 3079 5575 oculos
3113 5520 3290 5576 Boetii
3323 5524 3602 5574 contracta
3641 5525 3698 5573 in
3733 5538 3821 5574 ru-

2130 5611 2252 5663 gam
2307 5601 2448 5647 veste
2497 5594 2770 5659 abstersit,
2820 5597 3166 5662 siccuvitque.
3196 5593 3470 5645 Abstcrsit
3504 5594 3740 5662 quidem
3776 5597 3824 5644 ct

2130 5670 2367 5728 siccavit,
2405 5665 2538 5734 quia
2582 5671 2832 5718 mentem
2868 5665 3023 5718 exuit
3061 5664 3583 5734 perturbationibus
3622 5665 3818 5731 prazci-

2131 5738 2278 5808 puis,
2331 5737 2480 5791 unde
2525 5736 2810 5806 praedictae
2847 5737 3099 5792 tenebrae
3139 5742 3195 5790 et
3227 5734 3508 5790 tristitiae:
3542 5738 3820 5790 contracta
