3996 6170
143 261 218 313 601
1133 261 1224 314 DE
1261 259 1796 319 CONSOLATIONE
1835 264 2315 323 PHILOSOPHUE
2355 267 2484 323 LIB.
2528 269 2571 322 Ι.

3507 276 3614 330 602

642 400 738 448 .26
779 395 1075 453 METRUM
1116 397 1134 418 "
1175 397 1278 452 IlI.
1833 401 1881 455 A
2101 403 2169 456 Ut
2192 419 2321 457 cum
2349 404 2630 476 praecipiti
2651 407 3048 476 glomerantur
3079 409 3268 465 sidera
3297 413 3459 479 Coro,

200 504 576 557 Ancruesrru.
618 531 687 542 —
717 504 930 557 Boetius
953 507 1100 558 canit
1135 519 1208 571 se,
1245 506 1527 573 aspirante
1564 507 1803 561 Philoso-
2200 498 2292 546 27
2332 493 2731 566 NithSiS‘lue
2761 497 2926 567 ΡοῙυε
2959 499 3117 552 Stetit
3145 498 3445 565 imbribUS.

141 575 275 659 phia,
311 575 395 659 sic
439 574 772 659 illustratum
817 577 990 640 fuisse
1035 581 1176 659 sicut
1214 576 1450 630 nubibus
1510 582 1666 631 vento
1703 581 1805 646 fu-
2091 584 2120 634 ὅ
2151 581 2243 636 Sol
2284 582 2441 650 latet,
2482 601 2544 638 ac
2574 585 2832 639 nondum
2860 588 2999 642 coelo
3034 588 3396 644 venientibus
3417 591 3605 659 astris,

141 649 284 712 gutis,
304 651 446 698 terra
463 649 763 713 pristinam
792 653 1075 715 recuperat
1108 649 1293 702 lucem.
2198 649 2454 741 Desuper
2483 673 2538 726 in
2570 677 2782 728 terram
2814 692 2926 729 nox
2948 677 3228 732 funditur.

260 752 408 804 Tuuc
436 768 526 805 me
556 752 807 807 discussa
847 753 1138 826 liquerunt
1165 758 1331 808 nocte
1366 755 1631 824 tenebrae,
2093 760 2246 814 Hanc
2275 761 2322 814 si
2349 763 2609 816 Threicio
2643 765 2848 818 Boreas
2879 765 3120 819 emissus
3144 767 3213 820 ab
3252 772 3418 822 antro

330 841 778 915 Luminibusque
808 844 968 914 prior
992 844 1162 899 rediit
1191 847 1353 913 vigor
1383 861 1396 898 :
2196 851 2487 918 Verberat,
2521 856 2576 906 et
2604 853 2859 907 clausum
2891 860 3107 909 reseret
3137 855 3311 925 diem,

1572 935 1644 990 IN
1650 937 1688 990 T
1696 935 1783 990 ER
1791 937 2135 994 PRETATIO
2149 981 2162 996 .

206 1023 355 1087 Tunc,
412 1021 604 1092 inquit
662 1023 890 1077 Boetius
943 1024 1169 1078 tenebrm
1221 1023 1586 1079 discesserunt
1624 1042 1656 1078 α
1712 1041 1812 1090 me,

145 1094 346 1157 caligine
379 1093 658 1162 dissipata
688 1100 736 1148 et
766 1097 862 1149 tua:
877 1098 1121 1164 pristina
1146 1100 1369 1150 revertit
1401 1098 1566 1150 oculis
1616 1099 1759 1150 meis
1793 1113 1809 1148 :

146 1164 573 1232 quemadmodum
617 1167 834 1235 quando
879 1169 1046 1222 stellae
1084 1169 1437 1222 involvuntur
1469 1185 1506 1223 a
1538 1169 1671 1225 Coro
1721 1184 1815 1222 ra-

1922 1029 2053 1095 pido
2085 1031 2536 1104 ventoocciduo,
2585 1036 2636 1086 et
2664 1033 2849 1086 caelum
2890 1035 3104 1087 velatur
3132 1035 3365 1090 nubibus
3389 1037 3610 1104 plu-via-

1917 1115 2040 1152 rum
2068 1103 2342 1168 fecundis,
2374 1105 2454 1157 sol
2483 1104 2854 1169 absconditur,
2887 1110 2936 1158 et
2956 1121 3063 1159 nom
3095 1109 3262 1160 irruit
3286 1123 3353 1161 em
3390 1103 3615 1162 sublimi

1926 1172 1984 1223 in
2015 1172 2252 1228 humum.
2277 1177 2342 1228 Si
2386 1177 2584 1229 Boreas
2631 1181 2825 1230 ventus
2855 1191 2922 1230 ea)
2950 1177 3211 1247 spelunca
3247 1180 3480 1233 Thracia
3531 1195 3614 1234 or-

1768 1256 1984 1312 NOTAE.

145 1356 259 1420 vero
284 1343 338 1393 in
385 1357 584 1420 rugam
613 1348 774 1420 veste,
833 1345 941 1399 hoc
988 1348 1091 1420 est,
1150 1345 1342 1400 verbis
1371 1345 1807 1420 philosophicis

147 1417 373 1487 orati-one
409 1417 780 1487 conjunctis:
825 1433 932 1470 usu
983 1418 1198 1487 quippe
1256 1418 1630 1487 cogitationes
1681 1433 1811 1471 cum

144 1484 324 1550 verbis,
366 1485 580 1558 quibus
626 1488 935 1557 signiﬁcari
967 1484 1174 1555 solent,
1207 1488 1285 1542 ita
1309 1484 1626 1558 conjunctae
1659 1494 1810 1556 sunt,

144 1558 196 1607 ut
248 1556 556 1634 saepissime
601 1556 702 1611 has
731 1559 1140 1634 cogitationes,
1194 1576 1334 1626 non,
1363 1556 1475 1614 nisi
1534 1560 1812 1634 verbisin

146 1629 459 1680 memoriam
495 1629 794 1702 revocatis,
827 1632 1196 1685 recordemur
1230 1647 1242 1684 :
1281 1648 1452 1702 supra
1484 1637 1673 1685 autem
1720 1631 1812 1684 di—

145 1703 275 1772 ctum
305 1703 386 1751 est
407 1705 594 1752 vestes
618 1701 1000 1771 Philosophia:
1030 1719 1152 1756 esse
1173 1701 1806 1772 voces’philosophicas.

201 1768 220 1787 ⁸
241 1769 474 1823 Carmen
510 1778 776 1825 constans
825 1768 894 1826 ex
928 1775 1142 1842 duplici
1174 1768 1382 1844 genere
1432 1768 1697 1827 versu—um
1730 1775 1810 1826 al-

147 1843 434 1919 ternornm,
469 1845 913 1919 quorumprior
941 1843 1272 1919 hexameter
1302 1845 1595 1919 heroicus;
1631 1850 1816 1916 poste-

145 1915 241 1987 rior
268 1916 618 1987 tetrameter,
653 1915 814 1987 cujus
844 1921 1094 1984 quatuor
1123 1916 1298 1985 pedes
1331 1915 1638 1970 imitantur
1663 1932 1811 1987 qua-

145 1986 252 2105 tiuoit'
278 1983 494 2106 primos
529 1985 738 2039 heroici
775 1983 963 2040 versus
981 1983 1173 2057 pedes,
1205 1988 1592 2058 frequentiore
1622 1983 1813 2042 tamen

177 2069 227 2104 ac
253 2070 279 2106 γ
307 2070 357 2106 o.

177 2069 357 2123 acryio.

206 2127 246 2176 l.
282 2127 422 2178 Tunc
470 2125 597 2197 νῆα]
649 2127 800 2180 Mens
826 2129 1002 2182 Boetii
1024 2129 1557 2199 perturbationibus
1612 2130 1813 2183 obscu-

149 2199 247 2248 rata
265 2211 426 2274 suum
457 2199 623 2274 prius
655 2199 851 2252 lumen
883 2200 1152 2274 amiserat
1186 2217 1206 2274 :7
1234 2217 1346 2274 non
1378 2217 1539 2274 secus
1571 2217 1633 2254 ac
1665 2201 1813 2274 oculi

148 2270 394 2343 corporis,
437 2270 746 2343 accedente
773 2277 957 2337 nocte,
990 2273 1242 2324 tenebris
1283 2272 1672 2325 involvuntur.
1708 2272 1814 2325 Sed

150 2338 220 2412 vix
243 2338 626 2412 Philosophia.
660 2356 762 2393 ceu
787 2358 995 2394 novum
1026 2343 1201 2408 sidus,
1237 2343 1490 2409 emicuit,
1521 2344 1812 2412 cumejus-

148 2407 256 2488 dem
278 2411 452 2462 Boetii
469 2407 676 2474 ’mens,
701 2407 1224 2488 perturbationibus
1241 2407 1484 2473 sedatis,
1504 2431 1606 2466 suo
1636 2407 1817 2484 priori

146 2479 330 2532 lumine
359 2488 621 2534 recreata
665 2485 856 2550 cmpit,
904 2489 966 2536 ut
996 2489 1126 2537 ante
1160 2489 1551 2552 consueverat,
1601 2479 1812 2538 videre.

201 2553 244 2603 3.
280 2554 341 2605 Ut
370 2553 540 2623 cum.]
597 2555 816 2608 Eximia
860 2555 1196 2619 similitudo,
1226 2556 1341 2609 sive
1386 2557 1568 2608 oratio
1616 2556 1818 2609 tradu-

145 2637 252 2672 cens
279 2623 344 2676 ad
380 2632 641 2678 mentem
683 2641 750 2678 ex
783 2641 1019 2695 corpore
1048 2626 1261 2695 dispari
1303 2627 1488 2680 simile
1529 2643 1540 2680 :
1577 2627 1668 2680 hic
1715 2643 1816 2679 au-

148 2697 239 2744 tem
261 2699 400 2768 terra
419 2696 608 2768 refert
641 2702 930 2762 mentem;
976 2698 1078 2757 sol,
1112 2698 1574 2768 philosophiam;
1611 2697 1814 2764 nubes,

147 2763 619 2832 perturbationes;
681 2768 854 2832 venti,
909 2763 1142 2836 spiritus
1183 2763 1677 2838 perturbationum
1713 2785 1818 2838 pa-

145 2841 330 2910 rentes;
365 2853 471 2910 nox
533 2843 588 2890 et
613 2839 732 2910 dies
763 2839 968 2892 alterni
993 2841 1701 2910 alternasignorationem
1765 2845 1821 2892 et

147 2907 563 2968 intelligentiam
597 2909 869 2964 referunt.

204 2979 246 3029 3.
269 2977 654 3052 Gtomeruntu-r
707 2980 931 3052 διάγω]
986 2982 1229 3037 Glome-ro
1273 2980 1483 3034 dicitur
1525 2997 1556 3034 a
1584 2982 1816 3052 glomus,

150 3051 417 3122 unpetoton
449 3051 526 3103 de
545 3052 635 3119 fil,
678 3069 856 3120 quare
895 3041 1023 3105 eum
1047 3053 1272 3121 glomus
1299 3069 1365 3105 ex
1395 3069 1461 3105 eo
1513 3041 1630 3118 fiat,
1671 3041 1822 3122 quod
1861 3041 1900 3096 Ο

151 3116 282 3171 ﬁlum
320 3122 414 3174 tilo
443 3116 1354 3186 circumactoinvolvatur,sidera
1378 3139 1530 3176 nunc
1554 3116 1824 3176 dicuntur

149 3190 424 3256 glomerari,
454 3194 618 3263 quod
653 3195 772 3246 haec
803 3195 1051 3247 nubibus
1080 3194 1674 3247 circumfundentibus
1729 3194 1824 3247 in-

149 3263 413 3336 volvantur
442 3279 454 3316 :
505 3281 699 3332 neque
725 3264 878 3317 enim
917 3265 1240 3333 putandum
1273 3271 1374 3330 est,
1412 3267 1666 3318 Boetium
1700 3264 1822 3318 exi-

152 3336 372 3405 stimasse
417 3336 622 3388 stellas
683 3351 848 3405 posse
889 3337 1074 3389 ventis
1130 3337 1207 3389 ita
1241 3336 1475 3401 moveri,
1522 3341 1585 3388 ut
1622 3336 1822 3388 iisdem

152 3402 202 3453 ad
230 3421 279 3456 se
316 3407 565 3459 invicem
600 3402 1003 3460 accedentibus
1034 3408 1322 3476 quoddam
1377 3408 1476 3460 liat
1527 3409 1822 3460 stellarum

152 3487 345 3549 agmen.
395 3479 518 3531 Hoc
571 3477 687 3530 fere
721 3478 891 3530 modo
943 3477 1138 3547 Virgil.
1203 3480 1434 3547 Georg.,
1489 3495 1538 3545 ν,
1572 3481 1694 3546 3‘23,
1726 3494 1826 3530 ca-

154 3550 219 3595 nlt
247 3561 259 3599 :

200 3633 463 3700 liticedam
499 3636 806 3700 glomerant
833 3640 1193 3700 tempestatem
1227 3637 1486 3686 imbribus
1515 3637 1642 3686 atris

201 3695 426 3746 Collectae
451 3695 532 3747 ei
557 3699 663 3747 alto
691 3701 876 3748 nubes.

207 3778 251 3828 3.
285 3776 464 3849 Coro]
523 3781 704 3832 Corus
754 3779 866 3833 sive
917 3780 1125 3836 Caurus
1167 3784 1371 3833 ventus
1443 3787 1527 3832 est
1566 3780 1710 3833 ﬂans
1757 3780 1828 3833 ab

153 3860 317 3900 occasu
363 3851 570 3904 aestivo
618 3867 630 3903 :
677 3851 830 3904 unde
857 3850 948 3904 hic
989 3856 1191 3904 ventus
1239 3851 1316 3904 sic
1365 3851 1683 3904 contrarius
1745 3855 1829 3905 est

155 3920 323 3987 motui,
353 3938 466 3991 quo
512 3937 614 3974 aer
650 3922 718 3974 ab
743 3928 869 3975 ortu
901 3922 958 3974 in
990 3938 1249 3975 occasum
1285 3922 1484 3988 cietur,
1545 3928 1607 3975 ut
1647 3923 1829 3975 nubes

155 3993 424 4063 contrariis
475 3993 617 4045 hinc
648 4000 700 4046 et
731 3993 858 4046 inde
877 3993 1129 4046 motibus
1177 4009 1514 4063 compressae
1551 4000 1832 4062 cogantur

156 4061 729 4177 ggpiosumFimbrem,
761 4064 1051 4116 nisialiter
1084 4061 1488 4130 dissolvantur,
1513 4061 1827 4119 emiSsurm.

179 4146 284 4177 ira-
317 4150 364 4177 v,
437 4152 484 4177 .n
531 4151 624 4177 ,v-
662 4137 759 4177 193i
797 4151 808 4177 9

179 4136 286 4203 ’irg.
317 4150 366 4186 v.
404 4136 543 4199 En.,
572 4151 624 4185 ν.
662 4137 759 4188 125
797 4151 808 4188 :

504 4223 626 4280 Quo
659 4223 873 4271 tumidis
897 4223 1228 4272 submersum
1260 4223 1502 4271 tunditur
1532 4223 1656 4271 olim

260 4284 548 4345 Fluctibus,
580 4285 1064 4348 hyberuicondunt
1094 4286 1180 4335 ubi
1211 4286 1382 4333 sidera
1417 4285 1552 4334 Cori.

1994 1351 2236 1425 4._Polus
2266 1353 2460 1425 stetit.]
2513 1353 2730 1408 Caelum
2782 1353 3092 1408 obductum
3140 1354 3268 1411 fuit.
3327 1354 3417 1410 Sic
3459 1355 3613 1411 enim

1923 1420 2211 1492 Virgilius.
2246 1424 2347 1478 ecl.
2375 1420 2511 1491 7,’v.
2547 1428 2613 1479 54
2648 1442 2660 1479 :

2109 1509 2261 1560 Stant
2288 1516 2340 1561 et
2361 1511 2596 1576 juniperi
2618 1516 2670 1562 et
2687 1517 2946 1563 castaneae
2971 1513 3210 1563 hirsutae.

1993 1591 2215 1646 Eneid.
2287 1609 2374 1665 7v1,
2431 1611 2482 1647 v.
2541 1596 2664 1657 300,
2745 1595 2813 1649 de
2872 1595 3177 1662 Charonte,
3243 1594 3405 1665 cujus
3463 1593 3615 1649 oculi

1849 1668 1896 1722 A
1925 1661 2159 1717 flamma
2184 1664 2297 1735 tegi
2332 1665 2690 1721 videbantur.

2049 1751 2283 1801 Canities
2308 1753 2510 1802 inculta
2531 1754 2689 1816 jacet,
2720 1759 2863 1804 stant
2886 1753 3092 1803 lumina
3116 1755 3348 1803 ﬂamma.

1992 1833 2211 1887 Eneid.
2257 1851 2354 1903 xii,
2400 1852 2449 1889 v.
2480 1837 2603 1904 407,
2651 1836 2722 1890 de
2761 1837 2899 1890 coelo
2947 1835 3101 1906 quod
3140 1837 3369 1906 pulvere
3431 1835 3618 1890 obdu-

1923 1909 2079 1958 ctum
2110 1910 2254 1959 erat.

2792 1995 2906 2044 lam
2928 1995 3143 2057 pulvere
3175 1994 3371 2044 ccelum

2050 2054 2196 2104 Stare
2222 2055 2420 2105 vident.

1995 2144 2138 2198 Hinc
2168 2142 2394 2196 additur
2422 2159 2566 2197 vers.
2597 2145 2647 2197 5.
2685 2143 2774 2198 Sol
2792 2145 2940 2197 latet.

1995 2219 2044 2270 5.
2081 2215 2329 2269 Nondum
2361 2217 2482 2268 caelo
2513 2216 2850 2269 venientibus
2869 2215 3075 2281 astris]
3123 2214 3243 2267 Nox
3281 2213 3435 2267 enim
3486 2228 3621 2282 poe-

1924 2286 1995 2339 tis
2040 2285 2380 2354 prmsertim,
2431 2285 2674 2355 duplicis
2706 2292 2791 2340 est
2831 2285 3078 2355 generis.
3129 2287 3322 2340 Altera
3371 2283 3622 2337 nascitur

1926 2357 2218 2411 occidente
2278 2358 2418 2422 sole,
2484 2357 2976 2427 emicantibusque
3011 2357 3233 2411 caeteris
3279 2355 3461 2414 astris,
3491 2371 3621 2427 quas

1923 2434 2232 2498 propterea
2280 2427 2416 2481 oriri
2485 2429 2794 2482 dicuntur:
2856 2425 2924 2482 de
2989 2428 3094 2481 hac
3144 2431 3311 2482 nocte
3367 2425 3623 2497 loquitur

1925 2499 2079 2570 Virg.
2118 2517 2154 2552 ιι
2188 2501 2330 2566 ίΕῑι.,
2367 2515 2418 2552 v.
2443 2501 2583 2552 250:

2049 2589 2281 2636 Vertitur
2311 2588 2512 2637 interea
2554 2588 2747 2637 caelum
2774 2591 2826 2637 et
2855 2588 2960 2637 ruit
2981 2589 3190 2636 Oceano
3220 2600 3347 2645 nox,

2047 2651 2332 2699 Involvens
2355 2653 2541 2699 umbra
2563 2665 2754 2714 magna
2783 2656 3080 2714 terramque
3110 2651 3413 2712 polumque.

1995 2734 2185 2787 Altera
2216 2731 2416 2798 oritur,
2449 2732 2621 2784 etiam
2675 2738 2803 2784 ante
2837 2731 2973 2785 solis
3017 2746 3302 2791 occasum,
3358 2728 3480 2798 ipso
3511 2743 3621 2780 oze-

1927 2806 2179 2929 tegsque
2200 2804 2366 2924 agtlris
2388 2803 2720 2869 latentibus,
2754 2803 2822 2855 de
2854 2817 2969 2872 qua
3000 2801 3256 2872 loquitur
3284 2801 3435 2853 idem
3466 2799 3620 2869 Virg.

1928 2893 1946 2929 1
2049 2892 2122 2929 n..
2154 2891 2204 2928 v.
2276 2895 2306 2928 -ὲ
2341 2890 2354 2926 :

1928 2893 1946 2929 1
1976 2890 2122 2938 nam,
2154 2891 2204 2928 v.
2241 2890 2306 2928 us
2341 2890 2354 2926 :

2052 2963 2295 3026 Eripiunt
2325 2961 2501 3010 subito
2531 2961 2698 3026 nubes
2721 2959 3286 3026 ccelumquediemque

2051 3022 2372 3073 Teucrorum
2393 3037 2453 3072 ex
2482 3023 2676 3071 oculis:
2708 3029 2871 3086 ponto
2899 3037 3002 3070 nox
3027 3022 3250 3070 incubat
3265 3023 3379 3068 atra

2004 3107 2071 3160 Et
2103 3106 2171 3160 de
2217 3106 2322 3158 hac
2356 3109 2520 3158 nocte
2553 3120 2705 3156 nunc
2733 3103 2923 3173 agitur
2956 3119 2968 3157 :
3022 3102 3175 3156 unde
3207 3100 3416 3156 dicitur
3457 3100 3628 3167 fundi

1933 3182 1991 3232 in
2023 3181 2223 3231 terram
2246 3177 2474 3244 desuper
2495 3175 2735 3228 nondum
2771 3177 2894 3228 σαθιο
2914 3174 3251 3228 venientibus
3274 3174 3466 3238 astris,
3499 3188 3626 3242 quae

1931 3249 2145 3304 scilicet
2176 3248 2465 3301 occidente
2500 3248 2617 3299 sole
2648 3246 2892 3300 emicare
2923 3246 3127 3300 solent.

2004 3324 2055 3374 ’7.
2106 3317 2350 3390 Boreas]
2389 3319 2708 3390 Boreasest
2746 3323 2946 3370 ventus
2976 3317 3119 3370 ﬂans
3169 3314 3236 3390 ab
3285 3317 3414 3368 ortu
3471 3311 3628 3390 aesti-

1933 3408 2001 3445 vo
2037 3407 2050 3445 :
2086 3385 2460 3460 quamobrem
2495 3388 2668 3442 simili
2691 3394 2870 3452 motu,
2906 3405 3017 3460 quo
3052 3403 3147 3440 aer
3175 3386 3245 3439 ab
3274 3390 3401 3439 ortu
3426 3385 3502 3460 ad
3535 3400 3629 3438 oc-

1934 3457 2125 3517 casum
2182 3462 2578 3524 circumactus,
2630 3460 2829 3513 cietur.
2878 3457 3016 3513 Hinc
3057 3463 3247 3512 autem
3281 3457 3476 3510 omnia
3501 3472 3629 3526 quas

1935 3535 2003 3588 de
2038 3535 2145 3586 isto
2177 3538 2343 3586 vento
2372 3532 2482 3586 dici
2503 3532 2687 3584 solent
2705 3535 2942 3601 possunt
2978 3530 3194 3584 inferri.
3228 3528 3444 3601 Primo”
3475 3527 3630 3601 enim

1934 3609 2138 3658 ventus
2180 3604 2306 3657 bice
2341 3603 2574 3673 regione
2629 3597 2754 3656 Cori
2790 3602 2968 3672 spirat
3009 3601 3175 3671 :quia
3208 3601 3385 3673 Corus
3418 3599 3518 3652 tlat
3557 3597 3626 3651 ab

1937 3692 2140 3730 occasu
2170 3676 2361 3729 aestivo
2394 3671 2586 3728 {unde
2620 3671 2918 3744 utriusque
2952 3675 3120 3744 hujus
3149 3671 3304 3724 venti
3333 3675 3523 3744 noster
3539 3685 3635 3722 au-

1937 3755 2058 3802 ctor
2084 3763 2235 3799 nunc
2271 3746 2551 3799 meminit.
2603 3740 2864 3799 Secundo
2897 3740 3045 3798 idem
3079 3749 3284 3797 ventus
3325 3740 3634 3794 vehemens

1939 3823 2023 3872 est
2059 3835 2072 3871 :
2109 3818 2382 3887 quoniam
2417 3832 2528 3868 una
2559 3832 2686 3868 cum
2712 3831 2840 3868 aere
2859 3815 3042 3868 fertur
3070 3815 3141 3887 ad
3166 3827 3428 3887 occasum
3464 3826 3632 3865 :cum

1939 3885 2143 3943 autem
2164 3889 2350 3941 omnis
2372 3893 2576 3940 ventus
2605 3887 2914 3940 vehemens
2966 3887 3038 3940 sit
3064 3885 3328 3956 frigidus,
3365 3890 3626 3954 propter-

1941 3977 2006 4015 ea
2027 3960 2314 4028 Virgilius,
2347 3959 2450 4012 ecl.
2482 3962 2534 4025 7,
2567 3973 2617 4010 v.
2654 3961 2740 4023 5i,
2776 3957 2927 4010 canit
2959 3973 2972 4010 :

2065 4051 2159 4098 Hic
2189 4053 2393 4097 tantum
2425 4047 2609 4095 Boreae
2639 4059 2890 4094 curamus
2918 4045 3132 4107 frigora,
3174 4047 3434 4107 quantum

2065 4113 2176 4161 Aut
2195 4124 2477 4159 numerum
2507 4109 2683 4172 lupus,
2701 4115 2792 4158 aut
2812 4105 3068 4158 torrentia
3094 4105 3314 4155 ﬂumina
3342 4105 3500 4167 ripas.

2011 4195 2198 4263 Atque
2265 4191 2396 4245 hinc
2433 4191 2588 4263 forte
2655 4189 2906 4263 nominis
2946 4189 3125 4263 istius
3185 4183 3630 4263 interpretatio:

1945 4255 2131 4338 βορέαξ
2171 4263 2322 4338 enim
2355 4262 2581 4316 videtur
2788 4277 2820 4314 a
2849 4258 3239 4338 ,Booési,‘cla_mo,
3273 4258 3488 4338 etpéw,
3542 4255 3634 4308 de-

1940 4325 2121 4401 curro,
2175 4335 2324 4404 quod
2359 4340 2563 4387 ventus
2620 4332 2736 4394 ille,
2782 4325 3470 4400 ut'pote'wehementior,
3505 4341 3636 4404 cum

215 4382 260 4435 4.
292 4385 672 4475 Νἱηιρρξὶειιιιρ
701 4383 1011 4456 imbribus]
1051 4385 1266 4438 Imbres
1311 4384 1564 4475 nimbosi1
1623 4383 1816 4464 dicun-

2012 4382 2133 4460 nitu
2178 4382 2395 4459 Zurrat.
2440 4406 2628 4458 Tertio
2668 4382 2762 4456 ille
2818 4382 3016 4456 veiitus
3049 4417 3283 4454 serenus
3322 4404 3425 4475 est,
3457 4382 3630 4475 ’quod

160 4455 254 4529 tur,
284 4457 431 4524 quod
459 4457 520 4510 hi
557 4457 707 4529 nube
741 4455 1016 4526 tanquam
1048 4474 1148 4510 sua
1176 4457 1416 4510 materia
1459 4455 1660 4529 inclusi
1695 4472 1828 4508 con-

161 4527 426 4601 tineantur
461 4544 481 4601 ;Δ
501 4527 739 4601 nimbus
775 4530 923 4601 enim
957 4544 1073 4601 non
1097 4544 1253 4601 secus
1282 4545 1344 4580 ac
1377 4528 1557 4601 nubes
1588 4542 1835 4593 genera-

162 4598 244 4668 tim
287 4598 417 4651 illud
454 4599 670 4652 dicitur
700 4599 852 4668 quod
904 4600 1074 4653 nubit
1104 4599 1218 4652 sive
1252 4598 1437 4668 operit
1472 4599 1660 4651 :unde
1696 4599 1838 4648 nim-

165 4664 261 4733 bus,
290 4668 480 4738 inquit
533 4664 785 4721 Isidorus
811 4672 846 4724 Ι.
903 4687 1009 4734 XIX,
1055 4686 1102 4723 c.
1139 4672 1226 4736 3i,
1288 4664 1616 4734 cst/asciola
1667 4673 1842 4721 trans-

164 4751 294 4790 versa
322 4755 387 4792 ex
427 4756 566 4792 auro
609 4746 797 4794 assuta
832 4743 1012 4807 linteo,
1058 4741 1202 4808 quod
1231 4746 1308 4794 est
1367 4745 1423 4793 in
1483 4740 1659 4809 fronte
1687 4740 1843 4804 femi-

164 4821 351 4880 narum.
401 4812 471 4864 Ex
507 4828 624 4880 quo
658 4813 887 4865 Plautus
910 4811 1210 4865 nimbata—7n
1256 4813 1612 4864 meretricem
1674 4810 1837 4862 dixit.

165 4876 366 4952 Scilicet
403 4876 609 4947 nubes,
647 4899 773 4950 qum
821 4884 963 4936 nihil
1006 4889 1088 4936 est
1140 4883 1295 4936 aliud
1338 4899 1509 4952 quam
1540 4897 1716 4950 vapor
1756 4897 1841 4933 ca-

165 4948 438 5026 liginosus,
477 4954 537 5026 in
563 4948 794 5026 sublimi
830 4956 977 5006 aeris
1026 4948 1542 5026 circumfiundentirs
1584 4948 1838 5022 pondere

169 5020 423 5096 libratus,
465 5024 736 5076 deorsum
764 5024 898 5078 ferri
929 5030 1116 5095 potest
1149 5025 1370 5078 duobus
1393 5020 1598 5088 modis,
1624 5031 1678 5075 et
1736 5038 1840 5092 pro

167 5088 364 5145 diverso
387 5088 705 5147 descensus
732 5096 818 5148 sui
852 5088 1040 5161 miido,
1062 5097 1310 5148 diversos
1331 5096 1540 5148 habere
1574 5088 1839 5147 ell'ectiis:

169 5164 239 5237 vel
266 5165 411 5218 enim
447 5167 630 5218 nubes
687 5167 910 5235 integra
946 5167 1258 5231 descendit,
1301 5168 1389 5219 vel
1422 5167 1741 5230 frustatim;
1796 5165 1843 5216 si

170 5239 370 5303 integra
409 5238 733 5302 descendat,
769 5237 1029 5307 fulguris,
1076 5238 1354 5303 fulminis,
1392 5237 1649 5300 tonitrui,
1701 5252 1843 5304 pra:-

169 5308 342 5379 sertim
371 5325 502 5359 VI‘I‘O
530 5311 874 5377 tempestatis
907 5326 1113 5378 parcns
1147 5327 1264 5362 esse
1306 5314 1511 5379 potest.
1545 5309 1603 5360 Si
1650 5313 1842 5359 autem

171 5373 434 5450 frustatim
469 5373 793 5445 descendat,
828 5373 997 5449 hujus
1033 5386 1146 5433 tres
1195 5373 1323 5433 esse
1361 5381 1545 5432 solent
1595 5379 1840 5450 formai:

173 5446 424 5521 nimirum
455 5452 574 5512 nix,
615 5452 828 5518 pluvia,
878 5446 934 5504 et
981 5453 1234 5521 grando;
1287 5467 1417 5504 nam
1454 5451 1636 5503 villosi
1677 5447 1842 5521 nubis

171 5514 367 5580 globuli
415 5514 669 5573 cadendo
715 5514 820 5575 vel.
847 5514 1072 5575 servant
1117 5514 1230 5576 vel.
1259 5528 1484 5576 mutant
1531 5536 1688 5572 suam
1719 5520 1844 5571 for-

172 5600 308 5640 mam
341 5591 424 5642 :si
460 5599 704 5657 servant,
746 5593 938 5662 ningit
971 5594 1056 5647 :si
1095 5611 1227 5646 vero
1259 5600 1504 5660 mutant,
1540 5592 1594 5644 hi
1623 5596 1718 5643 aut

170 5668 430 5735 quiescunt
493 5666 733 5726 tantum,
781 5661 1020 5735 tumque
1059 5666 1238 5735 pluit;
1301 5671 1396 5719 aut
1424 5666 1734 5718 durescunt
1777 5661 1842 5714 li-

170 5731 327 5797 quati,
361 5738 604 5803 tumque
625 5735 774 5789 cadit
797 5731 1036 5807 grando.

1942 4496 2072 4532 cum
2105 4493 2234 4531 aere
2291 4491 2634 4530 concurrens
2684 4476 2863 4528 nubes
2904 4479 3143 4534 coactas,
3179 4469 3477 4524 materiam
3531 4469 3636 4520 im-

1948 4550 2161 4616 brium,
2195 4548 2448 4618 dissipet.
2486 4547 2645 4600 Unde
2679 4546 2838 4610 Ovid,
2860 4561 2919 4599 vi
2954 4545 3216 4597 Metam.:

2072 4637 2204 4700 Apta
2234 4637 2364 4684 mihi
2393 4637 2468 4685 vis
2490 4639 2587 4700 est,
2613 4649 2717 4700 qua
2747 4633 2913 4682 tristia
2940 4631 3124 4700 nubila
3151 4629 3312 4700 pello,

2072 4695 2134 4748 Et
2158 4700 2290 4748 freta
2318 4699 2582 4756 concutio,
2611 4695 2915 4758 nodosaque
2945 4695 3137 4741 robora
3162 4695 3325 4740 verto.

2019 4781 2182 4835 Unde
2251 4780 2421 4832 etiam
2471 4795 2620 4831 nunc
2662 4777 2869 4830 dicitur
2909 4777 3152 4828 cluusum
3178 4786 3421 4826 reserare
3474 4769 3635 4836 diem,

1948 4853 2054 4906 hoc
2088 4857 2172 4905 est
2199 4851 2396 4919 fugare
2431 4850 2634 4915 nubes,
2665 4848 2893 4917 quibus,
2939 4846 3109 4898 etiam
3143 4850 3271 4897 ante
3303 4842 3438 4896 solis
3482 4856 3640 4894 occa-

1950 4940 2097 4988 sum,
2131 4939 2235 4975 nox
2266 4925 2410 4974 facta
2443 4925 2544 4973 est.

2020 4981 2345 5048 '7.'Emissus
2391 4992 2458 5044 ab
2512 4989 2713 5058 antra]
2749 4987 2972 5058 Optime
3009 4989 3240 5052 Boreas,
3281 4989 3380 5038 aut
3405 4981 3644 5058 quilibet

1949 5065 2092 5119 alius
2137 5063 2338 5117 mundi
2370 5064 2593 5120 ventus.
2628 5078 2658 5112 a
2698 5055 3043 5126 tempestate
3075 5059 3351 5125 diversus,
3386 5055 3453 5109 ab
3484 5060 3642 5109 antro

1949 5139 2122 5190 emitti
2154 5135 2379 5200 dicitur,
2415 5140 2478 5185 ut
2507 5149 2524 5185 ι
2556 5134 2704 5197 Ain”
2735 5147 2789 5198 v,
2822 5132 2889 5183 64
2924 5146 2936 5182 :

2074 5223 2173 5274 Sed
2207 5226 2356 5286 pater
2380 5221 2716 5283 omnipotens
2741 5218 3006 5282 speluncis
3032 5217 3235 5266 abdidit
3262 5215 3404 5264 atris.

2021 5302 2516 5367 Quemadmodum
2549 5301 2701 5354 enim
2732 5304 2932 5354 ventus
2960 5312 3288 5369 pomorum,
3346 5295 3642 5369 castanea-

1952 5365 2103 5440 rum,
2151 5375 2294 5444 ligni
2326 5374 2538 5437 viridis,
2570 5373 2685 5424 imo
2713 5378 2767 5424 et
2811 5365 2978 5440 globi
3000 5369 3168 5444 aenei,
3198 5382 3367 5436 quem
3393 5436 3402 5444 _
3429 5365 3642 5444 Ερῐὶρί-

1954 5448 2062 5499 tum
2091 5436 2318 5512 vocant,
2351 5436 2616 5498 movente
2649 5436 2895 5514 ignefex
2927 5441 3270 5511 quibusdam
3318 5436 3498 5489 veluti
3541 5451 3639 5514 an-

1952 5519 2073 5581 tris,
2108 5506 2414 5586 vaporibus
2445 5506 2701 5581 scilicet:
2730 5506 2842 5584 qua
2881 5506 3011 5566 data
3069 5515 3251 5586 porta,
3303 5506 3644 5586 rarescendo

1955 5580 2252 5641 ruentibus
2283 5588 2464 5640 oritur
2501 5603 2513 5640 :
2549 5587 2626 5640 sic
2649 5580 2956 5655 praidictus
2989 5580 3190 5655 mundi
3219 5580 3645 5655 ventus_ex_cir-

1955 5658 2368 5712 cumstantibus
2415 5665 2586 5723 terra,
2638 5649 2928 5709 montibus
2955 5659 3010 5706 et
3038 5652 3305 5718 nubibus,
3357 5649 3548 5723 veluti
3576 5664 3643 5702 ex

1955 5729 2180 5802 magnis
2214 5720 2896 5801 quibusdam’speluucis,
2939 5729 3144 5796 agente
3176 5723 3314 5792 sole,
3337 5720 3640 5793 vaporibus
