3996 6170
180 346 268 394 60:5
1170 339 1262 394 DE
1303 339 1830 397 CONSOLATIONE
1868 342 2345 398 PHILOSOPHL‘E
2382 342 2523 398 LIB.
2574 345 2623 400 Ι.

3545 350 3646 401 606

179 479 369 540 tutum,
404 473 422 506 ¹
470 482 492 507 α
537 487 741 542 supero
789 470 1021 525 cardine
1052 471 1284 541 delapsa
1315 472 1555 527 venisti?
1587 491 1659 527 an
1691 479 1752 528 ut
1782 479 1844 528 tu
1882 477 1926 528 Α
1961 491 2070 540 rer,
2105 480 2182 543 et,
2215 478 2376 546 quasi
2409 493 2620 530 novum
2649 477 2867 548 aliquid
2903 477 3191 541 acciderit,
3220 494 3326 548 per
3355 479 3646 534 horresce-

180 579 392 634 quoque
441 568 532 616 3‘!
565 562 587 593 ²
622 578 846 615 mecum
878 578 976 614 rea
1005 561 1158 614 falsis
1189 561 1688 616 criminationibus
1720 563 1846 633 agi-

178 653 333 708 teris?
372 655 477 717 An,
512 651 697 722 inquit
731 651 828 704 illa
857 654 912 717 b;
945 655 1022 719 te,
1053 652 1307 715 alumne,
1356 652 1704 720 desererem,
1744 670 1848 707 nec

177 758 194 786 c
249 743 547 801 sarcinam,
597 758 766 812 quam
820 741 933 794 mei
989 740 1239 794 nominis
1285 740 1499 795 invidia
1547 742 1843 808 sustulisti,

177 833 580 888 communicato
611 838 797 886 tecum
831 834 1024 886 labore
1055 834 1344 902 partirer?
1379 835 1549 904 Atqui
1587 835 1848 888 Philoso-

178 924 309 993 phiae
354 923 380 962 ιι
426 922 508 974 fas
539 938 653 974 non
690 927 830 987 erat,
879 931 898 954 ο
931 922 1330 975 incomitatum
1380 923 1707 993 relinquere
1744 923 1851 975 iter

179 1009 498 1062 innocentis.
539 1010 714 1063 Meam
764 1009 975 1064 scilicet
1017 1010 1033 1044 ί
1075 1010 1537 1065 criminationem
1585 1012 1659 1081 (Et)
1692 1027 1850 1064 vere-

1957 568 2115 618 rem?
2144 569 2164 599 ³
2199 568 2357 620 Nunc
2391 567 2544 620 enim
2581 583 2609 622 ς
2644 568 2895 638 primum
2929 583 3124 620 censes
3155 569 3307 636 apud
3353 559 3650 640 improbos

1957 671 2145 708 mores
2174 655 2491 709 lacessitam
2525 657 2792 726 periculis
2819 656 3244 726 sapientiam?‘
3266 658 3465 710 Nonne
3499 658 3650 727 apud

1955 747 2172 796 veteres
2221 759 2472 813 quoque,
2521 751 2618 798 38
2653 744 2672 778 ⁵
2701 750 2830 798 ante
2877 745 3056 798 nostri
3105 745 3361 798 Platonis
3402 750 3649 813 aetatem,

1963 847 2232 898 magnum
2258 848 2407 900 smpe
2432 838 2718 884 certamen
2743 849 2867 885 cum
2900 831 3153 885 stultitim
3190 832 3504 886 temeritate
3535 851 3651 885 eer-

1960 921 2204 973 tavimus
2234 920 2298 973 ll?
2326 921 2641 990 eodemque
2675 922 2982 992 superstite
3017 921 3040 954 (³
3071 927 3393 991 praeceptor
3415 924 3537 992 ejus
3565 925 3659 976 So-

1961 1013 2143 1061 crates
2163 1008 2390 1078 injustae
2416 1009 2706 1064 victoriam
2736 1010 2955 1078 mortis,
2990 1026 3080 1064 me
3111 1014 3332 1063 astante
3363 1011 3395 1077 ί,
3432 1027 3655 1081 prome-

1610 1097 2209 1155 INTERPRETATIO.

237 1196 256 1219 ³
284 1188 326 1239 Α
359 1188 505 1240 641³10.

235 1260 255 1300 ιι
283 1257 672 1328 Philosophia.

234 1340 252 1363 ε
282 1339 444 1381 Unus.

235 1400 256 1440 ἀ
287 1402 396 1451 Non
430 1399 643 1453 licebat.

237 1480 252 1503 ’³
281 1472 483 1525 Solum.

2031 1185 2050 1219 ί
2079 1187 2514 1240 Accusationem.

2028 1265 2052 1300 8
2083 1261 2320 1311 Putasne
2350 1258 2606 1311 nondum.

2033 1330 2058 1370 ll
2095 1330 2204 1382 Nos
2230 1329 2612 1400 Philosophia.

2034 1401 2046 1432 ί
2081 1400 2471 1470 Philosophia.

1788 1541 2008 1597 ΝΟΤᾸΞ.

177 1629 539 1700 operibusque
586 1630 988 1684 constituentis
1038 1646 1050 1684 :
1103 1645 1280 1700 quare
1325 1629 1485 1699 prior
1523 1629 1855 1700 prudentia;

177 1703 439 1771 posterior
477 1705 839 1770 temperantia
873 1719 902 1754 a
935 1703 1207 1754 Cicerone
1240 1708 1469 1754 vocatur
1506 1717 1518 1755 :
1557 1701 1857 1771 utriusque

2321 1655 2336 1672 ο
2614 1691 2620 1693 _
2750 1630 2980 1678 Pretium
3009 1630 3108 1678 sibi
3140 1629 3355 1693 solaque
3375 1629 3477 1679 late

2088 1692 2332 1741 Fortuna:
2360 1704 2545 1740 secura
2570 1691 2726 1740 nitet.

177 1779 345 1825 autem
380 1779 673 1842 ΡΙἹΡΟΟῘὶιὶι
703 1774 1018 1843 praescribit
1049 1773 1418 1842 Philosophia
1449 1773 1705 1844 adeoque
1739 1791 1856 1827 om-
1897 1794 1936 1846 Β
1973 1844 1984 1846 _
2017 1773 2357 1846 Lacessitur
2400 1779 2594 1827 tamen
2629 1789 2653 1846 :_
2679 1773 2952 1846 quoniam
2987 1773 3154 1827 dictis
3185 1773 3414 1827 factisve
3445 1773 3661 1846 impro-

177 1848 306 1897 nium
341 1850 422 1897 est
456 1849 726 1910 magistra
758 1850 1051 1898 virtutum.

239 1918 250 1947 ¹
301 1917 510 1983 Supero
542 1917 766 1968 cardine
806 1916 1076 1984 delapsa.]
1111 1917 1384 1968 Dicinitus
1416 1914 1548 1967 data
1602 1931 1612 1968 :
1662 1915 1861 1968 lumen

178 1986 312 2038 enim
359 1989 649 2052 naturale,
698 1989 760 2039 ut
810 1991 959 2056 pote,
1014 1988 1166 2056 quod
1215 1987 1285 2038 ab
1333 1987 1455 2055 ipso
1499 1987 1707 2038 mentis
1752 1988 1857 2040 hu-

179 2073 341 2110 manze
375 2059 684 2111 conditore
716 2064 906 2110 ortum
939 2061 1043 2120 est,
1077 2058 1346 2110 divinitus
1377 2061 1459 2107 est
1485 2057 1703 2110 datum.
1737 2059 1862 2111 Plii-

180 2130 416 2194 losopliia
458 2135 658 2181 autem
695 2130 831 2182 nihil
867 2134 948 2181 est
979 2128 1131 2181 aliud
1172 2145 1340 2197 quam
1381 2129 1575 2179 lumen
1605 2130 1863 2182 naturale

180 2201 557 2252 moditicatum
597 2217 608 2252 :
641 2202 816 2252 lumen
851 2200 1105 2267 quidem,
1138 2200 1242 2251 hoc
1265 2205 1345 2249 est.
1378 2199 1555 2256 notio,
1586 2215 1712 2268 quae
1747 2202 1865 2252 sola

179 2277 247 2321 est
279 2273 480 2323 mentis
535 2272 728 2324 lumen
765 2288 775 2324 :
813 2273 1068 2323 naturale
1107 2287 1260 2333 vero,
1297 2271 1350 2322 id
1385 2275 1468 2321 est
1499 2270 1566 2321 al)
1611 2276 1740 2323 ortu
1772 2271 1864 2323 di-

181 2343 368 2394 vinitus
399 2343 607 2395 datum
650 2344 762 2394 sive
801 2359 832 2393 a
865 2349 1070 2394 natura
1104 2341 1339 2393 insitinn
1379 2342 1818 2411 ingenitumque
1849 2357 1860 2395 :

179 2414 534 2480 modificata":
584 2413 852 2482 denique,
906 2417 1187 2482 quatenus
1221 2419 1302 2463 est
1351 2414 1601 2482 primum
1647 2414 1864 2466 clarum

179 2488 224 2535 et
253 2486 616 2548 distinctum;
660 2484 868 2536 deinde
911 2485 1080 2552 paulo
1121 2483 1345 2551 longius
1388 2484 1690 2548 ditl'usum;
1728 2501 1866 2553 pos-

179 2559 338 2607 tremo
404 2557 532 2608 veri
596 2556 852 2624 certique
899 2554 1100 2624 judicii
1153 2571 1375 2607 norma.
1437 2555 1526 2607 Sic
1585 2555 1863 2621 Socrates,

181 2627 436 2680 referente
483 2627 806 2680 Themistio
854 2631 996 2678 orat.
1047 2628 1086 2690 Ι,
1133 2625 1557 2694 philosophiam
1594 2629 1649 2677 in
1695 2626 1865 2679 homi-

181 2713 288 2748 num
326 2715 498 2764 genus
546 2699 737 2750 dii-ina
773 2698 1047 2750 dmitamat
1077 2702 1217 2750 sorte
1248 2697 1526 2764 delapsum
1557 2700 1731 2760 fuisse
1761 2703 1866 2751 tes-

182 2774 306 2820 tatus
358 2776 454 2823 est.
518 2770 607 2821 Sic
659 2770 854 2822 Cicero
905 2768 1117 2837 passim
1168 2784 1180 2820 :
1235 2769 1606 2835 Philosophia,
1657 2769 1863 2837 inquit,

182 2839 353 2893 tioinun
401 2847 450 2892 et
509 2843 789 2892 inventum
829 2840 1082 2901 deorum;
1124 2855 1226 2908 quo
1277 2839 1408 2891 bono
1456 2841 1664 2891 nullum
1714 2845 1868 2907 opta-

183 2912 344 2977 bilius,
396 2913 618 2964 nultum
666 2915 1039 2978 pra‘stantius,
1089 2926 1258 2979 neun
1307 2911 1496 2964 datum
1543 2915 1621 2962 est
1664 2917 1869 2963 morta—

183 2981 293 3033 lium
345 2986 540 3047 gem-ri
595 2983 816 3035 deorum
882 2997 1129 3036 concessu
1179 2985 1348 3049 atque
1403 2997 1642 3048 munere,
1702 2997 1871 3051 neque

182 3054 400 3107 dabitur.

240 3127 256 3157 ²
309 3127 522 3178 Mecum
572 3140 665 3178 rea
713 3125 876 3190 falsis
920 3122 1438 3191 criminationibus]
1493 3122 1862 3190 Gaudentius,

183 3193 343 3262 Opilio
391 3204 448 3249 et
525 3196 763 3248 Basilius
814 3196 966 3264 apud
1015 3195 1427 3248 Theodericum
1483 3210 1678 3262 regem
1726 3194 1864 3247 falso

183 3272 498 3320 accusarunt
542 3268 813 3331 Baianum,
852 3263 922 3319 ito
970 3267 1120 3336 quod
1156 3266 1246 3319 hic
1277 3263 1685 3334 impedivisset,
1721 3281 1864 3335 quo-

185 3339 350 3389 minus
410 3345 653 3390 senatus
707 3339 856 3390 lzesm
921 3338 1233 3406 majestatis
1283 3337 1748 3400 convinceretur;
1810 3339 1868 3389 20

183 3409 314 3473 quod
364 3409 432 3462 de
474 3410 824 3462 vindicanda
860 3409 919 3462 in
962 3410 1282 3461 libertatem
1329 3407 1488 3459 ltalia
1519 3408 1861 3477 scripsisset;

184 3481 230 3529 3"
257 3481 400 3548 quod
438 3483 514 3532 ad
552 3481 891 3532 obtinendas
933 3480 1236 3548 dignitates
1276 3478 1546 3546 sutl'ragia
1581 3479 1866 3548 corrupis-

184 3547 282 3612 set,
309 3553 457 3620 quod
495 3551 718 3603 crimen
751 3551 965 3604 Latinis
1003 3547 1264 3615 ambitus,
1315 3550 1522 3601 tlrmcis
1568 3547 1868 3620 δημοκοπίας

182 3623 488 3688 vocabatur,
554 3623 794 3692 latisque
846 3622 1069 3690 legibus
1115 3622 1490 3689 puniebatur;
1538 3628 1634 3672 aut
1667 3622 1868 3674 saltem

183 3694 313 3759 quod
339 3694 406 3745 ad
438 3694 598 3746 hunc
633 3695 805 3746 tinem
835 3693 1026 3761 impiis
1053 3693 1268 3744 artibus
1300 3709 1436 3744 usus
1472 3692 1688 3744 fuisset.

241 3767 412 3832 Atque
463 3766 612 3828 haec,
669 3768 809 3816 teste
861 3765 985 3831 ipsa
1027 3763 1416 3830 Philosophia,
1465 3768 1594 3814 sunt
1627 3761 1867 3828 sarcina,

183 3849 331 3900 quam
385 3836 622 3887 Boetius
669 3837 898 3887 nominis
943 3834 1326 3903 philosopliici
1372 3835 1585 3886 invidia
1625 3835 1867 3899 sustulit,

184 3919 450 3973 quamque
495 3912 805 3974 propterea
846 3906 1046 3958 eadem
1088 3905 1450 3974 Philosophia
1484 3908 1872 3957 communicato

183 3991 293 4026 cuin
327 3977 527 4028 Boetio
566 3977 747 4029 labore
776 3979 984 4044 partiri
1015 3977 1191 4045 cupit,
1220 3976 1502 4043 ejusmodi
1537 3978 1874 4028 criminatio-

182 4046 320 4098 nibus
353 4053 609 4100 assueta.
647 4049 810 4113 Sunt,
848 4048 1108 4116 inquam,
1145 4047 1232 4099 ha)
1271 4047 1700 4098 criminationes
1745 4062 1872 4099 sar-

183 4119 288 4169 cina
337 4135 348 4170 :
400 4135 541 4171 nam
575 4122 798 4172 sarcina
839 4135 982 4171 onus
1025 4125 1107 4171 est
1154 4119 1307 4187 quod
1349 4118 1522 4170 homo
1558 4119 1623 4170 ad
1658 4123 1871 4170 vestem

182 4188 492 4260 victumque
549 4206 739 4242 secum
783 4191 923 4242 solet
955 4190 1176 4242 deferre
1208 4190 1565 4258 profecturus
1611 4205 1622 4241 :
1658 4204 1723 4241 ex
1757 4204 1870 4256 quo

183 4257 373 4332 factum
397 4257 513 4323 est,
551 4267 612 4314 ut
637 4261 931 4332 quodlibet
957 4277 1099 4313 onus
1139 4257 1339 4314 inutile
1355 4266 1408 4313 et
1432 4261 1738 4312 molestum
1758 4275 1874 4313 sar-

183 4331 288 4382 cina
322 4333 613 4385 diceretur
651 4331 667 4386 Ξ
699 4333 844 4386 unde
873 4332 1034 4386 Ovid.
1066 4349 1155 4401 ep.
1189 4334 1217 4383 3
1251 4348 1262 4384 :

349 4420 463 4468 Non
497 4434 596 4479 ego
625 4435 740 4468 sum
778 4420 932 4468 classi
967 4421 1176 4468 sarcina
1210 4433 1403 4480 magna
1435 4422 1558 4467 tua».

1972 1844 2057 1898 bis
2088 1851 2429 1914 provocatur
2460 1861 2472 1899 :
2504 1844 2659 1916 quod
2696 1845 2942 1899 lacessiri
2968 1851 3088 1898 est:
3123 1846 3275 1898 unde
3304 1845 3524 1914 Virgil.,
3557 1844 3658 1898 ecl.

1973 1917 2024 1981 3,
2059 1919 2202 1970 v.51
2247 1930 2258 1972 :

2096 2003 2329 2052 Etﬁciam
2355 2004 2589 2067 posthaec
2619 2019 2685 2052 ne
2716 2018 3033 2066 quemquam
3054 2017 3183 2052 voce
3206 2003 3450 2052 lacessas.

2044 2083 2245 2153 Sicque
2281 2084 2535 2136 lacessita
2565 2083 2672 2137 fuit
2705 2084 2952 2154 primum
2977 2083 3207 2152 quidem
3239 2083 3392 2152 apud
3425 2087 3662 2148 veteres,

1973 2154 2177 2208 deinde
2215 2156 2365 2223 apud
2399 2156 2740 2208 recentiores
2774 2156 3166 2224 philosophos.

2044 2230 2065 2261 ⁸
2114 2229 2298 2279 Nonne
2341 2227 2493 2294 apud
2539 2223 2788 2294 veteres]
2826 2228 2866 2277 l.
2911 2226 3226 2294 Sapientia,
3267 2241 3394 2296 qua}
3428 2225 3496 2278 ab
3528 2223 3666 2296 iPSi$

1975 2297 2306 2367 Pythagoras
2339 2297 2715 2367 temporibus,
2753 2297 2861 2350 dici
2896 2297 3064 2366 cmpit
3101 2295 3478 2366 Philosophia,
3512 2295 3665 2367 apud

1973 2365 2194 2421 veteres
2224 2365 2511 2437 sapientes
2559 2374 2615 2421 et
2646 2365 3014 2436 philosophos
3047 2384 3108 2420 ex
3145 2384 3209 2420 eo
3240 2365 3497 2420 lacessita
3537 2365 3665 2429 fuit,

1975 2441 2128 2510 quod
2164 2439 2620 2509 praistantissimi
2653 2442 2802 2492 inter
2835 2440 2962 2491 illos
2994 2439 3193 2491 exsilio
3229 2446 3283 2492 et
3330 2444 3514 2490 morte
3544 2437 3670 2510 ipsa

1976 2509 2010 2564 εἱ
2046 2511 2235 2563 stultis
2269 2511 2661 2580 improbisque
2700 2511 3029 2563 hominibus
3068 2509 3252 2563 affecti
3285 2510 3516 2563 fuerint.
3551 2509 3666 2560 No-

1978 2582 2084 2635 tari
2115 2587 2300 2652 potest
2323 2582 2704 2651 hicloquendi
2733 2583 2939 2635 modus
2974 2598 2986 2634 :
3020 2588 3286 2635 certamen
3308 2582 3666 2634 certavimus:

1977 2669 2093 2706 non
2129 2654 2283 2706 enim
2320 2654 2372 2705 id
2405 2653 2610 2706 Graecis
2653 2654 2925 2706 duntaxat
2957 2653 3235 2705 familiare
3278 2658 3380 2716 est,
3421 2657 3484 2703 ut
3525 2665 3670 2703 non-

1977 2723 2122 2776 nulli
2170 2727 2350 2788 aiunt,
2397 2725 2492 2776 sed
2537 2724 2709 2776 etiam
2759 2724 2970 2778 Latinis
3022 2740 3033 2776 :
3079 2725 3156 2776 sic
3203 2723 3501 2777 Terentius
3531 2720 3672 2775 dixit

1976 2799 2154 2847 virere
2183 2797 2390 2855 vitam;
2425 2795 2662 2861 gaudere
2695 2797 2993 2860 gaudium;
3031 2795 3222 2848 Cicero
3270 2796 3472 2856 servire
3501 2793 3670 2846 servi-

1981 2871 2175 2924 tutem;
2223 2867 2484 2918 Horatius
2512 2867 2694 2918 ludere
2721 2867 2906 2918 ludum
2939 2881 2950 2918 :
2979 2870 3043 2917 ut
3069 2869 3262 2918 noster
3291 2869 3488 2918 auctor
3519 2863 3670 2915 infra

1980 2937 2129 2990 dicet
2161 2937 2344 2990 luctere
2376 2937 2582 2997 ludum,
2617 2952 2811 2990 ornare
2833 2939 3181 2989 ornamentis.

2051 3006 2074 3040 ⁵
2121 3008 2263 3060 Ante
2319 3012 2492 3061 nostri
2543 3010 2782 3060 Platonis
2845 3006 3101 3074 atatem]
3163 3007 3321 3059 Plato
3377 3008 3542 3056 natus
3588 3006 3671 3056 est

1980 3079 2220 3132 Athenis
2251 3079 2398 3132 circa
2428 3095 2641 3132 annum
2681 3080 2876 3131 mundi
2911 3080 3069 3130 3626.
3116 3077 3213 3130 Hic
3249 3077 3308 3129 in
3349 3075 3507 3128 omni
3541 3074 3668 3127 doc-

1906 3156 1946 3211 C
1977 3151 2261 3204 trinarum
2300 3166 2531 3216 genere,
2557 3150 2651 3202 sed
2677 3151 2734 3202 in
2758 3149 3117 3219 philosophia
3149 3148 3462 3219 lirmsertim
3489 3145 3666 3199 excel-

1976 3222 2083 3274 luit
2132 3238 2144 3275 :
2197 3222 2349 3274 unde
2395 3218 2772 3290 Philosophia
2792 3237 2944 3273 nunc
2976 3226 3137 3272 vocat
3166 3235 3341 3284 suum,
3391 3218 3670 3290 illumque

1977 3293 2175 3346 statuit
2220 3298 2495 3363 tanquam
2546 3289 2905 3344 notissimum
2952 3289 3483 3363 philosophum,_in
3533 3303 3670 3363 quo,

1979 3369 2110 3416 ante
2151 3358 2358 3432 quem,-
2389 3370 2443 3416 et
2477 3368 2605 3434 post
2637 3380 2807 3432 quem
2847 3363 3129 3431 sapientia
3160 3362 3273 3434 sive
3305 3358 3673 3434 philosophia

1979 3437 2125 3488 male
2168 3429 2401 3504 excepti
2426 3429 2567 3507 ifuit.
2611 3429 2668 3486 In
2705 3434 2822 3504 ipso
2855 3429 3100 3507 quidem
3120 3429 3355 3507 Platone
3388 3429 3672 3507 sapientia

1978 3508 2128 3578 male
2159 3501 2392 3574 excepta
2414 3506 2521 3559 fuit
2549 3522 2561 3558 :
2597 3501 2740 3578 nam'
2759 3501 2885 3578 ipse
2905 3505 3060 3558 Plato
3089 3503 3389 3578 iniquitate
3417 3501 3670 3578 Dionysii

1980 3577 2184 3631 Siciliae
2234 3572 2483 3646 tyranni,
2527 3573 2616 3628 cui
2665 3593 2720 3629 se
2766 3572 2859 3629 ille
2911 3572 3296 3634 commiserat,
3345 3573 3534 3642 inquit
3581 3572 3670 3624 Ci-

1979 3665 2129 3712 cero,
2181 3648 2239 3700 in
2291 3649 2553 3700 maximis
2594 3648 2862 3716 periculis
2909 3647 3246 3714 insidiisque
3283 3650 3538 3716 versatus
3566 3646 3668 3694 est.

1978 3722 2122 3772 Ante
2171 3719 2436 3771 eumdem
2487 3715 2775 3772 Platonem
2827 3718 3102 3786 sapientia
3155 3717 3301 3769 male
3352 3715 3523 3767 etiam
3575 3728 3671 3764 ex-

1981 3795 2143 3859 cepta
2190 3790 2294 3842 fuit
2338 3807 2350 3842 :
2395 3790 2440 3841 si
2486 3791 2717 3858 quidem
2751 3789 2922 3841 Solon
2956 3787 3338 3859 Atheniensis,
3372 3789 3672 3859 Anaxago-

1981 3857 2070 3913 ras
2111 3865 2165 3913 et
2219 3857 2564 3930 Pythagoras
2611 3860 2664 3911 in
2720 3861 2982 3912 exsilium
3032 3858 3139 3911 acti
3190 3859 3417 3930 fuerant
3467 3873 3480 3930 :_
3528 3857 3674 3930 Zeno

1982 3947 2115 3983 vero
2151 3925 2363 3983 Eleates
2397 3925 2607 3998 aliique
2642 3931 2840 3998 optimi
2873 3930 2978 3981 viri
3013 3934 3195 3982 morte
3230 3927 3486 3998 damnati
3520 3943 3532 3979 :
3576 3925 3674 3998 sed

1982 4003 2236 4071 ejusdem
2270 3995 2530 4055 Platonis
2552 3995 2869 4069 princeptor
2918 4001 3175 4053 Socrates
3217 4015 3230 4052 :
3265 4005 3327 4051 ut
3357 3997 3548 4051 statim
3588 3995 3673 4049 di-

1982 4070 2162 4136 cetur,
2212 4073 2411 4124 eodem
2464 4071 2746 4139 supplicio
2797 4071 3031 4122 affectus
3074 4071 3196 4124 fuit.
3247 4070 3675 4139 Deniqueqpost

1983 4145 2249 4197 eumdem
2300 4137 2594 4196 Platonem
2644 4142 2928 4210 sapientia
2982 4141 3132 4194 male
3177 4137 3425 4210 excepta—
3451 4137 3561 4192 fuit
3613 4137 3674 4188 in

1984 4215 2191 4280 Caniis,
2237 4214 2295 4266 in
2342 4213 2587 4278 Senecis,
2625 4211 2681 4264 in
2711 4209 2969 4276 ’Soranis,
3005 4212 3060 4264 in
3102 4212 3224 4280 ipso
3268 4209 3462 4264 Boetio
3497 4224 3509 4261 :
3546 4223 3672 4276 quze

1983 4285 2178 4339 omnia
2211 4300 2469 4337 seorsum
2503 4283 2798 4353 probanda
2828 4289 2978 4334 sunt.

2054 4360 2075 4392 ο
2136 4359 2434 4424 Praeceptor
2495 4349 2610 4422 ejus
2660 4353 2946 4422 Socrates]
3001 4354 3065 4407 In
3116 4351 3365 4417 Socrate,
3412 4349 3670 4424 inquam,

1981 4433 2111 4481 ante
2156 4419 2406 4481 Plato-nis
2453 4419 2679 4479 aetatem
2725 4419 3006 4494 sapientia
3054 4424 3202 4476 male
3247 4427 3478 4492 excepta
3516 4419 3669 4494 fuit:

242 4499 304 4573 At
348 4501 579 4553 easdem
622 4501 1054 4554 criminationes
1090 4501 1319 4554 Boetius
1352 4497 1733 4573 philosophici
1764 4512 1867 4573 ηρ·
1908 4520 1950 4573 ι)
1984 4515 2116 4551 nam
2167 4501 2441 4573 Socrates,
2497 4499 2679 4573 cujus
2712 4491 2869 4573 tanta
2918 4495 3202 4573 sapientia
3255 4491 3398 4573 fu_it,’
3437 4495 3498 4544 ut
3543 4491 3678 4571 hinc

181 4569 325 4642 minis
358 4573 575 4624 invidia
607 4574 832 4626 sustulit
883 4589 895 4624 :
941 4574 1094 4642 quod
1128 4568 1534 4641 philosophicis
1569 4568 1866 4642 praiceptis

182 4639 606 4714 addictissimus,
659 4644 783 4695 talis
833 4639 1002 4708 esset,
1047 4639 1231 4714 qualis
1274 4639 1623 4696 abilloratio
1666 4639 1874 4693 descri-

183 4706 320 4764 bitur
348 4715 540 4766 Carm.
578 4706 614 4767 l'.
651 4731 734 4779 in,
769 4715 859 4768 od.
895 4717 924 4767 3
959 4731 971 4767 ε

409 4803 622 4850 Justum
648 4808 697 4849 et
729 4808 964 4851 tenacem
996 4802 1251 4865 propositi
1289 4801 1462 4865 virum

413 4865 531 4912 Non
563 4866 756 4912 civium
789 4866 918 4913 ordo
950 4864 1112 4927 prava
1137 4864 1462 4926 jubentium,

412 4927 529 4991 i\'on
563 4927 741 4975 vultus
767 4929 1018 4975 instantis
1051 4928 1262 4991 tyranni

412 4990 586 5037 Mente
614 4991 782 5052 quatit
812 4991 982 5038 solida
1011 5005 1021 5038 :
1052 4990 1221 5052 neque
1253 4990 1459 5038 Auster.

244 5076 440 5144 Quare,
490 5080 837 5132 continuatis
881 5081 1138 5149 ejusdem
1182 5078 1569 5148 Philosophiae
1611 5093 1864 5147 praecep-

185 5145 262 5220 tis,
297 5165 360 5199 eo
391 5151 589 5219 majori
625 5168 752 5204 cum
779 5145 1056 5220 patiéntia
1090 5152 1280 5205 Boetio
1316 5145 1863 5203 lim—criminationes

184 5217 413 5293 ferenda:
449 5217 599 5287 sunt,
641 5239 755 5292 quo
780 5217 1100 5293 iantiquior
1135 5230 1219 5276 est
1248 5221 1345 5276 illa
1386 5220 1771 5290 philosophia).
1807 5225 1865 5274 et

185 5289 638 5361 philc'isophorum
660 5289 810 5345 'sors.

220 5366 263 5436 ,⁸
303 5365 455 5415 Nunc
497 5369 633 5416 enim
673 5367 910 5432 primum
963 5363 1188 5436 censes]
1250 5364 1644 5436 Interrogitio,
1698 5361 1860 5436 quasi

185 5429 335 5486 dicat.
367 5429 907 5488 Cinsmne?modus
936 5429 1208 5505 loquendi
1246 5435 1452 5488 Latinis
1487 5429 1594 5486 non
1621 5429 1859 5485 inn—sita-

188 5506 280 5554 tus.
315 5505 635 5559 Notandum
677 5523 791 5558 non
825 5507 1184 5570 exstinctam,
1233 5507 1328 5559 sed
1374 5508 1676 5559 lacessitam
1713 5506 1860 5556 dun-

186 5575 323 5626 taxat
371 5576 482 5627 dici
531 5581 858 5644 sapientiam
911 5595 921 5630 :
972 5579 1258 5630 exstinctis
1305 5578 1457 5630 enim
1506 5577 1858 5644 sapientibus

187 5657 284 5696 non
337 5653 634 5716 propterea
688 5650 1070 5717 exstinguitur
1121 5649 1420 5717 sapientia,
1467 5650 1676 5716 quippe:
1729 5662 1857 5714 qua:

187 5723 431 5768 versatur
482 5720 531 5772 in
577 5721 943 5784 cogitatione,
999 5720 1090 5773 cui
1143 5722 1226 5772 vel
1279 5725 1650 5790 tyrannorum
1701 5718 1858 5770 furor

189 5799 375 5862 nocere
412 5805 523 5862 non
555 5796 735 5862 potest
779 5808 792 5846 :
834 5792 892 5844 in
946 5793 1052 5845 hoc
1101 5791 1303 5845 similis
1344 5791 1560 5855 virtuti,
1609 5806 1758 5858 qua',
1794 5794 1858 5842 ut

190 5860 259 5910 ait
288 5860 598 5932 Claudianl,
633 5880 808 5919 carm.
839 5867 922 5933 l7,
953 5880 1003 5916 v.
1044 5867 1062 5916 l
1104 5879 1116 5917 :

1984 4576 2302 4640 prmceptor
2354 4560 2602 4622 Platonis
2655 4569 2849 4631 fuerit,
2915 4560 3046 4640 inde
3107 4581 3239 4640 vero
3298 4560 3555 4640 Epicurei
3613 4577 3678 4614 ac

1985 4635 2269 4695 Stoici-ab
2302 4641 2454 4694 illius
2485 4640 2742 4709 partibus
2783 4645 2930 4692 stare
2975 4636 3376 4707 gloriarentur,
3397 4635 3481 4709 ob
3515 4648 3676 4709 suam

1986 4713 2325 4782 sapientiam
2357 4705 2540 4764 morte
2575 4712 2877 4764 damnatus
2899 4705 3000 4762 est:
3028 4709 3281 4762 Primum
3306 4706 3546 4782 quidem
3577 4705 3678 4782 so-

1983 4778 2164 4836 erates
2215 4784 2361 4836 circa
2401 4799 2616 4834 annum
2650 4783 2845 4834 mundi
2882 4783 3018 4834 3600
3058 4787 3222 4832 natus
3255 4778 3512 4846 adeoque
3545 4780 3678 4828 ante

1981 4855 2229 4908 Platonis
2263 4859 2486 4906 aetatem
2521 4855 2750 4917 floreus,
2790 4853 2898 4905 fuit
2932 4849 3384 4925 sapientissimus
3419 4864 3431 4900 :
3479 4862 3612 4899 nam
3637 4863 3678 4925 .a

1979 4927 2150 4979 rebus
2199 4926 2430 4978 occultis
2476 4930 2530 4977 et
2578 4925 2646 4976 ab
2701 4925 2825 4992 ipsa
2869 4938 3072 4975 natura
3111 4920 3378 4974 involutis
3423 4920 3676 4972 avocavit

1976 4999 2400 5066 philosoI'ihiam,
2425 5000 2488 5047 ut
2511 4996 2578 5048 de
2610 4994 2994 5068 virtutibuset
3019 4992 3170 5045 vitiis
3201 4994 3507 5068 quaereret,
3537 5003 3675 5041 cau-

1975 5063 2128 5122 satus
2338 5083 2508 5136 supra
2540 5083 2659 5127 nos,
2701 5065 2843 5118 nihil
2875 5065 2943 5138 ad
2975 5081 3076 5138 nos
3099 5063 3446 5138 pertinere:
3483 5063 3526 5112 is
3553 5073 3675 5138 non

1975 5141 2162 5193 solum
2186 5129 2379 5202 verbo,
2406 5129 2500 5191 sed
2525 5138 2784 5205 exemplo
2815 5136 2983 5188 etiam
3007 5135 3074 5188 ad
3097 5129 3340 5206 Honeste
3369 5129 3672 5206 vivendum

1972 5227 2102 5263 suos
2147 5210 2439 5263 auditores
2491 5202 2825 5261 hortabatur
2871 5223 2882 5260 :
2919 5213 3136 5278 tantam
3173 5205 3386 5278 quippe
3427 5202 3484 5253 in
3514 5202 3673 5278 omni

1972 5283 2084 5336 vita
2151 5281 2396 5334 servavit
2454 5279 2925 5349 mquabilitatem,
2979 5283 3038 5330 ut
3085 5277 3200 5328 sive
3247 5277 3305 5327 in
3379 5277 3677 5349 prosperis

1970 5354 2083 5406 sive
2117 5353 2174 5406 in
2222 5351 2470 5405 adversis
2515 5343 2703 5415 rebus,
2747 5343 3011 5402 eumdem
3047 5343 3679 5422 sempervultuirianee

1969 5425 2207 5478 hilarem
2234 5423 2432 5489 magis,
2458 5439 2560 5474 nec
2580 5411 2757 5484 magiis
2782 5421 3069 5472 turbatum
3094 5411 3418 5469 ostenderit.
3445 5411 3679 5489 _l)e_i_nd_e

1970 5497 2122 5549 idem
2166 5484 2429 5547 Socrates
2475 5499 2769 5561 ρνωςριήυν
2825 5493 2930 5544 fuit.
3004 5489 3310 5561 Platonis:
3347 5484 3497 5561 unde
3546 5484 3675 5561 't‘_ul.

1969 5567 2098 5631 lius,
2151 5584 2206 5619 iu
2258 5566 2324 5618 de
2369 5557 2545 5630 Orat,
2599 5557 2863 5628 Socrates,
2916 5561 3118 5628 inquit,
3174 5557 3332 5622 cujus
3404 5558 3679 5631 ingenium

1966 5628 2253 5705 variosque
2297 5628 2560 5690 sermones
2613 5635 3016 5687 inmmrtutitati
3067 5632 3288 5705 scriptis
3357 5631 3468 5705 suis
3527 5628 3679 5705 Plato

1969 5698 2218 5772 tradidit,
2273 5710 2508 5762 litteram
2565 5709 2771 5759 nullam
2822 5705 3063 5769 reliquit.
3116 5703 3349 5772 Postea,
3385 5699 3537 5752 idem
3585 5698 3683 5772 Se-

1966 5787 2148 5834 crates
2195 5770 2502 5843 accusatus,
2543 5780 2692 5848 quod
2738 5777 2806 5828 de
2849 5775 2955 5826 diis
3003 5773 3151 5848 male
3209 5771 3465 5848 sentiret,
3511 5770 3684 5848 capite

1968 5853 2260 5908 damnatus
2309 5856 2418 5916 est;
2465 5844 2577 5903 sed'
2612 5849 2970 5916 injustissime
3006 5861 3018 5898 :
3061 5845 3106 5898 si
3136 5845 3392 5915 quidem,
3455 5844 3649 5893 auctor
