3996 6170
352 296 462 351 607

1668 292 1761 347 AN
1776 332 1790 348 .
1834 291 2046 348 MANL.

2088 290 2244 347 SEV.
2290 288 2517 346 ΒΟΕΤῘῙ
2533 328 2548 345 .
3710 296 3793 349 608

340 434 497 490 ruit?
540 434 711 505 Cujus
743 442 767 467 ⁸
803 432 1193 487 hereditatem
1221 448 1350 486 cum
1387 430 1657 501 deinceps
1689 429 2035 500 Epicureum
2072 428 2118 482 A
2146 442 2348 482 eorum
2380 436 2399 461 °
2429 426 2683 498 profanae
2733 423 3119 480 multitudinis
3168 439 3357 480 errore
3397 429 3667 497 pervertit.
3714 438 3794 487 81

340 524 567 594 vulgus,
614 540 677 576 ac
715 521 988 589 Stoicum,
1040 521 1347 593 ceeterique
1397 537 1501 591 pro
1543 520 1620 590 (5)
1664 535 1767 573 sua
1798 518 2041 590 quisque

346 606 508 683 parte
550 616 778 682 raptum
828 611 908 664 ire
959 610 1319 676 molirentur,
1364 626 1570 681 meque
1605 610 2035 675 reclamantem,

346 702 827 771 renitentemque,
871 700 1023 753 velut
1068 700 1127 753 in
1172 702 1395 770 partem
1439 698 1671 769 praedae,
1724 698 2037 764 traherent,

345 794 580 856 vestem,
657 805 831 860 quam
895 789 1039 843 meis
1098 793 1394 842 texueram
1448 788 1737 853 manibus,
1796 785 2039 841 discide-

345 883 499 946 runt,
581 878 949 949 abreptisque
1023 878 1093 930 ab
1163 894 1229 930 ea
1294 878 1636 947 panniculis,
1696 881 1875 930 totam
1949 892 2039 929 me

343 968 451 1022 sibi
497 968 727 1021 cessisse
773 968 1087 1032 credentes,
1135 966 1348 1020 abiere.
1395 968 1459 1021 In
1489 966 1717 1037 quibus,
1761 965 2039 1037 quoniam

343 1057 609 1127 quaedam
660 1056 837 1110 nostri
882 1056 1112 1110 habitus
1162 1056 1401 1125 vestigia
1459 1055 1816 1120 videbantur,
1884 1070 2039 1107 meos

344 1161 463 1200 esse
509 1149 533 1188 Ι)
580 1146 889 1199 familiares
949 1144 1337 1217 imprudentia
1384 1149 1529 1213 rata,
1577 1144 1687 1214 (10)
1729 1144 2038 1197 nonnullos

2153 522 2313 587 Quod
2366 523 2412 576 si
2468 540 2573 578 nec
2632 524 2645 557 ¹
2695 524 3048 595 Anaxagorze
3097 524 3315 595 fugam,
3366 539 3469 577 nec
3520 527 3541 560 ²
3590 524 3797 581 Socratis

2152 637 2458 688 venenum,
2506 636 2610 675 nec
2653 622 2675 656 ³
2725 622 2965 676 Zenonis
2995 625 3299 689 tormenta,
3337 620 3601 691 quoniam
3641 624 3799 677 suutd

2149 719 2476 791 peregrina,
2532 718 2768 787 novisti;
2814 722 2873 773 at
2915 723 2936 756 ‘
2973 718 3201 784 Canios,
3244 724 3343 773 35
3378 715 3400 750 ⁵
3446 722 3498 771 at
3528 727 3547 753 °
3577 718 3798 786 Senecas,

2149 820 2171 855 ⁸
2194 824 2253 872 at
2281 817 2546 883 Soranos,
2576 832 2824 888 quorum
2846 832 2951 871 nec
2975 820 3322 888 pervetusta,
3358 832 3462 870 nec
3489 817 3508 858 τ
3536 816 3801 871 incelebris

2148 917 2429 972 memoria
2458 921 2561 984 est,
2596 916 2738 970 scire
2770 916 3027 987 potuisti.
3079 916 3235 981 Quos
3262 915 3407 969 nihil
3438 915 3581 969 aliud
3619 916 3676 969 in
3700 917 3799 970 cla-

2150 1017 2281 1069 dem
2329 1014 2585 1081 detraxit,
2637 1014 2746 1067 nisi
2789 1014 2943 1083 quod
2986 1015 3194 1067 nostris
3228 1013 3479 1067 moribus
3508 1020 3532 1054 8
3568 1008 3794 1081 instituti,

2148 1112 2170 1148 ⁷
2201 1114 2400 1168 studiis
2430 1113 2825 1184 improborum
2851 1111 3219 1168 dissimillimi
3250 1111 3600 1165 videbantur.
3630 1111 3797 1179 Itaque

1813 1229 2391 1289 INTERPRETATIO.

414 1331 439 1357 ι
472 1322 811 1376 Doctrinam.

414 1396 440 1436 Ι)
469 1396 812 1447 Domesticos.

416 1477 439 1505 ο
464 1466 688 1519 Alienas.
1184 1488 1190 1493 ·

416 1536 444 1578 d
473 1539 692 1591 Remota
722 1536 829 1590 loco
862 1538 910 1589 et
942 1537 1193 1605 tempore.

2218 1326 2239 1388 ὲ
2268 1319 2527 1373 Senecam
2555 1321 2605 1371 et
2625 1316 2897 1373 Soranum
2921 1314 3314 1388 phiIOSOphos.

2218 1387 2237 1422 ί
2266 1388 2510 1443 Indicia.

2218 1468 2243 1503 ε
2270 1457 2704 1531 Philosophicis.

1979 1624 2207 1682 NOTAE.

344 1712 469 1783 ipso
510 1714 711 1781 Tullio,
756 1730 772 1766 I
803 1714 871 1768 de
904 1715 1023 1780 0r.,
1053 1716 1290 1768 omnium
1332 1714 1768 1782 sapientissimus
1799 1715 2032 1768 sanctis-

343 1787 583 1852 simeque
620 1786 765 1838 vixit
817 1801 829 1839 :
883 1790 1184 1855 propterea
1227 1788 1475 1856 populus
1524 1790 1767 1837 mortem
1806 1785 1929 1854 ejus
1959 1785 2039 1839 ita

344 1856 545 1924 doluit,
574 1860 637 1909 ut
667 1856 919 1923 ejusdem
950 1862 1302 1909 accusatores
1333 1855 1541 1926 partim
1576 1861 1779 1919 morte,
1818 1856 2029 1925 partim

345 1926 542 1980 exsilio
588 1927 859 1996 punierit,
910 1927 1133 1996 ipsique
1167 1928 1383 1981 Socrati
1417 1931 1660 1979 statuam
1699 1942 1909 1980 aeream
1935 1942 2037 1996 po-

345 1998 523 2050 suerit
572 2014 583 2050 :
613 1998 748 2051 obiit
781 2004 971 2051 tamen
1007 2003 1221 2051 astante
1251 1998 1597 2067 philosophia
1630 2015 1642 2051 :
1677 2014 1830 2064 nam,
1864 2003 1927 2051 ut
1959 1998 2040 2052 ait

345 2068 583 2132 Tullius,
624 2068 788 2134 ibid.,
836 2071 1297 2135 elegantissimum
1343 2071 1517 2137 Lysiae
1559 2071 1877 2133 orationem,
1930 2084 2039 2137 qua

341 2154 443 2208 pro
484 2154 538 2192 se
584 2142 643 2193 in
682 2140 895 2208 judicio
940 2145 1204 2207 uteretur,
1238 2143 1465 2207 respuit,
1518 2145 1567 2193 et
1611 2143 1691 2193 ita
1730 2139 1789 2193 in
1824 2140 2039 2209 judicio

344 2212 542 2278 capitis
572 2226 672 2279 pro
715 2226 769 2264 se
809 2213 924 2278 ipse
959 2212 1128 2275 dixit,
1159 2217 1221 2265 ut
1251 2227 1355 2264 non
1382 2213 1614 2280 supplex
1640 2216 1737 2264 aut
1766 2226 1912 2279 reus,
1943 2211 2039 2266 sed

344 2286 405 2335 ut
451 2285 710 2349 magister
751 2288 847 2335 aut
896 2282 1147 2336 dominus
1194 2283 1469 2335 videretur
1498 2297 1604 2336 esse
1639 2282 1912 2350 judicum.
1976 2284 2039 2336 In

388 2368 461 2406 uo
492 2355 776 2406 victoriam
808 2356 997 2407 mortis
1037 2356 1337 2421 promeruit
1367 2369 1379 2406 :
1416 2354 1590 2423 quod,
1614 2353 1832 2422 judicio
1860 2353 2039 2423 ipsius

347 2368 461 2477 quo
492 2368 776 2406 victoriam
808 2368 997 2407 mortis
1037 2368 1337 2421 promeruit
1367 2369 1379 2406 :
1416 2368 1590 2423 quoa,
1614 2368 1832 2422 judicio
1860 2369 2038 2423 ipsius

393 2423 657 2489 iceronis,
692 2440 846 2477 mors
880 2425 998 2487 illa,
1034 2440 1162 2494 qua:
1198 2430 1417 2477 naturas
1450 2425 1661 2490 debita,
1698 2440 1813 2477 non
1854 2426 2038 2478 solum

346 2510 451 2563 pro
498 2495 703 2564 patria,
753 2494 849 2547 sed
894 2495 1068 2547 etiam
1114 2512 1219 2564 pro
1272 2495 1503 2548 veritate
1551 2502 1636 2547 est
1674 2496 2037 2563 potissimum

346 2565 590 2630 reddita,
636 2571 737 2618 aut
781 2566 1078 2619 meliorem
1127 2582 1297 2635 quam
1358 2566 1458 2635 qui
1514 2572 1599 2619 est
1644 2566 1702 2618 in
1754 2565 1887 2629 vita,
1940 2571 2041 2620 aut

347 2641 498 2689 certe
548 2652 664 2689 non
707 2636 1048 2690 deteriorem
1082 2636 1245 2690 affert
1284 2642 1514 2690 statum.
1553 2637 1808 2706 Denique
1859 2637 2039 2706 ipsius

348 2706 598 2761 Socratis
653 2707 995 2769 doctrinam,
1053 2724 1181 2775 qua:
1232 2708 1505 2776 quoniam
1550 2708 1731 2760 instar
1780 2708 2037 2778 pecunias

349 2778 712 2857 ejus_mor_te
775 2779 854 2857 ad
902 2779 1157 2857 aliquos.
1195 2778 1472 2857 pervenit,
1531 2779 1748 2857 idcirco
1807 2785 2040 2857 vqeatur

349 2849 606 2919 ejusdem
651 2849 963 2913 haereditas,
1015 2849 1208 2919 partiti
1257 2854 1389 2902 sunt
1431 2851 1689 2917 Epicurei
1739 2866 1801 2902 ac
1850 2852 2033 2913 Stoici,

349 2936 596 2988 quorum
627 2920 709 2973 illi
745 2921 1005 2990 Epicuro,
1034 2921 1093 2974 hi
1122 2923 1343 2974 Zenone
1372 2921 1512 2973 duce
1536 2922 2035 2990 philosophantur.

348 2991 490 3044 Nam
525 2992 652 3044 duae
682 2992 989 3060 praecipua
1015 2998 1149 3045 sunt
1170 2991 1638 3061 philosophorum
1670 2994 2041 3061 antiquorum

348 3068 535 3127 sectae,
564 3078 597 3114 a
623 3063 830 3132 quibus
862 3068 1082 3116 caeteras
1117 3068 1564 3132 promanarunt:
1601 3079 1809 3133 nempe
1835 3066 2036 3128 Ionica,

348 3134 510 3203 cujus
552 3138 750 3186 auctor
793 3133 1000 3186 dicitur
1044 3134 1244 3188 Thales
1282 3134 1558 3199 Milesius;
1606 3139 1664 3187 et
1694 3136 1909 3199 Italica,
1942 3151 2040 3188 cu-

342 3204 437 3273 jus
479 3210 651 3272 caput
690 3204 797 3257 fuit
844 3204 1209 3273 Pythagoras.
1254 3206 1443 3258 Ionicae
1484 3206 1613 3258 duas
1653 3206 2041 3260 celeberrime:

349 3276 693 3355 exstiterunt
735 3275 990 3355 familiae,
1031 3291 1239 3355 nempe
1272 3276 1746 3355 Academicorum
1782 3282 1849 3355 et
1886 3278 2039 3355 Peri-

349 3344 760 3414 pateticorum;
809 3346 1019 3400 Italica:
1056 3344 1272 3415 pariter
1312 3347 1461 3413 duae,
1499 3347 1771 3400 nimirum
1820 3347 2041 3402 Stoico-

347 3431 479 3469 rum
524 3421 580 3487 et
618 3415 1049 3487 Epicureorum,
1100 3420 1214 3482 qui,
1252 3421 1314 3469 ut
1355 3418 1609 3487 loquitur
1640 3417 1695 3471 S.
1733 3420 1967 3487 August.
2000 3419 2038 3472 Ι.

350 3502 467 3553 vin,
503 3486 572 3539 de
603 3486 720 3540 Civ.
757 3486 879 3553 Dei,
913 3503 960 3539 c.
994 3491 1046 3552 7,
1078 3493 1372 3557 posuerunt
1392 3486 1667 3555 judicium
1696 3486 1943 3542 veritatis
1986 3492 2043 3543 in

349 3557 592 3611 sensibus
634 3562 895 3625 corporis,
929 3574 1214 3627 eorumque
1242 3558 1427 3625 inﬁdis
1467 3564 1517 3613 et
1550 3560 1844 3624 fallacibus
1875 3576 2043 3628 regu-

350 3630 417 3682 lis
466 3630 650 3681 omnia
696 3645 814 3697 quae
861 3629 1167 3697 discuntur,
1220 3630 1493 3683 metienda
1540 3646 1649 3683 esse
1692 3636 2042 3693 censuerunt;

351 3700 563 3770 quique
608 3705 913 3769 propterea
962 3702 1340 3754 reclamantem
1387 3703 1809 3771 renitentemque
1855 3702 2041 3771 philo-

351 3771 612 3840 sophiam
661 3772 900 3839 experti,
936 3771 1390 3841 philosophicam
1431 3777 1667 3838 vestem,
1718 3773 1776 3825 id
1808 3779 1893 3826 est
1924 3774 2042 3827 dic-

350 3842 555 3915 tiones,
589 3841 795 3910 quibus
818 3847 1183 3915 tegerentur,
1217 3843 1557 3897 disciderunt
1588 3859 1867 3915 verosque
1912 3845 2041 3915 phi-

353 3912 623 3982 losophos
653 3912 879 3967 mentiti
912 3919 1062 3967 sunt.

422 3982 440 4015 ¹
488 3988 832 4051 Anaxagorae
877 3984 1113 4054 fugam]
1172 3986 1234 4038 In
1294 3986 1629 4055 Anaxagora
1686 3986 1859 4039 etiam
1911 3990 2042 4040 ante

354 4054 603 4108 Platonis
634 4061 859 4127 aetatem
901 4056 1179 4125 sapientia
1214 4056 1360 4109 male
1391 4054 1624 4127 excepta
1652 4056 1781 4111 fuit.
1816 4060 2043 4112 Anaxa-

352 4141 517 4195 goras
566 4126 721 4180 enim
765 4127 889 4195 ipso
928 4127 1156 4181 Socrate
1198 4126 1794 4197 antiquiorfdocente
1836 4128 2041 4196 Tullio,

351 4198 491 4268 dixit
521 4198 819 4251 materiam
850 4198 1154 4265 infinitam,
1190 4198 1287 4251 sed
1328 4200 1451 4267 ejus
1482 4199 1791 4268 particulas
1828 4199 2044 4253 similes

351 4267 502 4321 inter
548 4285 605 4321 se
652 4270 924 4336 minutas,
977 4285 1071 4322 eas
1120 4270 1371 4338 primum
1419 4267 1702 4333 confusas,
1755 4277 1951 4339 postea
1986 4272 2046 4324 in

353 4340 615 4393 ordinem
663 4340 931 4393 adductas
985 4346 1177 4393 mente
1218 4340 1428 4394 divina.
1492 4342 1563 4393 Ex
1621 4357 1734 4410 quo
1785 4342 2041 4408 confecit,

352 4412 531 4463 solem
590 4427 705 4463 non
757 4426 879 4463 esse
928 4412 1124 4473 Deum,
1179 4412 1274 4463 sed
1322 4411 1647 4481 lampadem
1695 4412 2040 4466 ardentem:

354 4497 415 4533 ac
462 4486 764 4551 propterea
794 4482 852 4534 in
898 4482 1161 4534 exsilium
1193 4482 1414 4551 pulsus,
1451 4487 1547 4535 aut
1578 4484 1763 4551 potius
1795 4484 2040 4537 libenter

354 4531 763 4619 agitasse;
777 4531 1545 4622 Jrederasisse“aggesti
1564 4531 2039 4621 satiasset};
2078 4531 2122 4583 Ι)

354 4622 667 4701 reliquisse,
720 4626 784 4675 ut
826 4624 1761 4701 discendiqurerendiqueﬁdivinaz
1794 4627 2044 4701 delecta-

355 4692 498 4764 tioni
532 4698 647 4745 toto
675 4709 733 4745 se
762 4694 954 4747 animo
986 4692 1238 4749 dederet.
1265 4692 1504 4748 Consule
1532 4695 1847 4764 Diogenem
1878 4698 2046 4751 Laer-

358 4762 524 4815 tium.

424 4836 445 4868 ²
490 4833 728 4886 Socratis
767 4836 1071 4905 venenum]
1126 4837 1201 4889 De
1234 4834 1465 4889 Socrate
1502 4836 1623 4906 jam
1664 4837 1879 4891 dictum
1913 4842 1997 4891 est
2030 4854 2043 4891 :

354 4909 610 4973 superest
643 4920 821 4973 genus
852 4906 1054 4959 mortis
1085 4907 1237 4959 illius
1286 4924 1297 4960 :
1347 4909 1587 4961 decessit
1620 4914 1811 4961 autem
1844 4910 2046 4962 hausto

356 4991 519 5048 succo
550 4974 748 5029 cicutas
780 4984 1079 5043 venenato,
1110 4995 1222 5048 quo
1242 4979 1618 5033 Athenienses
1652 4980 1720 5033 ad
1753 4980 2047 5048 publicum

357 5047 554 5121 mortis
603 5048 949 5121 supplicium
989 5047 1343 5103 utebantur:
1387 5050 1517 5103 hinc
1550 5051 1815 5115 Socrates,
1859 5051 2049 5121 inquit

355 5118 572 5183 Cicero,
605 5134 722 5172 cum
759 5135 891 5188 pene
916 5120 1036 5186 jam
1068 5124 1123 5173 in
1153 5137 1317 5174 manu
1346 5124 1689 5186 mortiferum
1716 5120 1862 5175 illud
1902 5118 2049 5177 tene—

352 5194 434 5242 ret
478 5191 751 5257 poculum,
793 5193 997 5244 locutus
1039 5193 1121 5244 ita
1158 5199 1255 5258 est,
1290 5197 1351 5244 ut
1379 5208 1485 5246 non
1510 5193 1590 5246 ad
1622 5198 1844 5246 mortem
1871 5193 2045 5259 trudi,

354 5275 538 5313 verum
568 5266 625 5314 in
658 5263 843 5315 caelum
862 5262 1138 5315 videretur
1170 5262 1453 5316 ascendere
1486 5279 1499 5317 :
1535 5270 1591 5317 et
1619 5264 1847 5329 Seneca,
1879 5264 2043 5333 epist.

354 5334 441 5397 67,
477 5333 665 5397 Catia,
706 5332 912 5402 inquit,
944 5339 1257 5400 venenatus,
1294 5336 1390 5402 qui
1418 5335 1688 5389 Socratem
1725 5332 1983 5389 transtuli
2003 5340 2051 5388 te

357 5418 566 5455 carcere
591 5406 650 5456 in
671 5405 877 5457 castum.

427 5474 449 5504 ³
506 5476 729 5527 Zenonis
785 5475 1091 5543 tormenta.]
1143 5475 1205 5527 1n
1265 5475 1487 5527 Zenone
1534 5476 1705 5530 etiam
1756 5481 1887 5530 ante
1920 5477 2048 5531 Pla-

358 5544 508 5615 tonis
537 5551 765 5598 aitatem
798 5546 1077 5615 sapientia
1111 5546 1258 5598 male
1291 5550 1525 5613 excepta
1552 5548 1679 5601 fuit.
1714 5550 1861 5601 Zeno
1894 5548 2050 5601 enim

355 5614 476 5689 ipso
526 5632 758 5689 quoque
800 5614 1029 5670 Socrate
1075 5616 1365 5685 antiquior
1396 5618 1579 5670 multa
1610 5624 1842 5689 propter
1888 5635 2049 5672 suam

353 5686 1026 5759 sapientiam‘tormenta
1069 5704 1268 5756 passus
1304 5692 1389 5739 est
1435 5702 1448 5739 :
1502 5686 1907 5759 sedrquirnam
1954 5690 2052 5743 illa

356 5756 587 5823 fuerint,
630 5756 829 5826 quisve
861 5758 1095 5811 illorum
1126 5764 1325 5812 auctor
1355 5774 1471 5811 non
1503 5756 1741 5814 constat.
1778 5761 2047 5815 Probabi-

358 5828 468 5879 lius
497 5833 584 5881 est
631 5829 935 5891 Zenonem,
975 5828 1112 5882 dum
1154 5829 1248 5884 hic
1282 5830 1472 5883 Eleam
1504 5832 1745 5900 patriam
1788 5832 1845 5883 in
1880 5831 2048 5883 liber-

2144 1718 2321 1767 tatem
2379 1710 2665 1766 vindicare
2727 1711 3054 1783 conaretur,
3068 1778 3077 1783 _
3107 1704 3364 1783 Nearchi
3398 1704 3619 1783 tyranni
3662 1704 3801 1782 jussu

2148 1785 2484 1849 cruciatum,
2522 1786 2672 1855 inter
2720 1784 3010 1855 tormenta
3036 1778 3299 1855 linguam
3334 1777 3593 1855 dentibus
3633 1777 3797 1845 praeci-

2078 1858 2117 1912 B
2151 1856 2300 1909 disse
2358 1860 2414 1909 et
2471 1847 2531 1907 in
2578 1852 2770 1923 Cyprii
2828 1852 2977 1919 regis
3032 1849 3440 1923 interrogantis
3492 1847 3679 1923 faciem
3724 1862 3798 1899 ex-

2149 1927 2387 1996 spuisse.
2435 1921 2852 1989 Anaxarchum,
2903 1923 3262 1996 Democritum
3285 1936 3340 1996 _a
3375 1921 3567 1996 Cyprio
3589 1922 3801 1996 tyranno

2147 1991 2591 2065 eirearnificatum
2662 2000 2982 2063 accepimus,
3042 1992 3229 2062 inquit
3285 1991 3523 2065 Tullius,
3580 1991 3801 2065 Zenonem

2147 2061 2385 2123 Eleatem
2422 2070 2480 2120 in
2522 2061 2798 2120 tormentis
2845 2061 3140 2125 necatum,’
3163 2077 3373 2132 nempe
3414 2078 3445 2114 a
3476 2061 3705 2114 Nearcho
3732 2065 3799 2127 ty-

2150 2156 2353 2193 ranno.
2395 2138 2601 2208 Sicque
2632 2138 2785 2207 apud
2818 2141 3035 2189 veteres
3066 2134 3443 2205 philosophos
3472 2132 3713 2185 lacessita
3736 2132 3803 2182 est

2154 2211 2454 2280 sapientia.

2220 2270 2241 2318 λ
2290 2286 2369 2335 At
2428 2276 2670 2350 Canios.j
2722 2277 3064 2351 lI.7Eadem
3120 2273 3406 2351 sapientia
3470 2274 3633 2328 etiam
3658 2270 3801 2351 apud

2148 2352 2494 2407 recentiores
2541 2345 2917 2421 philosophos
2963 2345 3221 2421 lacessita
3266 2346 3379 2401 fuit
3430 2362 3464 2421 :_
3492 2361 3618 2399 nam
3651 2345 3801 2421 Julius

2150 2424 2355 2478 Canius
2398 2414 2558 2490 sive;
2582 2426 2640 2474 ut
2690 2414 2811 2475 vult
2853 2420 3094 2489 Lipsius,
3144 2419 3333 2472 Canus
3366 2417 3559 2490 eodem
3594 2432 3695 2490 quo
3722 2414 3799 2467 Se-

2149 2511 2289 2549 neca
2328 2488 2536 2547 saeculo
2583 2497 2770 2558 natus,
2821 2488 3331 2562 praestantissimus
3373 2488 3741 2562 philosophus,
3777 2502 3800 2535 a

2150 2566 2306 2632 Caio,
2342 2581 2472 2618 cum
2519 2580 2631 2634 quo
2671 2564 2768 2617 diu
2814 2559 3113 2616 altercatus
3146 2562 3358 2634 fuerat,
3396 2566 3572 2634 morte
3600 2559 3801 2634 damnaf

2150 2643 2260 2702 tus,
2293 2630 2442 2689 hanc
2471 2630 2601 2688 cu'm
2642 2634 2964 2689 incredibili
2996 2632 3173 2686 animi
3206 2631 3524 2685 constantia
3555 2630 3725 2695 subiit,
3754 2631 3802 2678 ut

2148 2709 2323 2761 refert
2343 2709 2463 2776 ipse
2498 2706 2777 2776 Seneca].
2816 2706 2885 2758 de
2915 2706 3149 2773 Tranq.,
3184 2720 3229 2756 c.
3270 2704 3355 2756 14η.

2220 2777 2242 2812 ⁵
2316 2772 2391 2832 At
2466 2775 2741 2848 Senecas]
2806 2777 3020 2848 Seneca
3086 2772 3486 2848 philosophus,
3545 2772 3760 2848 -Paul

2150 2865 2456 2919 tequzevus,
2506 2850 2693 2917 primo
2714 2843 2774 2921 fa
2819 2847 3025 2902 Christi
3066 2843 3365 2921 nativitat’e
3396 2845 3595 2921 saeculo
3622 2843 3799 2921 floruit,

2149 2914 2467 2992 praeceptor
2508 2914 2776 2992 'Neronis,
2835 2935 2867 2971 a
2916 2933 3205 2992 quo_cum
3260 2916 3595 2992 ingentibus
3626 2914 3801 2991 divitiis

2150 2986 2477 3047 cumulatus
2529 2990 2745 3057 fuisset,
2798 2986 2979 3043 morte
3027 2989 3339 3041 damnatuo
3374 2992 3458 3040 est
3501 3003 3513 3040 :
3564 2986 3797 3051 Quamvis,

2150 3070 2214 3117 ut
2255 3063 2335 3116 ait
2381 3061 2687 3117 Suetonius
2729 3061 2789 3114 in
2838 3060 2962 3113 Vita
3006 3059 3263 3126 Neronis,
3307 3073 3451 3127 sape
3497 3059 3803 3111 commeatum

2081 3162 2121 3216 ρ
2147 3134 2679 3216 ρεεεςηεὶηὸοηίεᾳας
2700 3132 2908 3186 cedenti
2934 3135 3215 3216 persancte
3236 3131 3505 3198 jurasset,
3545 3131 3803 3216 spspeetum

2152 3221 2212 3278 se
2252 3208 2487 3278 frustra,
2536 3207 2947 3278 periturumque
2984 3205 3193 3272 potius,
3240 3218 3408 3269 quam
3444 3203 3799 3278 nociturumei.

2153 3271 2257 3331 Hic
2300 3271 2673 3346 philosophus
2717 3276 2826 3329 sibi
2867 3271 3029 3328 venas
3066 3288 3395 3341 prasecans,
3455 3271 3632 3340 inquit
3661 3272 3801 3346 _vetus

2152 3341 2437 3417 interpres
2479 3341 2786 3411 Iuvenalis,
2837 3350 2941 3399 sat.
2987 3348 3037 3407 5,
3073 3360 3402 3417 crurumque
3439 3357 3593 3417 venas
3623 3341 3803 3417 abrum-

2144 3412 2325 3487 pens;
2351 3423 2400 3472 et
2447 3417 2680 3471 durante
2714 3415 3373 3492 tractuhlentitudineqrue
3416 3412 3801 3492 mortis,‘hausto

2150 3486 2368 3556 veneno,
2416 3494 2466 3542 et
2503 3494 2772 3562 postremo
2808 3487 3006 3562 calidas
3056 3502 3211 3562 aqua
3257 3491 3515 3562 stagnum
3560 3486 3800 3562 introierit,

2151 3548 2623 3614 exanimatus-est.
2673 3558 2977 3623 Nimirum,
3020 3548 3234 3627 αι’ίρδθ
3265 3548 3479 3611 Seneca
3510 3555 3701 3607 amicos
3724 3548 3801 3603 ad-

2151 3632 2401 3685 mirabili
2440 3630 2783 3691 constantia,
2832 3636 3139 3700 antequam
3185 3634 3528 3692 moreretur,
3568 3627 3802 3678 allocutus

2151 3703 2231 3756 ait
2263 3719 2275 3756 :
2309 3704 2511 3757 Neroni
2552 3703 2794 3755 saevienti
2831 3701 2973 3754 nihil
3019 3700 3175 3753 aliud
3220 3704 3522 3767 supererat,
3564 3702 3672 3765 post
3706 3706 3800 3745 ma-

2154 3777 2288 3827 trem
2316 3775 2653 3841 fratremque
2690 3775 3017 3839 interfectos,
3062 3788 3225 3840 quam
3262 3776 3323 3823 ut
3352 3770 3648 3825 educatoris
3680 3778 3803 3834 pra-

2152 3847 2491 3917 ceptorisque
2519 3844 3052 3917 necem_adjiceret._
3504 3916 3507 3917 ν
3599 3910 3627 3917 __
3687 3907 3695 3917 .

2226 3918 2247 3951 ο
2298 3910 2707 3985 Δι’δοναηοε.]
2762 3910 2963 3968 Bareas
3024 3914 3292 3985 Soranus,
3345 3910 3804 3985 praestantissimus

2152 3986 2289 4039 item
2338 3982 2736 4057 philosophus,
2800 3986 3026 4039 Seneca:
3080 3984 3366 4057 aequalis,_
3401 3982 3619 4057 justitia
3665 3985 3804 4057 atque

2153 4051 2435 4111 industria
2474 4051 2818 4130 offensiones
2859 4051 3415 4130 ejusdem—Neronis
3445 4055 3523 4107 ita
3569 4052 3720 4130 auxit,
3756 4051 3805 4097 ιιί

2154 4129 2223 4181 ad
2255 4133 2495 4181 mortem
2528 4134 2684 4181 actus
2728 4127 2899 4180 fuerit
2932 4127 3001 4181 ab
3028 4126 3230 4180 eodem
3262 4132 3526 4196 tyranno,
3560 4126 3650 4193 qui
3682 4133 3807 4183 mag-

2154 4199 2477 4253 nitudinem
2526 4198 2957 4268 imperatoriam
3006 4199 3156 4252 caede
3203 4198 3518 4267 insignium
3572 4196 3803 4268 viror_um.

2156 4270 2319 4341 quasi
2349 4271 2508 4339 regio
2542 4264 2792 4323 facinore
2840 4274 3122 4324 ostentare
3156 4264 3478 4334 videbatur,
3513 4272 3572 4320 ut
3600 4265 3671 4318 ait
3693 4264 3803 4317 Cor-

2155 4342 2343 4414 nelius
2368 4342 2539 4394 Tacit.
2565 4342 2776 4414 _A_nnal.
2812 4342 2850 4393 l.
2882 4358 2992 4414 xvi.
3358 4411 3378 4414 Α
3650 4405 3657 4414 ⁸

2230 4413 2309 4465 Ne
2354 4420 2516 4481 putes
2562 4411 2653 4465 hic
2698 4414 2912 4477 Canios,
2953 4413 3202 4475 Senecas,
3254 4416 3303 4463 et
3348 4411 3577 4465 Soranos
3613 4402 3803 4481 _siguili-

2152 4499 2281 4536 care
2308 4478 2606 4536 imitatores
2656 4488 2712 4535 et
2741 4498 2990 4551 sequaces
3031 4482 3315 4551 ejusmodi
3349 4478 3804 4552 philosophorum,

2154 4555 2640 4624 quemadmodum
2703 4556 3013 4606 arbitratur
3053 4554 3296 4607 Thomas
3347 4553 3614 4621 Anglicus
3659 4564 3669 4599 :
3718 4557 3806 4611 ψει

2154 4632 2286 4678 sunt
2333 4624 2679 4695 philosophi,
2737 4626 2835 4694 qui
2882 4630 3117 4693 propter
3164 4626 3439 4692 majorem
3492 4625 3808 4695 ἔμφασιν-ηυ-

2153 4687 2576 4764 ωθτοῷιυιδᾶὶῖ
2603 4687 3007 4765 exprimuntur
3040 4712 3053 4749 :
3086 4695 3173 4750 Sic
3204 4687 3447 4749 dicimus
3478 4687 3804 4747 illemandros,

2153 4770 2511 4833 Augustinos,
2546 4772 2649 4819 etc.
3498 4826 3507 4831 .
3610 4832 3617 4835 _
3723 4826 3731 4835 .

2224 4832 2489 4891 7Studiis
2521 4839 2811 4905 impiorum
2854 4836 3254 4905 dissimillimi.]
3292 4836 3503 4889 Idcirco
3536 4832 3677 4905 enim
3720 4832 3806 4877 im-

2153 4909 2318 4989 probi
2340 4909 2472 4962 odio
2501 4902 2714 4989 habent
2734 4910 3181 4989 probos,_eisque
3216 4902 3445 4989 nocent,
3481 4902 3809 4989 quiah‘orllll}

2153 4979 2501 5050 illorumque
2532 4980 2926 5050 cogitationes,
2965 4980 3278 5032 locutiones
3324 4985 3379 5031 et
3410 4994 3579 5050 opera
3608 4979 3745 5050 inter
3766 4981 3809 5017 se

2154 5056 2289 5104 sunt
2330 5045 2657 5103 contraria:
2694 5045 3177 5121 quemadmodum
3221 5045 3491 5103 docemur
3520 5045 3808 5121 Sapientia,

2156 5137 2192 5175 ιι
2234 5137 2244 5174 :
2295 5114 2785 5177 Circumveniarrius
2817 5138 2939 5188 ergo
2979 5122 3213 5187 justum,
3248 5124 3501 5189 quoniam
3532 5116 3724 5170 inutilis
3750 5114 3811 5189 est

2154 5192 2329 5259 nobis,
2374 5198 2423 5245 et
2462 5196 2769 5246 contrarius
2792 5184 3149 5259 est'operibus
3186 5184 3407 5253 nostris,
3442 5196 3490 5243 et
3520 5184 3809 5263 impropei‘a‘

2155 5255 2324 5317 nobis
2340 5270 2559 5330 peccata
2584 5266 2734 5330 legis,
2758 5270 2806 5316 et
2829 5255 3084 5331 diffamat
3110 5266 3167 5316 in
3192 5278 3285 5316 nos
3307 5266 3523 5329 peccata
3544 5255 3812 5331 disciplile

2154 5326 2384 5409 nostrai.
2405 5326 2686 5409 Proniitt'it
2713 5326 2766 5388 se
2797 5326 3075 5409 scientiam
3106 5338 3204 5387 Dei
3234 5326 3445 5409 habere,
3474 5337 3521 5384 et
3550 5332 3708 5409 ﬁlium
3736 5326 3811 5409 ρει

2156 5420 2211 5459 se
2240 5407 2503 5459 nominat.
2540 5407 2740 5459 Factus
2772 5412 2851 5460 est
2879 5407 3030 5459 nobis
3058 5408 3114 5458 in
3146 5406 3533 5458 traductionem
3565 5400 3810 5463 cogitatio-

2162 5492 2292 5529 num
2338 5481 2668 5529 nostrarum.
2711 5479 2913 5530 Gravis
2946 5483 3023 5529 est
3050 5477 3201 5530 nobis
3231 5479 3394 5529 etiam
3435 5474 3507 5525 ad
3538 5466 3809 5524 videndum.

2158 5550 2415 5617 quoniam
2460 5549 2746 5601 dissimilis
2793 5553 2870 5601 est
2916 5550 3045 5601 aliis
3091 5551 3207 5600 vita
3251 5549 3418 5609 illius,
3460 5548 3509 5597 et
3552 5540 3810 5617 immutata

2156 5603 2283 5674 sunt
2332 5621 2430 5672 viae
2476 5621 2613 5685 ejus.
2668 5622 2953 5687 Tanquam
2992 5634 3222 5685 nugaces
3272 5603 3527 5672 astimati
3554 5623 3725 5687 sumus
3760 5603 3813 5687 ab

2157 5692 2251 5743 illo
2286 5707 2299 5744 :
2325 5695 2373 5743 et
2404 5676 2638 5743 abstinet
2667 5706 2721 5743 se
2745 5707 2778 5742 α
2797 5676 2915 5744 ὐἱέε
2944 5676 3145 5744 nostris
3175 5695 3435 5756 tanquam
3468 5686 3533 5738 ab
3558 5676 3813 5736 immundi-

2158 5764 2272 5825 tiis,
2296 5764 2345 5813 et
2370 5764 2599 5828 praefert
2627 5764 2922 5816 novissima
2943 5763 3240 5831 justorum,
3276 5767 3324 5813 et
3345 5761 3607 5827 gloriatur
3630 5756 3811 5821 patrem

2160 5847 2214 5880 se
2246 5831 2441 5880 habere
2478 5835 2656 5880 Deum-

2160 5847 2214 5885 se
2246 5834 2441 5886 habere
2477 5835 2656 5887 Deum.

3653 2769 3795 2826 Paulo
