3972 6172
117 243 206 293 διδ
1131 234 1219 286 DE
1258 232 1778 292 CONSOLATIONE
1818 233 2305 291 PHILOSOPHME
2344 237 2472 291 LIB.
2515 239 2563 292 Ι.

247 370 355 423 Nec
385 381 575 438 speres
603 364 820 434 aliquid
848 379 953 418 nec
983 363 1334 433 extimescas,

247 453 626 510 Exarmaveris
657 451 992 522 impotentis
1028 451 1174 505 iram
1207 468 1220 505 :

241 552 320 600 4|
349 548 423 599 At
455 543 711 614 quisquis
745 541 1002 612 trepidus
1031 546 1219 612 pavet,
1251 541 1334 596 vel
1360 545 1539 612 optat,

243 635 401 698 Quod
430 650 547 688 non
569 633 641 686 sit
660 631 900 701 stabilis,
924 631 1127 702 suique
1143 631 1310 701 juris,

242 723 463 794 Abjecit
494 722 774 792 clypeum,
801 722 1040 791 locoque
1081 725 1272 774 motus

247 811 449 878 Nectit,
481 827 592 882 qua
622 811 804 864 valeat
826 809 996 870 trahi,
1030 814 1312 863 catenam.

718 904 818 953 42
851 899 1076 952 PROSA
1107 900 1190 952 ιν.

179 991 570 1042 ΑΒΟΟΗΕΝΤΟΜ.
605 1014 675 1024 -
705 986 918 1038 Boetius
949 983 1013 1037 de
1034 985 1393 1051 intelligentia
1414 983 1797 1054 praedictorum

120 1075 296 1127 suoque
316 1059 540 1110 vulnere
588 1071 624 1109 α
656 1057 1004 1124 Philosophia
1047 1058 1439 1122 interrogatus,
1490 1060 1797 1110 memoratis

119 1135 334 1202 primum
381 1129 604 1196 quidem
651 1129 780 1202 loco,
810 1128 1084 1202 habituet
1113 1129 1288 1202 vultu,
1323 1127 1522 1202 quibus
1563 1143 1670 1202 non
1719 1131 1800 1182 ita

120 1199 311 1272 pridem
381 1203 635 1269 excipere
689 1200 892 1253 solebat
952 1199 1379 1268 Philosophiam,
1437 1200 1629 1252 deinde
1677 1215 1799 1254 vero

3501 242 3606 296 614

1833 364 1880 416 Α
1907 371 2210 437 ρνκοεριὶε,
2274 383 2390 432 qua:
2439 373 2491 422 et
2543 384 2576 420 α
2631 368 2983 436 Philosophia
3011 376 3311 439 acceperat,
3375 377 3424 426 et
3464 373 3603 428 dili-

1901 443 2085 506 genter
2159 445 2441 494 emsecutus
2501 441 2706 508 fuerat,
2761 441 3000 509 injustas
3054 445 3225 509 refert
3279 447 3368 498 sui
3418 449 3605 502 exsilii

1904 525 2116 564 causas.

1979 652 1994 684 ¹
2027 651 2303 716 Sentisne,
2358 652 2594 723 inquit“,
2627 654 2770 720 11830,
2807 657 2978 724 atque
3019 655 3211 710 animo
3253 656 3596 716 illlabuntur

1906 741 2041 794 tuo?
2089 742 2263 795 Esneb
2344 747 2453 803 ὄνος
2484 742 2684 816 ’λύραςῬ
2734 744 2882 807 Quid
2947 745 3087 799 tles‘?
3140 746 3286 810 Quid
3339 750 3602 821 lacrymis

1907 845 2106 884 manas
2137 831 2196 883 °?
2237 828 2463 893 Ἐξαύὸα
2483 837 2551 903 μὴ
2589 834 2735 883 κεῦθε
2751 837 2848 902 νοῳ
2884 849 2895 886 :
2929 833 2986 887 Si
3011 851 3244 904 operam
3267 839 3605 895 medicantis

1910 925 2218 990 exspectas,
2281 925 2510 991 oportet
2561 922 2769 975 vulnus
2799 922 3052 992 detegas.
3093 931 3193 978 43
3237 926 3380 978 Tum
3411 941 3435 981 .1
3471 945 3604 1000 ego-

1909 1010 2144 1064 collecto
2177 1009 2236 1062 in
2274 1009 2421 1064 vires
2453 1010 2643 1063 animo
2673 1026 2730 1064 το
2762 1013 2920 1065 Anne
2973 1011 3155 1066 adhuc
3185 1021 3314 1083 eget
3343 1017 3604 1072 admoni-

1908 1099 2092 1170 tione,
2117 1115 2220 1154 nec
2250 1115 2351 1170 per
2381 1116 2438 1153 se
2469 1099 2601 1153 satis
2633 1100 2846 1152 eminet
2872 1098 3118 1155 fortunin
3158 1103 3215 1155 in
3244 1120 3348 1157 nos
3368 1107 3604 1162 saevien-

1911 1189 1982 1242 tis
2007 1189 2319 1260 asperitas?
2371 1189 2600 1244 Nihilne
2656 1191 2711 1242 te
2742 1187 2759 1222 ί
2805 1188 2930 1259 ipsa
2962 1191 2984 1224 ²
3013 1190 3123 1244 loci
3152 1192 3322 1248 facies
3375 1197 3606 1252 movet?

1583 1289 2158 1348 INTERPRETATIO.

123 1384 283 1449 mique
301 1377 532 1450 tyranni
570 1393 582 1432 :
613 1377 708 1431 sed
737 1379 1041 1448 quicunque
1069 1381 1257 1432 metuit
1287 1383 1536 1445 tremens,
1566 1387 1664 1434 aut
1689 1396 1804 1450 spe-

123 1458 217 1517 ret,
245 1452 309 1517 is,
345 1452 609 1518 quoniam
639 1466 743 1504 non
771 1455 849 1503 est
877 1455 1127 1504 constans
1157 1456 1206 1504 et
1232 1466 1440 1518 compos
1487 1455 1592 1518 sui,
1645 1453 1802 1521 depo-

124 1528 220 1580 suit
262 1528 499 1587 scutum,
545 1527 596 1576 et
649 1538 752 1576 sua
780 1521 903 1576 sede
945 1521 1206 1591 disjectas
1259 1525 1530 1592 componit
1559 1525 1799 1591 uincula,

127 1595 302 1664 quibus
321 1596 451 1661 rapi
475 1595 675 1661 possit.

187 1668 205 1702 ⁸
231 1664 621 1735 Philosophia.

1981 1381 2006 1422 ι)
2033 1379 2238 1434 Asinus
2270 1379 2420 1445 lyrae.

1981 1459 2003 1484 °
2033 1453 2149 1514 Dic,
2170 1465 2340 1518 neque
2365 1455 2536 1506 mente
2567 1457 2734 1521 tegas.

1981 1521 2010 1558 ἀ
2042 1521 2290 1575 Boetius.

1980 1609 2003 1637 ο
2031 1593 2390 1662 Respondeo.

1983 1665 2004 1706 ί
2033 1663 2074 1718 0
2108 1663 2494 1734 Philosophia.

1740 1753 1941 1810 NOTAE
1957 1794 1972 1808 .

229 1842 583 1898 Conveniunt,
616 1840 808 1902 quibus
833 1843 925 1888 aut
952 1839 1135 1889 odium
1166 1839 1377 1889 crudele
1409 1840 1640 1904 tyranni.

228 1907 326 1954 Aut
355 1909 533 1954 metus
562 1917 679 1952 acer
707 1906 834 1951 erat.

181 1986 363 2056 Neque
403 2000 547 2037 vero
577 1981 875 2056 ejusmodi
906 1982 1394 2056 tyrannostimet,
1422 1985 1522 2052 qui
1577 1984 1803 2053 magni-

125 2052 297 2111 tudine
355 2061 411 2109 et
445 2054 791 2108 fortitudine
823 2052 1003 2106 animi
1048 2053 1340 2123 praeditus,
1384 2055 1528 2109 nihil
1558 2073 1588 2108 a
1632 2052 1803 2109 rebus

126 2129 300 2181 creatis
325 2133 426 2180 aut
466 2131 665 2196 sperat
691 2130 788 2178 aut
819 2125 1026 2178 metuit
1062 2141 1074 2178 :
1105 2127 1486 2180 Harumenim
1513 2129 1800 2190 virtutum,

126 2199 287 2270 inquit
324 2198 438 2252 Cic.
476 2215 539 2250 ιιι
573 2197 643 2251 de
666 2196 858 2270 n0ltic.,
911 2201 989 2249 est
1015 2199 1301 2270 proprium
1332 2199 1414 2250 nil
1442 2201 1800 2270 extimescere,

127 2268 281 2324 omnia
327 2270 575 2322 humana
641 2268 913 2335 despicere
941 2269 1080 2321 nihil
1126 2269 1269 2335 quod
1297 2270 1502 2322 homini
1562 2269 1805 2324 accidere

123 2345 269 2410 possit
299 2339 708 2394 intolerandum
729 2343 942 2410 putare.
990 2340 1063 2392 Ex
1097 2355 1212 2409 quo
1243 2339 1395 2392 idem
1425 2346 1617 2394 orator
1666 2357 1801 2393 con-

126 2409 222 2466 ticit
241 2412 626 2477 fortitudinem
657 2425 765 2463 esse
782 2409 1040 2477 {dolorum
1091 2411 1442 2480 laborumque
1461 2414 1804 2479 contemptio-

127 2501 244 2538 nem.
273 2486 454 2546 Quare
511 2481 900 2550 magnanimis
936 2480 1069 2534 viris
1093 2483 1206 2547 feri
1257 2486 1482 2550 tyranni
1515 2483 1804 2537 habentur

129 2559 224 2609 sine
247 2555 450 2608 viribus
480 2557 750 2619 furentes.
789 2552 973 2620 Igitur

190 2630 262 2681 t3.
305 2629 406 2681 Nec
453 2640 645 2694 speres
705 2623 923 2690 aliquid
972 2638 1063 2694 nec
1111 2622 1474 2693 extimescas]
1529 2625 1657 2678 Haec
1717 2629 1803 2679 est

135 2699 385 2751 sententia
400 2693 682 2759 Platonis,
719 2711 892 2764 quam
916 2693 1025 2746 sibi
1057 2694 1324 2765 deinceps
1375 2701 1799 2764 usurpaverunt

131 2769 292 2834 Stoici,
315 2768 702 2836 unanimique
716 2780 997 2844 consensu
1020 2767 1418 2844 approbarunt
1445 2783 1642 2844 omnes
1668 2783 1799 2820 cum

134 2849 352 2894 oratores
384 2847 510 2892 tum
549 2844 754 2907 poetae.
789 2838 944 2890 Plato
977 2837 1130 2888 enim
1163 2837 1223 2890 in
1246 2837 1476 2890 Philebo
1506 2839 1586 2890 ait
1642 2854 1797 2907 opor-

137 2918 221 2964 tere
237 2928 348 2965 eum
379 2913 475 2978 qui
506 2907 855 2973 intelligendi
881 2907 1238 2976 sapic-nitique
1266 2912 1436 2961 vitam
1467 2911 1644 2975 elegit,
1678 2910 1801 2963 nul-

137 2983 311 3038 latenus
341 2981 588 3049 gaudere
616 2980 700 3033 vel
728 2979 921 3032 dolere.
946 2979 1160 3032 Seneca
1189 2979 1284 3031 ille
1311 2980 1548 3040 Stoicus,
1578 2981 1645 3034 de
1662 2982 1799 3035 Bea-

135 3059 178 3106 ta
200 3055 304 3108 Vita
341 3071 388 3108 c.
422 3056 451 3106 5
493 3056 696 3120 potest,
736 3050 940 3119 inquit,
995 3049 1180 3103 beatus
1210 3051 1317 3104 dici
1371 3053 1468 3120 qui
1495 3067 1590 3107 nec
1651 3055 1800 3120 cupit

135 3140 207 3177 nec
233 3130 388 3191 timet,
423 3124 683 3191 beneﬁcio
713 3125 960 3174 rationis.
998 3121 1211 3186 Cicero,
1247 3137 1409 3175 versu
1451 3125 1532 3188 Η,
1583 3127 1638 3176 et
1671 3124 1798 3175 Vir-

136 3195 298 3265 gilius,
323 3212 492 3250 versu
531 3197 586 3259 2,
609 3193 780 3262 hujus
801 3192 965 3245 metri
992 3192 1195 3246 citatus
1219 3209 1230 3246 :
1265 3193 1473 3264 quibus
1502 3193 1636 3248 addi
1665 3199 1797 3264 pot-

135 3274 203 3322 est
234 3267 492 3323 Martialis
527 3266 560 3318 l.
590 3281 645 3330 x,
669 3281 756 3334 ep.
791 3265 859 3317 47
895 3279 909 3316 :

289 3355 433 3413 Quod
460 3355 562 3410 sis,
591 3366 704 3401 esse
735 3351 877 3406 velis.
910 3351 1147 3413 nihilque
1179 3351 1331 3400 malis
1366 3366 1378 3400 :

287 3419 571 3468 Summum
600 3429 698 3464 nec
725 3419 930 3463 metuas
959 3415 1117 3473 diem,
1150 3427 1246 3463 nec
1277 3420 1442 3476 Optes.

189 3499 389 3554 Scilicet
419 3515 593 3554 mens
623 3497 966 3551 caducarum
1000 3512 1194 3549 rerum
1227 3497 1350 3565 spei
1382 3500 1684 3567 metusque
1721 3496 1798 3550 li-

134 3567 258 3635 bera,
290 3572 418 3624 hinc
447 3588 480 3624 a
519 3585 755 3638 corpore
786 3583 1046 3621 errorum
1063 3567 1449 3637 vitiorumque
1479 3567 1636 3620 fonte
1663 3568 1800 3622 libe-

135 3646 281 3709 ratur,
302 3643 434 3696 inde
447 3657 591 3694 vero
608 3642 722 3694 er
734 3639 990 3693 veritatis
1007 3638 1350 3709 virtutisque
1367 3639 1648 3708 principio
1669 3656 1800 3693 con-

131 3711 357 3781 jungitur
389 3729 400 3766 :
426 3728 613 3784 quare
643 3713 1069 3784 exarmatiram,
1105 3710 1266 3784 cujns
1299 3717 1382 3762 est
1402 3710 1683 3784 duntaxat
1701 3715 1798 3784 aut

135 3780 322 3838 auferre
351 3780 575 3839 bonum
607 3783 763 3853 quod
797 3787 979 3852 optes,
1013 3785 1110 3853 aut
1139 3780 1350 3853 inferre
1396 3783 1611 3834 malum
1643 3782 1797 3853 quod

136 3854 330 3921 timeas;
359 3857 582 3927 quique
617 3851 737 3927 tibi
773 3851 1055 3927 irascitur,
1091 3851 1182 3905 hic
1211 3857 1474 3927 impotens
1505 3859 1591 3927 est
1623 3869 1636 3905 :
1669 3851 1796 3927 sive

135 3927 244 3998 quia
267 3923 502 3998 quo—ira:
529 3924 830 3998 libidoque
856 3923 1104 3993 rapiunt,
1152 3923 1431 3998 sequitur,
1479 3924 1608 3998 talis
1641 3924 1794 3998 enim

135 3994 298 4064 homo,
344 3999 525 4051 etiam
573 3994 835 4050 Ciceroni
887 3999 1151 4066 impotens
1200 3994 1435 4063 dicitur;
1497 3996 1611 4050 sive
1661 3995 1797 4065 quia

134 4082 303 4124 nocere
333 4086 443 4123 non
475 4072 689 4139 potest.

196 4144 263 4193 t5.
345 4136 676 4208 Quisquis...
756 4142 918 4207 pavet
979 4137 1062 4191 vel
1149 4138 1342 4206 optat.]
1408 4137 1450 4189 E
1509 4136 1795 4191 contrario

136 4212 426 4282 quicunque
458 4215 626 4264 metu
659 4215 760 4262 aut
793 4225 892 4279 spe
922 4209 1499 4282 caducarumrerum
1525 4208 1788 4282 afﬁcitur,

137 4280 188 4346 is,
222 4287 269 4336 1ο
294 4279 395 4337 non
423 4287 512 4338 est
534 4282 770 4349 stabilis,
803 4279 957 4350 quod
992 4281 1076 4333 vel
1107 4279 1387 4350 supplicio
1417 4279 1505 4333 vel
1553 4280 1793 4348 praemio

137 4369 269 4407 mens
297 4355 413 4424 ejus
433 4372 466 4409 a
507 4354 694 4424 prima
724 4351 978 4405 veritatis
1008 4351 1347 4421 virtutisque
1394 4367 1597 4424 norma
1637 4366 1791 4424 rece-

1847 1844 1888 1898 B
1912 1841 2212 1914 insculptis
2256 1843 2491 1896 caelatur
2520 1842 2890 1914 imaginibus,
2915 1846 2972 1896 et
3003 1842 3072 1896 ad
3089 1857 3365 1912 pugnam,
3400 1843 3603 1899 lmvam

1913 1913 2114 1967 militis
2162 1918 2387 1982 partem
2441 1915 2582 1984 tegit
2615 1913 2822 1969 :iunde
2881 1931 2912 1968 a
2951 1930 3190 1984 corpore
3234 1914 3306 1968 ad
3354 1919 3606 1969 mentem

1913 1985 2253 2039 translatum
2278 1985 2332 2038 id
2358 2001 2589 2051 nomen,
2615 2001 2767 2040 nuuc
2795 1986 3250 2054 magnitudinem
3308 1985 3606 2040 fortitudi-

1913 2071 2162 2126 nemque
2194 2057 2392 2120 animi,
2428 2062 2491 2126 ut
2519 2058 2734 2111 dictum
2759 2065 2860 2117 est,
2891 2059 3188 2126 significat.

1985 2125 2004 2198 ἕ
2035 2126 2282 2198 Sentisne
2315 2125 2474 2198 hara]
2509 2129 2546 2184 l.
2577 2129 2805 2182 Boetius
2840 2125 3228 2197 interrogatur
3264 2145 3293 2181 a
3342 2128 3605 2182 Philoso-

1912 2197 2047 2268 phia
2074 2197 2143 2250 de
2165 2197 2544 2268 intelligentia
2561 2201 2965 2269 praedictorum
2991 2216 3003 2254 :
3037 2216 3166 2252 cum
3202 2200 3353 2252 enim
3374 2206 3604 2254 auctore

1912 2269 2120 2332 Tullio,
2151 2285 2168 2322 ι
2200 2270 2392 2333 Acad,
2428 2286 2598 2339 neque
2620 2273 2715 2324 hoc
2744 2273 3045 2339 quidquam
3075 2275 3145 2325 sit
3178 2273 3393 2338 turpius
3439 2287 3604 2340 quam

1911 2343 2209 2407 cognitioni
2254 2345 2602 2412 assertionem
2647 2345 3195 2412 approbationemque
3238 2357 3602 2410 praecurrere;

1913 2417 2222 2480 propterea
2257 2411 2482 2466 Boetius
2506 2429 2620 2466 non
2646 2422 2779 2468 ante
2811 2414 3009 2468 debuit
3039 2416 3106 2468 de
3139 2414 3423 2482 prmdictis
3457 2413 3602 2467 ferre

1905 2482 2207 2555 judicium,
2250 2499 2421 2552 quam
2475 2484 2573 2537 illa
2607 2485 2799 2539 animo
2838 2486 3040 2555 illapsa
3088 2501 3190 2537 suo
3239 2484 3598 2554 perceperit:

1909 2553 2046 2607 hinc
2075 2553 2446 2623 Philosophia
2475 2559 2638 2625 rogat
2668 2553 2954 2624 Boetium,
2979 2557 3123 2609 sitne
3155 2553 3426 2622 istorum,
3459 2556 3604 2609 sicut

1911 2629 2098 2678 asinus
2129 2631 2214 2678 est
2245 2627 2394 2692 lyrae,
2431 2628 2661 2680 auditor
2683 2634 2928 2693 tantum,
2957 2632 3068 2687 ὄνος
3099 2627 3294 2698 λύραςῖ
3318 2629 3600 2680 Nimirum

1911 2700 2186 2768 tantaest
2208 2701 2440 2766 tamque
2473 2703 2608 2752 nota
2637 2698 2780 2752 asini
2811 2699 3133 2768 stupiditas,
3172 2698 3261 2750 hic
3289 2703 3349 2750 ut
3397 2698 3601 2752 Graicis

1912 2766 2235 2838 Latinisque
2262 2768 2596 2822 hominibus
2657 2769 2716 2822 in
2753 2766 3054 2838 proverbio
3081 2769 3289 2836 saepius
3328 2770 3500 2821 fuerit
3529 2769 3600 2822 ad

1909 2837 2345 2908 signiﬁcandam
2381 2840 2632 2892 hominis
2658 2837 3096 2908 ignorationem.
3133 2840 3222 2892 Sic
3264 2839 3470 2891 dicitur
3489 2843 3600 2899 ὄνος

1910 2907 1958 2960 ἐν
1988 2911 2456 2976 πιθήκοις,αείηιι.ς
2479 2915 2618 2964 inter
2648 2907 3059 2973 εἶνηίαεςὸνοςέν
3089 2907 3372 2981 μελίτταις,
3412 2913 3600 2962 (minus

1909 2983 2049 3033 inter
2079 2996 2228 3049 apes,
2262 2981 2397 3034 dum
2433 2983 2635 3035 stultus
2676 2982 2823 3035 inter
2846 2980 3100 3046 callidos,
3132 2985 3228 3032 aut
3259 2981 3420 3048 piger
3451 2980 3602 3032 inter

1911 3051 2140 3105 sedulos
2181 3052 2444 3106 occurrit.
2499 3053 2588 3106 Sic
2625 3056 2740 3102 ὄνου
2784 3051 3001 3122 κεφαλὴν
3050 3071 3120 3122 μζ)
3161 3049 3372 3107 πλήνειν
3422 3055 3596 3122 νίτρῳ,

1839 3134 1879 3189 C
1909 3124 2056 3194 asini
2106 3128 2271 3191 caput
2318 3139 2383 3178 ne
2416 3125 2560 3178 laves
2589 3127 2759 3191 nitro,
2795 3124 2930 3178 dum
2985 3123 3311 3194 prohiberis
3365 3138 3601 3192 operam

1911 3193 2242 3266 perdereiin
2271 3195 2537 3249 docendis
2562 3195 2802 3249 rudibus
2837 3211 2850 3248 :
2879 3193 3367 3266 quemadmodum
3415 3195 3600 3247 liora-

1910 3265 2023 3318 tius
2055 3265 2132 3318 ait
2162 3265 2200 3318 1.
2231 3282 2247 3318 1
2279 3266 2418 3334 Sat.,
2453 3271 2555 3319 sat.
2594 3270 2613 3320 t
2654 3281 2666 3320 :

2033 3353 2221 3417 infelix
2251 3369 2461 3416 operam
2493 3354 2680 3417 perdas
2705 3369 2715 3403 :
2749 3361 2806 3403 ut
2826 3356 2868 3403 si
2899 3354 3016 3416 quis
3037 3354 3257 3402 asellum

2035 3415 2095 3464 In
2121 3415 2306 3479 campo
2332 3415 2523 3466 docent
2551 3422 2820 3480 parentem
2840 3415 3049 3466 currere
3078 3417 3256 3465 frenis.

1976 3495 2066 3549 Sic
2112 3500 2223 3572 ἄγος
2272 3502 2398 3570 πρὸς
2439 3497 2613 3572 adhes,
2648 3501 2836 3572 asinus
2864 3499 2936 3572 ad
2989 3500 3235 3572 tibiam;_
3265 3500 3375 3557 ὄνος
3406 3497 3588 3572 λύρας,

1907 3570 2282 3640 asinuslyrz,
2314 3569 2518 3640 suppl.
2551 3571 2801 3636 auditor;
2835 3570 2949 3622 sive
2978 3575 3038 3622 ut
3088 3569 3183 3622 alii
3225 3569 3440 3638 legunt,
3475 3569 3596 3631 ὀνος

1905 3642 2031 3711 πρὸς
2063 3639 2238 3712 λύραν.
2276 3639 2461 3695 asinus
2495 3642 2568 3695 ad
2608 3643 2785 3709 lyram
2815 3658 2832 3694 :
2868 3641 3021 3711 prior
3047 3641 3210 3694 lectio
3265 3657 3377 3693 non
3413 3643 3595 3694 solum

1909 3710 1995 3763 est
2057 3710 2231 3764 nostri
2279 3713 2546 3779 auctoris,
2594 3713 2693 3766 sed
2753 3710 2933 3780 ipsius
2993 3713 3164 3764 etiam
3216 3712 3479 3764 Varronis
3536 3713 3595 3766 in

1907 3788 2095 3852 satyra
2134 3799 2261 3852 quae
2308 3788 2711 3836 testamentum
2745 3783 3075 3836 inscribitur
3105 3782 3253 3852 apud
3283 3784 3592 3850 Agellium,

1904 3851 1942 3905 l.
1975 3870 2056 3925 iu,
2115 3851 2166 3906 cI
2213 3857 2320 3906 16:
2367 3856 2565 3919 Liberi,
2615 3853 2825 3924 inquit,
2845 3856 2896 3907 si
2925 3859 3082 3906 erunt
3113 3851 3217 3904 dum
3273 3852 3448 3925 λύρας,
3501 3872 3595 3907 ea:-

1905 3923 2112 3977 ceredes
2126 3929 2301 3977 sunto.
2336 3923 2890 3978 Alterutrumautem
2915 3941 2981 3978 ex
3003 3925 3091 3978 his
3115 3925 3321 3978 dicitur
3338 3923 3597 3990 adsigni-

1903 3994 2194 4047 ﬁcandum
2226 3996 2541 4063 hominem,
2567 3995 2664 4065 qui
2686 3995 3120 4065 quamvisvoces
3134 3996 3340 4065 patulis
3362 3999 3596 4050 auribus

1906 4065 2170 4145 excipiat,
2203 4066 2509 4120 verborum
2567 4072 2761 4120 tamen
2793 4067 3271 4136 signiﬁcationem
3302 4083 3418 4120 non
3466 4084 3594 4137 pcr-

1905 4142 2061 4206 cipit.

1977 4209 2259 4261 Prznterea
2290 4206 2441 4262 idem
2465 4207 2693 4262 Boetius
2730 4207 3120 4276 interrogatur
3150 4207 3218 4260 de
3263 4223 3428 4260 causa
3466 4224 3596 4260 suo-

1906 4295 2034 4332 rum
2093 4281 2333 4346 fletuum,
2380 4295 2612 4332 suarum
2658 4281 3024 4347 lacrymarum
3051 4294 3062 4332 :
3093 4279 3234 4343 Quid
3276 4281 3406 4345 ﬂes?
3449 4279 3596 4342 Quid

1907 4351 2162 4429 lacrymis
2191 4353 2423 4429 manas?
2457 4351 2608 4429 quod
2641 4352 3024 4429 vocatur_e.jus
3066 4351 3593 4429 uulnus,_quodq_uc

138 4425 246 4478 dere
273 4421 589 4496 sitparata;
622 4427 678 4478 2°
705 4427 792 4477 sui
814 4424 963 4490 juris
1014 4437 1120 4476 non
1175 4421 1474 4496 est,___quod
1507 4422 1793 4496 mancipia
1829 4424 1871 4476 D
1898 4422 2190 4474 medicanti
2217 4423 2571 4496 philosophia:
2619 4428 2825 4496 oportet
2856 4423 3129 4496 detegere:
3167 4422 3398 4473 morbus
3438 4421 3593 4496 enim

139 4511 234 4549 non
269 4492 378 4550 tam
409 4492 582 4551 servi,
615 4496 1003 4559 dominorum,
1058 4509 1230 4564 quam
1272 4493 1370 4546 ille
1410 4492 1790 4562 cupiditatum

141 4568 206 4619 vel
259 4570 556 4634 timorum;
617 4569 674 4621 3°
695 4567 896 4635 abjecit
951 4567 1217 4635 clypeum,
1248 4565 1412 4635 quod
1457 4565 1791 4632 magnitudo

141 4638 494 4710 fortitudoque
539 4634 772 4704 animi,
803 4654 977 4707 quam
1001 4634 1012 4635 ί
1035 4634 1364 4710 εὺλροιῐμβ-ιῐ
1400 4634 1582 4705 ipsius
1611 4635 1789 4688 animi

140 4711 287 4764 robur
329 4707 616 4775 ct‘tutela;
650 4710 712 4762 4ο
761 4710 868 4762 loco
898 4714 1091 4772 motus,
1131 4713 1196 4761 ut
1224 4707 1388 4760 miles
1418 4712 1580 4760 extra
1622 4723 1791 4760 suum

141 4797 340 4848 agmen;
399 4783 554 4854 quod
602 4780 984 4854 tranquillitas
1037 4779 1321 4854 animua
1379 4793 1491 4854 qua
1539 4778 1788 4845 recessit,

141 4857 336 4923 propria
380 4850 452 4908 sit
499 4850 767 4922 ejusdem
805 4851 984 4904 animi
1015 4850 1207 4916 sedes;
1242 4853 1299 4901 5°
1341 4853 1504 4902 nectit
1548 4855 1792 4923 catenam

141 4920 422 4990 qutivnleat
473 4920 662 4985 trahi;
694 4923 847 4993 quod
889 4937 1049 4991 spem
1087 4927 1442 4990 metumque,
1475 4920 1683 4990 quibus
1729 4925 1792 4974 ut

142 4999 328 5050 ueteris
357 4994 881 5067 perturbationibus
903 5009 1066 5046 mens
1095 4993 1349 5067 humana
1385 4995 1628 5061 rapitur,
1661 5008 1792 5046 con-

142 5069 326 5134 ceperit
352 5064 770 5136 éonceptosque
803 5066 991 5136 fovere
1013 5064 1312 5118 studuerit.

199 5133 372 5208 Neque
397 5133 547 5193 aliud
583 5133 744 5190 nobis
775 5135 866 5189 hic
895 5135 1120 5189 videtur
1141 5133 1507 5208 adnotatione
1528 5135 1790 5208 dignum,

144 5207 233 5259 nisi
282 5207 419 5264 forte
490 5209 905 5278 interpretatio,
967 5213 1022 5261 et
1066 5223 1201 5260 usus
1249 5207 1420 5276 hujus
1470 5207 1621 5260 vocis
1679 5207 1792 5273 cly-

141 5291 269 5343 peus,
349 5297 395 5333 ν.
481 5281 558 5334 17.

145 5348 374 5416 clypeum,
419 5353 681 5420 clupeum,
737 5359 793 5402 et.
821 5352 1068 5416 clipeum,
1107 5366 1309 5420 neque
1353 5349 1575 5418 origine
1605 5365 1794 5418 neque

145 5432 233 5490 usu
262 5422 417 5475 nobis
446 5419 670 5476 differre
709 5421 993 5474 videntur.
1023 5419 1255 5488 Origine
1287 5420 1522 5490 quidem
1551 5422 1794 5488 clypeum

148 5489 314 5554 (idem
355 5493 499 5546 dicas
558 5493 628 5546 de
686 5492 951 5561 caeteris),
995 5491 1188 5560 judice
1243 5489 1538 5557 Salmasio,
1589 5492 1796 5545 dicitur

149 5561 258 5609 κατὰ
289 5566 551 5632 μετάθεσιν
575 5580 642 5617 ea:
659 5561 866 5613 κύκλιον
889 5566 946 5615 in
975 5563 1154 5616 orbem
1185 5568 1362 5615 actum
1391 5564 1505 5616 sive
1535 5568 1752 5616 ovatum
1778 5581 1792 5627 ;

148 5633 276 5706 quod
307 5650 368 5686 ea
413 5635 482 5688 sit
515 5637 698 5706 ﬁgura
740 5633 914 5704 hujus
946 5634 1221 5704 corporis.
1252 5635 1522 5706 Usuivero
1578 5634 1794 5700 clypeus

149 5699 246 5758 sive
279 5706 510 5774 clypeum
537 5699 853 5763 e'sttextum
865 5699 1202 5774 rotundum,
1232 5705 1387 5777 quod
1399 5705 1469 5760 ad
1494 5699 1791 5776 pompam,

648 5281 878 5347 Clypeus
967 5282 1168 5344 autem,
1255 5280 1474 5347 clupeus
1564 5280 1832 5346 clipeus,‘

1903 4509 2019 4546 non
2068 4499 2301 4546 sanatur
2358 4495 2572 4548 indicta
2627 4495 3002 4564 ignorataque
3060 4493 3182 4561 ejus
3229 4508 3414 4544 causa.
3456 4493 3594 4546 llinc

1899 4565 2273 4633 Philosophia
2297 4566 2555 4636 Boetium
2586 4563 3040 4636 ad’loquendum
3072 4564 3334 4616 hortatur
3363 4563 3450 4616 liis
3486 4565 3592 4616 llo-

1901 4636 2045 4689 meri
2079 4637 2285 4702 verbis,
2331 4634 2558 4699 Ἐξαύὃα
2588 4641 2657 4708 μὴ
2693 4634 2858 4701 κεῦοε,
2900 4641 3018 4706 νόῴ,
3049 4638 3186 4690 Fare
3230 4651 3324 4688 nec
3367 4637 3594 4690 occultes

1900 4710 2100 4760 animo.

1971 4780 1992 4812 ³
2024 4779 2147 4832 Loci
2191 4780 2407 4848 facies]
2453 4781 2520 4833 Il.
2584 4779 2808 4832 Boetius
2856 4777 3116 4831 meminit
3164 4777 3590 4846 adjunctorum,

1901 4849 2241 4920 quibuscum
2273 4856 2402 4904 ante
2435 4857 2492 4904 et
2521 4855 2657 4903 tunc
2687 4850 2906 4918 excepit
2928 4849 3386 4919 philosophiam;
3420 4856 3479 4903 ut
3526 4867 3592 4904 ex

1900 4921 2203 4990 utriusque
2234 4927 2412 4974 status
2441 4921 2768 4975 discrimine
2789 4925 3026 4988 fortuna?
3053 4923 3110 4973 in
3132 4923 3310 4989 ipsum
3325 4924 3593 4976 saevientis

1901 4995 2171 5060 asperitas
2211 4992 2685 5064 cognoscaturab
2711 4993 2834 5064 ipsa
2869 4992 3252 5062 philosophia,
3290 4995 3451 5063 cujus
3497 5009 3595 5047 na-

1901 5069 2032 5117 tura
2097 5069 2152 5116 et
2210 5063 2441 5132 species,
2493 5063 2700 5133 quibus
2739 5063 2990 5117 Boetius
3034 5063 3342 5116 instructus
3389 5065 3590 5128 fuerat,

1901 5139 2327 5206 proponuntur.
2383 5135 2638 5188 Primum
2685 5136 2916 5206 quidem
2975 5133 3240 5204 adjuncta
3279 5136 3417 5195 haec.
3461 5141 3593 5189 sunt

1903 5205 2065 5270 locus,
2099 5205 2318 5260 habitus
2353 5212 2402 5260 et
2453 5208 2632 5260 cultus
2649 5205 2850 5261 Bbetii.
2884 5209 3050 5261 Locus
3087 5214 3216 5261 ante
3255 5207 3362 5259 fuit
3392 5206 3592 5258 biblio-

1903 5279 2053 5332 theca
2091 5276 2204 5329 sive
2233 5276 2392 5330 locus
2429 5277 2708 5331 librorum
2747 5280 2906 5348 cujus
2949 5281 3203 5346 parietes,
3237 5282 3295 5329 ut
3330 5277 3478 5328 infra
3512 5277 3595 5338 di:

1903 5353 2081 5414 cetur,
2115 5353 2278 5402 erant
2334 5349 2488 5403 ebore
2516 5364 2578 5402 ac
2608 5354 2748 5403 vitro
2769 5353 2965 5419 compti
2997 5366 3008 5402 :
3045 5350 3242 5419 quales
3297 5364 3420 5419 esse
3459 5363 3591 5400 con-

1903 5423 2206 5472 sueverant
2251 5421 2398 5473 aedes
2445 5421 2707 5488 divitum,
2766 5418 2906 5474 teste
2958 5418 3254 5474 Horatio].
3306 5435 3343 5471 ιι
3402 5418 3588 5472 Carm.

1903 5490 1995 5543 od.
2062 5493 2141 5544 t8.
2192 5491 2362 5545 Locus
2416 5497 2550 5546 tunc
2583 5498 2666 5546 est
2688 5493 2948 5546 sordidus
2983 5497 3036 5544 et
3071 5493 3343 5545 obscurus
3377 5505 3587 5544 carcer.

1903 5561 2134 5615 Habitus
2187 5568 2316 5616 ante
2373 5563 2546 5630 bona;
2598 5568 2734 5618 tunc
2794 5565 2944 5616 mala
2997 5562 3252 5632 corporis
3298 5561 3594 5631 animique

1905 5633 2145 5688 atl'ectio.
2193 5635 2385 5707 Vultus
2444 5636 2543 5707 qui
2595 5641 2660 5690 ut
2695 5636 2904 5690 mentis
2955 5634 3036 5707 sic
3065 5633 3271 5707 reliqui
3341 5635 3594 5707 corporis

1905 5719 2096 5760 sermo
2145 5705 2382 5776 quidam
2418 5704 2624 5763 tacitus
2649 5711 2753 5776 est,
2799 5710 2930 5760 ante
2959 5704 3177 5775 hilaris,
3215 5710 3353 5762 tunc
3392 5706 3586 5760 tristis.
