3996 6170
445 296 548 349 619

444 427 726 498 coemptio
761 426 1108 497 exigeretur,
1150 424 1311 480 evici.
1346 430 1445 480 48
1475 427 1490 460 ι
1540 425 1843 481 Paulinum
1865 436 1890 462 ⁸
1927 443 2134 482 consu-

442 517 621 572 larem
676 516 886 583 virum,
937 516 1100 586 cujus
1152 531 1289 586 opes
1335 527 1359 568 ι»
1388 515 1629 570 Palatini
1665 532 1832 571 canes
1855 517 1978 587 jam
2031 533 2130 588 spe

443 611 613 678 atque
657 605 974 660 ambitione
1032 605 1413 672 devorassent,
1471 604 1540 659 ab
1591 605 1728 676 ipsis
1774 618 1797 646 ο
1843 606 2129 661 liiantium

438 696 696 752 faucibus
726 695 886 750 traxi.
931 695 1010 749 Ne
1036 695 1311 749 Albinum
1340 695 1699 749 consularem
1724 694 1912 749 virum
1944 699 1969 741 (ἰ
1988 713 2133 767 prai-

429 787 699 858 judicataa
763 783 1142 840 accusationis
1199 800 1370 855 paena
1436 784 1772 856 corriperet,
1830 785 1977 840 odiis
2038 802 2130 841 me

439 874 708 948 Cypriani
755 873 1023 931 delatoris
1065 874 1327 946 opposui.
1376 873 1603 930 Satisne
1654 874 1717 930 in
1764 890 1855 930 me
1890 891 2131 946 magnas

1773 296 1888 349 AN.
1932 294 2145 351 MANL.

3780 306 3857 355 6'2“

2190 296 2339 352 SEV.
2382 296 2610 352 BOETII

2174 427 2219 480 Α
2246 428 2445 483 videor
2477 428 2552 497 (ὅ)
2588 431 2612 459 ⁸
2659 425 3017 480 exacerbasso
3064 425 3407 480 discordias?
3455 427 3557 480 Sed
3602 444 3707 483 esse
3742 435 3857 501 apud

2243 522 2477 571 caeteros
2503 516 2521 550 ί
2542 515 2723 570 tutior
2752 514 2941 582 debui,
2979 515 3079 586 qui
3111 514 3255 569 mihi
3285 530 3471 568 amore
3514 515 3723 585 justitiie
3750 521 3861 575 nihil

2243 607 2395 677 apud
2428 606 2661 673 aulicos,
2708 607 2870 675 quosi
2914 604 3101 674 magis
3151 620 3329 658 essem
3378 603 3568 669 tutior,
3616 612 3861 664 reservavi.

2242 702 2344 751 49
2374 697 2396 730 ³
2417 695 2632 759 Quibus
2679 700 2871 748 autem
2921 692 3310 748 deferentibus
3340 720 3367 758 g
3404 694 3637 764 perculsi
3669 702 3864 753 sumus?

2241 782 2538 856 hquorum
2569 790 2589 822 ι
2615 783 2877 851 Basilius,
2918 783 3057 837 olim
3090 783 3251 852 regio
3284 782 3588 837 ministerio
3622 784 3861 854 depulsus.

2240 873 2301 928 in
2332 874 2681 929 delationem
2722 872 2902 928 nostri
2939 871 3214 939 nominis,
3250 871 3265 906 ί
3296 872 3467 927 alieni
3499 872 3620 927 aeris
3662 877 3863 931 necessi-

1896 963 2483 1022 INTERPRETATIO.

510 1064 535 1091 ι
567 1056 677 1122 Qui
697 1054 839 1110 alias
868 1054 1052 1109 consul
1078 1053 1209 1120 fuit.

514 1130 541 1171 ι)
568 1127 758 1182 Aulici
796 1126 1021 1181 canibus
1052 1124 1498 1194 impudentiores.

510 1226 534 1253 c
571 1201 824 1254 Virorum
852 1197 1109 1268 cupidius
1134 1198 1468 1267 optantium.

512 1273 538 1314 ἆ
563 1270 751 1325 Falsa.

510 1349 533 1379 °
561 1342 882 1398 Emacuisse.

2317 1052 2337 1088 ί
2355 1054 2462 1109 Eos
2483 1052 2801 1122 praesertim
2831 1050 3040 1124 quibus
3064 1065 3238 1123 opem
3274 1050 3535 1106 tuleram.

2315 1150 2342 1191 ες
2370 1125 2783 1180 Εωευιαυίηιυε.

2310 1209 2338 1251 h
2358 1196 2503 1250 Viris
2533 1195 2747 1250 scilicet
2770 1194 3005 1266 iniquis,
3039 1195 3184 1249 inter
3216 1208 3370 1263 quos.

2309 1284 2323 1322 ι
2355 1268 2532 1336 Vulgo
2564 1266 2791 1322 accablé
2821 1267 2891 1322 de
2918 1266 3119 1321 dettes.

2068 1425 2297 1485 NOTIE.

437 1522 662 1573 tramur
693 1518 801 1572 hac
828 1517 1154 1586 coemptione
1187 1516 1497 1586 utrumque
1537 1512 1869 1584 signiﬁcari,
1903 1517 1961 1569 et
2000 1531 2129 1585 pro-

436 1589 709 1644 vinciales
737 1586 1040 1658 praedictas
1067 1586 1281 1657 species
1310 1587 1447 1641 ﬁsco
1474 1588 1721 1641 vendere
1752 1586 1965 1641 minori
1993 1603 2131 1657 pre-

444 1662 541 1728 tio,
575 1664 631 1715 et
659 1660 729 1714 ab
753 1660 878 1730 ipso
896 1659 1125 1713 easdem
1151 1658 1358 1729 majori
1385 1658 1567 1728 pretio
1592 1673 1783 1712 emere
1810 1659 2125 1729 cogendos:

437 1732 573 1788 hinc
620 1731 848 1785 Boetius
902 1730 1161 1785 adversus
1204 1732 1520 1799 praefectum
1557 1732 1811 1798 pratorii
1859 1735 2127 1785 certamen

436 1806 692 1872 suscepit,
725 1817 849 1870 rege
891 1801 1238 1856 Theoderico
1269 1807 1609 1867 cognoscente
1651 1802 1943 1867 contendit,
1983 1806 2033 1855 et
2061 1817 2127 1857 ne

437 1871 696 1943 coemptio
729 1876 1055 1939 exigeretur,
1086 1876 1265 1939 evicit,
1302 1872 1407 1926 Sed
1448 1871 1585 1943 quid
1623 1872 1956 1942 Campania?
1986 1873 2127 1942 quid

432 1948 725 2016 praefectus
776 1946 1064 2015 praetorii?
1106 1943 1417 2016 Campania
1457 1942 1639 2016 regio,
1672 1944 1848 1997 Italiae
1897 1944 2125 1998 fertilis-

440 2014 587 2070 sima
619 2033 631 2071 :
660 2014 807 2071 hanc
838 2020 966 2086 post
994 2015 1245 2069 Plinium
1287 2014 1557 2069 describit
1586 2014 1784 2069 Florus
1815 2017 1852 2068 l.
1888 2032 1925 2082 ι,
1950 2031 1993 2069 c.
2024 2018 2123 2070 16:

437 2088 710 2153 Omnium,
742 2087 950 2157 inquit,
991 2102 1098 2141 non
1124 2086 1281 2141 modo
1320 2087 1513 2152 Italia,
1546 2086 1641 2140 sed
1676 2091 1783 2140 toto
1806 2086 1929 2141 orbe
1949 2092 2127 2142 terra-

434 2175 576 2226 rum,
615 2160 986 2229 pulcherrima
1024 2159 1337 2227 Campania
1374 2158 1542 2227 plaga
1590 2162 1685 2212 est.
1714 2158 1870 2212 Nihil
1910 2160 2128 2213 mollius

436 2232 601 2285 cmlo:
639 2231 872 2299 denique
898 2231 980 2283 bis
1018 2231 1240 2298 floribus
1273 2234 1483 2283 vernat.
1525 2230 1681 2284 Nihil
1712 2230 1932 2283 uberius
1971 2231 2080 2285 solo
2113 2244 2125 2284 :

435 2303 556 2356 ideo
595 2303 780 2357 Liberi
815 2304 1125 2369 Cererisque
1158 2305 1426 2354 certamen
1454 2301 1678 2355 dicitur.
1709 2303 1864 2356 Nihil
1884 2303 2126 2369 hOSpita-

439 2375 547 2427 lius
582 2376 725 2428 mari
758 2373 885 2428 :hic
927 2373 1014 2427 illi
1050 2373 1253 2427 nobiles
1293 2377 1503 2440 portus,
1551 2374 1754 2434 Caieta,
1801 2375 2039 2427 Misenus
2080 2376 2130 2426 et

438 2449 671 2514 tepentes
710 2445 953 2511 fontibus
975 2446 1122 2498 Baiae
1148 2460 1166 2496 :
1189 2445 1481 2506 Lucrinus,
1504 2448 1554 2495 et
1588 2444 1858 2514 Avernus,
1882 2444 2129 2510 quaedam

432 2512 604 2571 maris
624 2518 756 2570 otia.
783 2518 883 2570 Hic
907 2517 1096 2569 amicti
1122 2514 1325 2568 vitibus
1358 2517 1558 2567 montes
1580 2512 1814 2581 Gaurus,
1839 2515 2126 2580 Falernus,

436 2590 725 2655 Massicus,
741 2592 791 2640 et
806 2588 1208 2654 pulcherrimus
1224 2586 1459 2639 omnium
1482 2586 1746 2639 Vesuvius
1768 2588 1964 2639 Etnaii
1986 2588 2128 2651 ignis

432 2661 699 2713 imitator.
768 2660 935 2711 Urbes
995 2657 1068 2709 ad
1117 2672 1289 2721 mare,
1338 2658 1586 2719 Formiar,
1645 2657 1841 2721 Cumz,
1904 2659 2126 2722 Puteoli,

437 2732 712 2799 Neapolis,
746 2730 1164 2795 Herculaneum,
1198 2729 1466 2796 Pompeii,
1502 2731 1550 2781 et
1572 2729 1695 2796 ipsa
1724 2731 1888 2795 caput
1915 2729 2131 2780 urbium

435 2804 643 2871 Capua,
678 2800 951 2871 quondam
971 2802 1114 2853 inter
1143 2804 1251 2871 tres
1280 2801 1573 2866 maximas,
1604 2801 1823 2853 Romam
1845 2800 2131 2871 Carthagi-

431 2869 658 2942 nemque
686 2869 1003 2927 numerata.
1054 2869 1361 2924 Praefectus
1410 2876 1601 2923 autem
1650 2870 1902 2940 praetorii
1946 2876 2007 2922 ut
2051 2870 2130 2923 ait

436 2945 705 3010 Rosinus,
740 2944 965 3009 dicitur,
991 2944 1087 3011 qui
1118 2942 1387 2995 militibus
1416 2944 1487 2994 iis
1511 2946 1768 3010 praeerat,
1800 2956 1930 3009 quos
1958 2946 2126 3009 impe-

433 3022 644 3082 ratores
683 3018 743 3069 in
789 3017 878 3070 sui
930 3013 1228 3068 custodiam
1277 3013 1599 3079 allegerant.
1652 3012 1931 3066 Nimirum
1978 3012 2128 3082 apud

433 3078 741 3151 Rom‘auos,
776 3086 1007 3157 regibus
1049 3084 1275 3157 exactis,
1319 3078 1634 3157 iidemqui
1674 3083 1825 3154 quod
1857 3078 2125 3157 consule-

433 3164 566 3213 rent
611 3155 891 3222 senatum,
959 3156 1246 3224 consules;
1308 3155 1462 3224 quod
1502 3155 1831 3222 judicarent
1881 3156 2122 3224 judices,

435 3234 571 3282 sunt
620 3229 936 3299 appellati;
995 3231 1268 3299 praftores
1300 3242 1530 3295 quoque
1586 3230 1718 3299 sunt
1767 3226 2126 3299 dicti,gquod

433 3297 946 3369 populo'praeirent
982 3314 995 3351 :
1017 3298 1118 3351 sed
1146 3302 1445 3369 crescente
1466 3297 1666 3366 populi
1685 3297 1928 3353 Romani
1946 3297 2126 3369 impe-

434 3368 543 3435 rio,
577 3370 944 3439 magistratus
976 3369 1055 3422 ita
1085 3368 1453 3438 multiplicati
1484 3372 1636 3433 sunt,
1671 3373 1733 3420 ut
1764 3368 1863 3438 qui
1887 3369 1945 3421 in
1983 3368 2125 3421 urbe

435 3446 767 3510 praeessent,
815 3440 1095 3501 consules,
1143 3439 1245 3509 qui
1282 3455 1415 3493 vero
1454 3439 1514 3492 in
1551 3439 1825 3504 exercitu,
1850 3443 2127 3509 praetores

434 3511 760 3566 dicerentur
788 3527 801 3564 :
833 3528 864 3565 a
882 3517 1115 3580 praetore
1136 3514 1324 3564 autem
1368 3514 1450 3563 est
1478 3513 1811 3579 praetorium.

504 3612 522 3645 ¹
559 3610 848 3664 Paulinum
888 3605 1265 3676 consularem]
1302 3606 1575 3671 Quintum
1637 3606 1821 3661 Boetii
1852 3606 2123 3661 meritum

435 3681 703 3735 omnibus
735 3680 1023 3750 praedictis
1054 3684 1213 3733 tanto
1250 3678 1692 3750 prteferendum,
1726 3682 1940 3748 quanto
1972 3679 2123 3748 apud

432 3748 895 3807 Romanos—socii
919 3750 1272 3820 prmstabant
1303 3748 1785 3820 provincialibus:
1819 3765 1938 3802 non
1968 3750 2119 3802 enim

432 3825 527 3879 hic
547 3824 615 3877 de
643 3822 1085 3893 provincialibus
1113 3826 1359 3886 tantum,
1386 3820 1481 3874 sed
1508 3820 1585 3893 de
1616 3821 1801 3887 sociis,
1833 3820 1948 3874 imo
1976 3829 2031 3874 et
2053 3822 2121 3873 de

433 3892 830 3949 consularibus
872 3894 1009 3947 viris
1056 3894 1285 3947 Paulino
1322 3897 1379 3945 et
1420 3892 1640 3958 Albino,
1687 3909 1831 3963 quos
1879 3893 2123 3946 Palatini

432 3982 588 4020 canes
620 3970 676 4019 et
706 3967 1014 4034 Cyprianus
1044 3964 1254 4018 delator
1286 3964 1729 4033 impugnabant,
1765 3964 1908 4017 bene
1941 3964 2115 4016 meri-

431 4041 524 4091 tus
565 4042 650 4090 est
676 4037 924 4091 Boetius.
960 4034 1217 4089 Primum
1250 4034 1482 4105 quidem
1514 4036 1800 4101 Paulinus,
1834 4034 1934 4104 qui
1966 4035 2117 4104 quod

432 4125 499 4161 ex
528 4107 827 4161 Deciorum
852 4105 1069 4161 familia
1087 4106 1277 4171 fuerit,
1310 4110 1538 4160 vocatus
1563 4111 1644 4158 cst
1674 4107 1892 4171 Decius,
1920 4108 2117 4159 consul

428 4180 538 4234 fuit
576 4195 726 4233 anno
757 4178 968 4235 Christi
997 4178 1120 4238 498,
1154 4179 1307 4231 unde
1341 4193 1492 4230 nunc
1538 4178 1837 4246 appclatur
1868 4178 2116 4230 consula-

428 4254 508 4306 ris
535 4267 549 4305 :
580 4249 895 4305 consularis
925 4249 1081 4302 enim
1102 4249 1185 4301 vir
1211 4254 1295 4302 est
1324 4248 1423 4318 qui
1441 4247 1750 4317 aliquando
1770 4248 1962 4301 consul
1986 4248 2112 4313 fuit,

428 4322 580 4393 apud
612 4322 882 4393 Tullium.
915 4319 1152 4393 Deinde
1184 4320 1438 4393 Albinus,
1492 4318 1592 4393 qui
1631 4319 1783 4388 quod
1816 4319 2116 4393 ex_ead_em

430 4390 733 4449 Deciorum
788 4391 1008 4446 familia
1054 4391 1246 4455 fuerit,
1294 4391 1469 4443 etiam
1515 4390 1701 4444 dictus
1750 4394 1833 4443 est
1888 4390 2114 4455 Decius,

428 4466 628 4520 consul
660 4464 768 4518 fuit
797 4480 948 4517 anno
978 4461 1185 4517 Christi
1225 4464 1348 4526 493,
1382 4476 1559 4531 quare
1590 4476 1740 4513 nunc
1770 4476 1997 4530 quoque
2030 4461 2114 4514 di-

429 4538 577 4590 citur
605 4538 692 4589 vir
712 4536 1014 4589 consularis
1044 4550 1062 4587 :
1092 4535 1244 4588 hunc
1277 4532 1540 4586 Albinum
1586 4532 1782 4585 oderat
1810 4533 2118 4600 Cyprianus

427 4608 603 4660 frater
627 4606 927 4676 Opilionis,
961 4606 1031 4659 de
1064 4620 1179 4675 quo
1215 4603 1406 4657 statim
1444 4603 1663 4676 dicetur
1697 4619 1710 4656 ε
1745 4603 2117 4676 quamobrem

425 4677 617 4746 ipsum
647 4674 948 4742 accusavit,
978 4674 1277 4745 dictusque
1300 4679 1607 4745 praptcrea
1626 4674 1865 4728 delator:
1899 4675 2118 4729 deferre

427 4746 642 4817 quippe
674 4746 731 4799 in
775 4747 915 4814 foro,
963 4763 1228 4799 accusare
1269 4751 1372 4799 est.
1418 4748 1492 4799 At
1532 4746 1826 4799 Paulinum
1875 4747 2116 4799 insecta-

427 4818 636 4872 bantur
660 4817 893 4887 quidam
928 4817 1119 4882 aulici,
1153 4817 1252 4888 qui
1282 4832 1434 4870 nunc
1463 4818 2012 4888 vocanturrPalatini
2030 4833 2117 4871 ca-

425 4903 557 4942 nes:
593 4889 837 4943 Palatini
884 4889 1135 4959 quidem,
1171 4887 1341 4959 quod
1392 4888 1671 4958 palatium
1721 4887 1836 4941 sive
1876 4887 2115 4943 domum

425 4959 701 5030 principis
746 4959 1008 5014 habitent
1054 4965 1152 5014 aut
1200 4960 1403 5013 saltem
1445 4959 1814 5030 frequentent
1850 4973 1862 5013 :
1911 4959 2116 5013 domus

424 5035 618 5086 autem
658 5030 929 5102 principis
970 5047 1034 5085 ex
1067 5048 1132 5085 eo
1182 5030 1330 5085 dicta
1374 5030 1482 5084 fuit
1508 5032 1802 5099 palatium,
1845 5030 1999 5099 quod
2043 5032 2115 5086 ab

423 5102 640 5158 Octavii
671 5103 911 5173 Augusti
957 5102 1315 5173 temporibus
1366 5102 1743 5171 imperatores
1775 5116 1971 5154 omnes
2002 5102 2112 5156 Ro-

420 5175 579 5229 mani
612 5174 925 5229 habitarth
954 5174 1012 5228 in
1062 5178 1254 5228 monte
1303 5174 1570 5227 Palatino.
1626 5175 1791 5228 Canes
1832 5188 1966 5225 vero
2008 5188 2115 5226 vo—

420 5252 645 5312 cantur,
697 5246 811 5300 sive
860 5246 997 5316 quia
1037 5244 1289 5315 praefecti
1332 5244 1846 5316 custodiae,ginstar
1882 5260 2109 5310 canum,

418 5320 491 5372 ad
522 5320 670 5373 fores
696 5314 1001 5371 assistunt:
1029 5314 1143 5369 eive
1177 5316 1330 5385 quia,
1361 5315 1598 5368 canibus
1631 5314 2110 5382 impudentiores,

418 5407 517 5443 cos
547 5408 580 5444 a
610 5390 828 5459 quibus
856 5388 975 5443 laesi
996 5403 1113 5440 non
1135 5392 1290 5455 sunt,
1313 5386 1599 5451 mordent,
1622 5402 1940 5459 eorumque
1963 5400 2109 5454 opes,

420 5462 467 5513 si
515 5457 644 5515 non
673 5461 880 5531 reipsa,
932 5460 1133 5512 saltem
1172 5473 1267 5526 spe
1314 5462 1476 5531 atque
1522 5458 1812 5531 ambitione
1850 5457 2114 5531 devorant

419 5532 648 5586 hiantes.
692 5528 989 5586 Postremo
1027 5536 1337 5599 utrumque
1367 5528 1519 5582 hunc
1545 5529 1905 5582 consularem
1923 5530 2111 5583 virum

460 5603 651 5655 Belius
680 5619 713 5656 a
739 5603 909 5656 tantis
940 5601 1209 5672 periculis
1238 5599 1516 5666 liberavit,
1540 5599 1603 5653 in
1630 5615 1753 5669 quo,
1787 5600 2109 5672 praesertim

416 5677 706 5745 prmcepta
757 5670 1160 5745 philosophica
1212 5674 1506 5745 exsecutus
1537 5674 1624 5745 e_s_t
1682 5670 2109 5745 :_quamobrem

413 5741 624 5802 merito
658 5741 813 5803 nunc
841 5761 972 5804 suas
990 5741 1313 5818 exaggerat
1358 5741 1673 5801 discordias
1703 5741 1810 5800 hac
1861 5742 2108 5801 interro-

2167 1697 2207 1751 Β
2243 1731 2503 1786 Latinum
2535 1697 2650 1784 ngn
2682 1733 2765 1783 est

2243 1515 2475 1587 gatione
2526 1516 2772 1571 :Satisne
2796 1516 2853 1587 in
2883 1529 2965 1568 me
2992 1527 3220 1587 magnas
3248 1509 3435 1587 videor
3458 1512 3770 1587 exacerbasse
3786 1514 3867 1568 dis

2243 1584 2501 1643 cordias?
2528 1588 2628 1643 ubi
2658 1603 2776 1641 non
2820 1585 3148 1655 legendum,
3200 1587 3266 1655 ut
3301 1584 3495 1655 plures
3523 1584 3719 1653 legunt,
3762 1601 3864 1639 ara-

2240 1675 2481 1714 cervasse
2517 1676 2530 1714 :
2577 1654 3048 1729 quandoquidem
3096 1654 3338 1729 verbum
3379 1654 3482 1729 hoc
3521 1655 3679 1726 (quod
3706 1656 3861 1729 sciam)

2813 1746 2825 1782 :
2860 1728 2955 1782 sed
2984 1727 3180 1799 potius
3225 1727 3692 1799 emacerbasse,_ut_
3714 1728 3865 1797 legunt

2241 1802 2583 1868 Valdericus,
2632 1797 3005 1865 Bernartius{
3034 1798 3378 1863 Sitzmanus,
3422 1797 3518 1868 qui
3555 1797 3648 1864 ait,
3682 1797 3734 1850 in
3771 1814 3863 1852 ma-

2238 1874 2545 1943 nuscriptis
2578 1871 2947 1926 Rittershusii
2980 1870 3095 1940 legi
3135 1872 3416 1924 execuisse
3449 1885 3461 1922 :
3493 1869 3638 1939 quod
3676 1870 3862 1923 verbum

2236 1944 2386 2000 idem
2419 1950 2503 1998 est
2532 1944 2684 2015 quod
2715 1943 3082 2015 exacerbasse.

2310 2018 2331 2051 ²
2376 2012 2565 2083 Magis
2595 2030 2757 2069 essem
2808 2013 3017 2081 tutior.]
3067 2012 3461 2079 Pleonasmus,
3505 2026 3612 2082 quo
3649 2026 3765 2065 usus
3804 2017 3863 2065 est

2237 2088 2472 2142 Plautus
2502 2102 2632 2141 cum
2670 2085 2811 2140 dixit
2844 2101 2856 2139 :
2886 2086 3064 2151 Magis
3102 2083 3337 2152 majores
3378 2097 3549 2149 nugas
3590 2098 3727 2148 agere
3755 2098 3764 2135 :
3791 2083 3860 2135 hoc

2237 2162 2413 2227 magis
2448 2163 2525 2212 est
2566 2159 2809 2224 dulcius;
2856 2156 3113 2209 Valerius
3148 2155 3431 2227 Maximus
3467 2156 3670 2227 :Magis
3693 2154 3858 2227 invidia

2239 2225 2401 2300 quam
2444 2232 2686 2300 "pecunia
2722 2230 3063 2297 locupletior;
3099 2225 3332 2300 Cicero:
3358 2242 3414 2279 se
3455 2226 3521 2278 ab
3558 2225 3772 2300 omnibus
3791 2225 3862 2277 de-

2238 2297 2404 2357 sertos
2454 2297 2641 2370 potius
2693 2316 2855 2369 quam
2898 2300 3091 2370 abste
3136 2299 3385 2364 defensos
3433 2312 3539 2351 esse
3579 2297 3797 2350 malunt:
3826 2299 3863 2347 et

2239 2380 2436 2428 auctor
2456 2369 2652 2426 culicis
2685 2370 2833 2442 apud
2867 2369 3192 2439 Virgilium,

2363 2462 2493 2519 Quis
2520 2461 2686 2523 magis
2718 2462 2897 2523 optato
2935 2462 3098 2521 queat
3126 2471 3239 2506 esse
3260 2457 3466 2506 beatior
3488 2470 3611 2505 aevo.

2314 2542 2428 2596 l\'isi
2484 2546 2675 2595 tamen
2706 2544 2882 2606 magis
2927 2543 3287 2592 construatur
3335 2554 3465 2592 cum
3517 2542 3685 2605 optato
3716 2536 3862 2604 potius

2240 2631 2412 2685 quam
2453 2630 2583 2667 cum
2626 2614 2849 2665 beatior.
2884 2613 2963 2665 Ex
3007 2610 3095 2663 his
3144 2608 3417 2685 omnibus
3453 2612 3659 2685 constat
3696 2611 3861 2685 quanta

2238 2677 2538 2753 diligentia
2582 2685 2811 2742 Boetius
2858 2686 3155 2737 exsecutus
3203 2681 3382 2734 fuerit
3416 2683 3685 2750 przecepta
3720 2677 3859 2745 philo-

2238 2758 2490 2827 SOphica.

2309 2819 2558 2894 2“Quibus
2605 2831 2783 2880 autem
2842 2822 3259 2892 deferentibus]
3297 2822 3360 2875 V.
3416 2821 3631 2894 Boetius
3676 2819 3861 2894 injustas

2239 2890 2413 2953 refert
2459 2900 2545 2951 sui
2567 2898 2751 2952 exsilii
2782 2890 2994 2950 causas.
3027 2894 3219 2948 Exsilii
3246 2890 3496 2964 quidem
3542 2893 3622 2946 sui
3651 2890 3857 2964 meminit

2239 2971 2328 3025 his
2372 2970 2575 3037 verbis,
2628 2970 2863 3039 perculsi
2921 2981 3105 3021 sumus
3155 2961 3340 3036 neque
3385 2966 3535 3018 enim
3589 2961 3858 3039 legendum,

2168 3052 2208 3106 C
2238 3046 2301 3096 ut
2344 3031 2578 3112 quidam
2610 3031 2952 3094 recentiores
2982 3040 3203 3112 legunt,
3248 3031 3496 3112 percussi
3516 3053 3553 3112 ;__
3579 3031 3842 3112 sed-potius

2236 3119 2300 3167 ut
2353 3106 2590 3179 veteres,
2642 3113 2916 3180 perculsi:
2957 3106 3062 3162 sici
3094 3114 3286 3161 autem
3334 3106 3623 3161 Cornelius
3664 3106 3856 3180 Tacitus,

2233 3186 2440 3239 Annal.
2484 3185 2520 3237 l.
2556 3174 2663 3246 xiv,
2718 3200 2774 3236 n.
2811 3186 2873 3235 57
2906 3198 2918 3234 :
2952 3182 3199 3235 Perculso
3227 3181 3447 3245 Seneca,
3477 3180 3754 3244 promptum
3777 3174 3859 3251 [uit

2234 3258 2441 3323 Rufum
2468 3257 2691 3309 Fenium
2728 3256 3068 3307 imminuere.
3110 3253 3181 3304 At
3210 3250 3454 3323 injustas
3482 3251 3736 3303 memorat
3753 3250 3858 3313 ejus—

2234 3328 2364 3380 dem
2403 3327 2582 3379 exsilii
2628 3341 2856 3389 causas;
2896 3324 3149 3395 primum
3182 3322 3416 3391 quidem
3450 3324 3695 3395 exparte
3733 3329 3856 3395 accu-

2234 3398 2501 3464 santium,
2538 3414 2680 3467 quos
2701 3412 2854 3449 nunc
2898 3401 3066 3467 vocat
3105 3394 3407 3458 (le/creatos
3439 3408 3452 3445 :
3497 3392 3668 3467 defero
3697 3392 3856 3467 quippe

2233 3470 2291 3522 in
2324 3469 2447 3522 foro
2470 3461 2619 3522 idem
2648 3473 2731 3523 est
2760 3466 2911 3538 quod
2940 3480 3148 3530 accuso,
3176 3467 3428 3538 incausa
3449 3462 3681 3538 capitali,
3710 3461 3857 3538 judice

2231 3539 2415 3594 Tullio
2452 3556 2464 3594 :
2499 3540 2707 3593 deinde
2738 3528 2801 3592 ex
2834 3543 2993 3605 parte
3025 3528 3300 3597 criminis,
3335 3528 3611 3607 quodaut
3638 3547 3737 3585 non
3763 3528 3860 3607 alter

2232 3617 2419 3681 gatur,
2480 3617 2576 3664 aut
2640 3602 2950 3677 allegatum
2998 3602 3649 3677 nullatenus'probatur
3692 3619 3702 3655 :
3752 3602 3861 3652 sicut

2231 3682 2497 3750 deinceps
2528 3681 2883 3750 probabitur.
3307 3748 3313 3750 Α
3373 3748 3380 3750 Α
3551 3746 3563 3750 _
3608 3746 3618 3750 _
3662 3748 3666 3750 Α
3799 3740 3806 3749 .

2302 3757 2323 3788 ⁴
2372 3746 2608 3818 Quorum
2658 3751 2940 3819 Basilius]
2996 3750 3251 3804 Primum
3301 3748 3483 3819 igitur
3536 3746 3859 3819 delator__sive

2230 3813 2526 3877 accusator
2572 3825 2629 3876 in
2665 3840 2832 3876 causa
2862 3813 3109 3891 capitali,
3156 3813 3356 3890 ipsius"
3372 3817 3649 3873 Ciceronis
3673 3813 3856 3891 judit‘io.

2232 3911 2399 3949 verus
2438 3912 2558 3949 esse
2603 3895 2806 3949 debet:
2850 3884 3227 3966 quamobrem
3261 3892 3307 3944 si
3352 3891 3544 3959 aliquo
3583 3884 3857 3966 prajjudici‘o

2228 3972 2387 4020 actus
2415 3967 2692 4033 videatur,
2728 3954 2963 4019 omnino
2984 3962 3304 4033 audiendus
3335 3954 3464 4015 non
3487 3954 3609 4014 est':
3638 3954 3879 4033 hin_c'lul-

2228 4038 2337 4091 lius
2381 4054 2484 4107 pro
2538 4028 2705 4101 Murf,
2758 4038 2907 4101 Nolo,
2956 4030 3179 4107 inquit,
3219 4039 3503 4088 accusator
3551 4034 3603 4084 in
3637 4028 3855 4098 judicium

2221 4106 2524 4178 potentiam
2550 4110 2766 4177 afferat,
2796 4124 2902 4162 non
2924 4110 3035 4161 vim
3067 4106 3328 4173 majorem
3362 4107 3624 4171 aliquam,
3644 4114 3734 4153 non
3759 4110 3855 4176 ιιριιξ-

2225 4185 2500 4235 toritatem
2536 4182 2894 4245 ewcellmitem,
2943 4194 3049 4232 non
3076 4179 3304 4231 nimiam
3331 4178 3568 4243 gratiam
3599 4189 3611 4225 ε
3644 4185 3753 4224 cum
3780 4182 3858 4245 1ng

2225 4256 2319 4305 tur
2350 4251 2630 4321 judicium
2662 4267 2728 4304 ex
2776 4240 2901 4323 ipsa
2941 4240 3374 4323 perturbatione
3406 4252 3535 4323 ante
3566 4248 3767 4323 captum
3805 4240 3855 4323 sit

2226 4319 2628 4393 praejudicium
2655 4319 2878 4375 veritati
2898 4321 3143 4393 maxime
3171 4319 3547 4393 contrarium,
3565 4319 3852 4393 quicumque

2156 4427 2199 4479 D
2228 4380 2364 4479 inion'
2382 4394 2487 4475 nisi
2538 4394 2785 4465 quadam
2817 4391 3246 4479 perturbatione
3301 4395 3463 4479 fctus
3503 4380 3757 4479 rid—cpitur

2228 4464 2376 4519 ferre
2407 4465 2522 4519 sive
2553 4458 2845 4530 accusare,
2880 4463 2996 4532 ille,
3041 4467 3106 4517 ut
3134 4468 3269 4532 pote
3298 4462 3476 4515 falsus
3503 4458 3704 4513 delator
3728 4465 3847 4505 accu-

2229 4542 2466 4602 satorve,
2488 4537 2567 4590 ita
2589 4536 2748 4606 rejici
2782 4535 2969 4601 debet,
3005 4538 3066 4588 ut
3098 4550 3225 4605 qua:
3261 4532 3395 4606 inde
3427 4532 3741 4606 sequeretur
3759 4536 3854 4606 ΡΨῙ

2226 4624 2319 4674 na,
2349 4598 2468 4661 haec
2500 4598 2699 4677 iniqua
2718 4598 2983 4661 habenda
3011 4598 3177 4659 esset.
3208 4603 3383 4677 Atqui
3423 4598 3692 4658 delatores
3713 4598 3851 4649 Boetu

2226 4679 2305 4732 ita
2339 4696 2396 4733 se
2428 4675 2755 4732 habuerunt
2786 4695 2797 4732 :
2847 4678 2912 4730 lli
2951 4677 3107 4730 enim
3136 4681 3249 4729 tres
3280 4675 3556 4728 duntaxat
3594 4677 3852 4724 numeran-

2226 4755 2340 4815 tur,
2366 4751 2638 4803 nimirum
2669 4751 2924 4815 Basilius,
2955 4749 3153 4817 Opilio,
3187 4752 3241 4800 et
3272 4746 3624 4817 Gaudentius,
3653 4747 3852 4817 quorum

2223 4810 2462 4875 Basilius
2504 4821 2678 4874 alieni
2707 4821 2838 4874 {pris
2881 4810 3214 4873 necessitate
3240 4833 3252 4871 :
3288 4818 3465 4885 Opilio
3487 4822 3542 4869 et
3571 4810 3852 4867 Gaudentius

2223 4893 2536 4953 fraudibus,
2570 4894 2644 4945 ob
2683 4908 2824 4962 quas
2853 4894 2910 4944 in
2938 4892 3193 4944 cnsilium
3225 4893 3303 4962 ire
3320 4889 3470 4962 jussi
3502 4895 3755 4962 sacrarum
3771 4888 3852 4930 sese

2221 4964 2417 5017 aeditui:
2450 4957 2757 5027 defensione
2779 4964 3107 5026 tuebantur,
3134 4961 3391 5016 Boetium
3415 4957 3741 5012 detulerunt.

2295 5015 2531 5087 Bosilius
2564 5034 2715 5104 apud
2761 5015 3162 5088 Cassiodoru'm
3213 5032 3384 5084 modo
3420 5015 3852 5104 laudatummoqo

2222 5098 2617 5175 vituperaturf
2658 5105 2947 5160 Laudatur
2992 5104 3226 5174 quidem
3260 5104 3291 5157 l.
3334 5119 3369 5155 ιι
3420 5098 3626 5175 Variar.
3670 5099 3719 5147 et
3755 5103 3850 5175 (ἔρις

2221 5162 2361 5229 stolai
2388 5176 2628 5241 decima,
2660 5176 2854 5246 inqua
2886 5176 2954 5228 de
2977 5162 3100 5244 ejus
3136 5190 3306 5227 uxore
3330 5172 3586 5246 Agapita,
3619 5181 3732 5246 quia

2221 5246 2314 5315 iur
2360 5238 2669 5315 spectabilis
2698 5238 2927 5313 femina,
2964 5238 3171 5314 agitur,
3224 5251 3280 5297 et
3325 5238 3563 5315 epistola
3587 5238 3851 5315 undecimi,

2221 5314 2280 5370 in
2304 5302 2415 5387 qua
2447 5318 2655 5387 legitur
2688 5302 2708 5370 ε’
2736 5302 2974 5372 Basilius
2998 5302 3094 5370 ἷθίν
3138 5302 3451 5385 spectabilis
3480 5312 3631 5387 datis,
3652 5302 3853 5387 precibus

2218 5377 2558 5442 inti'mavit'it
2571 5393 2818 5457 gapitam
2845 5389 3127 5458 conjugem
3156 5377 3313 5441 suam
3344 5386 3407 5439 de
3426 5384 3659 5458 propriis
3677 5377 3853 5458 Ρίήαίξξ

2219 5458 2312 5513 bvs
2356 5478 2390 5513 (ι
2430 5441 2961 5526 νᾳιιέὸῦείιαηιξγύέιὶὅ
3000 5441 3438 5517 sollicitationis;
3465 5441 3851 5528 abducturum?

2218 5538 2355 5585 certe
2396 5514 2460 5585 in.
2485 5533 2569 5586 his
2612 5514 2828 5585 versata
2879 5532 3040 5586 rebus
3068 5531 3297 5599 ﬁrmum
3347 5514 3562 5599 docetur
3595 5514 3852 5599 perdidiflff‘

2218 5583 2700 5669 consiliariubuid
2730 5583 3086 5668 mimi/acere,
3104 5583 3291 5672 potuit
3311 5598 3563 5672 probum,
3594 5583 3849 5672 gumiallff

2216 5675 2390 5743 culpis
2416 5665 2757 5730 erstantibus
2794 5665 3019 5744 reliquit
3046 5665 3351 5744 maritumi?
3376 5668 3723 5744 Vitupefatpl‘
3748 5665 3851 5744 V9}?

2216 5724 2437 5802 Vitilier
2444 5724 2506 5805 "1:
2518 5724 2607 5817 ἰ’ὗζ
2616 5724 2758 5804 ’ᾖιῶ
2785 5724 3372 5821 έρἰὲῑῖέὲὲξῖὦῖἶρέθ
3396 5724 3759 5799 Τὴόοὸθτὶωδ
3790 5724 3853 5782 di-
