3972 6172
185 273 273 326 621
1201 273 1290 324 DE
1332 272 1862 330 CONSOLATIONE
1903 273 2398 330 PHILOSOPHIIE
2444 274 2570 328 LIB.
2616 275 2655 327 Ι.

3551 279 3654 334 622

183 407 289 458 tate
336 400 661 471 compulsus
711 403 812 456 est.
879 401 894 434 ¹
951 401 1276 473 Opilionem
1336 420 1490 472 vero,
1537 409 1708 477 atque
1755 412 1858 460 50
1893 415 1940 466 Α
1969 406 2342 476 pellerentur.
2394 405 2540 470 Quid
2586 405 2719 460 huic
2747 407 3036 462 severitati
3066 424 3230 479 posse
3275 410 3456 465 astrui
3496 409 3649 467 vide-

182 491 202 525 ²
215 490 606 556 Gaudentium,
632 506 762 545 cum
780 491 851 544 ob
873 491 1204 545 innumeras
1222 493 1680 566 multiplicesque
1703 496 1852 549 frau-

180 583 267 636 des
295 581 377 634 ire
409 582 468 634 in
499 579 756 634 exsilium
788 589 812 614 ³
842 581 1003 649 regia
1034 598 1272 634 censura
1303 583 1658 651 decrevisset,
1692 601 1856 638 cum-

179 687 278 741 que
315 670 410 722 ille
461 685 660 738 parere
705 669 988 731 nolentes,
1039 675 1059 706 ³
1099 673 1124 712 b
1164 687 1453 725 sacrarum
1495 690 1616 726 sese
1647 674 1858 727 :edium

178 758 494 812 defensione
539 764 856 825 tuerentur,
907 765 1382 832 compertumque
1414 767 1434 797 ‘
1462 762 1517 816 id
1553 762 1676 833 regi
1705 772 1725 795 °
1767 762 1854 816 fo-

178 853 273 912 ret,
311 847 337 888 d
367 847 542 900 edixit
574 852 639 900 ut
680 847 740 900 ni
779 847 930 902 intra
961 849 1360 919 praiscriptum
1393 850 1546 905 diem
1578 854 1598 886 ³
1628 853 1856 907 Raven-

179 953 243 990 na
271 935 405 989 urbe
437 935 780 990 decederent
809 936 908 1006 (ὅ),
951 940 971 972 ⁸
1022 947 1042 973 ο
1083 943 1247 993 notas
1278 938 1537 1011 insigniti
1566 939 1855 995 frontibus

1961 494 2095 548 tur?
2131 496 2304 566 Atqui
2345 495 2547 549 eodem
2588 495 2678 548 die
2719 494 3105 550 deferentibus
3135 496 3372 569 eisdem,
3401 499 3655 554 nominis

1964 584 2148 640 nostri
2198 584 2407 638 delatio
2452 590 2713 655 suscepta
2761 589 2862 638 est.
2918 585 3065 648 Quid
3110 585 3323 656 igitur?
3368 593 3654 644 nostrane

1966 679 2114 728 artes
2145 673 2222 727 ita
2252 674 2625 726 meruerunt?
2657 689 2730 726 an
2765 673 2890 726 illos
2921 679 3280 730 accusatores
3303 676 3492 747 justos
3519 678 3656 733 fecit

1964 763 2261 832 praemissa
2289 763 2619 816 damnatio?
2652 763 2812 817 Itane
2844 763 2985 817 nihil
3026 764 3315 819 fortunam
3346 767 3575 836 puduit,
3609 768 3656 822 si

1963 852 2156 906 minus
2203 857 2477 906 accusata:
2508 851 2873 921 innocentiie,
2921 857 2980 907 at
3010 855 3399 909 accusantium
3429 855 3448 890 ¹
3479 856 3656 911 vilita-

1962 940 2074 994 tis?
2122 947 2216 994 51
2271 943 2290 975 ⁷
2340 943 2410 996 At
2451 940 2614 1012 cujus
2663 939 2920 995 criminis
2960 949 2985 984 ε
3031 941 3331 1012 arguimur
3369 958 3654 999 summam

1608 1029 2198 1087 INTERPRETATIO.

237 1123 260 1149 ³
285 1113 539 1169 Edictum
564 1116 858 1183 principis.

239 1188 260 1228 δ
293 1186 524 1253 Templis
545 1185 690 1239 velut
715 1186 914 1256 asylis.

239 1269 260 1297 ε
284 1256 656 1312 Theodorico.

237 1329 262 1370 ά
283 1327 505 1382 Statuit.

2031 1127 2053 1152 °
2084 1119 2416 1185 Stigmatici.

2033 1188 2054 1225 τ
2081 1191 2358 1256 Infamia.

2030 1270 2055 1304 8
2083 1263 2445 1316 Accusamur.

1790 1418 2023 1477 NOTIE.

179 1505 244 1559 cit
265 1505 522 1559 Basiliam
543 1507 594 1556 et
624 1504 1023 1558 Przterctatum
1046 1506 1185 1558 artis
1206 1503 1444 1560 sinistrae
1468 1506 1586 1574 iam
1610 1506 1708 1561 diu
1731 1522 1856 1563 con-

181 1578 372 1644 tagione
418 1576 680 1649 pollutos,
739 1579 881 1649 tum.
936 1591 1024 1645 ep.
1069 1579 1174 1649 7'23,
1230 1576 1330 1630 ubi
1381 1577 1535 1632 idem
1585 1577 1854 1649 princeps

180 1650 474 1712 Przfectum
527 1646 692 1718 urbis
717 1646 1019 1700 declarasse
1057 1648 1322 1701 Basiliam
1363 1653 1526 1718 atque
1555 1646 1852 1704 Praetexta-

183 1726 277 1772 tum
304 1720 532 1786 magicis
560 1717 772 1770 artibus
802 1719 1066 1772 involutos
1107 1719 1323 1772 scribit.
1366 1717 1442 1772 Sil
1465 1725 1655 1774 autem
1692 1721 1855 1774 Basi-

181 1792 275 1862 lius
296 1789 380 1842 liic
409 1790 570 1843 idem
593 1789 768 1841 fuerit
790 1789 889 1862 qui
909 1805 1061 1842 nunc
1092 1806 1123 1842 a
1151 1789 1345 1844 Boetio
1371 1791 1725 1858 nominatur,
1749 1809 1852 1862 po-

181 1861 274 1913 tuit
302 1865 537 1930 propter
582 1862 775 1925 magia,u
813 1860 1031 1913 crimen
1077 1864 1224 1928 regio
1265 1863 1564 1916 ministerio
1609 1860 1805 1931 depelli
1837 1880 1850 1917 :

181 1931 312 1985 unde
357 1934 524 1984 alieni
555 1933 680 1984 aeris
723 1934 1030 1998 necessitas,
1075 1949 1187 2002 qua
1222 1933 1482 1986 Boetium
1512 1934 1725 2003 injuria
1754 1935 1852 1988 de-

180 2003 308 2055 tulit.

239 2076 254 2110 ί
298 2073 643 2144 Opilionem]
697 2074 822 2127 Fuit
865 2073 1052 2142 Opilio
1102 2078 1286 2144 pater,
1338 2080 1394 2128 et
1439 2074 1625 2142 Opilio
1678 2075 1849 2130 filius.

180 2145 340 2209 Prior,
371 2151 431 2198 ut
460 2146 546 2198 ait
566 2144 924 2209 Sirmondus,
949 2160 1138 2198 comes
1165 2161 1451 2198 sacrarum
1482 2146 1852 2216 largitionum

177 2217 340 2269 fuerat
384 2217 487 2270 sub
545 2217 817 2278 Odoacre,
862 2216 1012 2285 quod
1054 2217 1306 2269 indicare
1339 2217 1562 2270 videtur
1594 2218 1852 2272 Theode-

180 2289 306 2341 ricus
336 2289 482 2356 apud
525 2288 920 2341 Cassiodorum
947 2288 1162 2340 Variar.
1199 2289 1236 2341 l.
1269 2304 1320 2346 v,
1354 2305 1443 2357 ep.
1477 2289 1536 2340 41
1575 2303 1587 2342 :
1627 2291 1852 2343 Gloria-

180 2365 270 2420 tur,
299 2359 498 2428 inquit,
556 2359 870 2428 Cyprianus
918 2361 1079 2412 etiam
1118 2374 1223 2412 non
1262 2364 1502 2413 ertrema
1551 2360 1664 2413 luce
1696 2367 1852 2414 nata-

179 2432 292 2483 lium
331 2447 342 2482 :
381 2446 506 2483 nam
547 2436 706 2497 pater
739 2431 882 2493 huic,
925 2432 1065 2482 sicut
1105 2433 1446 2496 meministis,
1495 2432 1676 2498 Opilio
1714 2434 1846 2499 fuit,

180 2506 248 2554 rir
276 2501 478 2566 quidem
517 2502 749 2568 ubjcclis
774 2501 1102 2568 temporibus
1121 2502 1193 2553 ad
1215 2503 1470 2554 arcubias
1494 2507 1670 2554 tamen
1695 2505 1854 2556 Pala-

179 2576 298 2624 tinas
342 2574 562 2626 electus.
601 2572 704 2635 Qui
741 2574 906 2624 multo
953 2574 1186 2640 amplius
1226 2588 1456 2626 crescere
1490 2577 1688 2640 potuit,
1740 2577 1850 2628 nisi

179 2644 290 2708 fides
318 2645 406 2696 sub
437 2643 769 2696 avidissima
792 2646 1237 2696 remunerationis
1259 2646 1546 2697 sterilitate
1563 2645 1846 2712 jacuisset.

182 2716 434 2768 Posterior
479 2731 644 2776 vero,
690 2713 864 2766 frater
906 2713 1076 2782 hujus
1120 2715 1388 2783 Cypriani
1437 2731 1551 2768 non
1595 2732 1753 2769 secus
1785 2733 1850 2770 ac

184 2793 318 2854 pater
336 2787 629 2856 fraterque
654 2785 722 2837 ad
747 2785 898 2838 idem
923 2800 1210 2838 sacrarum
1235 2786 1600 2854 largitionum
1621 2787 1849 2840 culmen

185 2864 376 2910 evectus
421 2863 532 2923 est;
586 2857 684 2909 sed
732 2861 862 2924 post
909 2861 1155 2908 mortem
1201 2857 1399 2921 Boetii,
1433 2858 1711 2911 nimirum
1744 2858 1848 2912 sub

184 2928 472 2981 Athalarico
515 2944 671 2980 anno
718 2927 922 2980 Christi
957 2929 1077 2980 5'28.
1116 2927 1272 2980 Unde
1309 2928 1460 2981 idem
1492 2929 1848 2982 Athalaricus

186 3000 310 3069 apud
353 2999 774 3063 Cassiodorum,
823 2999 946 3050 Var.
983 2999 1019 3050 l.
1054 3014 1170 3065 vni,
1211 3015 1303 3068 ep.
1350 3002 1432 3066 l6,
1469 3016 1593 3068 qua:
1639 3000 1843 3053 inscri-

185 3069 312 3123 bitur
350 3072 591 3139 Opilioni
621 3070 807 3122 comiti
847 3084 1150 3133 sacrarum,
1184 3070 1262 3122 sic
1304 3071 1560 3140 loquitur
1605 3087 1616 3124 :
1653 3072 1845 3125 Scaure

186 3141 266 3193 (ibi
293 3143 552 3195 credimus
595 3140 740 3205 quod
773 3143 924 3193 toties
967 3145 1056 3192 tuo
1085 3143 1268 3206 generi
1303 3144 1642 3196 com-missum
1672 3145 1845 3208 fuisse

185 3213 463 3277 gaudemus.
499 3215 666 3266 Pater
689 3211 773 3264 his
803 3212 1046 3276 fascibus
1069 3214 1318 3280 praefuit,
1352 3213 1445 3265 sed
1473 3218 1522 3266 et
1548 3217 1726 3279 frater
1754 3229 1842 3268 ca-

186 3283 281 3336 dem
307 3284 642 3354 reSpIenduit
686 3284 936 3354 claritate
979 3299 990 3334 :
1034 3283 1181 3352 quod
1217 3299 1332 3335 non
1365 3283 1550 3337 obstat
1583 3286 1722 3354 quin
1753 3285 1846 3338 hic

186 3355 340 3422 (lpilio
369 3355 535 3422 ﬁlius,
575 3370 610 3406 a
637 3353 1006 3419 Theoderico,
1043 3354 1106 3406 ob
1143 3356 1455 3408 innumeras
1491 3353 1841 3423 multiplices-

187 3442 265 3488 que
299 3427 513 3490 fraudes
567 3426 642 3478 ad
687 3427 939 3478 cnsilium
984 3425 1291 3478 damnatus
1332 3426 1526 3492 fuerit,
1560 3443 1671 3481 una
1715 3442 1844 3481 cum

188 3498 474 3551 Gaudentio.

239 3567 260 3598 ³
299 3566 709 3636 Gaudent-ium]
757 3566 1105 3621 Gaudentius
1148 3567 1324 3620 homo
1373 3567 1462 3620 vix
1513 3572 1687 3622 notus
1733 3569 1846 3622 nisi

186 3638 280 3691 suis
305 3640 620 3700 fraudibus,
667 3654 882 3708 suaque
930 3638 1034 3691 hac
1086 3637 1286 3708 iniqua
1334 3639 1512 3692 Boetii
1555 3640 1840 3694 delatione.

242 3714 258 3743 ³
297 3713 582 3764 Sucrarum
627 3710 825 3781 aed-ium
870 3709 1218 3778 defensione]
1277 3711 1344 3762 Ut
1385 3711 1646 3780 quasdam
1693 3711 1842 3781 Apud

187 3780 406 3852 ethnicos,
456 3783 534 3835 sic
578 3780 774 3834 omnia
820 3781 972 3852 apud
1004 3782 1342 3836 Christianos
1373 3783 1589 3851 templa
1621 3780 1846 3852 semper

187 3849 385 3906 fuerunt
414 3854 605 3922 asyla;
650 3853 774 3904 loca
802 3849 1013 3904 scilicet
1039 3852 1181 3904 adeo
1218 3867 1395 3919 sacra,
1428 3849 1712 3919 ut'nemo,
1746 3849 1848 3920 qui

187 3923 240 3974 ad
266 3941 324 3976 ea
349 3924 718 3994 confugisset,
760 3923 890 3994 inde
938 3922 1005 3975 ad
1047 3922 1390 3992 supplicium
1424 3924 1573 3977 trahi
1608 3929 1798 3994 posset
1831 3940 1842 3976 :

187 3995 373 4066 ςᾼσυὶω
432 3993 647 4066 quippe
711 3993 917 4048 dicitur
980 3994 1168 4066 quasi,
1204 3995 1324 4066 _ubi
1380 3993 1626 4062 spoliare
1665 3998 1842 4060 nefas.

189 4063 465 4145 Nonnulla;
505 4063 770 4145 inquam,
817 4063 1034 4145 templa
1070 4063 1224 4145 apud
1267 4066 1502 4145 ethnicos
1549 4067 1702 4138 asyla
1731 4066 1849 4120 fue-

188 4141 296 4190 runt
325 4155 336 4190 :
371 4139 504 4191 Nam
535 4135 810 4206 Virgilius
839 4135 994 4189 canit
1023 4152 1059 4188 ιι
1086 4135 1236 4200 ZEn.,
1268 4152 1320 4189 v.
1355 4140 1448 4190 761
1495 4154 1507 4190 :

341 4250 399 4300 Et
422 4252 529 4314 jam
561 4250 853 4314 porticibus
881 4249 1084 4314 vacuis,
1111 4251 1351 4314 lunonis
1369 4250 1537 4314 asylo,

341 4312 593 4363 Custodes
625 4313 744 4362 lecti
774 4312 994 4376 Phoenix
1019 4317 1071 4362 et
1095 4313 1259 4362 durus
1297 4312 1508 4376 Ulysses

342 4377 576 4426 Praedam
602 4375 960 4425 asservabant.

245 4472 496 4530 Similiter
524 4474 656 4530 IEn.
685 4491 802 4541 vui,
837 4490 894 4530 ν.
933 4473 1035 4528 342
1070 4489 1084 4528 :

290 4581 411 4631 l-linc
441 4583 623 4632 lucum
655 4583 922 4693 ingentem
954 4595 1110 4646 quem
1145 4580 1402 4630 Romulus
1432 4594 1552 4629 acer
1581 4580 1787 4645 asylum

290 4643 497 4693 Rettulit
524 4649 577 4693 et
605 4645 708 4693 aeli
749 4660 779 4693 θ.
808 4647 1070 4693 monstrat
1097 4644 1196 4693 sub
1223 4658 1353 4693 rune
1388 4643 1662 4693 Lunercal.

290 4643 497 4695 Rettulit
524 4649 577 4695 et
605 4643 779 4707 gelida
808 4643 1070 4694 monstrat
1097 4644 1196 4693 sub
1223 4658 1353 4707 rupe
1388 4643 1662 4706 Lupercal.

246 4741 304 4793 At
346 4742 533 4797 omnia
582 4742 735 4813 apud
779 4743 1118 4799 Christianos
1167 4742 1382 4811 templa
1431 4741 1585 4811 asyla
1624 4756 1850 4812 semper

193 4807 408 4877 fuerunt,
461 4820 523 4868 ut
568 4807 787 4868 constat
834 4830 902 4867 ex
949 4814 1144 4867 codice
1183 4807 1396 4866 Theod.
1449 4807 1595 4879 lfix,
1637 4813 1724 4866 tit.
1747 4807 1846 4879 '47,

195 4880 251 4931 De
284 4881 359 4937 his
389 4888 480 4952 qui
513 4886 587 4939 ad
625 4886 873 4940 ecclesias
905 4886 1248 4952 confugiunt,
1279 4889 1335 4938 et
1363 4884 1600 4938 consilio
1629 4885 1848 4938 Toleta-

195 4965 329 5025 no_i,
366 4971 485 5010 can.
540 4960 622 5009 1'2.
673 4956 813 5010 Hinc
856 4957 1244 5022 Cassiodorus,
1282 4957 1408 5008 Var.
1441 4955 1479 5010 l.
1519 4972 1580 5021 ιι,
1614 4971 1703 5025 ep.
1761 4959 1844 5022 Η,

196 5027 238 5072 et
256 5023 356 5097 lib.
396 5044 469 5093 ιιι,
521 5044 611 5097 ep.
653 5029 742 5095 47,
793 5043 996 5082 eorum
1044 5026 1307 5081 meminit
1339 5026 1436 5097 qui
1483 5023 1682 5080 conscii
1708 5029 1850 5092 facti

196 5095 265 5169 sui
291 5097 424 5150 intra
464 5095 692 5154 ecclesiae
732 5107 888 5169 septa
916 5101 1244 5167 refugientes
1289 5095 1562 5153 declinare
1590 5114 1644 5153 se
1673 5099 1847 5152 credi-

197 5161 363 5239 derunt
399 5161 1027 5239 przscriptam'legibus
1044 5161 1328 5224 'ultionem
1379 5186 1391 5223 :
1437 5185 1552 5222 non
1597 5186 1757 5224 secus
1788 5185 1850 5224 ac

199 5237 353 5312 υνριίίζ
371 5244 526 5312 atque
557 5237 922 5306 Gaudentius,
954 5242 1023 5296 de
1052 5241 1259 5312 quibus
1289 5257 1446 5295 nunc
1476 5241 1684 5310 agitur.

255 5303 276 5336 ‘
333 5309 390 5362 1d
435 5303 794 5384 regii/oret]
871 5303 1220 5368 Theodérico
1287 5312 1410 5383 regi
1469 5303 1643 5366 Italiee
1699 5315 1851 5382 post-

201 5388 347 5453 quain
387 5383 535 5437 enim
578 5383 668 5438 hic
715 5386 1032 5441 Odoacrem
1080 5385 1352 5438 Italorum
1393 5399 1587 5453 regem
1628 5383 1852 5438 vicisset

202 5450 664 5572 :Itlitirggcissetque,
717 5458 896 5512 Italia:
944 5472 1044 5511 rex
1085 5455 1266 5510 factus
1314 5460 1417 5523 est,
1463 5450 1628 5508 'anno
1682 5455 1851 5509 Chri-

205 5527 260 5568 sti
285 5527 392 5575 409.

320 5593 561 5670 Ravenna
605 5598 779 5668 urbe]
824 5597 1260 5670 Ravennaiurbs
1299 5601 1384 5652 est
1413 5596 1585 5670 Italia:
1618 5613 1630 5650 :
1665 5596 1727 5649 in
1743 5612 1854 5670 ora

209 5654 384 5716 littoris
426 5666 706 5740 Adriatici,
758 5654 889 5740 qua:
932 5669 1258 5724 exundante
1299 5668 1443 5723 mari
1483 5684 1599 5740 non
1628 5667 1852 5740 medio-

210 5740 338 5787 crem
358 5737 551 5808 accipit
567 5741 711 5797 omni
727 5737 999 5814 palustris
1017 5745 1261 5814 partem.
1287 5741 1443 5796 Unde
1465 5739 1636 5796 Silius
1652 5737 1691 5799 1.
1711 5755 1810 5796 vni
1831 5753 1850 5797 :

2090 1509 2253 1558 Lenta
2278 1506 2548 1571 paludosae
2573 1505 2925 1570 proscindunt
2952 1510 3139 1570 stagna
3162 1509 3446 1559 Ravennae.

2036 1605 2178 1660 Hinc
2221 1604 2333 1659 orti
2370 1603 2632 1658 feruntur
2677 1604 2872 1674 plures
2903 1604 3151 1658 illustres
3191 1605 3316 1669 viri,
3349 1609 3414 1660 ut
3443 1606 3660 1662 Cassio-

1966 1677 2141 1731 dorus
2187 1680 2442 1742 senator;
2491 1675 2672 1729 sancti
2711 1675 3078 1745 Apollinaris,
3110 1675 3326 1744 Vitalis,
3360 1679 3658 1732 Gervasius

1963 1753 2021 1801 et
2063 1747 2372 1812 Protasius,
2411 1763 2515 1800 nec
2558 1763 2674 1800 non
2714 1749 2912 1800 Petrus
2951 1747 3046 1800 ille
3078 1747 3376 1802 Ravennas
3406 1749 3467 1802 in
3501 1765 3660 1804 sacra

1960 1818 2255 1889 theologia
2284 1817 2709 1872 celeberrimus.
2755 1819 2818 1870 In
2848 1818 2954 1890 hac
2984 1824 3176 1873 autem
3209 1819 3348 1873 urbe
3377 1820 3543 1890 regni
3570 1821 3659 1875 sui

1962 1891 2155 1944 sedem
2196 1890 2572 1944 Theodericus
2624 1896 2754 1959 post
2797 1889 3110 1944 Odoacrem
3153 1889 3468 1957 constituit,
3510 1907 3658 1945 eam-

1961 1962 2208 2032 demque
2237 1977 2588 2015 successores
2619 1976 2849 2032 quorque
2878 1977 3038 2030 reges
3061 1962 3228 2016 Gothi
3248 1962 3615 2017 incoluerunt
3636 1981 3656 2017 :

1961 2033 2057 2086 sed
2091 2031 2151 2085 in
2182 2032 2382 2085 eadem
2413 2032 2554 2085 urbe
2597 2031 2784 2101 Opilio
2829 2036 2886 2084 et
2919 2033 3271 2086 Gaudentius
3311 2049 3547 2087 manere
3578 2036 3656 2088 sic

1960 2105 2398 2168 constituerant,
2431 2108 2496 2156 ut
2526 2102 2659 2156 hinc
2689 2107 2975 2174 notarum,
3010 2119 3151 2174 quas
3181 2105 3465 2159 Threicias
3495 2111 3657 2160 vocat

1960 2175 2098 2241 Cic.,
2130 2191 2300 2244 poma
2331 2174 2600 2228 excedere
2624 2173 2769 2243 jussi
2798 2173 3030 2227 fuerint.

2032 2262 2055 2296 ⁶
2093 2262 2557 2336 Notasinsigniti
2601 2261 2929 2334 frontibus]
2981 2262 3338 2336 Supplicium
3387 2264 3496 2318 hoc
3538 2265 3655 2336 pri-

1959 2351 2120 2388 mum
2168 2334 2415 2406 quidem
2450 2335 2560 2387 fuit
2597 2350 2946 2406 servorum;
3006 2335 3211 2406 deinde
3261 2334 3656 2406 quorumlibet

1959 2421 2190 2459 reorum
2224 2405 2890 2485 infainium_viliumque.
2925 2405 3294 2476 Supplicium’
3312 2407 3419 2485 fuit
3461 2424 3652 2485 servo-

1959 2493 2087 2530 rum
2123 2493 2134 2531 :
2170 2493 2300 2530 cum
2331 2477 2484 2530 enim
2519 2476 2744 2530 Domini
2773 2476 2831 2530 in
2861 2492 3049 2531 servos
3071 2483 3348 2547 tanquam
3380 2478 3439 2531 in
3471 2480 3654 2533 homi-

1958 2564 2078 2611 nes,
2115 2564 2259 2615 quos
2291 2548 2548 2601 occidere
2593 2548 2933 2616 potuissent,
2976 2553 3225 2602 servatos
3263 2549 3357 2618 jus
3389 2549 3517 2604 vitae
3546 2567 3654 2605 ne-

1957 2619 2149 2690 cisque
2177 2619 2385 2699 habere
2417 2622 2796 2699 seoputare'nt,
2817 2623 3132 2699 propterea
3164 2620 3221 2673 in
3275 2621 3505 2675 eosdem
3538 2637 3652 2675 ser-

1957 2707 2055 2743 vos
2101 2690 2254 2760 quod
2308 2690 2616 2759 placuisset
2663 2690 3007 2761 supplicium
3065 2706 3328 2744 exercere
3379 2708 3437 2745 se
3480 2709 3650 2761 posse

1960 2761 2402 2815 arbitrabantur.
2440 2761 2596 2814 [lude
2625 2760 2916 2814 Juvenalis
2948 2762 2986 2814 l.
3025 2778 3079 2828 v,
3115 2766 3217 2816 sat.
3257 2763 3341 2827 14,
3375 2779 3427 2817 v.
3462 2760 3524 2818 2t
3565 2780 3577 2817 :

2141 2869 2274 2916 Tum
2303 2867 2444 2918 felix.
2471 2867 2677 2930 quoties
2708 2866 2917 2929 aliquis,
2948 2869 3152 2930 tortore,
3175 2870 3383 2926 vocato,

2146 2931 2324 2980 Uritur
2349 2929 2553 2978 ardenti
2581 2929 2686 2977 duo
2713 2933 2924 2992 propter
2948 2929 3112 2978 lintea
3133 2929 3290 2978 ferro.

1885 3055 1924 3110 ρ
2025 3029 2096 3084 Et
2126 3027 2393 3083 Martialis
2429 3028 2466 3083 l.
2501 3044 2558 3092 ιι,
2589 3026 2739 3098 epig.
2767 3030 2836 3080 29
2872 3045 2885 3080 :

2079 3135 2142 3183 Et
2169 3147 2449 3183 numerosa
2483 3134 2661 3182 linunt
2689 3133 2989 3182 stellantem
3015 3133 3219 3195 splenia
3247 3132 3476 3184 frontem
3501 3149 3513 3183 :
3561 3140 3572 3148 ‘

2141 3199 2358 3260 Ignoras
2385 3197 2503 3260 quis
2529 3197 2635 3245 sit?
2666 3195 2870 3258 splenia
2899 3196 3042 3254 tolle,
3075 3196 3233 3258 leges.

2027 3300 2098 3350 At
2141 3296 2488 3366 supplicium
2520 3295 2674 3348 idem
2723 3311 2954 3349 reorum
2988 3299 3184 3365 postea
3228 3293 3533 3349 infamium
3565 3295 3650 3349 vi-

1955 3368 2214 3438 liumque
2258 3367 2394 3432 fuit;
2431 3369 2644 3420 Seneca
2675 3367 2850 3433 enim,
2885 3367 2926 3421 l.
2960 3383 3017 3419 ιιι
3047 3366 3114 3420 de
3144 3367 3250 3433 Ira,
3284 3382 3408 3435 cap.
3443 3368 3496 3432 3,
3533 3368 3652 3422 Va-

1954 3444 2063 3503 ria,
2098 3439 2309 3509 inquit,
2354 3440 2691 3492 vinculorum
2730 3453 2945 3505 genera,
2978 3440 3137 3491 varia
3161 3453 3476 3506 paenarum,
3509 3439 3650 3491 lace-

1954 3514 2194 3565 rationes
2226 3510 2605 3577 membrorum,
2634 3511 3014 3578 inscriptiones
3035 3511 3262 3575 frontis,
3286 3514 3334 3563 et
3357 3510 3652 3563 bestiarum

1954 3584 2274 3636 immanium
2312 3597 2482 3635 caveae
2530 3597 2544 3634 :
2587 3581 2739 3634 inter
2771 3580 2873 3634 hos
2913 3580 3174 3650 Cujacius
3217 3580 3446 3635 Observ.
3482 3581 3522 3633 1.
3552 3595 3649 3648 vii,

1955 3670 2078 3723 cap.
2136 3655 2218 3718 13,
2269 3655 2529 3707 recenset
2575 3653 3013 3705 calumniatores.
3066 3653 3133 3706 Hi
3172 3667 3344 3720 porro
3381 3651 3653 3723 dicuntur

1956 3722 2112 3777 notas
2151 3726 2406 3790 insigniti
2450 3740 2462 3776 :
2500 3723 2645 3776 sicut
2685 3723 2940 3788 Horatio,
2981 3723 3268 3787 Quodlibet
3305 3722 3564 3785 indutus;
3595 3727 3653 3777 et

1957 3795 2181 3864 Virgil.,
2231 3795 2416 3848 Flores
2449 3797 2701 3861 inscripti
2733 3797 2952 3848 nomina
2980 3809 3186 3861 regum,
3221 3810 3382 3849 more
3427 3793 3650 3848 Graeco-

1957 3882 2086 3919 rum
2115 3865 2488 3934 intelligendo
2517 3865 2667 3926 κατὰ,
2701 3865 3012 3930 secundum,
3042 3880 3162 3933 per,
3196 3870 3300 3919 etc.

2029 3938 2105 3989 Ex
2153 3935 2239 3988 his
2289 3940 2481 3988 autem
2523 3936 2791 3989 omnibus
2831 3940 2987 4006 patet
3029 3937 3312 3990 delatores
3346 3934 3528 3991 Boetii
3558 3935 3650 3990 in-

1952 4008 2135 4078 justos
2166 4007 2482 4060 audiendos
2513 4023 2630 4060 non
2661 4005 2848 4078 fuisse
2882 4022 2896 4058 :
2930 4006 3083 4060 unde
3113 4007 3271 4078 addit
3307 4033 3316 4060 :
3351 4007 3497 4078 Quid
3526 4008 3651 4062 huic

1956 4077 2237 4132 severitati
2277 4091 2432 4146 posse
2463 4081 2639 4130 astrui
2680 4077 2941 4130 videtur?
2984 4077 3143 4146 quasi
3180 4077 3331 4131 dicat
3363 4093 3376 4130 :
3414 4077 3558 4131 Cum
3589 4079 3652 4132 in

1959 4147 2240 4219 ejusmodi
2271 4147 2534 4202 homines
2567 4153 2685 4201 tam
2730 4163 2920 4219 severe
2964 4152 3154 4219 actum
3179 4147 3375 4219 fuerit,
3407 4148 3650 4217 cognitis

1958 4218 2292 4276 ebrumdem
2334 4219 2506 4285 vitiis,
2561 4219 2764 4273 iisdem
2809 4218 3195 4272 deferentibus
3225 4218 3366 4272 fides
3395 4233 3512 4272 non
3551 4219 3650 4273 de—

1955 4293 2081 4347 buit
2111 4289 2388 4356 adhiberi,
2421 4295 2476 4346 et
2501 4295 2694 4344 tamen
2726 4305 2829 4358 quo
2861 4289 2948 4343 die
2975 4304 3070 4344 nos
3107 4289 3430 4360 detulerunt,
3460 4289 3652 4360 inquit

1960 4364 2203 4431 Boetius,
2250 4363 2431 4417 eodem
2477 4363 2653 4416 nostri
2691 4362 2924 4415 nominis
2955 4360 3174 4426 delatio,
3204 4359 3383 4414 veluti
3409 4359 3651 4429 justissi-

1887 4430 1931 4483 Ι)
1956 4452 2069 4503 ma,
2105 4438 2355 4502 suscepta
2401 4438 2498 4488 est.
2531 4435 2805 4490 Nostrasne
2853 4435 2996 4486 artes
3030 4435 3108 4485 ita
3152 4434 3504 4486 meruerunt?
3532 4447 3649 4486 non

1959 4511 2129 4572 certe,
2164 4522 2294 4559 cum
2325 4506 2624 4559 veritatem
2649 4505 3033 4573 virtutemque
3063 4518 3290 4573 semper
3319 4503 3507 4556 colere
3536 4507 3652 4558 stu-

1958 4578 2274 4633 duerimus.
2318 4578 2410 4631 An
2450 4577 2570 4631 illos
2610 4579 2949 4632 accusatores
2979 4574 3160 4643 justas
3202 4575 3335 4640 fecit
3363 4577 3651 4644 praemissa

1957 4650 2287 4703 damnatio?
2334 4647 2668 4701 Nullatenus
2700 4663 2713 4701 :
2749 4647 2864 4700 imo
2900 4661 3032 4699 vero
3068 4645 3346 4713 damnati,
3390 4662 3492 4699 suo
3539 4647 3648 4700 cri-

1957 4720 2112 4775 mine
2142 4721 2199 4774 id
2230 4719 2431 4772 saltem
2463 4722 2814 4782 meruerunt,
2851 4720 2912 4770 ut
2943 4716 3101 4787 ipsis,
3130 4716 3301 4770 etiam
3332 4732 3532 4770 verum
3562 4717 3651 4772 di-

1959 4792 2237 4856 centibus,
2286 4791 2425 4844 ﬁdes
2472 4789 2630 4843 nulla
2671 4788 3087 4843 adhiberetur:
3125 4804 3300 4858 quare
3339 4787 3386 4841 si
3416 4789 3651 4843 fortuna

1958 4880 2106 4918 czeca
2136 4879 2254 4916 non
2283 4861 2446 4927 foret,
2490 4862 2627 4914 hanc
2653 4860 2942 4928 puduisset
2978 4861 3027 4914 si
3060 4861 3239 4914 minus
3269 4865 3534 4915 accusata
3556 4863 3650 4914 in—

1957 4937 2232 5000 nocentiae,
2272 4938 2329 4986 at
2371 4934 2740 4986 accusantium
2782 4932 3036 5003 vilitatis.
3086 4931 3304 5002 Injusta
3347 4947 3482 5003 ergo
3527 4933 3651 4987 hazc

1959 5005 2144 5063 exsilii
2174 5021 2340 5058 causa
2370 5020 2437 5058 ex
2469 5006 2629 5073 parte
2662 5002 3070 5057 accusantium.

2031 5093 2052 5128 ⁷
2097 5095 2174 5149 At
2217 5093 2372 5162 cujus
2411 5093 2656 5146 criminis
2695 5093 2981 5159 arguimur
2996 5089 3040 5162 ?]
3077 5090 3291 5146 Deinde
3322 5089 3534 5162 injusta
3564 5096 3651 5146 est

1958 5165 2218 5237 praedicti
2243 5163 2426 5218 exsilii
2456 5179 2624 5217 causa
2654 5178 2718 5216 ex
2751 5167 2910 5232 parte
2940 5161 3228 5237 criminis;
3253 5161 3464 5237 quippe
3493 5163 3651 5232 quod

1959 5234 2061 5292 aut
2089 5237 2399 5305 allegatum
2433 5251 2548 5288 non
2593 5239 2697 5300 est,
2745 5239 2844 5288 aut
2883 5251 3002 5288 non
3037 5234 3354 5305 probatum
3379 5235 3650 5305 :ﬂSﬁumma

1961 5309 2114 5363 enim
2148 5303 2263 5360 sive
2292 5322 2570 5360 numerus
2597 5305 2901 5359 criminum
2930 5303 3058 5376 quia
3089 5305 3282 5358 Boetio
3307 5303 3648 5376 objicieban-

1959 5385 2074 5446 tur,
2123 5378 2184 5432 in
2222 5378 2311 5432 his
2343 5381 2602 5431 versatur
2651 5392 2664 5430 :
2721 5379 2772 5429 to
2810 5373 2966 5446 quod
2990 5380 3236 5430 senatum
3263 5373 3497 5428 voluerit
3537 5391 3648 5432 esse

1959 5453 2200 5513 salvum;
2232 5452 2289 5502 2°
2320 5449 2474 5520 quod
2506 5449 2761 5518 ejusdem
2789 5454 3010 5520 senatus
3037 5447 3328 5520 delatorem
3352 5446 3648 5520 impedive-

1959 5526 2067 5586 rit;
2111 5523 2169 5574 3ο
2212 5517 2364 5592 quod
2397 5521 2471 5574 ad
2498 5517 2896 5592 restituendam
2927 5517 3316 5592 rempublicam
3353 5519 3650 5575 Romanam

1962 5596 2173 5650 litteras
2215 5589 2602 5662 composuerit;
2649 5591 2708 5644 4ο
2751 5589 2902 5660 quod
2945 5589 3228 5662 sacrilegio
3269 5592 3650 5647 conscientiam

1956 5665 2234 5736 polluerit.
2279 5660 2387 5736 Sed
2426 5663 2554 5736 haec
2590 5661 2784 5736 omnia
2812 5665 2911 5715 aut
2939 5660 3183 5736 crimina
3211 5676 3328 5736 non
3358 5667 3513 5736 sunt,
3553 5666 3652 5720 aut

1962 5731 1996 5794 ᾗ
2015 5735 2214 5795 Boetio
2243 5735 2434 5795 aliena
2465 5751 2481 5793 :
2512 5733 2659 5792 sicut
2685 5731 2956 5804 deinceps
2982 5731 3494 5791 demonstrabitur.
