3972 6172
357 275 459 328 623

355 407 603 478 quaeris?
645 406 666 439 ί
721 407 995 461 Senatum
1045 403 1290 458 dicimur
1345 404 1560 456 salvum
1612 419 1732 456 esse
1781 402 2044 457 voluisse.

357 501 458 551 52
505 495 733 551 Modum
779 492 1106 549 desideras?
1155 490 1178 524 ³
1223 491 1555 559 delatorem,
1601 507 1672 545 ne
1705 493 2050 546 documenta

358 586 625 650 deferret,
680 582 888 654 quibus
939 585 1202 635 senatum
1252 581 1564 650 majestatis
1611 597 1773 635 reum
1815 581 2045 647 faceret,

358 673 663 745 impedisse
688 671 1084 726 criminamur.
1111 669 1255 734 Quid
1276 671 1474 740 igitur,
1507 686 1540 724 ο
1564 670 1839 741 magistra
1859 680 1902 735 τι,
1925 685 2050 723 cen-

360 767 484 818 ses?
533 765 557 805 b
600 760 982 815 inﬁtiabimur
1034 759 1274 823 crimen,
1325 775 1396 812 ne
1442 759 1546 812 tibi
1586 759 1794 829 pudori
1835 757 2049 812 simus?

359 855 430 907 At
466 851 640 917 volui,
691 865 795 902 nec
839 864 1098 919 unquam
1147 849 1290 902 velle
1339 847 1628 901 desistam.
1679 847 2050 903 Fatebimur?

361 941 459 996 sed
501 937 856 1009 impediendi
923 937 1191 992 delatoris
1238 948 1262 976 ο
1306 952 1482 1006 opera
1524 936 1600 1007 (5)
1651 935 1913 991 cessabit.
1963 939 2050 990 An

360 1034 585 1100 optasse
623 1027 779 1081 illius
816 1027 844 1068 d
883 1025 1112 1080 Ordinis
1161 1025 1404 1080 salutem
1445 1023 1602 1078 nefas
1649 1023 1901 1078 vocabo?
1951 1025 2050 1079 Ille

360 1118 593 1189 quidem
645 1116 762 1169 suis
811 1115 880 1168 de
929 1131 1020 1168 me
1068 1113 1330 1177 decretis,
1381 1113 1466 1166 uti
1515 1113 1625 1166 hoc
1677 1112 1836 1167 nefas
1882 1116 2048 1179 esset,

359 1207 640 1262 effecerat.
673 1204 781 1258 Sed
813 1203 920 1258 sibi
952 1218 1181 1272 semper
1210 1201 1495 1256 mentiens
1521 1201 1932 1273 imprudentia,
1965 1218 2051 1256 re-

360 1313 488 1352 rum
517 1295 725 1351 merita
758 1308 876 1347 non
907 1296 1096 1362 potest
1117 1291 1423 1345 immutare
1455 1307 1467 1344 :
1500 1307 1606 1345 nec
1633 1291 1776 1344 mihi
1805 1289 2050 1345 Socrati-

361 1402 424 1441 co
477 1387 704 1440 decreto
751 1382 835 1436 fas
877 1396 998 1435 esse
1039 1379 1308 1447 arbitror,
1357 1379 1443 1433 vel
1490 1378 1801 1434 occuluisse
1848 1378 2052 1433 verita-

1688 265 1805 323 AN.
1845 265 2053 322 MANL.

2093 266 2244 324 SEV.
2289 267 2516 323 BOETll
3703 276 3785 329 624

2085 404 2293 467 Atem,
2369 404 2455 455 vel
2513 402 2858 455 concessisse
2916 403 3296 456 mendacium.
3357 387 3472 458 53’
3519 406 3701 461 Verum
3743 410 3789 463 id

2161 505 2394 560 quoquo
2434 490 2603 544 modo
2642 491 2735 555 sit,
2776 495 2875 542 tuo
2927 489 3388 561 sapientiamque
3425 492 3620 561 judicio
3663 498 3792 550 aesti-

2158 579 2438 633 mandum
2485 579 2772 649 relinquo.
2824 579 2998 647 Cujus
3046 579 3130 631 rei
3179 579 3386 633 seriem
3422 585 3577 650 atque
3621 583 3792 637 verita-

2159 672 2275 721 tem
2324 683 2397 721 ne
2445 669 2622 720 latere
2672 672 2928 736 posteros
2967 672 3139 738 queat
3166 673 3189 699 °
3221 669 3366 738 stylo
3412 670 3575 723 etiam
3618 687 3796 726 memo-

2159 756 2374 826 riasque
2422 754 2709 809 mandavi.
2748 756 2888 809 Nam
2925 756 2994 810 de
3025 760 3046 790 ³
3076 757 3408 826 compositis
3451 759 3579 812 falso
3606 760 3797 829 litteris,

2160 845 2370 915 quibus
2413 845 2739 898 libertatem
2786 860 2997 914 arguor
3041 860 3300 914 sperasse
3342 845 3658 912 Romanam,
3687 849 3798 918 quid

2161 933 2362 988 attinet
2393 934 2464 1004 (5)
2497 934 2728 988 dicere?
2761 934 3014 997 Quarum
3056 934 3211 988 fraus
3257 939 3450 1004 aperta
3474 936 3737 1004 patuisset,
3763 937 3800 990 si

2157 1021 2321 1075 nobis
2351 1021 2610 1091 ipsorum
2636 1022 2993 1075 confessione
3014 1021 3357 1088 delatorum,
3393 1024 3538 1092 quod
3569 1024 3624 1076 in
3650 1027 3803 1079 omni-

2158 1110 2263 1164 bus
2288 1110 2533 1180 negotiis
2563 1110 2838 1163 maximas
2869 1111 3016 1163 vires
3046 1111 3240 1178 habet,
3270 1111 3354 1164 uti
3394 1111 3642 1166 licuisset.
3687 1114 3801 1167 Nam

2161 1215 2290 1270 quae
2340 1199 2557 1270 sperari
2611 1199 2831 1269 reliqua
2879 1199 3109 1252 libertas
3139 1199 3363 1269 potest?
3404 1204 3577 1271 Atque
3618 1202 3802 1256 utinam

2159 1292 2353 1358 posset
2396 1286 2543 1342 ulla!
2591 1287 3032 1358 Respondissem
3066 1288 3226 1344 Canii
3271 1289 3462 1356 verbo,
3512 1289 3605 1360 qui
3641 1306 3803 1345 cuma

2161 1381 2183 1412 ⁸
2214 1376 2274 1431 C.
2325 1377 2544 1430 Caesare
2589 1376 2906 1431 Germanici
2937 1376 3056 1432 lilio
3089 1377 3351 1432 conscius
3380 1383 3568 1432 contra
3594 1395 3645 1432 se
3671 1379 3802 1433 facta:

1812 1492 2398 1551 INTERPBETATIO.

430 1596 455 1623 α
482 1585 871 1657 Philosophia.
2233 1583 2260 1624 d
2289 1582 2540 1657 Senatus.

432 1663 458 1701 ι)
488 1653 900 1726 Negabirnusne.
2231 1663 2253 1687 ε
2281 1653 2519 1710 Calamo.

432 1741 456 1811 ς
487 1730 630 1785 Cura
659 1729 896 1798 objecta.

1991 1815 2217 1872 NOTAE.

433 1911 448 1944 ¹
498 1909 754 1963 Senatum
797 1906 1032 1960 dicimur
1073 1904 1285 1958 salvum
1322 1917 1432 1957 esse
1474 1900 1751 1974 voluisse]
1793 1903 2051 1958 Primum

363 1979 540 2033 Boetii
564 1978 802 2032 crimen.
835 1977 1074 2030 Senatus
1103 1975 1258 2045 apud
1284 1976 1568 2029 Romanos
1598 1980 1722 2028 erat
1747 1975 2052 2029 consilium

362 2055 626 2104 constans
672 2066 734 2102 ex
783 2047 1104 2102 senioribus
1156 2063 1167 2100 :
1220 2047 1373 2099 unde
1420 2045 1635 2099 Tullius
1684 2045 1743 2098 iu
1786 2045 1997 2099 Catone
2040 2063 2052 2100 :

364 2122 654 2176 Consilium
698 2126 746 2173 et
793 2123 935 2172 ratio
979 2125 1031 2172 et
1080 2120 1345 2172 sententia
1376 2119 1486 2170 nisi
1514 2121 1687 2171 essent
1729 2119 1787 2169 in
1816 2119 2054 2184 senibus,

361 2209 466 2248 non
494 2207 763 2246 summum
795 2191 1081 2244 consilium
1112 2189 1344 2256 majores
1372 2190 1548 2242 nostri
1584 2194 1830 2242 senatum
1861 2190 2056 2257 appel-

362 2266 581 2318 lassent.
620 2263 792 2331 Αριιά
835 2261 1259 2316 Lacedaemonios
1291 2259 1508 2327 quidem
1547 2261 1608 2324 ii,
1658 2262 1754 2326 qui
1784 2261 2057 2327 amplissi-

360 2351 506 2388 mum
537 2337 921 2400 magistratum
951 2336 1166 2398 gerunt,
1197 2335 1256 2383 ut
1287 2335 1434 2393 sunt,
1467 2332 1543 2384 sic
1571 2331 1734 2383 etiam
1764 2332 2056 2398 appellan-

365 2410 452 2458 tur
485 2421 634 2459 senes
669 2421 681 2457 :
716 2419 893 2473 quare
921 2403 1081 2455 Ovid.
1112 2418 1142 2454 v
1171 2401 1466 2455 Fastorum
1499 2415 1511 2453 :

487 2511 677 2570 Magna
701 2507 802 2555 fuit
829 2505 1090 2570 quondam
1119 2504 1318 2570 capitis
1325 2504 1627 2570 reverentia
1657 2505 1773 2552 cani

550 2565 713 2641 inque
739 2583 835 2616 suo
847 2565 1028 2639 'pretio
1052 2580 1185 2626 ruga
1197 2565 1389 2637 senilis
1419 2570 1545 2641 erat.

488 2627 668 2682 Martis
694 2645 826 2692 Opus
853 2627 1094 2692 juvenes,
1122 2628 1464 2692 animosaque
1494 2627 1633 2692 bella
1659 2627 1931 2689 gerebant.

549 2695 613 2743 Et
640 2689 868 2756 proauis
893 2690 1111 2739 aderant
1135 2691 1188 2756 iu
1220 2689 1446 2756 statione
1477 2690 1605 2756 suis.

489 2751 698 2806 Viribus
723 2754 810 2803 ille
835 2767 1013 2809 senex,
1045 2766 1139 2801 nec
1167 2751 1426 2799 habendis
1457 2751 1598 2799 utilis
1628 2751 1807 2807 armis,

551 2817 783 2868 Consilio
813 2816 996 2879 patria:
1023 2828 1162 2877 stupe
1189 2814 1387 2879 ferebat
1415 2827 1587 2879 opem.

487 2881 591 2929 Nec
618 2880 719 2928 nisi
749 2875 867 2941 post
892 2891 1061 2926 annos
1091 2875 1260 2940 patuit
1289 2880 1416 2924 tunc
1448 2875 1592 2941 curia
1623 2889 1784 2930 seros,

549 2937 765 2992 Nomen'
778 2944 829 2990 et
858 2941 1027 2990 astatis
1055 2937 1181 2987 mite
1211 2943 1426 2986 senatus
1455 2937 1630 2986 habet.

485 3006 613 3054 Jura
635 3004 796 3052 dabat
819 3001 1014 3066 populo
1045 3002 1222 3066 senior
1247 3000 1507 3066 ﬁnitaque
1526 2999 1683 3048 certis

551 3067 772 3129 Legibus
801 3063 1055 3123 est—astas,
1085 3064 1225 3111 unde
1257 3066 1467 3126 petatur
1497 3063 1683 3110 honor.

363 3166 569 3221 Scribit
615 3169 805 3220 autem
850 3162 1185 3218 Plutarchus
1231 3160 1544 3215 Romulum
1588 3176 1651 3213 ex
1684 3158 2056 3229 optimatibus

363 3241 594 3291 centum
643 3251 858 3288 creasse
911 3237 1223 3297 senatores,
1275 3246 1589 3300 eorumque
1635 3229 1943 3299 collegium
1989 3247 2056 3284 ex

365 3313 529 3362 astate
560 3311 821 3360 senatum
853 3306 1164 3375 appellasse
1199 3319 1210 3356 :
1248 3301 1424 3375 quod,
1468 3303 1650 3354 forma
1683 3301 1880 3354 saltem
1913 3317 2053 3375 con-

364 3381 605 3444 tinuata,
638 3393 818 3448 usque
851 3371 1082 3448 adfipsa
1121 3373 1300 3448 Boetii
1322 3377 1597 3448 tempora
1621 3371 2007 3448 perseveravit
2041 3387 2052 3424 :

363 3442 945 3521 primumque-Boetii
977 3442 1192 3521 crimen
1227 3443 1452 3521 dicitur,
1486 3442 2057 3521 quodvolueritam-

361 3511 690 3591 plissimufn
741 3519 893 3572 hunc
924 3516 1183 3570 ordinem
1216 3511 1609 3591 essesalvum,
1643 3517 1779 3591 tunc
1824 3511 2054 3580 scilicet,

364 3585 494 3645 cum
543 3590 912 3644 innocentem
948 3592 1208 3640 senatum
1236 3585 1540 3651 majestatis
1571 3585 1794 3637 crimine
1824 3599 2057 3637 accusa-

365 3669 488 3716 tum
519 3661 773 3715 defendit
802 3676 865 3713 ac
894 3658 1158 3711 liberavit
1191 3673 1203 3711 :
1239 3656 1392 3726 quod
1422 3671 1534 3707 non
1565 3661 1737 3723 negat
1768 3655 1995 3708 Boetius
2027 3671 2058 3707 a

366 3750 424 3789 se
455 3733 664 3786 factum
702 3748 714 3785 :
764 3732 942 3794 Volui,
978 3729 1182 3798 inquit,
1215 3743 1306 3780 nec
1335 3741 1573 3793 unquam
1605 3727 1736 3778 velle
1759 3726 2054 3798 desistam,

367 3806 466 3858 sed
499 3807 669 3872 negat
697 3817 815 3855 esse
844 3797 1108 3853 crimen:
1145 3815 1216 3852 an
1249 3803 1464 3872 optasse
1493 3799 1640 3872 illius
1673 3797 1880 3850 ordinis
1912 3798 2058 3872 salu-

367 3881 469 3928 tem
500 3868 657 3939 nefas
685 3873 884 3926 vocabo
904 3876 930 3925 ?
974 3885 1308 3939 quanquam
1347 3868 1498 3921 enim
1533 3869 1661 3939 ipse
1686 3873 1916 3920 senatus
1943 3871 2058 3921 suis

365 3947 431 3999 de
465 3937 656 4000 Boetio
690 3944 914 3996 decretis
958 3937 1196 4008 effecerit
1226 3945 1290 3992 ut
1321 3940 1418 4009 qui
1451 3937 1879 4007 perturbatione
1906 3939 2056 4007 judi-

365 4021 536 4076 caret,
573 4015 619 4068 is
645 4017 803 4079 nefas
841 4017 1071 4083 putaret
1108 4017 1320 4079 optasse
1357 4011 1508 4083 illius
1539 4010 1750 4062 ordinis
1780 4011 2014 4083 salutem
2040 4026 2058 4083 ς

370 4089 596 4142 Boetius
642 4080 860 4150 tamen;
914 4088 1070 4136 ratus
1119 4084 1359 4135 aliorum
1411 4081 1468 4132 in
1520 4096 1576 4133 se
1626 4086 1918 4148 peccatum
1953 4080 2056 4132 sibi

342 4175 481 4227 ,non
515 4158 651 4211 dare
695 4155 970 4226 peccandi
1011 4154 1321 4227 licentiam,
1363 4153 1521 4217 nefas
1560 4151 1782 4227 putavit
1812 4151 1936 4215 sibi,
1978 4151 2060 4204 vel

364 4231 658 4285 occuluisse
695 4222 1003 4289 ueritatem,
1048 4224 1264 4279 silendo
1295 4223 1444 4276 bona
1474 4239 1601 4290 quae
1635 4222 1692 4273 in
1723 4227 1924 4273 senatu
1949 4237 2058 4274 no-

367 4307 543 4367 verat,
577 4301 660 4353 vel
689 4302 1007 4353 concessisse
1036 4295 1392 4367 mendacium,
1419 4292 1717 4367 loquendo
1753 4292 2059 4367 mala-quia

366 4373 435 4426 de
467 4362 668 4425 senatu
712 4369 1094 4437 ﬁngebantur.
1147 4365 1374 4437 Optime
1407 4364 1837 4437 Socrates_apud
1874 4362 2058 4437 Plato-

366 4459 496 4496 nem
531 4444 563 4494 l.
596 4459 648 4494 vr
679 4441 746 4494 de
778 4433 1020 4509 Repub.,
1067 4433 1273 4505 oportet
1301 4436 1479 4488 odisse
1517 4433 1875 4497 mendacium,
1927 4433 2054 4486 dili-

364 4529 485 4578 gere
513 4516 814 4565 veritatem.

439 4583 461 4614 ²
512 4585 812 4636 Delatorem
860 4595 925 4632 ne
977 4580 1294 4632 documenta
1346 4576 1600 4641 deferret,
1652 4574 1848 4642 quibus
1891 4588 2055 4628 sena-

368 4657 480 4704 tum
512 4654 820 4720 majestatis
862 4665 1034 4713 reum,
1078 4647 1206 4716 etc.]
1249 4646 1570 4720 Secundum
1607 4645 1784 4698 Boetii
1815 4645 2053 4720 crimen,

368 4721 523 4791 quod
552 4716 744 4774 tamen
776 4737 904 4774 cum
931 4721 1119 4789 primo
1154 4721 1230 4772 ita
1262 4718 1630 4791 conjunct‘um
1664 4721 1768 4791 est,
1812 4721 1872 4769 ut
1905 4716 1951 4768 si
1981 4717 2057 4769 il-

366 4788 466 4844 lud
495 4790 711 4844 crimen
755 4807 872 4844 non
914 4788 1107 4856 fuerit,
1158 4788 1647 4860 quemadmodum
1694 4788 1910 4840 crimen
1941 4802 2057 4860 non

369 4863 538 4916 fuisse
562 4863 774 4915 dictum
809 4868 909 4923 est,
948 4863 1056 4914 hoc
1085 4858 1255 4914 etiam
1284 4861 1500 4912 crimen
1535 4875 1654 4911 esse
1685 4873 1802 4911 non
1831 4858 2011 4928 possit
2040 4873 2052 4911 :

369 4947 546 5004 quare
579 4932 623 4984 si
660 4933 974 5004 fatebimur,
1007 4933 1196 5004 inquit
1229 4932 1476 5004 Boetius,
1507 4944 1604 5004 nos
1637 4930 1870 4983 potuisse
1900 4945 2056 5004 sena-

370 5000 483 5058 tum
527 5017 637 5056 esse
683 5003 910 5067 salvum,
963 5000 1296 5069 impediendi
1325 5003 1583 5056 delatoris
1617 5016 1779 5069 opera
1809 5000 2052 5054 cessabit.

371 5075 480 5131 Sed
512 5077 574 5130 ut
611 5073 717 5126 hoc
761 5072 1129 5143 percipiatur,
1162 5073 1470 5127 dicendum
1501 5072 1639 5143 quid
1681 5073 1968 5141 majestas,
2003 5076 2058 5124 et

371 5147 509 5217 quid
542 5143 850 5214 majestatis
882 5142 1121 5198 crimen.

443 5219 815 5288 Majestas‘est
841 5229 1144 5288 supremus
1177 5214 1376 5288 honos,
1411 5231 1524 5284 quo
1557 5215 1802 5288 populus
1832 5218 2058 5288 tenetur

369 5285 595 5342 afﬁcere
640 5285 977 5358 principem,
1021 5286 1176 5358 velut
1219 5285 1528 5358 spirantem
1566 5286 1660 5358 Dei
1693 5285 2004 5354 imaginem
2040 5301 2052 5338 :

369 5361 612 5427 Subjecti
643 5354 857 5421 'estote,
909 5354 1096 5425 inquit
1145 5354 1200 5408 S.
1259 5357 1457 5408 Petrus
1509 5357 1674 5424 epist.
1729 5358 1769 5421 l,
1825 5373 1947 5426 cap.
1995 5373 2051 5421 ll,

367 5434 514 5484 omni
541 5433 792 5484 humanae
829 5432 1090 5481 creaturae
1110 5430 1333 5494 propter
1361 5430 1528 5480 Deum
1555 5444 1571 5480 :
1599 5431 1710 5480 sive
1753 5432 1867 5493 regi
1897 5429 2057 5492 quasi

364 5500 721 5569 praecedenti;
753 5502 864 5552 sive
893 5498 1120 5551 ducibus
1150 5502 1412 5569 tanquam
1445 5497 1511 5551 ab
1543 5512 1599 5550 eo
1629 5501 1809 5552 missis
1839 5499 1914 5552 ad
1942 5501 2056 5551 vin-

367 5568 566 5625 dictam
595 5573 1028 5638 malefactorum,
1074 5568 1286 5623 laudem
1312 5583 1434 5623 vero
1467 5569 1724 5622 bonorum
1756 5585 1769 5622 :
1805 5571 1937 5639 quia
1977 5571 2055 5622 sic

364 5648 442 5698 est
486 5644 736 5697 voluntas
783 5644 942 5696 Dei...
995 5645 1161 5697 Deum
1219 5643 1415 5706 timete,
1464 5655 1642 5710 regem
1687 5640 2052 5712 honoriﬁcate.

2090 1907 2130 1960 Β
2160 1904 2323 1969 Quod
2355 1907 2549 1956 autem
2576 1903 2783 1966 honos,
2829 1903 2989 1971 cujus
3021 1905 3288 1974 majestas
3314 1909 3401 1959 est
3429 1905 3673 1975 quaedam
3700 1922 3806 1975 pars

2166 1975 2282 2028 sive
2333 1975 2567 2044 species,
2629 1975 2702 2027 sit
2753 1976 3112 2039 honoraritis,
3167 1977 3482 2028 reverentia
3522 1993 3644 2028 vero
3689 1977 3806 2030 circa

2166 2062 2340 2116 quam
2383 2046 2585 2098 eadem
2631 2044 2896 2112 majestas
2937 2053 3212 2111 versatur,
3249 2048 3515 2100 honorati
3544 2048 3804 2116 principis;

2165 2121 2467 2188 propterea
2516 2121 2698 2188 poeta:
2751 2116 3040 2188 ﬁnxerunt
3094 2116 3445 2185 Maiestatem
3501 2117 3664 2170 tiliam
3712 2135 3806 2170 esse

2166 2187 2410 2242 Honoris
2433 2192 2488 2239 et
2519 2187 2869 2240 Reverentise
2904 2204 2916 2240 :
2951 2188 3085 2240 audi
3114 2188 3405 2254 Ovidium,
3439 2189 3475 2240 l.
3510 2204 3539 2240 v
3566 2190 3694 2242 Fast.
3725 2205 3734 2241 2

2290 2276 2465 2322 Donec
2497 2275 2694 2331 Honor,
2728 2274 3037 2336 placidoque
3065 2275 3259 2323 decens
3289 2276 3588 2326 Reverentia
3615 2278 3743 2324 vultu

2351 2337 2580 2398 Corpora
2610 2336 2858 2398 legitimis
2891 2337 3186 2398 imposuere
3212 2339 3364 2386 toris.

2293 2399 2423 2463 l-linc
2453 2404 2566 2446 sata
2594 2400 2856 2463 Majestas,
2888 2412 3008 2460 qua:
3039 2400 3313 2463 mundum
3339 2404 3586 2463 temperat
3610 2413 3804 2452 omnem.

2352 2462 2570 2522 Quaque
2599 2461 2682 2508 die
2712 2465 2862 2534 partu
2894 2465 2972 2508 est
2991 2461 3165 2534 edita,‘
3185 2461 3527 2534 magnahiuit.

2289 2523 2392 2588 Nec
2423 2536 2590 2578 mora,
2621 2523 2863 2570 consedit
2887 2523 3334 2588 mediogsublimis
3370 2525 3598 2588 Olympo.

2350 2585 2520 2632 Aurea
2550 2598 2814 2647 purpureo
2844 2585 3218 2648 conspicienda
3252 2589 3394 2635 sinu.

2236 2665 2466 2738 Crimen
2498 2680 2633 2733 ergo
2665 2665 3160 2738 majestatisillud
3181 2666 3412 2734 dicitur,
3446 2667 3589 2738 quod
3632 2671 3705 2719 est
3730 2665 3804 2718 ad-

2164 2737 2684 2808 versuslionorem
2732 2735 3088 2808 principibus
3135 2737 3399 2792 debitum
3447 2735 3480 2792 ;“
3510 2754 3668 2808 quare
3701 2751 3804 2789 cum

2163 2805 2348 2878 forma
2376 2806 2604 2875 imperii
2637 2807 2878 2878 Romani
2906 2807 3215 2877 aliquando
3251 2809 3419 2862 fuerit
3443 2805 3624 2878 populi
3644 2811 3802 2878 status,

2164 2877 2295 2948 ideo
2326 2878 2544 2930 crimen
2592 2877 2904 2946 majestatis
2945 2876 3093 2947 apud
3118 2876 3558 2948 jurisconsultos
3585 2885 3658 2932 est
3684 2876 3805 2948 quod

2165 2947 2433 3001 adversus
2482 2949 2760 3016 populum
2813 2947 3135 3002 Romanum
3188 2951 3274 3002 vel
3324 2951 3667 3004 securitatem
3698 2947 3806 3018 ’ejus

2165 3018 2543 3071 committitur
2578 3035 2590 3071 :
2640 3023 2695 3071 et
2726 3019 2808 3072 rei
2835 3019 3144 3088 majestatis
3175 3021 3229 3073 d.
3263 3021 3303 3074 l.
3341 3025 3387 3076 l.
3424 3022 3479 3076 If.
3509 3023 3572 3075 ad
3602 3021 3694 3090 leg.
3719 3018 3805 3071 Jul.

2166 3090 2302 3158 maj.
2357 3090 2626 3142 dicuntur
2674 3090 2772 3159 qui
2825 3090 3108 3159 ejusmodi
3156 3091 3379 3147 crimen
3430 3093 3805 3146 committunt:

2168 3175 2502 3229 quanquam
2531 3161 2693 3234 enim
2717 3161 2901 3234 honor
2930 3161 3000 3214 sit
3031 3177 3210 3234 genus
3232 3165 3562 3234 majestatis,
3592 3174 3808 3215 sermone

2169 3236 2363 3284 tamen
2409 3230 2719 3295 communi,
2770 3236 2836 3284 ut
2883 3232 3141 3300 loquitur
3181 3230 3370 3301 Vives,
3412 3230 3588 3288 honor
3632 3239 3679 3285 et
3713 3247 3806 3284 ma-

2162 3301 2338 3372 jestas
2369 3301 2449 3355 ita
2479 3302 2931 3370 distinguuntur,
2965 3307 3024 3355 ut
3063 3304 3335 3372 majestas
3367 3306 3580 3359 dicatur
3609 3315 3809 3373 persona

2165 3373 2290 3440 ipsa
2333 3389 2507 3441 quam
2551 3388 2820 3442 supremo
2859 3373 3078 3426 honore
3118 3375 3404 3429 afticimus
3437 3393 3449 3430 :
3492 3377 3623 3429 sicut
3651 3374 3806 3427 Cicero

2168 3458 2204 3495 Il
2259 3444 2327 3496 de
2381 3444 3306 3518 Naturandeorum,Sustinendi,
3363 3448 3566 3518 inquit,
3614 3445 3806 3498 muneris

2163 3519 2389 3582 propter
2421 3515 2839 3568 imbecillitatem
2878 3514 3181 3582 difﬁcultas
3211 3514 3602 3571 minime—cadit
3630 3521 3689 3568 im
3712 3529 3802 3566 ma-

2161 3585 2414 3659 jestatem
2449 3584 2674 3659 deorum
2695 3600 2734 3659 _:
2778 3586 2928 3659 sicut
2953 3586 3122 3659 etiam
3155 3603 3260 3640 nos
3300 3589 3443 3643 Galli
3473 3587 3730 3659 loquendo
3756 3584 3807 3636 de

2167 3671 2301 3724 rege
2351 3655 2637 3730 dicimus‘:
2681 3656 2767 3730 Set
2802 3656 3052 3723 Majesté.
3087 3657 3332 3730 Senatus
3359 3655 3808 3730 porro—Romanus

2169 3725 2522 3801 temporibus
2591 3726 2770 3801 Boetii
2829 3733 3122 3780 accusatus
3183 3729 3315 3796 fuit,
3359 3725 3536 3801 _quod
3584 3729 3808 3801 adversas

2166 3797 2578 3872 Theodericum
2612 3797 2787 3872 Italiae
2812 3797 3456 3872 regemtlionoremqiie
3478 3802 3557 3854 illi
3595 3798 3807 3872 debitum

2167 3867 2385 3937 aliquid
2433 3867 2666 3920 molitus
2711 3868 2885 3921 fuerit
2917 3885 2929 3922 :
2965 3869 3060 3922 sed
3093 3870 3244 3923 hunc
3274 3867 3628 3926 innocentem
3651 3867 3805 3922 defen-

2168 3939 2251 3992 dit
2288 3937 2664 4008 liberavitque
2707 3939 2952 4011 Boetius,
2995 3941 3148 4011 quod
3202 3942 3432 3997 crimini
3464 3944 3638 3997 eidem
3665 3937 3807 3992 verti-

2167 4014 2262 4062 tur
2309 4025 2320 4062 :
2370 4011 2694 4076 Delatorem,
2744 4010 2951 4079 inquit,
3001 4027 3067 4064 ne
3099 4012 3421 4068 documenta
3458 4015 3692 4080 deferret,
3719 4011 3807 4080 qui-

2169 4080 2265 4132 bus
2291 4086 2534 4133 senatum
2573 4084 2879 4149 majestatis
2921 4097 3073 4136 reum
3103 4085 3325 4151 faceret,
3361 4079 3640 4155 impedisse
3666 4079 3808 4136 crimi-

2167 4165 2382 4204 namur.

2239 4225 2259 4298 _'
2320 4225 2389 4275 De
2435 4223 2759 4298 compositis
2831 4223 2974 4288 falso
3041 4224 3286 4298 litteris.]
3354 4227 3602 4281 Tertium
3667 4218 3808 4298 Boetii

2169 4293 2386 4366 crimen
2430 4291 2490 4345 in
2521 4292 2638 4366 hoc
2682 4298 2961 4366 uersatur,
3013 4295 3167 4366 quod
3216 4291 3437 4352 feratur
3477 4293 3809 4366 composuisse

2170 4363 2387 4438 litteras
2414 4364 2646 4438 quibus
2688 4364 3005 4438 Romanam
3029 4360 3359 4438 libertatem
3395 4360 3656 4438 sperasset
3693 4381 3704 4418 :
3733 4360 3807 4438 sed

2171 4433 2385 4487 litteras
2409 4434 2543 4486 istas
2574 4451 2687 4487 non
2720 4452 2752 4488 a
2784 4435 3002 4499 Boetio,
3027 4437 3127 4490 sed
3157 4437 3226 4491 ab
3257 4440 3383 4503 ejus
3410 4433 3645 4493 inimicis
3672 4434 3810 4501 scrip-

2095 4499 2139 4552 D
2169 4509 2254 4557 tas
2282 4505 2577 4574 probasset
2617 4507 2703 4558 vel
2744 4505 2867 4575 ipsa
2897 4506 3215 4562 delatorum
3260 4499 3559 4575 confessio,
3590 4509 3631 4562 si
3657 4499 3807 4575 eidem

2167 4576 2362 4698 Bolqtio
2404 4576 2536 4629 data
2574 4574 2783 4630 fuisset
2823 4577 3142 4632 delatorum
3189 4581 3710 4652 interrogandorum
3747 4574 3807 4626 fa-

2167 4662 2232 4698 cu
2285 4662 2359 4698 as.

2164 4652 2359 4700 cultas.

2235 4721 2280 4796 ‘.
2306 4718 2366 4796 Ο..
2417 4718 2958 4796 ίξξεερνρβρνζηαηὶρί
3000 4721 3157 4796 ﬁlia]
3192 4723 3563 4796 Germanicus,
3612 4736 3668 4775 ex
3698 4716 3807 4771 Sue-

2163 4788 2322 4841 tonio
2353 4788 2411 4840 in
2439 4788 2716 4862 Caligula,
2755 4791 2922 4844 Drusi
2948 4796 2999 4845 et
3023 4788 3250 4846 minoris
3270 4793 3520 4848 Antoniae
3547 4795 3698 4862 ﬁlius,
3722 4801 3808 4862 omj

2163 4873 2256 4935 nes
2285 4861 2524 4925 corporis
2546 4856 2822 4935 animique
2839 4864 3068 4916 uirtutes
3092 4863 3303 4930 habuit,
3325 4871 3374 4919 et
3395 4856 3622 4935 quantas
3644 4856 3813 4915 nemini

2161 4931 2422 5004 cuiquam
2482 4933 2768 4996 contigisse
2811 4935 2948 4985 satis
2995 4939 3224 4988 constat.
3276 4937 3325 4989 Α
3387 4931 3592 4991 Tiberio
3643 4935 3808 5001 patruo

2164 5001 2459 5070 adoptatus
2487 5041 2500 5066 ,
2575 5007 2904 5070 quaesturam
2979 5009 3346 5069 quinquennio
3409 5013 3680 5072 antequam
3731 5012 3807 5068 per

2164 5072 2302 5146 leges
2323 5073 2532 5146 liceret,
2560 5079 2614 5146 et
2636 5077 2761 5140 post
2795 5088 2912 5126 eam
2942 5078 3277 5130 consulatum
3307 5081 3491 5132 statim
3525 5073 3804 5146 gessit.Ha-

2165 5141 2280 5218 buit
2310 5145 2366 5218 in
2392 5145 2753 5218 matrimonio
2787 5147 3181 5218 Agrippinam,
3212 5163 3279 5201 ea:
3310 5165 3418 5218 qua
3449 5141 3624 5203 nouem
3647 5144 3805 5218 liberas

2165 5214 2308 5288 tulit.
2345 5215 2488 5266 inter
2516 5217 2779 5288 quosfuit
2801 5212 2962 5288 Gaius
2974 5212 3181 5284 Caesar,
3207 5212 3460 5288 qui-quia
3483 5212 3806 5285 manipulario

2163 5283 2523 5358 habituinter
2563 5287 2760 5338 milites
2785 5283 3172 5358 educabatur,
3205 5283 3462 5358 Caligulae
3503 5283 3676 5343 nomen
3711 5296 3804 5336 cas-

2166 5357 2333 5408 transi
2364 5355 2471 5408 loco
2502 5360 2692 5409 traxit.
2730 5357 2828 5409 llic
2859 5363 3049 5412 autem
3079 5375 3186 5414 non
3217 5355 3418 5416 minore
3450 5363 3607 5415 livore
3633 5373 3688 5410 ac
3711 5369 3803 5408 ma-

2164 5426 2430 5500 lignitate,
2463 5442 2626 5500 quam
2655 5427 2911 5496 superbia
2937 5433 3258 5500 saevitiaque
3281 5449 3416 5500 pene
3449 5432 3692 5486 adversus
3718 5439 3804 5478 om-

2165 5501 2249 5550 nis
2283 5500 2382 5551 εειτὶ
2404 5499 2640 5550 homines
2662 5505 2945 5564 grassatus
2967 5506 3080 5555 est:
3106 5499 3202 5556 sed
3226 5499 3489 5558 eumdem
3509 5501 3806 5556 bacchantem

2163 5573 2325 5636 atque
2353 5574 2691 5642 grassantem
2717 5585 2822 5624 non
2851 5571 3029 5637 defuit
3051 5575 3324 5642 plerisque
3351 5577 3560 5628 animus
3585 5567 3804 5626 adoriri:

2165 5654 2274 5694 una
2313 5655 2437 5694 vero
2464 5641 2742 5705 alteraque
2770 5646 3169 5712 conspiratione
3199 5641 3422 5710 detecta,
3455 5647 3576 5700 aliis
3601 5656 3690 5713 per
3711 5642 3804 5691 ino-

2097 3199 2136 3253 C
