3996 6170
244 295 347 347 625

1282 291 1370 343 DE
1411 290 1950 346 CONSOLATIONE
1992 290 2480 347 PHILOSOPHUS
2522 290 2646 344 LIB.
2691 291 2733 343 l.

3652 292 3755 343 626

237 421 652 491 conjurationis
701 420 873 475 fuisse
932 420 1248 475 diceretur:
1287 420 1345 475 Si
1407 437 1512 491 ego
1562 420 1692 493 (l0),
1726 422 1937 493 inquit,
1976 425 2023 477 A
2052 428 2284 477 senatus
2323 424 2663 493 sanguinem
2704 426 2930 493 petunt,
2977 440 3079 477 nos
3138 424 3335 492 etiam,
3396 440 3540 495 quos
3574 424 3597 459 ⁷
3648 440 3754 495 pro

236 512 492 577 scissem,
536 516 596 564 tu
641 512 931 565 nescisses.
972 512 983 543 ι
1048 511 1170 574 Qua
1207 510 1265 563 in
1325 526 1387 564 re
1444 526 1559 564 non
1611 511 1690 565 ita
1750 528 1949 565 sensus

236 604 465 653 nostros
499 613 708 652 mmror
758 598 1062 661 hebetavit,
1120 604 1181 651 ut
1242 599 1451 667 impios
1492 599 1765 653 scelerata
1809 615 1945 652 con-

234 695 324 741 tra
359 688 633 741 virtutem
689 702 897 756 querar
935 687 1204 740 molitos:
1240 686 1337 740 sed
1392 703 1519 757 quae
1572 687 1944 757 speraverint,

232 776 497 830 effecisse
540 775 909 838 vehementer
954 774 1230 829 admiror.
1269 775 1407 827 Nam
1450 775 1737 830 deteriora
1778 777 1944 841 velle,

234 863 259 896 ³
290 863 475 918 nostri
528 864 701 917 fuerit
730 864 969 916 fortasse
1027 863 1321 917 defectus:
1362 878 1530 932 posse
1562 879 1696 916 vero
1747 868 1947 918 contra

227 954 648 1019 innocentiam,
718 968 847 1022 quae
912 952 1216 1005 sceleratus
1274 950 1521 1021 quisque
1586 954 1932 1022 conceperit,

228 1048 250 1077 ³
284 1042 645 1113 inspectante
677 1043 813 1107 Deo,
849 1040 1089 1095 monstri
1122 1040 1232 1111 (15)
1256 1040 1442 1095 simile
1470 1052 1492 1076 ει
1523 1045 1627 1096 est.
1656 1048 1757 1096 54
1789 1042 1943 1096 Unde

234 1144 260 1183 b
300 1128 463 1183 haud
494 1130 708 1199 injuria
736 1127 760 1163 ’⁸
783 1134 1015 1184 tuorum
1045 1128 1281 1199 quidam
1335 1128 1709 1184 familiarium
1740 1139 1759 1163 ο
1792 1147 1950 1201 quee-

235 1218 411 1272 sivit:
447 1218 494 1271 si
546 1218 778 1289 quidem
843 1219 1012 1283 Deus,
1072 1217 1283 1288 inquit,
1342 1222 1448 1283 est,
1510 1218 1702 1272 unded
1751 1221 1949 1275 mala?

236 1307 406 1361 bona
435 1323 569 1361 vero
596 1306 767 1374 unde,
809 1306 857 1359 si
889 1322 1009 1360 non
1039 1314 1060 1341 ο
1090 1306 1219 1359 est?
1258 1306 1367 1361 Sed
1398 1304 1419 1339 ⁵
1456 1306 1542 1360 fas
1588 1308 1762 1363 fuerit
1793 1312 1814 1344 ⁸
1850 1325 1947 1362 ne-

235 1396 429 1450 farios
487 1396 767 1462 homines,
828 1395 924 1466 qui
978 1393 1270 1449 bonorum
1328 1394 1608 1455 omnium.
1651 1398 1944 1467 totiusque

2058 527 2316 581 pugnare
2346 512 2513 566 bonis
2565 512 2640 584 (ὃ)
2676 512 3017 582 senatuique
3073 512 3355 577 viderant,
3386 512 3410 546 ⁸
3462 514 3751 583 perditum

2056 600 2139 654 ire
2170 601 2434 655 voluisse.
2479 600 2581 655 Sed
2616 616 2755 654 num
2810 601 2961 654 idem
2990 598 3013 634 9
3047 602 3115 654 de
3148 599 3167 636 ί
3216 600 3476 670 patribus
3524 618 3753 673 quoque

2058 689 2470 744 merebamur?
2530 689 2856 753 Meministi,
2889 694 2953 742 ut
2997 688 3227 758 opinor,
3260 699 3285 733 ε
3335 691 3613 761 quoniam
3661 708 3754 746 me

2059 778 2351 832 dicturum
2380 778 2518 848 quid
2540 778 2892 832 facturumve
2918 793 3168 847 praesens
3196 794 3421 849 semper
3451 780 3576 849 ipsa
3613 780 3753 834 diri-

2057 866 2251 937 gebas.
2305 867 2632 934 Meministi,
2684 866 2944 936 inquam,
3008 873 3109 920 55
3168 867 3212 900 ¹ο
3244 867 3484 921 Veronae
3532 869 3575 904 ¹ί
3624 884 3755 922 cum

2055 957 2083 998 h
2115 970 2215 1009 rex
2241 955 2439 1009 avidus
2469 956 2790 1008 communis
2821 954 3000 1021 exitii,
3032 954 3079 988 ¹²
3098 955 3410 1025 majestatis
3445 956 3663 1011 crimen
3693 954 3753 1011 in

2054 1043 2322 1097 Albinum
2398 1043 2673 1105 delatum,
2740 1043 2807 1096 ad
2863 1047 3133 1096 cunctum
3192 1047 3422 1097 senatus
3489 1044 3751 1099 ordinem

2060 1132 2367 1186 transferre
2409 1131 2732 1197 moliretur,
2769 1131 3021 1186 universi
3077 1132 3465 1186 innocentiam
3522 1138 3749 1188 senatus

2062 1223 2106 1256 ¹³
2134 1226 2350 1292 quanta
2397 1220 2553 1275 mei‘
2609 1221 2909 1274 securitate
2955 1220 3195 1291 periculi
3226 1220 3598 1276 defenderim.
3635 1223 3751 1277 Scis

2057 1326 2148 1365 me
2179 1311 2303 1364 haec
2332 1314 2390 1364 et
2430 1326 2563 1363 vera
2617 1309 2895 1381 proferre,
2930 1314 2987 1363 et
3036 1309 3097 1363 in
3146 1310 3305 1363 nulla
3344 1325 3600 1381 unquam
3636 1312 3750 1365 mei

2054 1398 2131 1468 (5)
2163 1398 2330 1452 laude
2366 1398 2626 1467 jactasse.
2662 1397 2859 1452 Minuit
2890 1397 3047 1452 enim
3098 1398 3348 1468 quodam
3406 1398 3577 1452 modo
3623 1397 3666 1433 ¹¹³
3690 1414 3749 1451 se

1711 1525 2305 1581 INTEBPRETATIO.

311 1623 338 1649 ³
382 1615 452 1666 Et
480 1613 656 1666 veluti
690 1612 1066 1682 paradoxum.

310 1688 336 1726 b
380 1686 508 1739 Non
534 1687 818 1737 immerito.

309 1768 334 1798 ε
384 1758 431 1811 Ο
460 1755 829 1824 Philosophia.

300 1830 326 1869 ἀ
376 1826 605 1897 Quippe
636 1842 765 1897 quae
796 1842 828 1879 a
858 1826 973 1879 Deo
999 1839 1123 1879 esse
1155 1839 1269 1877 non
1292 1828 1554 1894 possunt.

307 1907 330 1931 ο
366 1898 520 1951 Cum
548 1896 703 1952 bona
732 1899 853 1950 sine
876 1900 991 1951 Deo
1023 1912 1145 1950 esse
1176 1901 1486 1965 nequeant.

2127 1614 2149 1656 ί
2185 1614 2537 1668 Senatoribus
2570 1613 2729 1684 ipsis.

2124 1694 2150 1726 ε
2189 1685 2231 1738 Ο
2272 1684 2657 1755 Philosophia.

2122 1756 2151 1797 ιι
2188 1755 2588 1809 Theodericus.

2124 1825 2137 1857 ί
2179 1827 2514 1895 Contempla.

1882 1983 2106 2041 NOTZE.

224 2078 391 2144 piam
428 2075 725 2128 occasionis
765 2072 1162 2141 cunctantibus,
1195 2072 1303 2127 duo
1333 2074 1617 2127 consilium
1646 2074 1937 2127 communi-
1979 2076 2019 2127 Β
2048 2075 2430 2142 similitudine,
2485 2078 2674 2143 patres
2725 2074 3165 2143 appellabantur.
3223 2077 3404 2128 [Etate

228 2151 513 2199 caverunt
538 2148 999 2213 perfeceruntque.

304 2220 323 2253 ί
376 2219 506 2280 Qua
549 2220 603 2269 in
640 2215 735 2286 re.|
786 2215 1159 2269 Accusatione
1203 2214 1319 2268 sive
1354 2214 1603 2268 nominis
1655 2214 1941 2268 delatione

230 2290 291 2342 in
319 2287 600 2341 Boetium
630 2287 796 2340 facta.

302 2362 327 2392 ³
376 2360 597 2412 Nostris
619 2356 899 2426 defectus]
933 2358 1045 2411 Cur
1104 2356 1325 2409 bonum
1361 2357 1636 2409 meliusve
1667 2356 1933 2423 velimus,

231 2446 419 2483 causa
446 2429 761 2498 quaerenda
791 2433 948 2481 extra
986 2444 1111 2492 nos,
1142 2427 1358 2496 quippe
1398 2428 1496 2496 qui
1526 2428 1571 2479 ΙΙ
1602 2428 1855 2481 Corinth.
1884 2442 1943 2481 ιιι

228 2518 342 2554 non
380 2516 575 2553 sumus
607 2499 939 2567 sufﬁcientes
970 2501 1208 2566 cogitare
1248 2498 1467 2566 aliquid
1498 2514 1531 2551 ιι
1562 2499 1731 2562 nobis,
1779 2502 1944 2567 quasi

229 2589 296 2625 ea:
329 2573 502 2625 nobis
531 2590 545 2623 :
578 2570 670 2623 sed
691 2572 1023 2639 sufficientia
1039 2575 1226 2623 nostra
1245 2584 1312 2623 ea:
1344 2573 1450 2623 Deo
1470 2574 1565 2622 est.
1600 2570 1671 2624 At
1697 2585 1799 2622 cur
1828 2586 1943 2622 ma-

232 2644 357 2696 lum
401 2642 728 2695 deteriusve
763 2642 1022 2705 velimus,
1054 2656 1222 2693 causa
1272 2644 1353 2693 est
1388 2640 1447 2692 in
1478 2640 1662 2701 nobis,
1696 2656 1942 2710 quorum

232 2719 450 2817 utpote
484 2714 846 2765 inﬁrmorum
884 2717 967 2764 est
997 2727 1162 2781 posse
1191 2727 1443 2780 peccare.

375 2786 717 2817 Inoa—innfnnln
778 2782 912 2817 Doni
951 2782 1111 2817 numi
1152 2784 1294 2817 hanc
1352 2783 1419 2817 cii

366 2786 717 2852 [aspectante
773 2782 913 2853 Πρω]
951 2782 1115 2845 Quod
1147 2784 1295 2835 Deus
1351 2783 1424 2835 sit
1470 2797 1693 2853 summe
1732 2781 1937 2853 bonus.

226 2855 629 2909 admiratione
674 2852 893 2909 videtur
954 2854 1216 2921 dignum,
1261 2852 1467 2921 probos
1525 2853 1594 2905 ab
1642 2852 1939 2921 improbis,

228 2929 347 2980 Deo
387 2927 773 2994 inspectante,
808 2925 1058 2993 opprimi
1085 2941 1096 2976 z
1125 2924 1273 2976 unde
1316 2924 1370 2976 id
1401 2928 1629 2977 monstri
1657 2924 1833 2976 simile
1859 2923 1939 2975 vi-

229 3000 436 3055 detur.
460 2997 626 3066 quasi
668 3001 877 3065 printer
906 2994 1266 3048 ordinarium
1298 2998 1517 3047 natura:
1552 2994 1832 3066 ordinem,

299 3074 318 3105 ‘
370 3065 619 3121 Tuorwn
664 3067 890 3135 quidam
942 3066 1351 3133 fumilz’ariuni.]
1410 3065 1567 3118 Plato
1613 3065 1868 3133 quidem,
1910 3081 1944 3117 x

229 3140 294 3193 de
328 3142 509 3205 Leg.,
539 3144 593 3191 et
626 3144 753 3207 post
786 3137 949 3190 illum
982 3138 1189 3191 Seneca
1222 3136 1325 3188 hoc
1358 3142 1760 3205 argumentum
1792 3140 1943 3207 trac-

230 3212 402 3266 tavit.
423 3206 694 3278 Quisqtiis
713 3214 902 3261 autem
928 3207 1101 3261 fuerit
1131 3212 1331 3259 auctor
1362 3208 1532 3275 hujus
1562 3206 1939 3278 dilemmatis:

231 3284 290 3337 Si
340 3286 496 3335 Deus
530 3276 627 3345 est,
678 3280 817 3333 unde
844 3280 1034 3332 mala?
1085 3284 1142 3332 at
1171 3281 1220 3331 si
1265 3293 1371 3331 non
1424 3284 1524 3343 est,
1574 3278 1717 3330 unde
1765 3276 1940 3330 bona?

231 3353 449 3406 melior
475 3351 703 3405 videtur
732 3351 981 3404 conditio
1022 3350 1144 3418 ejus
1175 3348 1275 3419 qui
1316 3365 1383 3401 ex
1420 3348 1583 3401 bonis
1616 3350 1711 3413 ait,
1768 3364 1941 3417 quam

229 3424 393 3477 iilius
438 3424 544 3493 qui
578 3439 641 3476 ex
691 3422 856 3475 malis
905 3426 1076 3493 negat
1107 3422 1302 3493 _Deuni
1335 3420 1612 3473 existere:
1670 3420 1945 3493 quoniam

230 3502 377 3563 quot
414 3491 591 3559 bona,
626 3498 708 3546 tot
738 3496 869 3546 sunt
902 3491 1003 3547 Dei
1034 3491 1325 3544 existentis
1375 3496 1751 3563 argumenta:
1787 3491 1944 3544 nullo

228 3562 437 3619 autem
478 3565 629 3617 malo
663 3564 868 3632 conjici
901 3568 1081 3633 potest
1116 3564 1295 3615 Deum
1330 3577 1443 3615 non
1476 3562 1737 3633 existere.

298 3637 321 3668 ⁸
364 3638 482 3690 Fas
546 3631 779 3702 fuerit.)
819 3631 1039 3700 ld‘e5t,
1103 3635 1288 3687 liceat:
1349 3636 1440 3698 fas
1492 3632 1665 3697 enim,
1753 3631 1945 3701 inquit

230 3708 465 3771 Festus,
507 3706 715 3758 dicitur
741 3723 771 3757 a
811 3704 1007 3770 fando,
1055 3704 1216 3774 quasi
1247 3704 1428 3756 fatum
1480 3721 1510 3755 a
1543 3703 1649 3755 diis
1696 3702 1785 3755 vel
1833 3703 1941 3754 sal-

229 3784 342 3831 tem
381 3794 420 3829 a
486 3776 727 3829 deorum
785 3775 1061 3828 ministris
1114 3775 1539 3827 sacerdotibus:
1591 3774 1735 3826 sicut
1776 3774 1872 3840 jus
1912 3790 1945 3827 a

222 3850 421 3916 jubeo,
482 3847 646 3917 quasi
695 3847 919 3916 jussum
966 3862 998 3898 a
1064 3844 1451 3914 magistratu;
1505 3844 1654 3897 unde
1708 3844 1945 3913 Virgil.1

230 3920 473 3990 Georg.
508 3935 562 3971 ν.
587 3921 725 3971 268:

431 4025 638 4086 Quippe
674 4024 828 4072 etiam
856 4023 1001 4071 festis
1027 4021 1269 4085 quaedam
1306 4034 1547 4069 exercere
1575 4021 1757 4070 diebus

434 4089 532 4136 Fas
562 4092 615 4135 et
644 4086 763 4149 jura
793 4086 993 4134 sinunt.

300 4196 459 4249 Cum
487 4192 668 4262 igitur
727 4191 862 4244 nihil
902 4190 1085 4260 magis
1126 4190 1345 4262 licitum
1401 4189 1473 4241 sit
1519 4203 1694 4262 quam
1725 4188 1880 4262 quod
1911 4204 1944 4240 a

235 4268 345 4320 Deo
374 4259 612 4347 jussum
642 4262 975 4332 dictumque
1005 4259 1194 4327 fuerit,
1230 4261 1438 4314 idcirco
1468 4262 1557 4327 fas
1586 4261 1761 4324 fuerit
1790 4259 1941 4312 idem

235 4339 395 4406 quod
431 4336 610 4388 liceat.

300 4406 324 4439 δ
368 4408 634 4471 Nefarios
697 4403 977 4471 homines]
1035 4402 1329 4470 Improbos.
1372 4401 1711 4467 Nefandum,
1750 4398 1942 4470 inquit

234 4477 526 4532 Asconius
565 4475 845 4529 Pedianus
878 4476 932 4527 in
966 4478 994 4526 3
1029 4476 1224 4526 contra
1254 4475 1507 4537 Verrem,
1548 4477 1631 4525 est
1662 4487 1768 4525 non
1817 4472 1940 4540 fan—

235 4550 364 4604 dum
398 4565 414 4600 :
448 4546 754 4612 nefarium,
790 4545 943 4615 quod
992 4560 1146 4597 sacra
1199 4544 1401 4614 polluit
1455 4544 1603 4596 farre
1644 4542 1737 4615 pio
1778 4543 1943 4595 solita

236 4620 524 4705 celebrari
551 4635 561 4671 :
608 4634 744 4705 ergo
774 4612 973 4669 nefarii
999 4612 1287 4696 sacrilegi.
1340 4618 1409 4668 At
1437 4612 1757 4705 pqtavprim
1788 4615 1941 4705 nefa;
1980 4653 2023 4705 Β

235 4695 381 4743 rium
422 4690 493 4741 ab
526 4684 721 4740 eadem
773 4704 891 4741 esse
929 4687 1150 4755 origine
1182 4704 1212 4739 a
1260 4703 1373 4756 qua
1425 4686 1743 4756 nefandum,
1786 4684 1941 4753 quod

237 4763 321 4814 vir
350 4760 663 4828 improbus
693 4759 899 4827 dignus
948 4775 1064 4811 non
1124 4758 1197 4810 sit
1241 4755 1340 4827 qui
1380 4756 1551 4828 fando
1585 4755 1940 4809 celebretur:

239 4834 316 4886 sic
354 4827 575 4885 dicitur
606 4830 955 4883 detestabilis
988 4845 1155 4899 quem
1187 4828 1381 4899 testari
1412 4827 1584 4880 nefas.

310 4905 331 4937 "
380 4905 489 4956 Pro
515 4916 765 4969 pugnare
822 4902 975 4954 bonis
1004 4896 1389 5021 senatuique}
1420 4899 1478 4951 Id
1538 4901 1623 4949 est
1655 4912 1756 4965 pro
1790 4896 1946 4951 bonis

318 4990 424 5021 nm
454 4978 679 5021 senatu:
730 4972 819 5021 Sic
876 4971 1209 5021 Terentius:
1278 4973 1353 5021 Mi
1388 4972 1416 5021 ri
1462 4973 1671 5021 peccat.
1715 4971 1765 5021 si
1805 4966 1946 5021 ouid

239 4981 288 5028 et
313 4990 424 5043 pro
454 4966 679 5026 senatu:
730 4972 819 5026 Sic
876 4971 1221 5043 Terentius:
1248 4966 1416 5024 ’Mihi
1460 4973 1671 5043 peccat,
1715 4971 1765 5023 si
1805 4966 1949 5038 quid

236 5040 429 5115 peccat
457 5061 471 5096 ε
502 5044 581 5096 sic
618 5043 917 5115 vulgatum
944 5042 1111 5109 illud,
1139 5042 1478 5115 Tibimilitat
1499 5040 1690 5093 wther.

315 5115 339 5149 ⁸
382 5115 665 5170 Perditum
710 5119 807 5167 ire.
844 5114 859 5183 ]
912 5115 1031 5168 Non
1072 5114 1318 5182 perditos
1350 5114 1472 5164 ire:
1531 5112 1828 5181 quoniam,
1885 5114 1950 5164 ut

247 5186 625 5256 grammatice
668 5187 889 5255 loquar,
923 5186 1123 5253 supina
1155 5189 1287 5256 sunt
1319 5183 1555 5235 nomina
1583 5184 1947 5256 substantiua,

248 5253 428 5328 quare
460 5272 563 5309 nec
592 5253 758 5321 genus
804 5260 1030 5328 mutant
1060 5271 1163 5328 pro
1219 5255 1442 5328 diverso
1487 5270 1676 5328 genere
1718 5253 1952 5328 alterius

247 5322 506 5382 natiuis
533 5328 914 5381 szrbstanlivi:
942 5327 1020 5379 ait
1054 5322 1208 5379 enim
1239 5326 1456 5379 Tullius
1488 5326 1854 5392 madefactum
1880 5322 1954 5377 iri

253 5399 520 5453 Graeciam
565 5402 863 5466 sanguine;
918 5413 1020 5451 nec
1067 5397 1236 5450 etiam
1296 5412 1618 5451 numerum:
1677 5413 1806 5450 cum
1869 5395 1954 5450 Li-

251 5470 380 5522 vius
430 5470 599 5537 dicat,
646 5471 939 5523 latrocinia
996 5471 1073 5522 iri
1100 5468 1423 5522 sublatum:
1480 5468 1578 5522 sed
1622 5483 1792 5522 nemo
1834 5467 1955 5520 haec

261 5540 465 5593 nescit.

326 5610 352 5642 9
393 5612 471 5663 De
521 5611 814 5683 patribus.)
864 5611 1251 5683 Senatoribus:
1288 5614 1593 5683 senatores
1650 5608 1831 5683 enim“
1862 5608 1953 5663 di-

261 5686 472 5735 cuntur
511 5688 699 5751 patres
747 5680 812 5737 et
842 5687 1006 5736 aetate
1038 5686 1094 5735 et
1152 5681 1360 5749 ofticio,
1418 5686 1483 5735 ut
1533 5681 1698 5734 docet
1725 5680 1950 5735 Sallust.

262 5752 433 5807 initio
465 5754 599 5808 Belli
630 5754 983 5810 Catilinarii:
1018 5755 1111 5821 Hi,
1145 5752 1355 5824 inquit,
1386 5756 1488 5821 vel,
1519 5756 1675 5809 aetate
1708 5752 1791 5806 vel
1818 5767 1957 5807 cura?

3517 2074 3709 2128 uidem

2054 2091 2430 2142 szmmtuaine,
2485 2091 2674 2143 patres
2725 2091 3165 2143 appellabantur.
3223 2091 3404 2128 [mare
3475 2091 3736 2144 quidem,

2054 2146 2208 2216 quod
2239 2145 2421 2199 instar
2442 2151 2671 2216 patrum
2706 2146 2817 2198 sint
2847 2151 2980 2198 natu
3017 2145 3261 2215 grandes
3286 2162 3299 2198 :
3334 2147 3412 2198 sic
3439 2144 3654 2215 quippe
3677 2147 3747 2200 ab

2053 2221 2219 2271 aetate
2252 2216 2415 2271 senili
2447 2216 2583 2271 dicti
2615 2222 2749 2269 sunt
2795 2221 3104 2283 senatores,
3139 2220 3202 2269 ut
3230 2217 3348 2285 jam
3384 2217 3736 2279 monuimus,

2054 2288 2250 2343 Officio
2280 2304 2435 2355 vero,
2495 2288 2649 2358 quod
2704 2287 2848 2341 sicut
2879 2292 3072 2357 patres
3126 2288 3274 2340 filios
3330 2303 3483 2349 suos,
3533 2287 3614 2340 ita
3663 2287 3744 2340 illi

2053 2360 2469 2428 rempublicam
2500 2364 2739 2413 curent:
2775 2358 2879 2412 hos
2912 2358 3089 2418 enim,
3121 2358 3309 2428 inquit
3341 2360 3553 2423 Festus,
3584 2360 3746 2411 initio

2052 2431 2203 2483 urbis
2264 2431 2491 2484 condita:
2536 2431 2796 2484 Romulus
2841 2434 3051 2483 centum
3108 2428 3323 2497 delegit,
3374 2435 3435 2483 ut
3488 2444 3745 2495 agrorum

2052 2506 2235 2570 partes
2267 2502 2624 2554 attribuerent
2679 2502 3009 2554 tenuioribus
3060 2501 3289 2568 proinde
3344 2516 3405 2553 ac
3444 2501 3649 2566 liberis,
3681 2516 3745 2553 ac

2048 2575 2309 2640 pecunias
2353 2572 2676 2626 dividerent.
2735 2572 2871 2625 Vide
2909 2578 2972 2624 ut
3027 2575 3240 2624 crescat
3284 2571 3495 2639 injuria
3551 2571 3745 2624 Boetio

2054 2641 2245 2696 illata:
2278 2659 2411 2696 nam
2457 2658 2665 2712 magna
2696 2647 2780 2695 est
2832 2642 3043 2711 injuria
3077 2643 3440 2695 innocentem
3485 2642 3743 2695 Boetium

2054 2714 2187 2767 odio
2217 2714 2417 2767 haberi
2459 2715 2529 2768 ab
2560 2714 2857 2782 improbis,
2910 2715 3096 2783 major
3128 2714 3396 2766 eumdem
3428 2712 3499 2766 ab
3530 2712 3742 2783 hisre-

2052 2801 2184 2837 vera
2215 2786 2496 2855 opprimi;
2534 2781 2802 2847 maxima,
2839 2784 2907 2837 ab
2938 2781 3017 2837 iis
3042 2783 3141 2853 qui
3181 2790 3238 2836 et
3269 2788 3433 2855 aetate
3474 2786 3529 2836 et
3551 2781 3739 2855 ofﬁcio

2052 2852 2395 2909 tenebantur
2423 2856 2612 2924 ipsum
2642 2855 2791 2908 tueri
2817 2870 2828 2907 :
2859 2854 2955 2907 sed
3001 2854 3473 2924 incomprehensa
3503 2857 3558 2906 et
3595 2852 3741 2905 inef-

2053 2926 2261 2991 fabilis,
2295 2927 2365 2979 ab
2405 2923 2627 2995 iisdem]
2672 2927 2739 2978 de
2772 2925 2980 2995 quibus
3011 2925 3130 2995 ipse
3175 2924 3399 2978 Boetius
3436 2923 3598 2977 dictis
3626 2925 3738 2988 fac-

2056 3000 2191 3051 tisve
2222 2998 2435 3064 optime
2464 2997 2700 3050 meritus
2731 2994 2856 3050 fuit.

2129 3066 2171 3103 ¹⁰
2216 3068 2477 3137 Veronae]
2543 3069 2762 3120 Verona
2828 3071 2913 3120 est
2968 3065 3162 3120 civitas
3213 3064 3467 3122 Venetiae
3524 3080 3655 3134 quae
3711 3080 3743 3117 a

2056 3139 2225 3192 Gallis
2257 3136 2502 3203 condita,
2536 3139 2677 3191 duce
2709 3140 2955 3201 Brenno,
2987 3154 3020 3190 a
3050 3153 3163 3207 quo
3194 3138 3438 3190 Brenona
3466 3136 3738 3205 primum,

2054 3210 2259 3263 deinde
2295 3212 2528 3274 Verona,
2586 3214 2817 3263 auctore
2846 3206 3089 3275 Justino,
3125 3209 3161 3261 l.
3222 3222 3311 3273 xx,
3341 3207 3489 3260 dicta
3531 3210 3633 3260 est.
3670 3206 3740 3259 Ex

2055 3282 2159 3333 hac
2191 3281 2329 3333 urbe
2360 3286 2697 3349 praestantes
2729 3280 2833 3332 viri
2863 3280 2973 3333 orti
3004 3283 3173 3343 sunt;
3218 3286 3281 3330 ut
3332 3277 3608 3343 Catullus,
3639 3277 3742 3331 Ju-

1982 3356 2021 3408 C
2050 3352 2161 3405 lius
2193 3348 2444 3419 Scaliger
2475 3358 2547 3414 et,
2580 3356 2641 3403 ut
2662 3350 3004 3420 quibusdam
3031 3350 3240 3418 placet,
3265 3348 3499 3420 Plinius.

2130 3424 2168 3493 *ξ
2212 3418 2526 3493 Curarem]
2560 3418 2957 3481 Thebdericus,
2993 3420 3093 3490 qui
3123 3425 3243 3493 erat
3275 3434 3371 3473 rex
3401 3418 3596 3493 Italia}.

2130 3492 2173 3526 ¹²
2202 3489 2525 3560 Majestatis
2546 3496 2748 3547 crimen
2780 3495 2837 3545 in
2866 3489 3169 3560 Albinum]
3222 3492 3302 3543 De
3358 3489 3598 3543 crimine
3628 3504 3743 3542 ma-

2047 3564 2270 3633 jestatis
2302 3565 2517 3618 dictum
2550 3570 2633 3618 est
2662 3564 2721 3617 in
2752 3564 2857 3616 hac
2896 3579 3065 3633 prosa
3110 3560 3483 3633 adnotatione
3544 3560 3628 3628 l9,
3672 3560 3742 3613 de

2052 3632 2258 3689 Albino
2290 3651 2422 3688 vero
2453 3635 2648 3688 adnot.
2686 3638 2771 3699 l0,
2809 3632 2952 3688 sicut
2982 3638 3037 3686 et
3088 3634 3158 3686 de
3190 3636 3388 3685 senatu
3418 3632 3614 3685 adnot.
3647 3634 3735 3684 20.

2124 3710 2169 3744 ¹³
2208 3707 2423 3772 Quanta
2479 3708 2765 3759 securitate
2806 3704 3080 3773 periculi.]
3114 3703 3417 3769 Securitas,
3473 3702 3744 3771 inquiunt

2054 3777 2408 3847 philosophi,
2439 3782 2523 3830 est
2578 3782 2730 3829 recta
2779 3776 3115 3846 placidaque
3143 3774 3391 3847 Amentis,
3434 3774 3597 3847 _mala
3633 3773 3741 3826 im-

2052 3842 2364 3917 pendentia
2396 3842 2511 3900 non
2542 3842 2811 3911 curantis,
2861 3842 3227 3899 constitutio:
3261 3850 3326 3899 ut
3356 3842 3511 3897 enim
3547 3861 3578 3897 a
3607 3859 3739 3897 cura

2055 3920 2263 3971 dicitur
2301 3921 2546 3971 curiosus
2591 3918 2690 3987 qui
2719 3933 2845 3970 cura
2891 3917 3325 3985 praetermodum
3373 3918 3568 3982 utitur,
3600 3919 3743 3987 teste

2053 3990 2295 4055 Varone,
2332 4005 2364 4039 v
2408 3989 2477 4041 de
2512 3990 2569 4042 L.
2622 3990 2685 4052 1.,
2739 3988 2815 4039 sic
2850 4006 2881 4040 a
2922 4003 3058 4041 cura
3104 3992 3191 4040 est
3246 4002 3498 4051 securus,
3539 3986 3635 4057 qui
3666 3990 3743 4040 est

2052 4062 2168 4115 sine
2192 4075 2345 4113 cura.
2382 4059 2525 4113 Hinc
2568 4057 2841 4111 securitas
2870 4058 2961 4112 hic
2987 4062 3071 4111 est
3093 4056 3335 4125 periculi
3374 4056 3597 4111 incuria
3624 4057 3742 4111 sive

2053 4134 2434 4201 contemptus.
2470 4130 2575 4184 Sic.
2614 4129 2765 4199 Virg.
2805 4131 2927 4184 Ain.
2964 4145 3058 4194 vn,
3089 4145 3140 4181 ν.
3174 4128 3314 4183 302:

2177 4235 2312 4294 Quid
2340 4235 2537 4297 Syrtes,
2570 4238 2661 4281 aut
2690 4234 2861 4297 Scylla
2888 4234 3041 4297 mihi,
3066 4232 3197 4297 quid
3222 4235 3371 4297 vasta
3389 4231 3680 4294 Charybdis

2176 4294 2391 4348 Profuit
2410 4298 2434 4345 ?
2463 4301 2641 4359 Optato
2670 4294 2974 4344 conduntur
3005 4295 3231 4343 Tibridis
3260 4294 3430 4343 alveo.

2175 4361 2354 4410 Securi
2382 4359 2555 4423 pelagi
2580 4363 2735 4421 atque
2764 4359 2885 4407 mei.

2122 4468 2167 4503 "'
2208 4470 2272 4523 Se
2312 4468 2595 4536 probantis
2642 4468 2975 4521 conscientia:
3024 4464 3329 4534 secretum]
3381 4462 3741 4518 Conscientia

2050 4539 2369 4612 generatim
2414 4539 2584 4612 nihil
2617 4538 2772 4612 aliud
2804 4537 3045 4612 _videtur
3073 4551 3452 4612 qua_m__r_nens
3489 4536 3743 4612 cum‘sui

2052 4606 2173 4667 tum
2206 4627 2323 4664 suae
2354 4609 2720 4680 cogitationis
2742 4608 2921 4680 sciens
2948 4624 2960 4661 :
2984 4606 3134 4661 unde
3169 4607 3408 4675 Tullius,
3434 4623 3493 4659 ιιι
3516 4606 3586 4661 de
3610 4606 3742 4674 Off.,

2054 4686 2183 4740 Cum
2219 4678 2451 4750 jurato,
2483 4680 2692 4750 inquit,
2725 4678 2956 4750 dicenda
2978 4681 3247 4734 sententia
3292 4680 3381 4745 sit,
3438 4680 3743 4732 meminerit

2054 4749 2230 4810 Deum,
2250 4768 2304 4807 se
2333 4752 2528 4806 habere
2565 4749 2779 4814 testem,
2810 4749 2868 4802 id
2905 4754 3003 4813 est,
3046 4754 3107 4803 ut
3150 4766 3243 4818 ego
3291 4750 3556 4815 arbitror,
3597 4766 3742 4803 men—

2057 4832 2158 4880 tem
2210 4838 2402 4878 suam:
2434 4822 2586 4892 unde
2618 4820 2790 4892 etiam
2832 4824 2897 4872 ut
2944 4822 3094 4874 clara
3122 4821 3501 4892 distinctaque
3552 4821 3743 4892 cogni-

2056 4897 2234 4963 tione,
2268 4894 2347 4947 sic
2405 4891 2752 4946 conscientia
2795 4891 3225 4946 convincimur:
3259 4891 3438 4963 quare
3472 4891 3739 4959 Quintil.,

2059 4970 2173 5022 Ius.
2222 4969 2364 5018 orat.
2418 4964 2456 5017 l.
2491 4978 2543 5030 ν,
2594 4964 2941 5028 conscientia,
2984 4963 3080 5031 ait,
3113 4964 3259 5017 mille
3318 4968 3514 5018 testes:
3549 4978 3740 5018 sensus

2057 5040 2349 5105 interprete
2398 5050 2506 5088 non
2534 5038 2668 5101 eget.
2703 5033 2846 5088 Hinc
2881 5038 3076 5089 autem
3123 5034 3471 5089 conscientia
3499 5034 3745 5104 duplicis

2060 5108 2287 5180 generis
2335 5110 2441 5172 est,
2494 5120 2704 5174 nempe
2756 5105 2907 5180 bona
2963 5111 3021 5159 et
3064 5107 3213 5180 mala
3236 5108 3657 5180 :‘AConscientiaz
3688 5107 3747 5157 in

2060 5176 2343 5248 utramque
2368 5180 2579 5245 partem
2622 5192 2823 5244 magna
2854 5178 2934 5231 vis
2974 5182 3071 5245 est,
3106 5177 3182 5231 ait
3236 5177 3347 5232 Cic.
3389 5194 3494 5247 pro
3529 5176 3661 5239 Mil.,
3685 5180 3747 5228 ut

2059 5266 2229 5321 neque
2272 5252 2495 5303 timeant
2544 5250 2639 5313 qui
2691 5249 2834 5301 nihil
2877 5251 3331 5313 commiserunt,et
3362 5262 3580 5321 poenam
3609 5261 3747 5321 sem-

2058 5316 2155 5393 per
2180 5327 2302 5375 ante
2331 5321 2508 5375 oculos
2526 5322 2736 5393 versari
2756 5324 2975 5389 putent,
3007 5323 3103 5393 qui
3131 5316 3422 5393 peccarint.
3453 5316 3750 5393 conscien-

2062 5388 2142 5448 tia
2169 5394 2339 5459 bona,
2396 5396 2547 5445 recte
2588 5388 2869 5445 factorum
2900 5388 3323 5446 convincimur:
3361 5388 3509 5442 unde
3558 5403 3748 5440 recor-

2063 5467 2215 5519 datio
2262 5462 2697 5531 jucundissima,
2748 5480 2875 5535 quae
2908 5478 3060 5535 nunc
3090 5462 3295 5535 dicitur
3332 5460 3669 5535 conscientia;
3697 5473 3751 5511 se

2058 5528 2346 5607 probantis
2379 5538 2657 5602 secretum,
2686 5528 2861 5606 quod
2892 5540 2955 5589 ut
2983 5533 3149 5587 laude
3177 5532 3263 5585 sui
3295 5528 3752 5607 communicatur

2066 5608 2145 5661 sic
2174 5606 2473 5673 minuitur,
2506 5611 2707 5679 utpote
2745 5608 2935 5661 minus
2964 5608 3247 5659 secretum
3274 5618 3287 5657 :
3319 5607 3625 5679 propterea
3646 5606 3754 5679 sta-

2066 5683 2235 5733 tuuut
2279 5672 2657 5733 Stoicine’te
2692 5679 3005 5744 quasiveris
3064 5679 3259 5731 extra:
3315 5672 3368 5730 et
3416 5672 3750 5739 Macrobius,

2066 5750 2125 5804 in
2172 5750 2369 5806 Somn.
2427 5750 2575 5820 Scip.
2616 5750 2655 5803 l.
2688 5766 2727 5806 ιι
2758 5766 2806 5803 c.
2848 5750 2927 5804 lO.
2985 5750 3243 5816 Virtutis,
3278 5748 3487 5821 inquit,
3515 5747 3756 5813 fructum
