3996 6170
149 237 248 290 029

1175 234 1261 286 DE
1297 232 1824 289 CONSOLATIONE
1870 229 2355 288 PI-IILOSOPHIIE
2393 231 2523 286 LIB.
2567 232 2606 286 Ι.

3545 232 3646 286 630

151 365 330 419 stione
367 363 680 430 fuscarent,
716 365 730 396 ί
775 364 848 418 ob
888 362 1168 418 ambitum
1215 364 1509 434 dignitatis
1539 365 1836 434 sacrilegio
1873 365 1921 418 A
1949 379 2079 418 rum
2109 380 2201 419 me
2241 365 2547 436 spirituum
2578 364 2654 435 (5)
2688 363 2956 436 praesidia
2987 367 3234 436 captare,
3278 381 3452 436 quem
3491 370 3556 421 tu
3585 367 3647 423 in

150 472 235 510 me
261 447 671 507 conscientiam
702 454 973 525 polluisse
997 454 1223 508 mentiti
1247 458 1397 508 sunt.
1422 460 1521 508 58
1562 454 1736 526 Atqui
1782 459 1839 509 et

151 549 169 578 ²
201 550 255 598 tu
288 553 310 576 δ
352 543 526 596 insita
566 544 748 609 nobis,
798 560 1025 598 onmem
1067 560 1259 598 rerum
1306 545 1635 598 mortalium
1683 543 1838 614 cupi-

153 635 332 688 dinem
367 633 437 687 de
468 633 648 687 nostri
673 633 849 687 animi
880 635 1008 688 sede
1035 634 1304 704 pellebas,
1341 637 1394 688 et
1425 634 1528 687 sub
1561 633 1672 687 tuis
1701 649 1833 687 ocu-

153 725 213 778 lis
259 723 558 793 sacrilegio
607 724 796 777 locum
845 739 963 777 esse
1009 725 1089 776 fas
1138 739 1254 776 non
1302 727 1468 777 erat:
1517 722 1835 776 instillabas

159 814 295 867 enim
318 813 553 866 auribus
576 813 1136 884 cogitationibusque
1171 813 1428 884 quotidie
1461 813 1601 867 meis
1635 814 1836 883 Pytha-

160 902 402 974 goricum
431 901 578 957 illud
613 906 636 945 Ii
666 903 789 955 ἕπου
831 904 1111 976 ΘεῷφΝρο
1141 889 1512 960 conveniebat
1540 903 1838 958 vilissimo-

1946 453 2093 508 hanc
2135 455 2530 509 excellentiam
2577 454 2982 524 componebas,
3015 460 3081 510 ut
3119 455 3478 510 consimilem
3526 458 3642 512 Deo

1946 543 2178 597 faceres.
2229 549 2331 597 59
2376 543 2397 577 ³
2430 545 2715 597 Praeterea
2745 556 2767 584 ο
2807 544 3064 614 penetral
3104 544 3378 598 innocens
3411 546 3638 613 domus,

1945 632 2480 687 honestissimorum
2533 633 2559 674 ιι
2619 634 2794 686 coetus
2864 634 3200 701 amicorum,
3261 650 3416 688 socer
3468 635 3640 689 etiam

1945 722 2318 794 Symmachus
2349 725 2593 790 sanctus,
2626 725 2681 776 et
2719 737 2882 792 aeque
2914 739 2975 776 ac
3014 726 3077 776 tu
3108 723 3231 794 ipsa
3273 724 3636 792 reverendus,

1945 812 2015 866 ab
2069 812 2228 866 omni
2267 827 2372 866 nos
2420 811 2592 882 hujus
2639 810 2896 866 criminis
2937 812 3260 883 suspicione
3304 813 3635 870 defendunt.

1598 1025 2184 1084 INTERPBETATIO.

220 1144 242 1168 εδ
270 1134 308 1187 0
340 1133 708 1204 philosophia

221 1209 243 1248 ἒν
270 1206 498 1271 Sequere
530 1209 712 1261 Deum.

2018 1146 2039 1170 ε
2067 1135 2238 1188 Locus
2268 1134 2494 1188 interior
2525 1135 2899 1201 secretiorque.

2018 1207 2044 1250 d
2076 1207 2330 1261 Societas.

1780 1305 2007 1360 ΝΟΤίΕ.

164 1411 382 1464 δίιιιῐὶῖωη
425 1415 480 1462 in
511 1413 757 1463 senatum
791 1425 803 1463 :
839 1425 952 1480 quo
981 1407 1126 1463 nihil
1159 1408 1474 1477 elegantius
1507 1424 1626 1462 esse
1655 1410 1834 1479 possit

165 1485 223 1535 ad
251 1482 700 1549 exaggerandam
737 1481 870 1533 hinc
904 1480 1435 1550 magnanimitatem
1467 1479 1666 1547 Boetii,
1700 1481 1832 1535 inde

165 1553 397 1607 omnium
431 1558 768 1604 senatorum
803 1552 1111 1619 ignaviam.

225 1627 240 1656 ξ
270 1625 337 1677 Ob
370 1624 633 1676 ambitum
675 1624 965 1689 dignitatis
1002 1625 1326 1689 sim‘ilegio.l
1367 1624 1644 1688 Quartum
1696 1625 1828 1676 Boe-

163 1695 216 1748 tii
247 1695 455 1746 crimen
507 1700 590 1746 est
626 1696 997 1760 sacrilegium;
1033 1696 1130 1747 sed
1177 1696 1235 1747 in
1264 1712 1376 1765 quo
1423 1700 1676 1746 versetur
1725 1695 1831 1746 hoc

165 1769 506 1831 sacrilegium,
544 1782 661 1817 non
700 1767 778 1818 ita
817 1767 1183 1819 manifestum
1232 1772 1332 1818 est.
1373 1766 1615 1818 Gallicus
1654 1767 1832 1818 Boetii

167 1839 420 1905 interpres
455 1838 520 1888 de
551 1839 603 1889 la.
636 1837 920 1889 Bone/aerio
955 1838 1008 1889 id
1053 1837 1170 1888 vitii
1202 1837 1259 1890 in
1303 1837 1408 1889 hoc
1441 1838 1652 1889 versari
1685 1837 1832 1890 arbi-

168 1915 343 1970 tratur,
376 1908 528 1976 quod
575 1908 799 1960 Boetius
846 1907 1112 1975 suli‘ragia
1146 1909 1213 1960 ad
1265 1909 1662 1972 magistratum
1705 1925 1836 1961 con-

164 1980 496 2048 sequendum
541 1979 857 2031 necessaria
897 1979 1027 2031 dolo
1071 1979 1176 2030 sibi
1218 1981 1632 2045 conciliaverit;
1678 1981 1834 2049 quod

167 2052 324 2103 Latini
360 2054 560 2119 crimen
605 2050 858 2114 ambitus,
893 2068 922 2102 a
972 2050 1379 2103 circumeundo
1427 2052 1834 2119 supplicando-

163 2139 277 2192 que,
308 2122 482 2173 lirmei
517 2118 844 2191 erumna»
885 2128 1105 2185 vocant,
1144 2123 1413 2190 quodque
1456 2118 1583 2174 latis
1617 2123 1833 2189 legibus

162 2192 505 2262 puniebatur.
554 2192 662 2244 Alii
714 2209 866 2255 vero,
918 2198 980 2244 ut
1035 2194 1278 2244 Thomas
1328 2199 1382 2245 et
1423 2194 1741 2254 Ascensius,
1776 2195 1832 2245 id

163 2265 342 2316 vitium
375 2269 581 2333 putant
607 2262 803 2327 fuisse,
828 2264 983 2332 quod
1007 2266 1174 2326 vulgo
1206 2264 1446 2317 dicimus
1475 2265 1828 2332 sortilegium,

161 2352 261 2405 quo
301 2337 530 2387 nomine
577 2335 800 2387 videtur
834 2334 912 2386 uti
957 2336 1079 2404 ipse
1112 2336 1330 2387 Plinius
1381 2337 1416 2388 l.
1461 2352 1646 2402 xxvui,
1679 2353 1726 2388 c.
1777 2338 1830 2400 4,

162 2407 216 2459 ad
267 2405 662 2475 signiﬁcandas
714 2407 990 2474 quasdam
1046 2405 1295 2474 magicas
1347 2407 1825 2475 superstitiones:

159 2477 296 2530 unde
338 2477 481 2530 forte
526 2493 632 2545 pro
680 2478 960 2544 sacrilegio
1008 2478 1312 2546 legendum
1348 2480 1658 2545 sortilegio:
1705 2495 1834 2548 quae

160 2549 370 2618 quidem
411 2547 607 2617 Opinio
643 2548 733 2600 his
783 2548 1098 2602 rationibus
1138 2549 1470 2602 conﬁrmari
1517 2547 1740 2616 potesti
1783 2553 1832 2600 1ο

161 2620 298 2672 enim
335 2621 471 2689 ipsis
516 2619 703 2673 Boetii
749 2620 1124 2689 temporibus,
1179 2621 1277 2689 qui
1313 2625 1430 2672 arte
1467 2621 1737 2690 quadam,
1771 2625 1835 2673 ut

160 2693 449 2760 priestabat
501 2691 752 2755 Boetius,
788 2692 1008 2743 czeteris
1059 2697 1331 2760 praestare
1376 2692 1737 2756 videbantur,
1773 2691 1833 2744 hi

163 2779 260 2815 non
295 2778 416 2814 raro
451 2766 588 2815 artis
624 2767 843 2827 magica:
889 2763 1318 2826 accusabantur,
1351 2762 1508 2816 testis
1544 2763 1835 2816 Cassiodo-

165 2851 240 2886 rus
275 2834 308 2886 l.
344 2850 396 2885 iv
426 2835 579 2898 Var.,
615 2851 704 2902 ep.
739 2837 807 2886 ‘22
839 2839 894 2886 et
941 2835 1030 2897 “23,
1062 2833 1157 2886 ubi
1183 2832 1370 2886 Basilii
1404 2838 1459 2886 et
1507 2833 1833 2886 Prmtextati

164 2906 310 2972 hujus
333 2904 590 2957 criminis
613 2909 1006 2957 accusatorum
1034 2921 1200 2958 causa
1227 2905 1480 2974 quinque
1505 2909 1833 2957 senatorum

160 2976 348 3043 judicio
393 2975 793 3041 committitur,
825 2981 883 3028 ut
928 2992 1019 3029 nec
1051 2978 1434 3044 opprimantur
1470 2978 1704 3043 innoarii,
1739 2992 1832 3028 nec

165 3049 274 3113 leges
304 3048 542 3100 evadant
565 3050 870 3112 criminosi;
903 3051 959 3098 '20
989 3047 1195 3116 quibus
1229 3048 1580 3115 argumentis
1612 3063 1669 3099 se
1703 3050 1834 3100 Boe-

165 3119 252 3171 tius
300 3120 373 3172 de
413 3119 700 3188 ejusmodi
748 3119 983 3172 crimine
1016 3123 1243 3188 purgat,
1291 3120 1412 3170 iltPC
1453 3120 1669 3170 tantam
1719 3134 1834 3171 non

164 3189 352 3242 habent
391 3207 494 3260 pro
525 3189 852 3257 democopia,
889 3196 1161 3258 quantam
1207 3205 1311 3258 pro
1351 3191 1625 3255 sortilegio
1653 3189 1833 3242 virtu-

166 3267 275 3327 tem,
309 3266 380 3314 ut
406 3261 599 3314 statim
641 3261 950 3322 videbitur;
983 3264 1039 3312 3“
1076 3276 1194 3313 non
1231 3266 1344 3313 tam
1393 3261 1627 3313 ambitus
1661 3276 1834 3329 quam

164 3335 406 3399 sortilegii
456 3335 675 3384 crimen
729 3333 787 3384 iu
843 3331 1265 3400 philosophiam
1327 3332 1549 3385 refundi
1607 3336 1830 3401 potest:

165 3404 609 3473 quandoquidem
643 3403 799 3471 prius
822 3402 994 3455 etiam
1027 3404 1390 3471 ignarorum,
1415 3404 1696 3471 posterius
1718 3419 1834 3456 non

165 3474 250 3525 nisi
277 3476 584 3528 doctorum
618 3474 913 3528 dicebatur
943 3490 1083 3527 esse.
1120 3473 1294 3543 Atqui
1343 3477 1437 3528 hoc
1477 3480 1613 3542 ipso,
1648 3474 1835 3543 inquit

169 3546 368 3598 Boetius
403 3550 618 3614 postea,
643 3545 947 3598 videbimur
968 3548 1160 3613 afﬁnes
1189 3548 1360 3610 fuisse
1383 3547 1658 3612 maleﬁcio,
1691 3545 1834 3613 quod

169 3619 249 3668 tuis
276 3618 474 3670 imbuti
508 3617 843 3684 disciplinis,
878 3619 982 3670 tuis
1009 3619 1250 3669 instituti
1285 3617 1522 3670 moribus
1551 3632 1758 3668 sumus.

222 3688 442 3753 Verum,
479 3687 692 3757 inquis,
733 3688 947 3740 crimen
979 3689 1213 3741 ambitus
1249 3694 1391 3740 recte
1425 3687 1635 3740 dicitur
1659 3689 1832 3739 sacri-

167 3760 326 3824 legium
362 3777 379 3812 :
414 3760 571 3829 quod
613 3759 720 3812 hoc
767 3759 1049 3811 violentur
1080 3760 1250 3826 leges,
1287 3764 1343 3812 et
1387 3764 1829 3826 sacramentum,

168 3830 262 3900 sine
291 3847 405 3900 quo
441 3831 509 3883 ad
544 3831 907 3898 magistratus
940 3830 1161 3899 antiqui
1210 3846 1322 3882 non
1353 3830 1654 3898 pervenire
1688 3831 1832 3883 sole-

169 3899 563 3954 bantICrimen
596 3917 726 3953 vero
761 3903 954 3968 magia;
985 3917 1097 3953 non
1131 3900 1208 3953 ita
1239 3901 1381 3954 bene
1413 3900 1620 3954 dicitur
1652 3904 1832 3954 sacri-

173 3972 355 4038 legium.
393 3977 486 4035 At,
521 3972 781 4040 inquam,
813 3973 1067 4041 primum
1103 3971 1148 4024 si
1187 3972 1489 4040 legendum
1528 3972 1698 4025 fuerit
1729 3989 1832 4041 pro

170 4047 417 4111 sacrilegio
465 4045 819 4109 sortilegium,
873 4048 935 4096 ut
983 4043 1131 4096 forte
1177 4043 1500 4113 legendum,
1534 4043 1654 4096 haec
1686 4042 1833 4096 diffi-

173 4115 315 4167 cultas
343 4117 510 4168 nulla
555 4119 656 4167 est.
693 4113 906 4168 Deinde
948 4116 1216 4181 sortilegii
1269 4130 1380 4165 non
1426 4114 1617 4166 minus
1660 4130 1834 4184 quam

174 4186 368 4240 ambitus
391 4186 638 4239 crimine
671 4185 958 4238 violautur
987 4186 1143 4254 leges
1167 4191 1220 4238 et
1249 4189 1691 4251 sacramentum,
1723 4201 1834 4254 quo

177 4256 414 4310 nimirum
445 4256 615 4327 aquis
647 4256 976 4310 lustralibus
1002 4255 1228 4327 initiati
1257 4257 1434 4308 malos
1479 4256 1678 4325 genios
1712 4257 1833 4323 eju-

175 4327 387 4382 ravimus
422 4345 436 4381 :
471 4325 606 4381 hinc
637 4328 1019 4392 Cassiodorus,
1052 4325 1326 4397 praedicta
1361 4327 1524 4396 epist.
1561 4330 1648 4386 '2'2,
1701 4329 1832 4381 Ver-

177 4401 285 4470 sari,
327 4400 516 4470 inquit
559 4415 666 4452 non
700 4401 821 4452 licet
863 4402 921 4452 in
959 4401 1182 4465 magicis
1233 4399 1464 4457 artibus,
1510 4399 1836 4470 temporibus

179 4468 489 4539 Christianis;
537 4472 829 4524 Postremo
876 4471 1204 4539 sacrilegus,
1241 4471 1394 4522 unde
1447 4469 1832 4538 sacrilegium,

181 4537 366 4612 dicetur
394 4543 562 4612 quasi
596 4557 753 4594 sacra
795 4543 986 4611 legens
1031 4537 1144 4594 sive
1193 4542 1389 4594 furnus
1420 4557 1430 4592 :
1468 4537 1841 4609 legere'ienim

183 4610 321 4664 etiam
354 4610 533 4667 furari
567 4617 649 4665 est
679 4629 691 4664 :
728 4610 879 4666 unde
913 4613 1064 4682 Virg.
1101 4613 1201 4665 ecl.
1239 4613 1290 4679 9,
1325 4629 1377 4665 v.
1409 4615 1471 4664 '21
1516 4625 1527 4665 ξ

285 4717 366 4767 Vel
391 4733 510 4782 qua:
539 4719 744 4782 sublegi
779 4720 965 4767 tacitus
995 4719 1088 4768 tibi
1111 4718 1346 4768 carmina
1377 4732 1560 4782 nuper.

183 4821 266 4896 Sed
294 4827 386 4894 qui
433 4826 726 4896 praedictae.
770 4826 1161 4896 superstitioni
1193 4830 1374 4892 vacat,
1408 4827 1452 4879 is
1486 4827 1700 4880 cultum
1733 4827 1846 4880 Deo

185 4892 405 4970 debitum
434 4892 905 4970 'furatur.rNunc
962 4898 1208 4952 videnda
1254 4902 1595 4969 argumenta
1639 4898 1847 4968 quibus

187 4963 299 5037 illud
327 4969 539 5022 crimen
580 4969 806 5022 Boetius
841 4974 1066 5037 purgat.

206 5103 214 5110 _
241 5035 259 5067 ³
288 5040 359 5091 Tu
387 5043 553 5094 insita
583 5041 756 5094 nobis.
791 5039 810 5110 j
843 5035 1100 5093 Primum
1129 5044 1534 5109 argumentum
1568 5055 1682 5109 quo
1714 5041 1849 5094 Boe-

185 5108 276 5157 tius
323 5125 378 5163 se
430 5129 461 5164 a
512 5108 808 5180 praedicto~
842 5117 1050 5181 purgat
1095 5108 1359 5171 crimine,
1405 5108 1730 5164 desumitur
1777 5128 1846 5165 ex

187 5184 320 5253 parte
341 5182 518 5253 ipsius
552 5183 927 5251 phi1050phia-
964 5199 1090 5253 quae
1123 5183 1305 5236 menti
1346 5183 1612 5236 humanae
1653 5183 1843 5250 insita,

189 5246 310 5322 hanc
339 5246 411 5304 ita
457 5246 707 5323 sejungit
736 5246 795 5306 δ’
819 5246 997 5306 rebus
1025 5255 1272 5322 caducis,
1316 5259 1379 5307 ut
1420 5255 1682 5307 eamdem
1715 5246 1847 5307 con;

188 5327 360 5395 Juugat
379 5340 502 5377 cum
530 5325 700 5377 rebus
721 5325 1035 5394 perpetuis,
1051 5343 1165 5379 non
1189 5325 1259 5378 iis
1283 5325 1516 5395 quidem
1537 5326 1847 5392 vilissimis,

192 5391 478 5467 sed'earum
508 5396 603 5449 uni
637 5403 691 5449 et
719 5391 941 5464 primm,
975 5398 1252 5450 nimirum
1287 5391 1421 5461 Deo,
1458 5400 1620 5467 cujus
1651 5397 1850 5449 simili-

193 5459 415 5538 tudinem
445 5466 641 5538 habet.
691 5459 784 5519 Est
829 5459 1058 5537 quidem
1110 5459 1471 5538 philosophia
1523 5459 1702 5521 menti
1735 5468 1849 5520 hu—

196 5541 372 5610 Πξξιηξυ,
405 5536 455 5588 id
503 5543 582 5591 est
613 5540 764 5591 nobis
806 5536 992 5605 insita,
1028 5536 1161 5609 quia
1189 5543 1308 5592 tota
1339 5536 1617 5592 'versatur
1665 5539 1723 5591 in
1756 5556 1847 5592 co-

197 5605 457 5683 gitatione,
517 5610 836 5683 cognitione
881 5605 1109 5683 scilicet
1156 5611 1303 5683 clara
1355 5615 1411 5663 et
1466 5610 1749 5683 distincta,
1796 5613 1853 5664 et

197 5670 382 5752 judicio
413 5670 558 5752 quod
581 5670 692 5734 hoc
723 5681 1052 5752 cognitione
1089 5681 1364 5735 fundatur
1397 5698 1410 5735 :
1446 5670 1849 5750 cogitationu-

200 5741 296 5794 teni
348 5741 548 5816 optime
598 5741 825 5807 dicitur”
849 5753 1093 5824 qualitas
1144 5754 1352 5807 mentis
1396 5741 1688 5823 humanae,
1737 5753 1851 5808 sive

1940 1413 2095 1466 nobis
2134 1411 2325 1464 insita.
2369 1409 2578 1463 Eadem
2623 1405 2987 1477 philosophia
3025 1411 3281 1463 mentem
3326 1409 3640 1464 humanam

1943 1482 2196 1552 sejungit
2226 1498 2257 1533 a
2290 1481 2460 1534 rebus
2501 1479 2742 1545 caducis,
2777 1479 2881 1532 hoc
2930 1484 3015 1534 est
3045 1496 3249 1534 omnem
3281 1497 3458 1534 rerum
3492 1497 3638 1535 mor-

1945 1556 2136 1608 talium
2167 1553 2476 1621 cupidinem.
2498 1551 2562 1604 de
2587 1551 2957 1623 nostrianimi
2983 1552 3104 1605 sede
3138 1553 3327 1621 pellit:
3362 1553 3640 1623 quoniam

1942 1625 2207 1679 omnibus
2239 1624 2572 1676 moderatur
2602 1622 2810 1675 mentis
2849 1622 3161 1685 affectibus,
3198 1622 3453 1693 adeoque
3509 1625 3641 1677 huic

1940 1696 2276 1767 praisertim"
2295 1710 2496 1767 rerum
2537 1694 2879 1767 caducarum
2929 1694 3243 1764 cupiditati,
3279 1711 3406 1767 quae
3441 1699 3496 1746 et
3544 1697 3638 1748 ho-

1942 1764 2110 1821 mines
2143 1765 2326 1820 reddit
2359 1781 2516 1820 cazcos
2548 1765 2699 1834 apud
2741 1764 3090 1831 Ciceronem,
3121 1770 3176 1819 et
3204 1766 3373 1819 mdia:
3403 1769 3640 1820 omnium

1942 1842 2206 1893 malorum
2239 1843 2317 1890 est
2350 1837 2501 1907 apud
2543 1836 2900 1905 Apostolum,
2943 1838 2962 1889 Ι
2994 1837 3138 1890 Tim.
3173 1853 3245 1892 v1.
3282 1839 3409 1906 Ipsa
3451 1837 3640 1907 philo-

1944 1910 2145 1979 sophia
2175 1913 2427 1962 mentem
2461 1907 3104 1979 humanamconjungit
3136 1923 3266 1962 cum
3303 1907 3470 1960 rebus
3510 1924 3638 1977 per-

1942 1978 2130 2052 petuis
2155 1997 2166 2034 :
2194 1984 2253 2034 ut
2272 1979 2532 2052 videlicet
2562 1982 2723 2052 parte
2745 1978 2842 2052 illa
2874 1994 3003 2031 cum
3028 1995 3140 2052 qua
3172 1995 3333 2033 mens
3363 1979 3635 2045 humana,

1942 2048 2216 2105 instinctu
2245 2051 2649 2121 phi1050phim,
2673 2048 3000 2102 societatem
3034 2050 3158 2114 init,
3193 2056 3475 2104 aeternum
3505 2066 3637 2120 per-

1944 2127 2259 2188 severante,
2295 2126 2541 2175 aeternus
2581 2136 2700 2174 esse
2743 2121 2923 2189 possit
2968 2135 3148 2184 amos,
3183 2128 3510 2191 aeternaque
3545 2122 3638 2175 id—

1942 2196 2090 2248 circo
2120 2195 2236 2259 illa,
2273 2209 2400 2263 quae
2431 2193 2584 2246 illius
2618 2191 2827 2244 amoris
2854 2208 3044 2245 comes
3075 2197 3160 2245 est
3191 2192 3508 2260 individua,
3542 2207 3638 2246 vo-

1941 2268 2146 2336 luptas.
2192 2268 2263 2317 At
2291 2262 2668 2336 philosophia
2708 2277 2827 2316 non
2857 2263 2992 2336 sinit
3031 2267 3282 2336 mentem
3322 2263 3638 2318 humanam

1943 2334 2025 2390 sic
2076 2337 2368 2390 adhazrere
2425 2335 2595 2389 rebus
2646 2334 2940 2404 perpetuis
2995 2335 3219 2402 creatis,
3271 2351 3411 2404 quas
3456 2336 3640 2390 malos

1915 2409 2141 2478 genios
2187 2423 2474 2472 vocamus,
2520 2411 2582 2458 ut
2626 2406 2725 2478 sub
2775 2405 2899 2476 ejus
2943 2407 3108 2460 oculis
3158 2408 3443 2475 sacrilegio
3494 2409 3641 2461 locus

1944 2481 2058 2533 sit:
2093 2479 2327 2532 instillat
2369 2479 2510 2531 enim
2557 2477 2784 2530 auribus
2832 2478 3361 2547 cogitationibusque
3401 2479 3641 2543 quotidie

1941 2554 2139 2604 nostris
2171 2550 2589 2619 Pythagoricum
2631 2548 2774 2601 illud
2807 2547 2929 2598 ἕπον
2971 2556 3102 2618 Θεῷ,
3148 2565 3387 2619 sequere
3434 2550 3638 2615 Deum,

1943 2622 2095 2692 quod
2129 2622 2302 2674 etiam
2340 2621 2582 2673 habetur
2623 2620 2928 2672 Deuteron.
2979 2637 3074 2674 xm
3109 2637 3120 2673 :
3150 2623 3443 2674 Dominum
3473 2624 3641 2675 Deum

1940 2698 2178 2746 vestrum
2215 2693 2522 2760 sequimini,
2555 2695 2603 2743 et
2651 2693 2827 2758 ipsum
2865 2693 3062 2754 timete,
3103 2696 3152 2744 et
3187 2692 3451 2745 mandata
3485 2693 3638 2747 illius

1943 2764 2223 2828 custodite,
2268 2768 2316 2817 et
2357 2762 2543 2815 audite
2581 2777 2754 2815 vocem
2802 2763 2920 2829 ejus
2951 2780 2963 2814 :
2998 2765 3109 2830 ipsi
3137 2765 3401 2824 serviet-is,
3435 2767 3486 2816 et
3528 2765 3641 2831 ipsi

1943 2836 2311 2889 adhmreln’tis.
2351 2833 2608 2903 Denique
2652 2848 2781 2886 cum
2823 2832 3190 2902 philosophia
3218 2834 3514 2887 hominem
3542 2835 3639 2899 fa-

1942 2910 2051 2960 ciat
2098 2909 2200 2959 Deo
2241 2905 2588 2966 consimilem,
2624 2920 2736 2956 non
2784 2903 3019 2973 quidem
3067 2919 3324 2974 corpore,
3357 2905 3636 2974 quemad-

1941 2977 2180 3030 modum
2234 2975 2505 3046 expressit
2539 2974 2855 3044 Virgilius:
2908 2975 2975 3046 Os
3021 2977 3373 3043 numerosque
3419 2975 3515 3029 deo
3557 2977 3636 3029 si-

1873 3052 1912 3106 C
1941 3052 2103 3102 mitis.
2149 3045 2312 3100 Deus
2340 3046 2553 3116 quippe
2589 3050 2674 3098 est
2721 3045 2975 3114 corporis
3019 3061 3241 3116 expers,
3275 3046 3374 3100 sed
3419 3049 3635 3114 mente,

1946 3120 2196 3173 efﬁciens
2237 3118 2447 3171 scilicet
2487 3121 2548 3170 ut
2578 3131 2758 3187 mens
2784 3120 2980 3170 nostra
3011 3117 3191 3170 instar
3225 3117 3326 3171 Dei
3357 3117 3636 3187 cogitans,

1945 3207 2048 3243 nec
2080 3189 2370 3242 erroribus
2415 3203 2520 3240 nec
2566 3187 2716 3239 vitiis
2747 3186 3065 3257 indulgeat,
3100 3193 3404 3258 propterea
3435 3186 3636 3243 eadem

1944 3260 2308 3332 philosophia
2349 3263 2603 3332 mentem
2636 3261 2892 3332 nostram
2926 3259 3004 3332 ita
3033 3258 3334 3329 conjungit
3360 3275 3490 3332 cum
3520 3261 3637 3315 Deo

1943 3329 2219 3402 tanquam
2267 3346 2397 3384 cum
2429 3331 2615 3399 primo
2658 3329 2914 3382 veritatis
2953 3329 3292 3400 virtutisque
3337 3330 3634 3400 magistro,

1943 3409 2005 3457 ut
2033 3420 2138 3457 non
2177 3403 2457 3458 conveniat
2489 3403 2878 3454 vilissimorum
2921 3416 3015 3454 nos
3045 3405 3340 3470 spirituum
3374 3402 3640 3471 prmsidia

1942 3482 2181 3546 capture.
2219 3473 2722 3546 Vilissimiautem
2764 3472 2848 3525 illi
2881 3472 3134 3546 spiritus
3183 3477 3317 3546 sunt
3361 3473 3499 3546 mali
3533 3490 3637 3543 ge—

1942 3542 2043 3613 nii,
2079 3561 2326 3618 quorum
2353 3561 2460 3614 ope
2499 3544 2766 3618 homines
2797 3542 3053 3618 quidam
3083 3544 3299 3618 perditi
3320 3544 3466 3618 mira
3496 3542 3639 3614 pra:-

1942 3614 2114 3676 stare'
2138 3617 2470 3680 creduntur,
2509 3631 2622 3669 non
2667 3615 2854 3669 solum
2916 3632 2947 3667 a
2996 3614 3356 3683 Christianis,
3397 3615 3638 3668 docente

1943 3690 2152 3758 saepius
2184 3705 2343 3741 sacro
2375 3691 2562 3751 textu;
2591 3687 2689 3740 sed
2719 3685 2891 3740 etiam
2913 3685 2982 3740 ab
3012 3685 3153 3756 ipsis
3181 3685 3441 3758 paganis.
3482 3687 3638 3741 Unde

1943 3761 2096 3830 Virg.
2133 3759 2234 3813 ecl.
2271 3763 2321 3826 8,
2358 3759 2500 3812 v.69
2536 3774 2548 3810 :

2067 3847 2313 3895 Carmina
2341 3846 2425 3894 vel
2449 3845 2583 3894 coelo
2614 3849 2838 3907 possunt
2862 3844 3120 3893 deducere
3150 3845 3334 3893 lunam
3361 3859 3374 3892 :

2065 3909 2398 3957 Carminibus
2429 3909 2575 3963 Circe
2603 3908 2772 3955 socios
2806 3908 3028 3955 mutavit
3058 3908 3262 3969 Ulyssei
3297 3923 3308 3955 :

2065 3970 2309 4033 Frigidus
2335 3971 2389 4018 in
2413 3970 2576 4033 pratis
2603 3970 2867 4018 cantando
2895 3971 3157 4032 rumpitur
3183 3971 3388 4034 anguis.

1945 4054 2135 4107 Horat.
2163 4051 2340 4122 Epod.
2376 4050 2469 4104 od.
2508 4054 2568 4103 l7
2603 4066 2614 4104 :

2192 4139 2274 4188 An
2304 4152 2422 4201 quae
2456 4151 2668 4186 movere
2699 4151 2874 4186 cereas
2899 4136 3177 4201 imagines,

2190 4203 2259 4250 Ut
2287 4200 2396 4263 ipse
2426 4201 2566 4249 nosti
2595 4201 2852 4257 curiosus,
2882 4206 2933 4248 et
2957 4200 3082 4263 Polo

2189 4261 2436 4324 Deri'pere
2466 4263 2647 4310 lunam
2678 4263 2897 4311 vocibus
2923 4262 3119 4324 possim
3146 4261 3294 4310 meis.

2192 4325 2394 4375 Possim
2428 4329 2684 4374 crematos
2714 4325 2942 4374 excitare
2973 4328 3215 4374 mortuos

2194 4388 2534 4450 Desiderique
2561 4391 2850 4450 temperare
2879 4387 3149 4450 poculum.

1877 4450 1919 4503 θ
1950 4470 2108 4527 Ovid.
2140 4473 2196 4523 et
2225 4469 2342 4524 alii.

2023 4543 2046 4574 ³
2105 4544 2368 4596 Prwterea
2416 4540 2708 4609 penetral]
2762 4539 3478 4612 Alterumiargumentum
3527 4557 3641 4612 quo

1957 4613 2184 4667 Boetius
2232 4629 2290 4666 se
2331 4616 2538 4681 purgat
2577 4628 2610 4665 a
2654 4610 2925 4681 praedicto
2974 4611 3235 4676 crimine,
3269 4610 3642 4682 accipitur—ex

1952 4685 2162 4738 virtute
2210 4683 2505 4753 praestanti
2552 4682 3020 4749 domesticorum,
3052 4682 3370 4736 amicorum
3413 4687 3468 4736 et
3509 4684 3642 4738 alti-

1953 4755 2138 4819 nium,
2171 4771 2301 4808 cum
2330 4755 2540 4824 quibus
2570 4754 2724 4808 idem
2750 4754 2973 4808 Boetius
2999 4754 3295 4825 antiquam
3318 4753 3518 4808 habuit
3549 4772 3644 4810 ne-

1953 4826 2379 4881 cessitudinem.
2438 4826 2577 4879 Cum
2624 4825 2781 4878 enim
2830 4826 3010 4878 virtus
3049 4830 3105 4878 et
3143 4824 3358 4879 'vitium
3406 4826 3485 4880 ita
3533 4828 3646 4884 sint

1954 4899 2261 4965 contraria,
2300 4902 2362 4951 ut
2390 4897 2546 4951 nulla
2581 4913 2700 4950 esse
2732 4897 2908 4966 possit
2946 4895 3168 4951 virtutis
3196 4896 3437 4966 Vitiique
3470 4900 3646 4954 socie-

1954 4981 2062 5039 tas,
2097 4971 2142 5024 si
2172 4974 2326 5024 arcta
2355 4968 2528 5024 fuerit
2574 4968 2725 5022 inter
2755 4967 3062 5038 quemdam
3109 4969 3316 5035 virum,
3351 4973 3408 5023 et
3435 4971 3646 5039 probos

1955 5042 2323 5104 domesticos,
2385 5039 2616 5107 amicos,
2672 5039 2987 5110 afﬁnesquc
3045 5041 3302 5108 societas,
3365 5046 3515 5095 certe
3563 5042 3650 5095 vir

1955 5113 2055 5166 ille
2096 5131 2212 5167 non
2242 5114 2409 5167 debet
2440 5127 2562 5165 esse
2594 5115 2890 5180 suspectus
2919 5111 3072 5164 illius
3101 5112 3421 5182 praesertim
3457 5111 3648 5165 crimi-

1958 5185 2047 5237 nis
2077 5184 2230 5255 quod
2271 5184 2383 5236 illis
2431 5183 2810 5238 familiaribus
2853 5199 2958 5236 nec
3001 5184 3265 5254 ignotum
3313 5199 3432 5236 esse
3461 5183 3652 5252 potuit

1960 5271 2064 5309 nec
2113 5256 2599 5325 irreprehensum.
2637 5255 2778 5309 Cum
2821 5270 2955 5323 ergo
2993 5255 3208 5308 crimen
3256 5255 3540 5320 sortilegii,
3585 5259 3654 5309 ut.

1960 5331 2094 5396 pote
2146 5327 2296 5396 quod
2332 5330 2394 5379 ut
2419 5326 2668 5395 gravius,
2703 5327 2781 5379 sic
2812 5330 2869 5380 et
2906 5326 3261 5396 frequentius
3309 5329 3364 5376 et
3403 5325 3652 5396 manife-

1961 5395 2103 5450 stius
2137 5395 2220 5450 eSt
2250 5397 2487 5450 crimine
2520 5398 2779 5464 ambitus,
2809 5413 2925 5450 non
2955 5395 3131 5467 possit
3158 5411 3274 5467 non
3301 5395 3570 5463 cognosci
3601 5401 3655 5449 et

1962 5485 2077 5522 non
2125 5468 2468 5538 reprehendi
2498 5486 2530 5522 a
2576 5466 3390 5530 sanctissimisfamiliaribus,
3433 5468 3479 5519 si
3511 5468 3652 5521 Boe-

1962 5540 2074 5594 tius
2107 5539 2478 5593 arctissimam
2507 5539 2776 5594 habuerit
2820 5538 3267 5592 familiaritatem
3299 5554 3428 5592 cum
3461 5540 3656 5609 probis

1962 5611 2308 5680 domesticis,
2364 5611 2562 5664 amicis
2614 5617 2668 5665 et
2727 5609 3010 5675 afﬁnibus,
3068 5609 3115 5661 is
3173 5614 3322 5663 certe
3370 5627 3504 5664 reus
3535 5627 3654 5664 esse

1962 5682 2165 5752 nequit
2185 5682 2441 5736 criminis
2467 5684 2732 5748 sortilegii
2759 5697 2771 5733 :
2803 5680 3003 5733 habuit
3024 5684 3215 5734 autem
3251 5682 3480 5737 Boetius
3509 5683 3655 5736 hanc

1968 5754 2450 5809 familiaritatem:
2509 5757 2560 5807 1°
2592 5753 2826 5824 quidem
2883 5766 3014 5806 cum
3063 5752 3256 5823 probis
3281 5753 3604 5810 domesticis
3637 5769 3651 5805 :
