3996 6170
335 206 430 260 631
1685 205 1795 259 ΑΝ.
1837 203 2045 260 MANL.

2180 206 2232 259 V.
2278 205 2512 263 BOETII
3721 218 3810 270 632

334 348 440 397 60
483 340 592 395 Sed
639 355 673 394 ο
720 336 907 393 nefas!
943 337 1028 392 illi
1076 351 1208 391 vero
1238 335 1258 370 ¹
1305 336 1373 390 de
1421 341 1475 390 te
1518 347 1541 372 ε
1587 337 1730 391 tanti
1767 337 2025 392 criminis
2061 341 2109 393 Α
2137 339 2325 409 prima
2357 339 2618 394 omnium
2659 339 2888 396 deserat
2931 340 3205 396 infelices.
3236 349 3335 397 6|
3393 343 3504 408 Qui
3548 359 3694 400 nunc
3728 363 3813 417 po-

335 431 506 486 ﬁdem
564 428 816 498 capiunt,
878 432 1049 498 atque
1111 427 1216 480 hoc
1273 426 1397 496 ipso
1450 425 1772 480 videbimur
1830 427 2032 484 afﬁnes

336 520 508 573 fuisse
541 516 844 581 maleﬁcio,
889 514 913 547 ²
947 516 1103 586 quod
1149 515 1259 568 tuis
1301 514 1510 569 imbuti
1554 515 1893 586 disciplinis,
1921 517 2032 570 tuis

336 606 586 662 instituti
615 605 871 659 moribus
902 620 1118 658 sumus.
1155 604 1238 657 lta
1267 619 1386 656 non
1417 608 1501 657 est
1535 604 1671 658 satis
1715 605 1861 659 nihil
1886 604 2031 658 mihi

335 695 616 768 profuisse
654 699 813 748 tuam
857 692 1258 758 reverentiam,
1291 692 1404 746 nisi
1449 693 1594 746 ultro
1642 698 1702 747 tu
1759 710 1885 748 mea
1930 711 2027 764 po-

337 787 448 840 tius
487 783 800 838 offensione
843 781 1128 836 lacereris.
1178 781 1252 851 (5)
1306 783 1374 835 At
1404 797 1536 835 vero
1580 781 1674 835 hic
1720 783 1894 836 etiam
1926 799 2030 836 no-

338 873 468 928 stris
529 871 690 925 malis
747 871 1012 924 cumulus
1067 870 1303 937 accedit,
1348 875 1368 905 ³
1419 871 1569 941 quod
1622 874 1648 913 Ι)
1685 872 2029 926 existimatio

338 961 720 1033 plurimorum
749 975 865 1013 non
895 975 1087 1012 rerum
1133 959 1360 1024 merita,
1394 960 1490 1013 sed
1535 960 1781 1014 fortuna:
1814 965 2031 1031 spectat

339 1055 628 1119 eventum,
658 1064 840 1119 eaque
881 1052 1106 1102 tantum
1150 1048 1373 1117 judicat
1416 1053 1435 1083 ⁴
1467 1063 1588 1102 esse
1625 1049 1874 1118 provisa,
1907 1066 2033 1120 qua:

337 1139 576 1196 felicitas
603 1136 1109 1192 commendaverit.
1141 1136 1262 1201 Quo
1295 1136 1378 1204 ﬁt,
1410 1142 1474 1191 ut
1505 1137 1851 1191 existimatio
1883 1137 2034 1192 bona

2140 426 2264 495 puli
2296 441 2578 494 rumores,
2607 440 2630 469 ο
2664 443 2838 498 quam
2877 427 3121 482 dissonae
3159 426 3186 464 ἀ
3215 429 3675 502 multiplicesque
3703 450 3812 488 seu-

2141 514 2357 576 tentim,
2397 517 2554 586 piget
2599 516 2909 570 reminisci.
2956 517 3073 570 Hoc
3113 521 3341 571 tantum
3392 519 3654 585 dixerim,
3693 523 3816 576 ulti-

2141 619 2294 657 mam
2339 621 2461 658 esse
2500 605 2750 659 adversae
2798 605 3043 660 fortuna:
3093 615 3115 641 ε
3158 609 3471 675 sarcinam,
3502 609 3652 678 quod
3697 611 3814 666 dum

2141 691 2364 747 miseris
2413 694 2644 764 aliquod
2688 694 2907 768 crimen
2954 694 3271 766 afﬁngitur,
3307 712 3444 766 quae
3477 699 3498 731 ⁸
3523 697 3813 766 perferunt,

2140 783 2418 837 meruisse
2452 783 2809 838 creduntur:
2849 789 2904 837 et
2946 800 3052 854 ego
3092 785 3139 838 si
3169 785 3408 854 quidem
3457 785 3623 840 bonis
3663 789 3817 842 omni-

2138 871 2247 925 bus
2302 871 2374 939 (5)
2434 871 2650 941 pulsus,
2704 871 3082 942 dignitatibus
3136 878 3367 941 exutus,
3422 874 3815 928 existimatione

2139 959 2402 1024 foedatus,
2434 959 2502 1014 ob
2537 959 2902 1026 beneficium,
2935 961 3279 1031 supplicium
3323 961 3453 1016 tuli.
3493 962 3682 1016 Videre
3725 980 3816 1017 au-

2142 1053 2257 1102 tem
2291 1050 2489 1104 videor
2530 1049 2775 1103 nefarias
2804 1052 2826 1085 ⁶
2869 1050 3273 1104 sceleratorum
3307 1049 3326 1084 τ
3357 1050 3617 1104 ofﬁcinas
3644 1054 3664 1087 ⁷
3694 1069 3814 1121 gau-

2143 1138 2238 1192 dio
2274 1137 2586 1209 laetitiaque
2617 1137 2932 1194 ﬂuitantcis
2961 1155 2974 1193 :
3002 1137 3025 1171 ⁸
3056 1138 3519 1210 perditissimam
3557 1157 3816 1212 quemque

1789 1262 2382 1319 INTERPRETATIO.

409 1361 456 1434 δ’
490 1353 589 1417 Tu,
645 1367 678 1405 ο
728 1349 1113 1422 Philosophia,
1159 1354 1356 1404 nostrae
1409 1365 1465 1405 es
1512 1353 1906 1405 criminationis
1955 1367 2035 1406 oc-

341 1438 507 1476 σαεῖο.
691 1461 699 1469 -

413 1497 436 1537 b
463 1495 650 1548 Plures
675 1493 912 1558 fortuna
940 1493 1110 1546 veluti
1148 1497 1516 1559 assentientes,
1548 1508 1654 1546 non
1685 1497 1747 1546 ut
1768 1492 2036 1561 judican-

342 1565 494 1629 dum,
529 1565 623 1618 sed
664 1568 788 1617 uta
833 1566 1060 1630 fortuna
1097 1563 1345 1632 judicari
1391 1564 1631 1631 videtur,
1675 1564 1933 1633 judicent
1973 1565 2038 1618 de

343 1637 550 1690 merito.

2216 1363 2239 1391 c
2278 1353 2350 1391 [ὶρ
2387 1351 2542 1391 Rnnti

2185 1363 2246 1502 "cl.
2271 1353 2862 1477 Rﬁigodsighantibus
2907 1422 3353 1478 defendentibus
3398 1422 3530 1478 aliis
3571 1423 3638 1477 de
3678 1425 3819 1494 plebe

2218 1634 2235 1668 τ
2267 1638 2474 1690 Demos.

1969 1733 2191 1790 NOTAE.

344 1839 499 1889 nam,
534 1825 597 1875 ut
628 1821 837 1876 dicitur
878 1838 1048 1892 prosa
1078 1824 1130 1888 3,
1163 1820 1260 1875 lib.
1297 1838 1354 1889 ιι,
1396 1822 1750 1888 felicissimus
1781 1822 1887 1875 fuit
1921 1839 2038 1875 cum
2080 1825 2119 1877 Β
2152 1837 2322 1875 nemo
2353 1819 2461 1892 dici
2512 1819 2693 1892 possit
2722 1836 2784 1873 ex
2833 1836 2899 1874 eo
2931 1837 3051 1873 esse
3084 1819 3272 1874 afﬁnis
3317 1819 3551 1874 crimini
3584 1821 3816 1878 anib-itus.

344 1895 591 1962 conjugis
620 1893 826 1962 pudore
857 1891 968 1947 tum
1011 1895 1261 1947 masculae
1288 1895 1465 1960 prolis
1506 1896 1932 1962 opportunitate,
1962 1894 2039 1946 ita
2150 1893 2304 1962 quod
2337 1891 2408 1943 sit
2439 1891 2880 1956 eruditissimus,
2914 1892 3058 1945 sicut
3089 1893 3155 1944 de
3190 1892 3438 1946 crimine
3474 1894 3729 1958 sortilegii
3750 1892 3818 1944 di-

345 1971 408 2018 ut
438 1961 571 2018 duos
605 1961 814 2032 pariter
856 1966 1095 2020 consules
1129 1965 1320 2018 liberos
1350 1979 1472 2018 suos
1509 1961 1660 2017 domo
1691 1967 1913 2031 provehi
1941 1965 2039 2017 sub
2149 1961 2325 2017 citur:
2353 1962 2483 2015 inde
2515 1963 2874 2015 concluditur
2898 1961 3121 2015 Boetius
3161 1979 3276 2016 non
3309 1964 3572 2026 ambitus,
3605 1963 3694 2016 sed
3720 1978 3815 2015 sor-

345 2039 657 2104 frequcntia
684 2042 928 2104 patrum,
961 2036 1057 2089 sub
1098 2035 1271 2104 plebis
1318 2037 1603 2088 alacritate
1630 2035 1830 2089 viderit
1864 2051 1874 2088 :
1910 2037 2041 2088 hinc
2152 2036 2326 2099 tilegii
2370 2033 2607 2085 crimine
2638 2039 2931 2086 accusatus
2964 2033 3168 2099 fuisse;
3199 2035 3296 2086 sed
3349 2034 3655 2094 immerito,
3699 2035 3819 2085 sicut

348 2123 501 2160 nunc
525 2107 731 2161 dicitur
749 2109 994 2175 penetral
1020 2110 1268 2160 innocens
1292 2107 1479 2160 domus
1505 2123 1517 2159 :
1543 2108 1797 2176 penetral
1827 2107 2040 2176 quippe

348 2184 434 2232 est
477 2179 630 2231 locus
680 2178 940 2242 interior,
976 2178 1157 2231 dictus
1189 2195 1219 2230 a
1258 2194 1404 2245 penu
1441 2195 1452 2230 :
1489 2193 1657 2246 penus
1701 2183 1914 2244 autem,
1948 2178 2041 2229 in-

349 2251 475 2320 quit
506 2250 718 2316 Festus,
752 2255 974 2302 vocatur
1005 2250 1150 2303 locus
1180 2251 1405 2302 intimus
1437 2252 1496 2302 in
1535 2249 1646 2302 aede
1683 2250 1873 2313 Vesta,
1909 2253 2043 2315 tege-

349 2319 494 2375 tibus
523 2325 704 2388 sepius
736 2338 753 2374 :
793 2320 941 2373 unde
971 2319 1169 2389 Virgil.
1205 2337 1220 2371 1
1253 2320 1480 2388 Georg,
1513 2335 1564 2371 γ.
1605 2320 1706 2371 379
1745 2335 1758 2372 :

475 2408 678 2470 Saepius
705 2411 756 2456 et
781 2407 1312 2470 tectispcnetralibus
1343 2406 1532 2455 extulit
1560 2420 1661 2455 ova

473 2469 772 2531 Angustum
801 2469 1019 2517 formica
1048 2473 1222 2517 terens
1253 2469 1368 2517 iter.

421 2552 480 2600 2°
523 2551 662 2602 Cum
722 2549 919 2617 probis
965 2547 1160 2602 amicis
1199 2565 1212 2601 :
1265 2548 1446 2602 adfuit
1488 2548 1644 2602 enim
1691 2564 1917 2618 semper
1961 2547 2047 2602 illi

354 2621 846 2674 honestissimorum
888 2626 1048 2673 caztus
1098 2622 1423 2680 amicorum;
1458 2621 1515 2672 3°
1544 2635 1674 2672 cum
1701 2619 1894 2689 probis
1928 2621 2047 2673 affi-

352 2691 521 2745 nibus
555 2707 568 2744 :
603 2707 736 2743 nam
767 2706 912 2744 socer
939 2692 1062 2758 ejus
1086 2691 1438 2756 Symmachus
1465 2695 1706 2754 sanctus,
1740 2697 1788 2744 et
1817 2706 1964 2758 mque
1986 2706 2047 2744 ac

356 2766 478 2830 ipsa
507 2762 860 2829 Philosophia
900 2761 1223 2814 reverendus
1253 2763 1383 2826 fuit.
1415 2762 1673 2824 Quantus
1704 2767 1894 2814 autem
1926 2762 2044 2814 fue-

355 2835 430 2886 rit
454 2833 549 2885 ille
594 2848 750 2885 socer
784 2833 1180 2902 Symmachus,
1209 2832 1400 2899 colligi
1432 2836 1616 2899 potest
1644 2838 1765 2884 tum
1806 2849 1872 2885 ex
1918 2833 2045 2885 Cas-

356 2903 602 2969 siodoro,
631 2903 731 2972 qui
763 2904 840 2955 ait
869 2904 992 2955 Var.
1027 2904 1064 2956 l.
1099 2917 1170 2968 iv,
1205 2919 1296 2971 ep.
1326 2905 1375 2956 6.
1403 2903 1820 2955 'l‘lieodoricum
1852 2919 2049 2973 regem

357 2976 424 3028 ad
458 2975 646 3043 ipsum
680 2980 742 3027 ut
788 2974 976 3026 virum
1007 2973 1313 3044 patricium
1349 2973 1659 3042 scripsisse,
1707 2977 1911 3042 petenti
1941 2990 2048 3027 non

356 3045 679 3099 concedatur
711 3047 924 3098 licentia
965 3045 1247 3099 recedendi
1274 3044 1339 3097 de
1377 3046 1527 3110 urbe,
1560 3051 1614 3097 et
1647 3062 1736 3114 ep.
1771 3048 1859 3109 2'2,
1890 3061 2047 3098 eum-

2151 2122 2216 2158 ex
2251 2104 2536 2174 praidictis
2573 2105 2996 2157 demonstratur
3032 2120 3043 2156 :
3073 2104 3206 2157 hinc
3238 2113 3440 2158 tamen
3481 2121 3593 2158 non
3638 2104 3818 2157 desinit

2150 2177 2273 2245 ipsa
2305 2175 2484 2229 Boetii
2516 2175 2857 2227 existimatio
2890 2176 3043 2243 apud
3075 2175 3360 2244 plurimos
3393 2175 3594 2230 minui.

2222 2260 2242 2289 ³
2271 2254 2426 2319 Quod
2466 2257 2800 2307 existimatio
2842 2256 3221 2323 plurimorum,
3276 2255 3414 2324 etc.]
3459 2255 3674 2308 Scilicet
3711 2254 3814 2323 plu-

2150 2325 2286 2379 rimi
2330 2327 2658 2394 judicando,
2712 2342 2829 2378 non
2880 2327 3203 2395 cognitione
3253 2328 3410 2379 clara
3461 2332 3517 2380 et
3564 2325 3813 2388 distincta,

2153 2413 2279 2467 quae
2310 2397 2369 2449 in
2408 2396 2572 2449 nobis
2599 2400 2683 2448 est
2721 2397 2908 2466 prima
2938 2397 3057 2450 veri
3082 2397 3288 2466 judicii
3322 2398 3546 2467 regula.
3579 2397 3668 2450 sed
3694 2411 3813 2464 prae-

2153 2467 2488 2536 cipitatione
2533 2472 2589 2520 et
2637 2467 2966 2537 pracjudicio
3001 2469 3306 2521 feruntur:
3345 2469 3427 2521 sic
3469 2468 3622 2538 quod
3650 2482 3813 2538 amore

2155 2538 2402 2603 divitias,
2443 2538 2575 2591 odio
2621 2543 3019 2607 paupertatem
3065 2537 3512 2608 prosequantur,
3547 2538 3611 2591 de
3652 2537 3813 2608 diviti-

2155 2610 2259 2663 bus
2291 2609 2524 2675 bonam,
2557 2609 2624 2662 de
2657 2609 3008 2678 pauperibus
3059 2607 3189 2663 vero
3231 2607 3448 2663 malam
3499 2609 3696 2662 habent
3719 2607 3813 2660 exi-

2157 2680 2548 2732 stimationem
2585 2697 2596 2732 :
2634 2682 2713 2733 sic
2743 2680 2912 2732 amici
2943 2679 3063 2744 Job,
3100 2681 3252 2750 quod
3287 2681 3445 2734 hunc
3473 2680 3717 2733 viderent
3741 2695 3812 2729 ea-

2157 2750 2504 2805 lamitatibus
2549 2767 2909 2820 oppressum,
2947 2752 3214 2805 eumdem
3257 2751 3590 2820 judicarunt
3631 2751 3811 2816 impro-

2155 2821 2340 2876 bum:
2388 2837 2491 2888 quo
2550 2824 2630 2889 ﬁt,
2684 2827 2745 2875 ut
2803 2824 3136 2875 existimatio
3197 2823 3336 2876 bona
3390 2825 3570 2891 prima
3613 2822 3814 2873 omnium

2157 2893 2370 2946 deserat
2394 2893 2638 2956 infelices
2673 2908 2684 2945 :
2719 2891 2848 2945 hinc
2882 2893 3106 2962 vulgus,
3137 2909 3264 2963 qua:
3288 2894 3531 2946 felicitas
3561 2904 3814 2945 commen-

2157 2963 2393 3029 daverit,
2428 2980 2494 3016 ea
2526 2968 2747 3016 tantum
2770 2963 2990 3033 judicat
3019 2980 3138 3016 esse
3172 2965 3497 3034 prudentis.

2229 3056 2248 3088 ‘
2274 3054 2404 3105 Esse
2444 3049 2707 3122 pro-visa.]
2757 3052 2843 3105 Ab
2890 3052 3150 3104 homine:
3185 3051 3343 3106 Solet
3389 3052 3597 3122 quippe
3643 3048 3811 3122 vulgus

358 3117 490 3170 dem
520 3132 716 3194 regem
758 3116 1002 3194 voluisse
1041 3120 1105 3194 u_t
1143 3116 1297 3170 idem
1331 3101 1704 3194 Symmachus
1745 3101 1872 3194 Cliti!
1894 3132 2043 3194 ⁸ςι-ιμεᾱιτ
2085 3101 2125 3155 C
2161 3122 2232 3176 ab
2516 3101 3656 3194 inierim-ut
3681 3101 3810 3184 cujus

357 3192 489 3263 tuor
518 3188 644 3239 aliis
669 3187 1025 3263 senator-ibus
1057 3187 1124 3263 de
1156 3202 1324 3240 causa
1346 3187 1750 3263 praedictorum
1780 3187 1973 3263 Basilii
1993 3190 2050 3239 et
2163 3194 2311 3247 videt
2337 3187 2553 3246 exitum
2587 3193 2896 3259 infelicem,
2930 3193 3081 3246 hunc
3130 3195 3279 3246 male
3321 3195 3576 3263 adeoque
3623 3191 3812 3263 impru-

359 3257 686 3333 Praetextati
727 3256 1007 3333 judicium
1053 3257 1350 3333 ferret;__et
1397 3274 1486 3333 ep.
1540 3257 1926 3333 Ei.t_,.eumdem
1960 3273 2045 3309 re-

2180 3265 2358 3318 lenter
2417 3265 2716 3333 incmpisse
2763 3256 3060 3332 negotium
3110 3266 3452 3318 concludat:
3488 3256 3564 3315 ἰιι
3617 3259 3810 3330 quidem

359 3343 490 3404 gem
529 3327 862 3404 Simmacho
905 3328 1113 3380 iterum
1167 3327 1508 3404 scribentem
1532 3327 2047 3404 _d_ixi_sse_Symma-
2159 3335 2265 3389 sibi
2291 3334 2488 3403 objicit
2513 3327 2764 3401 0vidius,
2797 3327 2893 3388 sevd
2922 3335 3172 3404 idipslun
3203 3336 3397 3389 statim
3431 3327 3648 3389 refutat:

360 3400 517 3452 chum
558 3401 779 3451 Romam
824 3397 1103 3451 decorasse
1145 3397 1398 3451 domuum
1442 3399 1884 3466 pulchritudine;
1926 3401 2049 3450 tum

361 3469 533 3521 etiam
561 3484 625 3520 ex
657 3468 942 3522 Prisciano
989 3468 1343 3531 Caesariensi,
1395 3468 1430 3519 l.
1484 3468 1552 3520 de
1601 3468 1952 3521 Ponderibus
1997 3473 2053 3521 et

361 3539 654 3604 Mensuris,
687 3544 741 3592 et
771 3537 1048 3604 Ennodio,
1083 3537 1292 3608 quibus
1323 3537 1532 3591 dicitur
1569 3539 1665 3591 ille
1699 3539 2052 3606 Symmachus

361 3613 508 3663 omni
530 3613 750 3663 virtutis
781 3611 896 3663 luce
924 3611 1156 3676 fulgere,
1185 3614 1234 3661 et
1275 3611 1475 3662 exteris
1507 3614 1765 3674 tanquam
1787 3613 2053 3663 virtutum

362 3682 647 3750 ercemplar
669 3683 905 3750 proponi
926 3695 1105 3748 posse.
1140 3681 1447 3749 Propterea
1487 3679 1870 3750 Philosophia,
1905 3679 2054 3733 infra

362 3753 401 3805 l.
436 3765 494 3817 ιι,
528 3767 682 3821 pros.
729 3753 780 3816 4,
810 3753 975 3819 viget,
1026 3750 1232 3821 inquit,
1276 3751 1560 3804 incolumis
1603 3754 2053 3820 pretiosissimum

361 3827 570 3889 generis
605 3823 830 3875 humani
862 3823 1045 3887 decus,
1077 3823 1430 3888 Symmachus
1461 3838 1623 3875 socer.

436 3896 455 3930 ¹
485 3896 559 3947 De
593 3898 640 3946 te
668 3895 914 3947 criminis
952 3893 1113 3960 ﬁdem
1146 3896 1388 3960 capiunt.
1427 3891 1439 3962 ]
1476 3893 1535 3945 ld
1580 3896 1682 3960 est,
1730 3897 1954 3962 propter
1981 3898 2050 3960 te,

366 3982 398 4017 ο
449 3964 837 4032 Philosophia,
883 3969 1094 4018 tantum
1144 3965 1284 4018 illud
1323 3967 1524 4017 crimen
1569 3964 1633 4017 de
1675 3980 1756 4018 me
1785 3964 2052 4020 credunt:

365 4035 445 4088 sic
475 4035 630 4089 enim
674 4036 922 4089 Seneca:
957 4037 1175 4104 Majora
1219 4039 1462 4088 monstra
1496 4039 1637 4089 veris
1683 4038 1781 4089 vim
1829 4038 2056 4104 capiunt

362 4107 559 4175 ﬁdem;
590 4107 668 4159 sic
696 4107 817 4176 ipse
848 4107 1043 4175 Virgil.
1076 4105 1202 4159 fEn.
1237 4121 1288 4168 v,
1320 4122 1372 4160 v.
1409 4107 1512 4160 604
1541 4125 1556 4159 :

489 4195 584 4243 llic
613 4194 841 4257 primum
869 4193 1082 4243 fortuna
1112 4193 1265 4242 ﬁdem
1291 4197 1492 4242 mutata
1524 4193 1758 4243 novavit.

437 4277 458 4309 ³
489 4275 646 4339 Quod
685 4277 792 4329 tuis
834 4275 1028 4328 imbuti
1068 4273 1396 4342 disciplinis.
1427 4271 1448 4344 ]
1484 4274 1692 4328 Solent'
1709 4272 1986 4327 nimirum
2017 4273 2058 4327 ii

367 4347 465 4417 qui
493 4353 591 4400 aut
621 4346 1073 4417 prmcipitatione
1097 4349 1195 4398 aut
1221 4345 1856 4417 praijudiciojudicant,
1884 4350 2058 4417 teme-

365 4415 583 4471 rarium
612 4415 681 4470 de
712 4415 805 4482 iis,
836 4432 964 4485 quae
990 4416 1099 4486 ipsi
1130 4417 1416 4486 ignorant,
1451 4415 1706 4484 proferre
1730 4416 2013 4484 judicium
2039 4431 2051 4470 :

368 4487 855 4559 quemadmodum
886 4487 936 4541 S.
979 4487 1153 4541 ludas
1198 4487 1255 4539 in
1290 4502 1391 4559 sua
1443 4486 1615 4559 Epist.
1665 4486 2060 4559 hisiexpressit

368 4557 555 4613 verbis
586 4576 599 4612 :
633 4559 987 4626 Quaecumque
1016 4561 1291 4624 ignorant,
1319 4557 1709 4624 blasphemant.
1743 4558 1832 4611 Sic
1859 4557 2060 4625 ignara

367 4630 664 4700 plebecula
693 4630 950 4682 insolitos
991 4635 1181 4683 motus
1227 4643 1427 4700 eorum
1461 4645 1604 4697 quos
1648 4632 1752 4700 aut
1774 4633 2059 4684 sortiarios

369 4699 466 4753 aut
497 4701 874 4768 lycanthropos
916 4706 1096 4768 vocat,
1141 4699 1247 4769 ~qui
1293 4699 1502 4769 saepius
1543 4699 1858 4768 perturbati
1903 4715 2058 4752 cere-

369 4771 457 4823 bri
493 4776 592 4823 aut
629 4772 774 4823 laesae
806 4771 1232 4841 imaginationis
1265 4777 1418 4834 sunt,
1450 4771 1615 4823 malis
1659 4771 1844 4840 geniis
1890 4771 2062 4825 refert

370 4847 647 4912 acceptos.
700 4842 798 4912 ,Sic
855 4843 1119 4895 nonnulli
1187 4841 1585 4895 existimarunt
1638 4847 1819 4894 artem
1888 4842 2061 4895 conﬁ-

370 4911 556 4966 ciendi
587 4911 706 4964 auri
741 4929 773 4964 a
819 4913 1177 4966 daemonibus
1209 4929 1349 4979 esse,
1388 4918 1448 4965 ut
1477 4913 1775 4965 ait'Delrio
1809 4912 2055 4982 Disquis.

369 4999 523 5054 mag.
555 4984 591 5036 ι.
627 5000 662 5035 ι.
699 4982 787 5037 Sic
829 4985 1094 5047 Galenus,
1147 5001 1184 5036 ιι
1217 4985 1285 5037 de
1324 4984 1451 5037 Diti.
1495 4983 1608 5036 feb.
1662 5000 1709 5036 c.
1747 4987 1794 5045 7,
1843 4987 1900 5035 et
1939 4999 2056 5054 cap.

378 5057 436 5108 l0
464 5053 533 5108 de
556 5054 755 5123 Simpl.
791 5057 938 5108 med.
986 5057 1116 5118 t‘ac.,
1159 5056 1228 5108 de
1263 5053 1572 5123 semetipso
1614 5054 1833 5106 locutus
1880 5053 1959 5107 ait
2000 5071 2058 5108 se

368 5131 609 5196 propter
635 5126 985 5195 singularem
1016 5143 1175 5178 suam
1205 5125 1581 5180 eruditionem
1605 5125 1857 5195 positum
1885 5125 2058 5178 fuisse

369 5199 430 5251 in
485 5213 725 5250 numero
774 5213 970 5250 eorum
1018 5197 1116 5266 qui
1167 5197 1451 5249 malorum
1505 5197 1806 5265 geniorum
1840 5196 2058 5249 artibus

371 5269 547 5338 adjuti
579 5268 808 5322 morbos
831 5267 1134 5336 depellant.
1167 5267 1257 5320 Sic
1288 5282 1423 5337 ergo
1456 5266 1703 5338 Boetius,
1737 5267 1857 5337 qui,
1894 5273 1954 5319 ut
1982 5268 2058 5319 lo-

371 5337 567 5408 quitur
609 5338 987 5392 Theodericus
1033 5353 1123 5391 rex
1158 5338 1310 5406 apud
1355 5337 1753 5391 Cassiodorum
1786 5338 1821 5390 Ι.
1855 5354 1869 5390 ι
1905 5338 2056 5402 Var.,

372 5425 460 5478 ep.
494 5410 585 5475 45,
615 5411 791 5462 multa
821 5409 1121 5463 eruditoine
1146 5410 1433 5474 saginatus
1468 5410 1604 5473 fuit,
1633 5415 1692 5461 ut
1723 5413 1887 5474 artes,
1921 5423 2058 5476 quas

371 5484 613 5533 exercent
672 5482 976 5547 uulgariter
1020 5483 1310 5534 nescientes
1365 5482 1422 5532 in
1477 5483 1593 5546 ipso
1643 5479 2060 5546 disciplinarum

368 5550 519 5621 fonte
543 5555 836 5619 potaverit,
877 5557 1116 5621 propter
1157 5565 1458 5621 summam
1481 5565 1642 5621 suam
1676 5549 2058 5604 eruditionem

370 5619 523 5674 visus
571 5626 655 5674 est
706 5622 839 5675 huic
879 5619 1074 5675 afﬁnis
1133 5620 1304 5674 fuisse
1354 5619 1654 5674 maleﬁcio.
1688 5621 1873 5684 Quare
1925 5637 2056 5676 cum

2282 3449 2465 3511 Exitus
2495 3452 2610 3497 acta
2638 3449 2825 3511 probat
2846 3464 2858 3496 :
2882 3453 3056 3497 careat
3085 3450 3442 3508 successibus,
3474 3451 3592 3510 opto

2346 3510 2598 3573 Quisquis
2629 3510 2694 3560 ab
2728 3515 2918 3560 eventu
2945 3511 3081 3560 facta
3109 3513 3347 3560 notanda
3379 3515 3544 3576 putat.

2230 3615 2253 3650 ³
2282 3618 2409 3683 Quae
2454 3621 2762 3690 perferunt,
2795 3621 3052 3690 meruisse
3091 3618 3438 3690 creduntur.]
3487 3615 3639 3681 Quod
3678 3611 3812 3664 nimi-

2160 3704 2289 3760 rum
2320 3689 2580 3757 praedicti
2610 3689 2872 3742 homines
2921 3689 3166 3743 viderint
3191 3689 3468 3760 quosdam
3501 3691 3811 3760 proptersua

2162 3752 2376 3812 scelera
2402 3759 2557 3828 juste
2600 3761 2832 3829 punitos
2880 3760 3070 3824 fuisse,
3124 3752 3336 3814 idcirco
3371 3752 3809 3829 hoc'praejudicio

2161 3831 2337 3895 ducti,
2384 3826 2760 3900 quoscunque
2810 3831 3006 3884 vident
3053 3837 3289 3900 propter
3342 3826 3591 3885 delatum
3636 3826 3809 3900 opiner}

2163 3888 2362 3970 affligi,
2397 3888 2497 3954 hos
2521 3888 2782 3969 judiéant
2828 3917 2946 3968 qua:
2992 3888 3302 3972 perferunt,
3355 3888 3807 3972 meruisse._Sed_id

2163 3967 2499 4025 temeritatis
2525 3967 2617 4024 est
2651 3987 2664 4025 :
2707 3967 2853 4025 cum’
2879 3967 3034 4025 enim
3081 3971 3250 4026 homo
3278 3974 3456 4039 judex
3489 3980 3595 4023 tam
3625 3967 3807 4039 injusti-

2163 4043 2256 4095 tia:
2289 4058 2462 4111 quam
2488 4042 2726 4114 justitizp
2760 4044 2943 4112 possit
2967 4059 3091 4096 esse
3125 4037 3432 4113 particeps,
3468 4041 3657 4095 idcirco
3682 4037 3810 4114 susti-

2164 4103 2353 4166 nenda
2385 4103 2634 4166 assensio
2675 4103 2976 4167 de-causis
3020 4103 3512 4182 mis'eriarum,'ne
3541 4103 3809 4181 praecipitet

2159 4185 2538 4252 judicaturus.

2235 4271 2258 4304 ⁶
2288 4274 2676 4327 Sceleratorum
2731 4272 3024 4342 ofﬁcinas]
3072 4272 3332 4340 Ofﬁcina,
3373 4274 3454 4327 sic
3503 4269 3642 4324 dicta
3679 4273 3807 4342 φλέξιδι

2167 4346 2442 4412 opiﬁcina,
2477 4344 2741 4414 quaedam
2761 4331 2858 4396 'ést
2887 4331 3089 4396 donius
3122 4360 3273 4412 pars,
3305 4331 3366 4397 in
3414 4358 3522 4414 qua
3566 4331 3703 4408 opus
3718 4331 3769 4414 lit
3796 4341 3805 4378 :

2097 4398 2140 4452 Ῑ)
2168 4398 2319 4468 u‘nde
2370 4398 2558 4467 diffe‘rt
2589 4415 2657 4467 ab
2689 4414 2968 4486 apotheca,
3016 4415 3076 4466 in
3119 4398 3233 4486 qua
3262 4398 3550 4479 servatur,
3593 4398 3707 4486 ét_a
3741 4407 3806 4486 ta:

2168 4487 2363 4553 berna,
2416 4487 2472 4538 in
2514 4501 2627 4555 qua
2678 4478 2944 4538 venditur
2989 4478 3301 4555 opus'jam
3361 4487 3587 4539 factum.
3637 4478 3806 4556 pomus

2168 4557 2343 4626 igitur
2375 4557 2460 4609 vel
2488 4559 2660 4609 etiam
2688 4560 2906 4609 mentes
2938 4555 3248 4625 impiorum
3288 4557 3604 4616 hominum,
3633 4555 3805 4626 illam:

2169 4619 2275 4680 bvus
2306 4644 2476 4680 causa
2516 4627 2784 4680 adversus
2831 4619 3093 4681 Boetium
3128 4644 3230 4697 per
3267 4641 3545 4681 summam
3577 4619 3806 4674 malitiam

2169 4700 2299 4751 ﬁcta
2329 4705 2432 4763 est,
2468 4714 2580 4751 non
2606 4698 2706 4750 abs
2736 4713 2797 4750 re
2828 4701 3102 4751 vocantur
3135 4701 3385 4766 ofﬁcinae.

2236 4784 2260 4820 ’⁷
2291 4787 2503 4843 Gaudio
2535 4787 2829 4859 latitiagae
2869 4785 3198 4859 fluitantes]
3233 4787 3390 4841 Sicut
3419 4784 3565 4859 enim
3598 4792 3678 4859 )jaS
3711 4781 3805 4859 ρςξίξ

2169 4858 2411 4928 liquoris
2463 4858 2626 4927 copia
2681 4852 2958 4910 effluere:
2993 4857 3114 4910 sive
3173 4852 3458 4912 éxundare
3508 4852 3710 4907 dicitur.
3744 4852 3804 4928 ⁵ξο

2168 4925 2328 4982 mens
2358 4945 2474 5003 prie
2508 4925 2702 5003 gaudii
2735 4928 2897 5003 copia
2928 4928 3154 5003 fluitare
3183 4929 3290 4985 dici
3324 4932 3501 5003 potest
3523 4941 3539 5003 _:
3564 4925 3801 5003 na'alufllffj

2167 5015 2304 5064 ""15,
2358 4984 2550 5069 inquit
2597 4984 2917 5064 Terentius,
2971 4984 3207 5053 lumuria
3253 4984 3568 5069 et‘lasciviq
3607 4984 3798 5069 ἀξζπιξίξξ

2167 5057 2648 5141 ψιοᾶᾳιιθἹειῐίιιε
2693 5076 2862 5195 atque
2904 5057 3144 5123 uberius
3187 5071 3474 5134 excrescit,
3518 5064 3571 5118 id
3612 5057 3800 5112 efﬂuere

2167 5142 2373 5195 dicitur
2408 5140 2662 5195 Virgilio.
2700 5158 2737 5194 ιι
2787 5155 2991 5195 .eore:..
3021 5157 3072 5193 v.
3100 5143 3201 5194 3G7
3245 5157 3257 5195 :

2167 5140 2373 5196 dicitur
2408 5140 2662 5210 Virgilio,
2700 5158 2737 5194 ιι
2763 5140 2991 5210 Georg,
3021 5157 3072 5193 ν.
3100 5143 3201 5194 367
3245 5157 3257 5195 :

2290 5254 2415 5319 inde
2447 5254 2534 5319 ubi
2557 5254 2666 5316 jam
2697 5253 2883 5319 validis
2913 5253 3169 5316 amplexae
3197 5254 3448 5319 stirpibus
3479 5249 3750 5319 ιιι-ωρεὼ,

2290 5298 2412 5365 ᾗἷὲ
2420 5298 2543 5379 πῖιῖιῖ,
2557 5298 2716 5365 “aliis
2731 5298 3167 5379 suassuas;
3187 5298 3321 5365 (sas
3333 5298 3567 5379 Brachia
3597 5298 3751 5354 tonde:

2288 5381 2423 5427 Ante
2455 5378 2804 5428 reformidant
2831 5373 3027 5427 fevrrum
3059 5389 3070 5426 :
3101 5373 3228 5426 tunc
3259 5373 3631 5441 deniquedura

2289 5441 2483 5490 Exerce
2506 5441 2725 5504 imperia
2753 5446 2806 5489 et
2833 5455 3009 5489 ramos
3039 5453 3311 5503 compesce
3342 5440 3556 5489 fluentes

2235 5546 2258 5581 ⁸
2286 5548 2720 5602 Perditissimum
2759 5547 3058 5612 fraudibus
3088 5540 3490 5614 imminentem]
3533 5523 3796 5614 ῙὲῐιΡυηξίείῨ

2166 5620 2319 5673 enim
2362 5596 3051 5689 perditorum,'similium
3082 5618 3384 5671 hominum
3418 5596 3626 5670 fraudes
3651 5596 3786 5670 P3P“-
