3996 6170
137 275 226 328 633
1134 271 1225 327 DE
1268 270 1789 328 CONSOLATIONE
1831 271 2320 327 PHILOSOPHI/E
2359 273 2492 326 LIB.
2531 276 2569 328 l.

3499 275 3605 329 634

119 406 275 458 ~novis
306 403 654 458 delationum
697 402 1037 458 fraudibusa
1081 402 1486 458 imminentem
1530 420 1543 458 :
1576 409 1590 442 ι
1611 404 1804 474 jacere
1843 407 1891 460 A
1915 410 1997 460 ita
2026 406 2206 460 videri
2233 407 2440 472 legibus
2488 407 2744 475 solutum,
2780 412 2840 460 ut
2866 411 3195 476 praepostero
3224 408 3392 461 veluti
3451 408 3604 462 ordi-

131 492 561 560 honos,nostri’
611 492 957 546 discriminis
1004 495 1225 548 terrore
1277 496 1641 562 prostratos:
1692 495 1793 548 ila-

132 581 381 651 gitiosum
413 595 697 650 quemque
728 579 796 633 ad
817 579 929 648 (10)
959 579 1288 634 audendum
1311 580 1546 651 quidem
1575 580 1797 636 facinus

129 670 476 739 impunitate,
527 667 596 721 ad
637 667 1001 722 efﬁciendum
1040 685 1174 723 vero
1222 669 1477 738 praemiis
1521 670 1746 725 invitari
1783 687 1796 726 :

131 763 151 801 ἓν
176 757 438 811 insonteis
495 761 686 810 autem
737 773 851 810 non
891 758 1062 812 modo
1093 759 1414 827 securitate,
1445 774 1643 813 verum
1678 760 1802 831 ipsa

132 847 282 902 etiam
337 846 666 900 defensione
701 847 972 916 privatos.
1036 848 1232 917 Itaque
1283 847 1424 903 libet
1481 849 1801 904 exclamare

703 942 804 990 63
836 937 1120 991 METBUM
1149 937 1208 990 V.

135 1026 520 1080 Aaouusurcu.
546 1053 615 1062 —
647 1026 881 1092 Boetius,
904 1025 1248 1080 considerata
1281 1026 1392 1094 lege
1419 1029 1802 1081 constantissi-

191 1112 291 1159 ma,
356 1111 470 1164 qua
550 1099 687 1150 Deus
739 1098 976 1150 alternas
1034 1098 1196 1162 lunae,
1273 1099 1516 1164 Veneris,
1594 1099 1804 1152 dierum

195 1171 664 1236 tempestatumque
695 1169 831 1222 vices
873 1169 1032 1236 regit,
1069 1171 1306 1221 miratur
1331 1170 1502 1222 solum
1534 1168 1802 1223 hominem

1907 493 1972 532 ne
2032 483 2081 531 et
2127 476 2318 545 impiis
2372 492 2659 546 prospera,
2725 482 2776 530 et
2818 480 2930 545 piis
2959 477 3193 531 adversa
3235 482 3556 546 contingant
3591 526 3601 532 .

1909 554 2024 604 tum
2051 554 2208 615 rogat
2235 549 2406 602 Deum
2437 555 2496 603 ut
2516 549 2602 602 his
2631 549 2847 603 tandem
2875 549 3008 602 dare
3047 550 3176 604 velit
3200 551 3380 618 ﬁnem.

2050 637 2093 692 Ο
2125 636 2383 691 stelliferi
2420 637 2685 691 conditor
2717 637 2888 703 orbis,

2049 725 2155 789 Qui
2177 731 2456 796 perpetuo
2487 726 2654 780 nixus
2674 726 2836 791 solio,

2051 821 2151 868 64
2174 814 2391 882 Rapido
2423 815 2629 868 cmlum
2652 814 2879 868 turbine
2904 829 3100 888 versas

2051 903 2376 974 Legemque
2396 902 2513 973 pati
2544 904 2724 957 sidera
2763 904 2936 974 cogis,

2055 995 2084 1046 5
2108 993 2175 1046 Ut
2198 1008 2349 1046 nunc
2382 993 2552 1062 pleno
2579 992 2773 1046 lucida
2797 1008 3001 1059 cornu,

2053 1081 2205 1135 Totis
2235 1082 2426 1135 fratris
2457 1085 2512 1134 et
2545 1081 2710 1134 obvia
2737 1081 3006 1146 ﬂammis,

2055 1170 2274 1224 Condat
2293 1171 2480 1224 stellas
2509 1171 2646 1224 luna
2669 1169 2924 1224 minores
2951 1186 2962 1223 :

1607 1277 2192 1336 INTERPRETATIO.

190 1401 211 1425 ⁸
259 1392 560 1446 Intentum.

189 1466 211 1505 δ
228 1464 564 1517 Innocentes.

189 1535 228 1587 Ο
255 1535 422 1599 Deus,
458 1538 673 1588 creator
711 1535 828 1590 cceli
871 1535 1094 1600 stellati,
1123 1537 1221 1604 qui
1248 1535 1528 1591 considens
1579 1536 1639 1590 in
1670 1537 1802 1590 solio

1922 1394 2264 1462 sempiterno,
2309 1394 2570 1447 convertis
2601 1391 2790 1461 ipsum
2846 1393 3030 1446 ccelum
3060 1394 3322 1458 vertigine
3373 1391 3532 1446 celeri
3556 1393 3614 1462 et

1914 1461 2060 1518 adiis
2119 1470 2272 1518 astra
2300 1464 2482 1518 subire
2531 1468 2694 1517 tuum
2725 1465 3035 1532 imperium,
3068 1463 3185 1532 gita
3215 1468 3276 1515 ut
3305 1464 3434 1517 luna
3449 1461 3613 1517 modo

1913 1539 2121 1601 integro
2151 1535 2274 1590 orbe
2304 1536 2618 1589 illuminata
2663 1540 2972 1604 cunctisque
3011 1535 3256 1603 iginibus
3297 1535 3494 1601 fratris
3525 1532 3611 1586 sui

1747 1660 1968 1716 NOTAE.

190 1763 415 1838 {ducere
449 1762 853 1838 bonos.]AQuia,
899 1768 961 1817 ut
987 1764 1198 1838 dicitur
1230 1765 1389 1838 Luca:
1423 1781 1593 1838 xxiii,
1651 1768 1702 1821 si
1753 1770 1811 1821 in
1850 1771 1890 1823 Β
1922 1767 2036 1821 bile
2073 1783 2086 1821 :
2116 1783 2291 1838 quare
2324 1783 2476 1822 nunc
2519 1767 2727 1822 dicitur
2752 1771 3072 1838 perpetuum
3103 1783 3115 1822 :
3167 1767 3261 1821 cui
3306 1767 3458 1820 favet
3513 1765 3616 1820 illa

131 1833 279 1886 viridi
311 1835 459 1904 ligno
511 1834 621 1887 haec
649 1836 886 1898 faciunt,
917 1839 974 1888 in
1005 1837 1162 1889 arido
1193 1837 1326 1904 quid
1354 1836 1484 1904 ﬁet?
1533 1838 1579 1888 si
1618 1842 1812 1892 tantus

133 1911 384 1977 erutaque
413 1903 628 1957 virtute
656 1906 929 1977 praeditus
963 1903 1331 1960 Boetius’tam
1355 1903 1360 1904 ί
1383 1908 1528 1960 male
1559 1911 1814 1977 excipia-

134 1983 223 2034 tur,
254 1975 388 2043 quid
425 1991 660 2043 sperare
705 1976 928 2044 possint
965 1977 1154 2029 caeteri
1204 1977 1480 2030 virtutum
1521 1975 1765 2032 cultores
1788 1980 1814 2032 ‘?

188 2047 595 2118 ’rDiscriminis
653 2045 894 2118 terrore]
956 2048 1286 2102 Discrimem
1329 2048 1481 2102 idem
1536 2057 1622 2103 est
1661 2051 1812 2117 quod

134 2117 423 2192 periculum
450 2133 490 2192 :_
532 2118 678 2170 sicut
729 2117 892 2192 enim
938 2119 1108 2192 crinis
1136 2125 1223 2192 est
1260 2135 1292 2172 a
1328 2121 1549 2192 _GI‘EBCO
1608 2122 1811 2192 xpivgw,

133 2187 262 2252 quod
293 2187 533 2257 proprie
574 2193 656 2241 est
710 2189 997 2251 dirimere;
1035 2189 1114 2243 sic
1172 2189 1479 2243 discrimen
1517 2196 1598 2243 est
1639 2187 1670 2243 a
1707 2189 1816 2242 δια-

134 2263 310 2328 κρίνειν,
342 2258 502 2327 quod
562 2259 733 2312 etiam
791 2260 1048 2314 dirimere
1082 2267 1166 2314 est
1211 2262 1325 2314 sive
1375 2266 1475 2315 62
1507 2278 1762 2328 separare
1795 2280 1813 2316 :

137 2329 263 2380 unde
301 2329 546 2398 capillos
587 2347 618 2382 a
645 2346 703 2382 se
723 2331 967 2384 invicem
1005 2331 1295 2385 distinctos
1327 2348 1593 2386 vocamus
1624 2333 1815 2388 discri-

135 2402 357 2454 minatos.
391 2400 696 2455 Claudian.
731 2402 800 2454 de
834 2403 1005 2471 Nupt.
1041 2405 1183 2457 lion.
1223 2419 1238 2456 :

455 2507 585 2555 Hth
611 2519 790 2556 morsu
817 2509 1087 2556 numerosi
1117 2507 1290 2557 dentis
1317 2509 1520 2558 eburno

238 2567 563 2617 Multiﬁdum
595 2569 878 2618 discrimen
905 2574 1036 2619 arat.

195 2667 352 2738 Atqui
386 2682 509 2736 quo
544 2666 800 2734 periculo
832 2667 1039 2737 aliquis
1066 2667 1335 2738 jactatur,
1380 2669 1490 2724 hoc
1525 2673 1813 2725 aceet'ero-

141 2753 244 2790 rum
277 2739 588 2790 hominum
624 2742 766 2792 cuitu
811 2739 1037 2792 videtur
1068 2740 1312 2809 sejungi.

196 2809 465 2862 Caeterum
511 2809 745 2862 Boetius
771 2810 966 2879 paucis
999 2809 1091 2863 hic
1133 2812 1374 2864 resumit
1404 2827 1532 2864 suas
1581 2812 1813 2865 calami-

141 2883 277 2952 lates,
333 2896 540 2952 earum
590 2896 839 2945 causam,
868 2885 934 2947 ,et
964 2897 1091 2950 quae
1141 2897 1202 2933 ex
1253 2882 1340 2934 his
1385 2889 1818 2952 consequuntur

143 2951 280 3003 mala.
318 2951 692 3005 Calamitates
735 2955 888 3014 sunt,
955 2955 1007 3004 l°
1067 2953 1218 3022 quod
1263 2953 1411 3007 bonis
1468 2951 1713 3009 omnibus
1744 2957 1817 3008 sit

143 3023 333 3087 pulsus;
371 3025 432 3075 2°
494 3022 654 3091 quod
715 3022 1079 3086 dignitatibus
1123 3027 1354 3089 exutus;
1416 3025 1566 3094 quod
1631 3027 1816 3078 existi-

143 3095 347 3145 matione
390 3094 662 3164 Imitatus.
727 3094 906 3147 Causa
927 3094 1315 3147 calamitatum
1367 3102 1448 3148 est
1516 3096 1816 3164 multiplex

145 3164 368 3229 ejusdem
396 3164 603 3238 Boetii,
634 3163 982 3238 iniseriatum
1022 3165 1309 3238 praecipue
1341 3165 1672 3231 bene/icium,
1694 3163 1819 3238 Spro

145 3250 236 3302 quo
255 3236 593 3303 supplicium
641 3237 782 3288 tulit.
816 3235 958 3288 Mala
980 3251 1108 3304 qua:
1134 3251 1200 3288 ex
1232 3235 1319 3288 liis
1364 3235 1818 3307 consequunfur,

147 3310 254 3356 sunt
280 3308 538 3374 primum
578 3307 728 3374 quod
770 3310 961 3359 sontes
995 3309 1336 3375 impunitate,
1372 3323 1483 3360 nou
1521 3309 1689 3361 modo
1749 3310 1822 3362 ad

147 3377 259 3428 male
311 3376 692 3441 deferendum,
742 3377 840 3430 sed
897 3377 1070 3431 etiam
1119 3377 1193 3431 ad
1243 3378 1551 3433 audendum
1600 3379 1717 3433 imo
1748 3381 1822 3433 ad

146 3448 460 3517 efﬁciendum
513 3447 796 3514 quodlibet
827 3450 1050 3514 facinus
1073 3448 1330 3502 ferantur
1365 3449 1650 3504 :insontes
1686 3466 1820 3504 vero

146 3521 186 3568 et
208 3522 480 3572 severitate
513 3523 565 3571 et
592 3518 905 3584 defensione
934 3520 1248 3589 priventur.
1269 3521 1463 3587 Itaque
1489 3521 1616 3575 libet
1645 3522 1824 3576 excla-

147 3604 283 3640 mare.

201 3659 347 3721 Quod
395 3675 429 3713 a
487 3658 745 3713 Pindaro
778 3666 1011 3714 vocatur
1061 3661 1434 3715 Pindaricum.
1491 3662 1587 3714 Est
1633 3666 1825 3716 autem

148 3745 349 3802 carmen
397 3734 674 3785 constans
715 3748 782 3785 ΘΧ
826 3748 939 3786 uno
972 3748 1182 3801 genere
1240 3748 1528 3798 versuum,
1575 3749 1824 3802 quorum

147 3801 360 3874 quilibet
409 3805 771 3867 tetrameter,
831 3803 1038 3873 saepius
1069 3803 1386 3874 spondeum
1443 3801 1822 3872 anapaestum,

149 3871 402 3944 dactylum
469 3879 529 3926 et
575 3871 1142 3942 spondeum'habef:
1178 3876 1270 3926 sed
1303 3874 1390 3927 bis
1450 3871 1673 3944 legibus
1719 3892 1826 3928 ne-

147 3943 336 4011 glectis,
359 3944 410 3996 id
446 3960 635 3996 unum
661 3950 819 4015 curat
851 3946 1099 4007 Boetius,
1133 3945 1324 3997 ut'sint
1356 3943 1603 4015 quatuor
1629 3946 1822 4015 pedes.

208 4017 264 4086 1τῄ
286 4015 560 4080 Stelliferi
579 4014 763 4086 orbis]
791 4017 922 4071 Caeli
952 4034 968 4069 :
996 4018 1197 4069 ccelum
1243 4014 1419 4083 enim,
1444 4017 1614 4069 etiam
1633 4014 1828 4086 judice

147 4083 323 4156 Tullio,
359 4087 611 4156 duplicis
645 4083 971 4155 estgeneris
1003 4102 1015 4140 :
1051 4089 1293 4140 alterum
1331 4087 1570 4150 aerium,
1621 4083 1679 4140 in
1713 4103 1827 4156 quo

148 4155 323 4223 nubes,
356 4155 601 4220 imbres,
635 4159 905 4225 ventique
936 4164 1249 4224 coguntur;
1303 4159 1546 4210 alterum
1589 4155 1826 4211 stellife-

150 4241 276 4297 rum,
307 4230 486 4297 quod,
553 4245 585 4280 a
615 4227 918 4280 domicnliis
967 4230 1176 4281 nostris
1209 4230 1575 4293 altissimum,
1634 4228 1831 4280 omnia

149 4295 301 4368 cingit
324 4295 385 4351 et
402 4303 652 4363 coercet,
678 4303 930 4351 extrema
953 4315 1054 4351 ora
1083 4305 1138 4352 et
1168 4301 1574 4352 determinatio
1599 4298 1824 4352 mundi.

152 4369 213 4420 De
237 4369 337 4422 hoc
370 4377 566 4422 autem
601 4370 848 4422 secundo
898 4370 1023 4422 cceli
1055 4386 1262 4437 genere
1294 4371 1422 4423 ideo
1448 4387 1598 4422 nunc
1649 4369 1830 4439 loqui-

1922 1839 2074 1891 vocis
2107 1837 2520 1907 interpretatio,
2581 1856 2695 1908 qua
2736 1837 2932 1893 solium
2975 1839 3181 1892 dicitur
3218 1839 3365 1892 sedes
3407 1838 3612 1908 solida;

1922 1914 1984 1962 ut
2019 1914 2189 1975 terra,
2220 1911 2374 1980 quod
2400 1910 2582 1980 solida
2611 1910 2701 1974 sit,
2735 1910 3064 1978 appellatur
3091 1911 3281 1964 solum.

1995 1986 2046 2034 3.
2080 1978 2290 2048 Rapido
2322 1978 2584 2050 turbine.]
2615 1982 2828 2046 Turbo,
2861 1981 3069 2033 Gallice
3100 1996 3174 2033 un
3227 1979 3536 2046 tourbillon,
3571 1995 3616 2050 7a

1923 2052 2206 2104 turbando
2229 2052 2455 2114 dicitur,
2483 2049 2630 2120 quod
2653 2051 2800 2104 facto
2833 2051 3085 2120 quodam
3104 2051 3344 2104 circuitu
3377 2049 3618 2104 materia

1925 2121 2004 2174 sic
2032 2122 2310 2186 turbetur,
2343 2127 2404 2174 ut
2427 2138 2652 2174 summa
2681 2121 2832 2186 imis,
2865 2121 3155 2174 anteriora
3184 2122 3614 2191 posterioribus,

1921 2193 2117 2246 dextra
2161 2193 2402 2246 sinistris
2455 2193 2778 2246 succedant.
2847 2192 2935 2246 Sic
2977 2199 3175 2245 ventus
3220 2193 3478 2261 quidam,
3515 2193 3615 2262 qui

1924 2264 2182 2317 Lucretio
2230 2269 2457 2317 vocatur
2485 2263 2880 2325 versabundus,
2918 2264 3132 2333 quique
3159 2280 3397 2333 corpora
3441 2264 3610 2317 obvia

1922 2334 2277 2459 Ziirgumagit,
2319 2339 2555 2389 vocatur
2610 2335 2810 2388 turbo:
2849 2334 2996 2387 unde
3042 2335 3233 2404 Virgil.
3268 2351 3306 2388 u
3351 2337 3498 2401 £11.,
3556 2351 3606 2387 ν.

2045 2511 2436 2574 Adversirupto
2463 2525 2560 2560 ceu
2598 2510 2867 2574 quondam
2890 2511 3103 2560 turbine
3135 2511 3277 2559 venti

2048 2573 2368 2636 Conﬂigunt.

2001 2671 2090 2725 Sic
2118 2672 2369 2736 trochus,
2395 2673 2687 2742 vulgatum
2721 2688 3032 2743 puerorum
3069 2670 3618 2743 ludibrium,iappel—

1923 2743 2073 2795 latur
2104 2745 2281 2796 turho.
2334 2741 2510 2813 Virg.’
2546 2744 2634 2797 Sic
2666 2741 2775 2797 fu'si
2808 2742 3042 2813 pensilis
3074 2741 3334 2795 circuitio
3394 2742 3616 2813 Catullo

1923 2814 2132 2866 dicitur
2171 2815 2346 2868 turbo.
2380 2811 2506 2868 Sive
2547 2820 2737 2868 autem
2786 2811 2991 2868 coelum
3039 2813 3301 2866 credatur
3347 2811 3612 2877 solidum,

1926 2883 2041 2956 sive
2071 2884 2382 2954 liquidum,
2413 2885 2493 2938 ibi
2522 2885 2790 2956 perennis
2821 2890 2904 2937 est
2933 2883 3188 2937 materiai
3221 2887 3392 2936 mota:
3423 2883 3623 2936 circui-

1926 2955 2025 3019 tio,
2054 2956 2310 3025 adeoque
2342 2958 2515 3009 turbo.

1998 3027 2049 3079 4.
2084 3023 2384 3094 Legemque
2424 3031 2542 3096 pati
2565 3027 2750 3080 sidera
2779 3023 2974 3096 cogis]
3026 3025 3096 3078 Ut
3123 3039 3328 3096 corpus
3367 3023 3621 3094 primum

1929 3112 2048 3150 non
2079 3105 2362 3164 movetur,
2410 3098 2519 3151 nisi
2542 3098 2612 3151 ab
2650 3098 2772 3168 ipso
2798 3095 2992 3168 Deo,r’a
3013 3110 3126 3165 quo
3151 3095 3443 3168 conditum
3502 3098 3618 3160 est;

1929 3169 2007 3221 sic
2038 3168 2188 3221 idem
2208 3184 2413 3239 corpus
2445 3185 2559 3222 non
2590 3166 2853 3222 movetur
2885 3167 2992 3219 nisi
3022 3166 3334 3219 secundum
3364 3183 3458 3239 eas
3481 3181 3622 3236 quas

1928 3239 2048 3310 ipse
2083 3241 2232 3293 Deus
2269 3237 2465 3293 statuit
2517 3240 2898 3309 immotasque
2948 3242 3134 3292 servat
3182 3239 3372 3290 motus
3419 3237 3619 3306 leges:

1930 3310 2145 3381 optime
2174 3310 2328 3364 enim
2361 3311 2617 3378 Ovidius,

2054 3416 2136 3465 Nil
2166 3417 2239 3465 ita
2259 3417 2487 3480 sublime
2517 3423 2597 3480 est
2626 3429 2890 3480 supraque
2904 3413 3145 3480 pericula
3171 3412 3367 3480 tendit;

2116 3480 2231 3528 Non
2263 3480 2329 3528 sit
2362 3483 2421 3528 ut
2449 3479 2671 3528 inferius
2696 3477 3140 3541 suppositumque
3171 3477 3296 3524 Deo.

2004 3577 2093 3632 Sic
2118 3593 2325 3647 corpus
2357 3578 2506 3647 quod
2545 3583 2827 3640 movetur,
2861 3576 2929 3629 ab
2955 3576 3149 3644 aliquo
3179 3574 3288 3626 alio
3304 3576 3622 3639 moveatur,

1931 3665 2159 3702 necesse
2191 3655 2274 3701 est
2308 3664 2320 3702 :
2383 3648 2460 3700 sic
2500 3664 2702 3719 corpus
2733 3649 3054 3707 immotum,
3082 3661 3206 3719 non»
3233 3647 3444 3719 movet,
3494 3648 3621 3706 etc.,

1931 3719 2215 3787 eiusmodi
2247 3720 2314 3772 de
2344 3719 2568 3788 quibus,
2601 3716 2658 3771 in
2682 3719 2887 3787 philos.
2920 3719 3058 3770 Hinc
3078 3716 3369 3788 Sapientia
3414 3719 3627 3788 aeterna

1935 3791 2199 3846 Proverb.
2223 3807 2317 3842 Vill
2351 3787 2376 3841 εί
2398 3790 2622 3854 Quando
2650 3791 2815 3851 Deus,
2841 3788 3050 3856 inquit,
3076 3787 3428 3856 praeparabat
3453 3787 3623 3853 ccelos,

1933 3863 2156 3914 aderam
2189 3877 2202 3913 :
2247 3861 2463 3927 quando
2492 3868 2638 3912 certa
2677 3861 2789 3926 lege
2816 3864 2864 3912 et
2902 3874 3035 3925 gyro
3073 3858 3319 3910 vallabat
3356 3858 3576 3923 abyssos
3607 3897 3623 3923 ,

1935 3932 2151 4001 quando
2170 3931 2372 3984 wthera
2402 3931 2903 3999 ﬁrmabatsursum,
2936 3935 2985 3982 et
3017 3929 3256 3982 librabat
3270 3930 3630 3995 fontesaqua—

1932 4019 2089 4057 rum:
2165 4001 2383 4070 quando
2433 4001 2807 4053 circumdabat
2847 4003 2990 4052 mari
3023 4002 3310 4052 terminum
3343 4014 3522 4064 suum,
3579 4003 3628 4052 et

1937 4076 2102 4140 legem
2118 4074 2351 4142 ponebat
2377 4073 2557 4139 aquis,
2584 4087 2645 4123 ne
2681 4073 2980 4124 transirent
3007 4073 3140 4142 ﬁnes
3173 4085 3318 4131 suos,
3353 4074 3460 4142 etc.

2009 4139 2150 4200 Cum
2184 4143 2362 4213 igitur
2389 4143 2574 4196 sidera
2595 4157 2838 4213 corpora
2867 4141 3000 4213 sint,
3034 4141 3156 4194 haec
3197 4155 3315 4213 non
3340 4139 3550 4213 solum
3599 4155 3630 4191 a

1937 4218 2050 4269 Deo
2080 4209 2235 4278 sunt:
2267 4214 2364 4267 sed
2415 4213 2637 4282 legibus
2665 4209 2731 4266 ab
2763 4211 2886 4282 ipso
2921 4212 3036 4265 Deo
3058 4209 3382 4282 constitutis
3437 4223 3629 4262 serva-

1936 4286 2125 4356 tisque
2185 4279 2512 4345 moventur,
2573 4279 2827 4356 adeoque
2887 4284 3036 4336 Deus
3089 4284 3233 4356 cogit
3289 4279 3475 4356 sidera
3524 4294 3630 4347 pa-

1942 4362 1984 4411 ti
2017 4351 2350 4428 {propterea
2366 4357 2689 4428 Deusinunc
2718 4351 3138 4423 diciturregere
3152 4354 3398 4404 alternas
3431 4351 3626 4428 Lunae,

152 4443 233 4510 tur
251 4443 496 4506 Boetius,
559 4439 713 4509 quod
742 4440 998 4494 dicturus
1031 4419 1101 4492 εῗι
1131 4444 1200 4493 de
1254 4442 1472 4510 legibus
1505 4457 1634 4509 quae
1693 4419 1823 4492 οἶιω
1869 4419 1914 4473 θ
1941 4419 2199 4510 Yerierj'S,
2235 4428 2489 4490 Dierum.
2523 4426 3064 4510 Temaestatumque
3095 4436 3425 4477 annuarum
3457 4420 3628 4486 vices,

153 4508 198 4560 in
225 4508 590 4565 inferioribus
615 4511 968 4580 corporibus,
991 4517 1110 4564 tum
1143 4508 1394 4564 etiam‘iu
1427 4508 1593 4564 astris
1626 4511 1823 4564 obser-

153 4589 351 4646 vantur,
385 4599 532 4652 quas
563 4582 802 4653 quidem
844 4584 995 4652 leges
1023 4583 1178 4639 Deus,
1199 4583 1322 4652 ipse
1352 4582 1548 4636 statuit
1570 4598 1600 4634 a
1637 4583 1825 4652 primo

156 4658 442 4714 momento,
470 4669 588 4723 quo
615 4654 733 4707 haec
757 4669 998 4720 corpora
1019 4653 1280 4708 condidit
1311 4669 1324 4707 :
1359 4659 1662 4722 propterea
1678 4654 1825 4706 Deus

155 4736 282 4775 nunc
311 4725 622 4791 cogitatur,
649 4730 707 4777 ut
745 4724 1010 4778 conditor.

211 4793 254 4864 2.
288 4794 390 4858 Qui
443 4801 703 4863 perpetuo
723 4799 888 4848 nirus
919 4795 1096 4864 solio.]
1127 4794 1345 4849 Solium
1373 4795 1692 4864 generatim
1743 4797 1827 4848 est

155 4863 311 4936 sedes,
335 4867 392 4916 in
416 4882 532 4935 qua
564 4866 760 4936 plures
790 4867 958 4920 simul
982 4863 1618 4936 considerenequeunt:
1653 4866 1824 4928 Salia,

155 4882 311 4927 seces,
335 4882 392 4916 1n
416 4882 532 4935 qua
564 4882 760 4989 plures
790 4882 958 4920 SlmUl
982 4882 1618 4936 constaerenequeunt:
1653 4882 1824 4928 bona,

155 4935 303 5006 enim,
337 4936 528 5006 inquit
607 4941 776 5001 estus,
809 4939 1159 5006 appellantur
1183 4936 1381 4991 sedilia
1413 4940 1471 4989 in
1501 4937 1698 5006 quibus
1723 4952 1830 4990 non

155 5004 312 5079 plures
359 5004 570 5073 singuli
621 5004 1111 5079 possunt—sedere:
1145 5007 1311 5079 quasi
1341 5004 1551 5061 solium
1608 5008 1830 5062 dicatur

157 5077 287 5150 (χαρά
316 5081 505 5150 solum
543 5094 722 5150 unum
755 5078 922 5148 capit.
973 5077 1285 5150 Speciatim
1315 5094 1448 5150 vero
1503 5079 1715 5133 solium
1747 5083 1831 5131 est

158 5147 296 5222 sedes
325 5149 506 5219 regia,
530 5149 712 5230 Xulgo
747 5147 1124 5230 un’trci‘nefsic
1151 5149 1479 5219 accipitura
1501 5150 1701 5220 Virgil,
1725 5165 1829 5202 sae-

159 5221 285 5284 pius,
308 5226 370 5272 ut
402 5236 476 5272 vn
511 5221 752 5287 .IEueid.,
783 5236 836 5274 γ.
874 5222 1001 5274 169:

325 5325 552 5388 Imperat
578 5330 630 5376 et
657 5327 790 5375 solio
817 5325 1022 5375 medius
1055 5327 1297 5376 consedit
1325 5327 1488 5377 avito.

220 5424 358 5477 Deus
419 5430 609 5479 autem
650 5441 801 5496 nunc
849 5430 1135 5495 spectatur
1193 5430 1477 5496 quatenus
1538 5430 1622 5478 est
1682 5440 1829 5480 rex:

161 5496 295 5547 unde
323 5511 490 5548 versu
521 5500 584 5548 ‘27
617 5495 824 5550 dicitur
851 5499 1041 5550 merito
1069 5495 1245 5551 rector
1265 5496 1512 5553 cohibe-re
1533 5497 1720 5562 modo;
1779 5501 1835 5551 et

162 5579 287 5618 Vera.
321 5568 412 5629 46,
447 5567 682 5635 Rapidus
712 5573 886 5622 rector
908 5570 1198 5637 comprime
1225 5569 1467 5635 fluctus;
1498 5568 1558 5622 in
1584 5568 1690 5620 hoc
1725 5582 1834 5620 au-

162 5639 535 5712 temreguum
567 5640 669 5712 Dei
694 5640 883 5712 differt
909 5656 941 5692 a
989 5638 1229 5707 czeteris,
1275 5640 1433 5712 quod
1475 5640 1592 5712 haec
1646 5642 1834 5691 muta-

162 5708 289 5760 tioni
324 5709 442 5761 sint
471 5709 888 5781 obnoxia,illud
918 5727 1049 5764 vero
1078 5708 1362 5767 aeternum
1376 5710 1449 5765 sit
1477 5715 1534 5764 et
1565 5711 1835 5764 immuta-

1935 4500 2080 4553 sicut
2109 4499 2376 4568 deinceps
2409 4497 2828 4571 explicandum-
2996 4563 3014 4571 ,
3048 4566 3070 4571 _
3149 4564 3175 4571 Α
3233 4563 3283 4571 ,,
3519 4562 3528 4571 .

2010 4575 2060 4625 5.
2089 4572 2155 4625 Ut
2183 4563 2330 4624 nunc
2369 4563 2526 4638 pleno
2563 4570 2746 4622 lucida
2776 4583 2940 4621 cornu
2975 4563 3014 4636 .]
3048 4566 3090 4620 Ι.
3141 4563 3384 4638 Quidem
3443 4563 3632 4638 agitur

1936 4641 2004 4714 de
2025 4643 2180 4708 luna,
2208 4633 2538 4714 cujus—vices
2565 4639 2628 4714 in
2657 4641 2761 4693 hoc
2789 4633 3108 4714 versantur,
3153 4635 3320 4714 quod
3355 4634 3526 4688 modo
3545 4633 3632 4714 .sit

1938 4713 2126 4782 plena,
2162 4706 2330 4765 modo
2362 4716 2590 4764 curvata
2617 4710 2674 4763 in
2706 4725 2939 4782 cornua.
2975 4709 3169 4782 Plena,
3203 4710 3288 4760 est
3307 4706 3465 4773 luna,
3512 4706 3631 4782 sive

1933 4776 2092 4854 pleno
2113 4783 2298 4838 lucida
2330 4797 2514 4854 cornu,
2565 4796 2694 4834 cum
2739 4780 2865 4854 soli,
2900 4779 3196 4854 interjecta
3233 4783 3409 4845 terra,
3441 4776 3631 4854 e_dia-

1938 4847 2119 4908 metro
2150 4854 2411 4925 opposita
2462 4853 2657 4905 lumen
2685 4851 2870 4925 solare
2894 4849 3081 4925 media
3109 4850 3196 4925 sui
3218 4855 3379 4925 parte
3431 4847 3500 4902 ad
3531 4863 3634 4925 nos

1937 4918 2374 4980 remittit-{hoc
2423 4928 2506 4977 est
2562 4925 2686 4976 totis
2724 4923 2922 4987 fratris
2953 4921 3109 4974 obvia
3129 4918 3405 4980 ﬂammis:
3452 4918 3634 4989 poetis

1941 4998 2094 5050 enim
2127 4997 2324 5060 Diana,
2359 5011 2487 5065 qua:
2519 4994 2631 5046 alio
2657 4989 3300 5065 nominediciturLuna,
3326 4995 3382 5043 et
3406 4991 3632 5065 Apollo,

1941 5069 2038 5138 qui
2070 5068 2182 5121 alio
2215 5062 2443 5138 quoque
2458 5065 2691 5138 nomine
2725 5063 2933 5138 dicitur
2963 5062 3078 5123 Sol,
3105 5068 3239 5116 sunt
3259 5062 3634 5138 sororfrater-

1940 5131 2051 5210 que
2088 5139 2157 5192 ab
2181 5131 2314 5192 Jove
2349 5131 2434 5210 ex,
2458 5137 2670 5210 Latona
2701 5135 2904 5210 eodem
2939 5131 3448 5210 partu_progeniti._
3479 5132 3634 5184 Tunc

1939 5202 2132 5264 autem
2163 5225 2274 5264 una
2301 5209 2482 5266 condit
2511 5209 2695 5262 stellas
2721 5202 2958 5260 minores
2984 5221 2997 5279 :_
3036 5202 3391 5279 quiaminus
3434 5202 3632 5279 lumen

1941 5281 2277 5335 obscuratur
2311 5279 2744 5349 oil‘unditurque
2796 5277 3002 5344 majori
3055 5275 3271 5349 lumine
3296 5290 3334 5349 ε.
3374 5275 3634 5349 quamvis

1941 5356 2135 5404 autem
2167 5351 2364 5423 stellas,
2398 5343 2705 5404 maximam
2739 5356 2982 5419 partem,
3018 5343 3414 5423 magnitudine
3438 5344 3634 5422 lunam

1944 5426 2231 5494 superent,
2260 5422 2433 5494 stellte
2456 5428 2671 5494 tamen,
2702 5415 2760 5474 ut
2792 5428 2922 5494 pote
2956 5419 3140 5494 magis
3164 5415 3394 5494 dissitas,
3419 5415 3633 5494 _minus

1944 5486 2178 5548 luminis
2209 5507 2382 5563 quam
2411 5493 2546 5546 luna
2575 5486 2666 5546 ad'
2686 5486 3182 5563 nos—diffundunt;
3228 5486 3362 5539 hinc
3412 5487 3542 5563 luna
3571 5488 3637 5563 ut

1945 5566 2025 5619 ait
2062 5556 2316 5618 Varrdrv
2341 5563 2409 5617 de
2441 5565 2498 5617 L.
2533 5565 2593 5629 1.,
2628 5563 2836 5616 dicitur
2861 5559 3023 5631 quasi
3074 5560 3278 5631 lucina,
3314 5556 3467 5631 quod
3515 5556 3636 5610 sola

1944 5641 2115 5690 noctu
2140 5637 2290 5690 lucet
2319 5650 2330 5690 :
2356 5636 2487 5690 hinc
2517 5637 2688 5689 etiam
2710 5635 2846 5687 luna
2870 5628 3103 5683 vocatur
3135 5629 3320 5699 majus
3351 5628 3526 5694 sidus,
3579 5631 3636 5699 et

1946 5706 2122 5762 stellas
2149 5707 2372 5762 minora
2393 5707 2595 5774 sidera,
2630 5721 2746 5759 non
2789 5703 2976 5756 solum
3007 5700 3068 5754 in
3111 5697 3269 5755 sacro
3309 5703 3485 5766 textu,
3537 5697 3636 5752 sed
