3996 6170
374 253 476 304 035

519 383 679 436 Nunc
710 380 948 436 obscuro
984 380 1197 451 pallida
1227 394 1431 447 cornu,

516 470 726 525 Phoebo
756 470 994 540 propior
1023 469 1243 523 lumina
1276 470 1494 540 perdat.

525 562 583 613 l0
613 566 714 613 65
742 560 806 612 Et
831 559 931 629 qui
961 559 1161 629 prima}
1196 563 1451 630 tempore
1486 559 1664 614 noctis

513 649 645 718 Agit
677 649 929 717 algentes
961 649 1240 718 Hesperus
1272 653 1449 715 ortus,

520 738 724 792 Solitas
753 737 959 790 iterum
993 741 1177 791 mutet
1210 737 1483 803 habenas,

521 826 718 880 Phcebi
748 826 969 896 pallens
999 826 1221 880 Lucifer
1248 831 1396 880 ortu.

1722 253 1836 305 AN.
1880 252 2084 307 MANL.

2128 252 2276 309 SEV.
2323 254 2550 308 BOETH
3733 266 3813 317 636

2102 385 2149 437 Α
2249 391 2350 440 66
2375 386 2458 439 Tu
2484 384 3034 456 frondiﬂuazfrigore
3055 386 3274 442 brumae

2329 474 2571 543 Stringis
2602 475 2788 528 lucem
2817 474 3076 530 breviore
3109 492 3268 532 mora
3301 494 3312 532 :

2325 564 2426 630 Tu,
2456 579 2585 617 cum
2615 563 2830 618 fervida
2854 566 3072 620 venerit
3093 571 3272 633 aestas,

2330 653 2542 722 Agileis
2572 654 2753 707 noctis
2784 654 2988 708 dividis
3018 656 3207 709 horas.

2334 748 2428 794 67
2463 743 2579 796 Tua
2604 742 2684 796 vis
2717 743 2938 797 varium
2970 749 3252 815 temperat
3278 762 3509 812 annum,

2341 831 2410 884 Ut
2427 847 2566 901 quas
2598 833 2792 888 Boreae
2816 833 3059 920 spiritus.
3078 835 3282 901 aufert,

1869 932 2455 1016 INTERPRETATIO.

378 1039 513 1093 solis
535 1042 792 1107 opposita
813 1040 1032 1093 occultet
1059 1054 1235 1107 parva
1261 1040 1474 1106 sidera;
1507 1040 1661 1093 modo
1683 1040 1907 1094 obducto
1953 1041 2076 1095 orbe

373 1112 586 1180 pallens
607 1113 828 1165 amittat
863 1111 1028 1163 lucem
1067 1109 1296 1164 vicinior
1325 1113 1444 1164 soli.
1493 1112 1558 1164 Ut
1580 1114 1744 1166 etiam
1770 1113 2062 1181 Hesperus,

379 1185 474 1251 qui
509 1187 667 1235 ortus
723 1185 898 1250 primo
944 1184 1116 1234 noctis
1144 1184 1322 1249 spatia
1355 1183 1546 1235 ducere
1586 1183 1811 1236 videtur
1861 1200 2068 1252 agmen

375 1255 655 1307 stellarum
678 1253 1043 1320 frigidarum,
1083 1253 1237 1306 idem
1269 1254 1464 1320 lucifer
1493 1258 1660 1308 mutet
1687 1269 1880 1309 rursus
1901 1258 2063 1321 frena

2185 1049 2440 1099 consueta
2471 1045 2531 1100 in
2561 1051 2683 1101 ortu
2717 1049 2843 1102 Solis
2876 1048 3142 1116 pallidus.
3195 1049 3274 1102 Tu
3321 1051 3588 1104 contra/iis
3632 1051 3753 1105 diem.
3792 1055 3832 1106 in

2172 1119 2350 1187 minus
2396 1120 2642 1186 spatium
2673 1120 2881 1186 frigore
2904 1121 3105 1174 bruma:
3145 1120 3480 1175 detundentis
3509 1123 3708 1187 frondes
3745 1141 3755 1175 :
3791 1131 3833 1174 tu

2178 1186 2480 1253 distinguis
2509 1192 2673 1243 horas
2693 1192 2864 1244 noctis
2893 1197 3176 1260 promptas
3199 1196 3319 1245 tum
3340 1209 3457 1246 cum
3489 1186 3638 1246 aestas
3681 1195 3832 1246 calida

2175 1263 2417 1314 accessit.
2458 1262 2651 1316 Virtus
2687 1266 2781 1314 tua
2811 1262 2889 1314 sic
2931 1263 3246 1318 moderatur
3274 1280 3476 1318 annum
3507 1265 3760 1318 diversum
3785 1271 3832 1318 ut

2017 1362 2246 1419 NOTIE.

377 1456 550 1510 etiam
580 1457 775 1526 vulgo,
811 1460 866 1510 et
898 1457 1050 1526 apud
1075 1456 1300 1510 Latinos
1325 1462 1604 1512 auctores.
1647 1460 1838 1513 Horat.
1881 1459 2068 1513 Carm.

382 1529 489 1596 1.1,
523 1529 615 1582 od.
659 1532 759 1581 t2.

597 1617 794 1663 Crescit
828 1616 1033 1664 occulto
1062 1615 1207 1663 velut
1234 1617 1388 1664 arbor
1423 1630 1554 1665 aevo.

596 1679 753 1725 Fama
784 1678 1048 1725 Marcelli:
1083 1679 1240 1726 micat
1269 1679 1404 1726 inter
1439 1692 1621 1727 omnes

595 1739 796 1788 Jutium
828 1741 990 1790 sidus.
1024 1741 1168 1789 velut
1193 1742 1331 1789 inter
1356 1742 1504 1803 ignes

721 1804 866 1850 Luna
893 1804 1143 1851 minores.

452 1883 662 1936 Eadem
693 1899 826 1936 vero
853 1886 984 1936 luna
1024 1888 1292 1938 curvatur
1333 1885 1657 1950 inlcornua,
1692 1884 1808 1937 sive
1856 1885 2078 1939 obscuro

380 1960 462 2006 est
490 1956 905 2022 pallidi‘icornu,
937 1971 1067 2008 cum
1089 1972 1121 2007 a
1163 1956 1438 2024 prmdicto
1474 1956 1778 2024 plenilunii
1811 1956 1932 2008 loco
1981 1973 2077 2009 re—

381 2026 606 2091 cedens,
633 2028 698 2079 ad
734 2028 912 2079 solem
937 2027 1017 2080 ita
1048 2028 1282 2092 accedit,
1321 2035 1382 2080 ut
1421 2028 1552 2080 hinc
1598 2028 1971 2080 decrescendo
2009 2028 2079 2080 ad

381 2098 780 2162 interluninm,
818 2098 948 2150 inde
979 2099 1283 2151 crescendo
1317 2099 1384 2151 ad
1404 2098 1788 2168 plenilunium
1835 2099 2025 2151 redeat
2062 2115 2074 2151 :

377 2174 684 2237 propterea
714 2169 905 2222 Phoebo
933 2171 1160 2238 propior
1220 2171 1426 2222 lumina
1445 2170 1626 2238 perdit
1657 2186 1673 2222 :
1700 2185 1816 2222 non
1840 2169 2077 2238 omnino

381 2233 420 2291 Si
445 2233 674 2310 quidem
707 2233 1148 2308 semper—media
1177 2241 1331 2294 luna:
1350 2233 1480 2310 pars
1509 2241 1673 2295 asote
1695 2233 2076 2306 illuminatur,

381 2312 476 2362 sed
513 2327 625 2380 qua
649 2327 749 2363 nos
778 2311 1010 2381 respicit
1038 2328 1049 2364 :
1079 2311 1231 2365 unde
1274 2313 1480 2365 melius
1512 2313 1685 2366 homo
1709 2327 1900 2380 __quam
1940 2312 2080 2365 luna

380 2382 665 2435 diceretur
697 2385 891 2434 lumen
925 2383 1106 2436 solare
1131 2383 1391 2452 perdere.

452 2456 533 2504 tO.
567 2455 636 2506 Et
671 2456 768 2519 qui
802 2456 1242 2521 j'irimsetempore
1284 2452 1503 2524 noctis]
1535 2454 1601 2507 It.
1629 2453 1834 2522 Agitur
1875 2453 2077 2524 deVe—

379 2538 537 2588 nere,
562 2524 723 2591 cujus
758 2525 901 2576 vices
932 2524 989 2576 in
1015 2540 1082 2576 eo
1117 2524 1453 2587 consistunt,
1488 2523 1639 2594 quod
1658 2525 1827 2577 modo
1852 2523 2075 2577 susbse-

379 2599 588 2663 quatur
618 2595 797 2647 solem
843 2595 1220 2660 occidentem,
1263 2598 1553 2662 Hesperus,
1586 2597 1758 2648 modo
1811 2595 2078 2648 eumdem

379 2665 558 2717 solem
591 2665 870 2718 orientem
911 2667 1357 2735 antegrediatur,
1395 2668 1656 2734 Lucifer,
1708 2667 1805 2719 sed
1837 2667 1906 2718 ad
1958 2667 2076 2718 cta—

378 2736 591 2788 riorem
624 2737 794 2805 hujus
813 2736 1011 2790 sideris
1043 2737 1483 2806 intelligentiam
1519 2754 1617 2790 sua
1650 2738 1722 2790 ad
1751 2737 2079 2805 grammati-

376 2822 491 2868 cos,
529 2807 846 2874 historicos,
899 2813 1095 2877 poetas
1117 2812 1173 2862 et
1221 2809 1598 2878 philosophos
1653 2809 1720 2862 de
1765 2809 1869 2861 hac
1916 2808 2078 2861 stella

377 2879 675 2931 reti-renda
709 2885 793 2931 est
825 2879 1103 2932 doctrina.

451 2950 847 3003 Grammaticis
899 2951 1203 3020 Hesperus,
1258 2951 1625 3020 Hesperugo;
1678 2950 1890 3020 Vesper
1943 2951 2076 3002 Ves-

378 3036 630 3094 perugo;
663 3022 902 3094 Lucifer,
933 3025 1237 3094 Φωσφόρος
1271 3023 1433 3094 stella
1464 3028 1582 3075 tam
1613 3024 1863 3094 serotina
1904 3037 2074 3091 quam

378 3093 681 3156 matutina,
710 3093 859 3145 idem
893 3098 1028 3147 sunt
1085 3092 1317 3147 Veneris
1344 3093 1498 3146 sidus
1535 3111 1546 3146 :
1609 3109 1741 3146 nam
1772 3093 1989 3158 Cicero,
2044 3105 2080 3145 ιι

379 3163 447 3214 de
477 3164 803 3229 Nat.deor.,
842 3165 1037 3224 Inﬁma
1081 3170 1178 3228 est,
1230 3164 1438 3232 inquit,
1495 3168 1734 3232 quinque
1781 3169 2082 3217 errantium

379 3237 640 3306 terraeque
665 3235 921 3306 ;_;ro.1:ima
953 3236 1109 3288 stella
1135 3237 1376 3298 Veneris,
1412 3251 1529 3301 qua:
1561 3240 1858 3306 Φωσφόρος,
1891 3237 2083 3288 Latine

379 3304 604 3368 Luci/"er
651 3304 876 3368 dicitur,
907 3321 1023 3357 cum
1046 3306 1423 3370 antegreditur
1451 3308 1611 3358 solem
1635 3304 1757 3359 cum
1792 3306 2082 3373 subsequi-

385 3381 477 3426 tur
503 3380 704 3437 autem,
735 3377 1002 3442 Hesperus
1034 3394 1049 3428 :
1084 3378 1235 3429 unde
1260 3376 1529 3429 Martialis
1579 3376 1809 3446 Epig..l.
1831 3393 1956 3442 vm,
1987 3392 2076 3444 ep.

379 3447 466 3509 2t,
500 3446 825 3512 1’h05phore,
861 3446 1024 3499 redde
1070 3447 1228 3499 diem.
1271 3449 1336 3499 Et
1366 3447 1563 3515 Virgil.
1601 3449 1702 3500 ecl.
1743 3449 1823 3514 10,
1877 3463 1926 3500 v.
1972 3452 2077 3500 77:

504 3531 577 3580 lte
608 3532 824 3579 domum
852 3537 1062 3590 saturas,
1096 3533 1241 3580 venit
1276 3534 1555 3595 Hesperus,
1588 3535 1658 3582 ite
1692 3534 1927 3596 capellas.

453 3613 748 3666 Historicis
774 3614 1075 3682 Hesperus,
1116 3613 1360 3666 Atlantis
1391 3615 1726 3683 peritissimi
1758 3615 2074 3667 astronomi

380 3685 574 3748 frater,
622 3685 981 3738 astronomia:
1026 3687 1242 3754 pariter
1273 3685 1740 3750 studiosissimus,
1792 3687 1889 3755 qui
1951 3701 2081 3738 cum

385 3755 728 3808 altissimum
759 3761 1037 3821 montem,
1072 3772 1204 3808 eum
1247 3758 1390 3808 forte
1420 3773 1586 3826 quem
1619 3773 1650 3809 a
1679 3758 1853 3810 fratre
1887 3758 2079 3809 Atlan-

380 3832 496 3879 tem
520 3827 981 3889 nominaverunt,
1018 3827 1455 3894 conscendisset,
1497 3833 1559 3881 ut
1591 3828 1726 3882 inde
1757 3829 1944 3881 sidera
1991 3827 2076 3880 di-

382 3897 655 3967 ligentius
675 3899 1181 3967 contemplaretur,
1216 3915 1316 3952 seu
1342 3904 1546 3967 morte,
1576 3916 1676 3953 seu
1709 3900 1932 3966 morbo,
1983 3915 2078 3951 seu

383 3969 634 4038 quodam
694 3968 803 4021 alio
847 3986 979 4022 casu
1025 3969 1353 4039 impeditus,
1396 3971 1456 4023 in
1487 3971 1732 4040 patriam
1782 3985 2080 4040 nunquam

381 4040 596 4093 rediit:
645 4041 792 4093 unde
840 4041 1161 4109 plebecula,
1209 4041 1602 4110 superstitioni
1639 4042 1848 4109 dedita,
1891 4043 2080 4111 ipsum

381 4111 694 4165 interastra
719 4111 776 4164 in
808 4113 948 4164 coelo
973 4112 1308 4166 collocatum
1333 4112 1503 4165 fuisse
1535 4113 1894 4176 existimavit,
1945 4112 2082 4180 ipsi-

381 4197 492 4252 que
545 4187 849 4253 propterea
885 4183 1103 4235 divinos
1143 4185 1388 4237 honores
1443 4184 1702 4236 exhibuit
1728 4183 1900 4250 :;liinc
1947 4183 2074 4236 dua:

381 4255 688 4323 Hesperia},
729 4254 907 4307 altera
945 4254 1236 4324 Hispania,
1289 4256 1466 4308 altera
1521 4255 1698 4308 Italia.
1752 4255 1912 4307 Prior
1968 4255 2082 4308 He-

383 4325 571 4394 speria
592 4325 801 4379 dicitur
830 4342 860 4378 a
891 4325 1072 4378 sidere
1096 4326 1460 4394 cognomine,
1486 4326 1638 4394 quod
1675 4341 1919 4394 regnum
1972 4325 2080 4378 hoc

384 4395 610 4461 Graecis,
635 4397 814 4450 instar
833 4397 1001 4466 hujus
1033 4397 1254 4462 sideris,
1289 4398 1362 4449 sit
1399 4397 1747 4449 occidentale
1781 4413 1793 4449 :

380 4467 636 4538 loquitur
658 4468 920 4520 Horatius
956 4484 973 4521 ι
1014 4469 1227 4532 Carm.,
1248 4468 1337 4520 od.
1367 4469 1433 4520 36
1464 4485 1476 4520 :

572 4555 671 4611 Qui
697 4570 842 4604 nunc
873 4556 1124 4618 Hesperia
1144 4568 1328 4616 sospes
1360 4556 1422 4603 ab
1453 4555 1657 4603 ultima.

456 4634 741 4687 Posterior
791 4635 1062 4705 Hesperia
1122 4639 1359 4688 vocatur
1405 4651 1438 4688 a
1489 4635 1763 4704 praedicto
1824 4636 2076 4705 Hespero

383 4705 628 4776 Atlantis
658 4706 850 4771 fratre,
887 4707 982 4776 qui
1021 4723 1048 4759 a
1078 4722 1352 4776 germano
1383 4707 1599 4776 pulsus,
1627 4705 1846 4759 Italiam
1877 4706 2078 4773 tenuit,

388 4774 554 4847 eique
586 4792 794 4829 nomen
841 4774 954 4830 sive
986 4794 1018 4830 a
1060 4774 1117 4830 se
1153 4778 1267 4831 sive
1290 4795 1321 4831 a
1350 4774 1451 4830 sua
1477 4777 1661 4847 patria
1714 4778 2082 4847 desumptum

385 4846 684 4915 imposuit.
719 4849 794 4900 De
826 4849 930 4901 hac
951 4849 1102 4919 Virg.
1133 4850 1232 4902 En.
1267 4866 1304 4914 ι,
1338 4865 1388 4901 ν.
1423 4846 1526 4903 534
1561 4865 1573 4902 :

509 4942 598 4990 Est
629 4943 794 5000 locus,
822 4945 1126 5006 Hesperiam
1146 4945 1311 4994 Graeci
1343 4945 1658 5008 cognomine
1690 4944 1890 4994 dicunt.

455 5039 640 5112 Poetis
674 5041 959 5109 Hesperus
989 5042 1046 5094 in
1079 5043 1304 5095 stellam
1338 5057 1662 5107 conversus,
1695 5057 1823 5111 quae
1840 5040 2082 5112 quibus-

388 5109 518 5163 dam
565 5111 765 5174 Venus,
801 5112 926 5164 aliis
964 5116 1203 5166 Aurorae
1249 5113 1416 5167 titius.
1473 5114 1614 5167 Cum
1647 5109 2083 5166 au‘tem'iisdem

386 5181 567 5253 poetis
617 5184 710 5237 Sol
745 5183 1059 5253 quadrigis,
1100 5185 1255 5237 Luna
1284 5185 1433 5252 bigis
1479 5185 1737 5248 vehatur,
1801 5184 2084 5252 Hesperus

387 5269 504 5308 uno
528 5270 785 5308 seorsum
819 5271 968 5324 equo
999 5255 1200 5318 utitur,
1262 5256 1359 5308 sed
1407 5256 1658 5308 huncita
1707 5256 1971 5319 alternat,
2024 5258 2085 5308 ut

387 5340 557 5378 mane
590 5326 804 5390 album,
843 5343 968 5378 sero
1008 5327 1231 5378 fuscum
1263 5327 1555 5379 ascendat:
1606 5329 1909 5396 propterea
1971 5325 2084 5378 He—

388 5411 588 5466 sperus
616 5413 767 5450 nunc
791 5397 1001 5450 dicitur
1027 5400 1215 5450 solitas
1249 5398 1443 5450 iterum
1480 5403 1688 5450 mutare
1717 5397 1974 5450 habenas.

462 5467 828 5538 Philosopbis
866 5467 1114 5537 denique
1144 5469 1430 5536 Hesperus
1453 5468 1566 5520 sive
1596 5469 1779 5521 Venus
1822 5474 1906 5521 est
1961 5466 2083 5534 pla-

391 5543 548 5602 neta,
599 5540 698 5608 qui
731 5555 832 5608 per
883 5540 1088 5592 ccelum
1120 5539 1424 5608 liquidum,
1455 5543 1516 5591 ut
1554 5540 1732 5607 palea).
1774 5555 1879 5608 per
1907 5554 2085 5608 aquas

392 5607 578 5679 abripi
601 5607 810 5678 solent,
843 5617 1040 5679 raptus
1070 5607 1239 5662 modo
1271 5625 1463 5678 supra,
1491 5610 1659 5662 modo
1724 5607 1872 5664 infra
1903 5607 2080 5663 solem

393 5678 474 5731 sic
507 5686 871 5745 movetur,ut,
903 5678 1256 5735 emendicato
1281 5679 1664 5747 solistumine,
1682 5683 1941 5735 relucens
1963 5696 2086 5734 eas-

397 5749 523 5804 dem
581 5751 697 5805 fere
739 5767 878 5820 quas
929 5752 1064 5805 luna
1106 5751 1340 5807 luminis
1389 5752 1804 5808 vicissitudines
1862 5751 2080 5806 subeat.

1852 4397 1922 4450 de
1975 4396 2079 4450 hac
2120 4420 2162 4472 Ι)

2188 1465 2458 1517 Fateatur
2496 1468 2686 1518 autem
2723 1466 2867 1517 lane
2891 1465 3112 1518 stellam
3151 1466 3321 1519 modo
3352 1467 3636 1535 antegrcdi
3675 1467 3829 1519 orien-

2184 1540 2324 1601 tem,
2358 1536 2528 1588 modo
2580 1535 2743 1588 subsr-
2775 1535 2851 1603 gui
2905 1537 3254 1589 occidentem
3305 1538 3480 1589 sulem
3514 1538 3638 1591 :sed
3681 1538 3728 1590 id
3766 1538 3831 1590 di-

2189 1623 2346 1660 verso
2375 1607 2542 1660 modo
2572 1608 2738 1675 explb
2767 1612 2879 1671 .tllt,
2914 1623 3016 1676 pro
3046 1608 3264 1660 diverso
3297 1609 3496 1661 mundi
3548 1614 3830 1678 systemate,

2115 1676 2153 1728 B
2187 1679 2254 1733 de
2279 1694 2391 1747 quo
2424 1678 2610 1731 dicere
2635 1695 2742 1730 non
2788 1686 2964 1732 vacat.

2258 1752 2488 1802 Constat
2516 1765 2652 1818 ergo
2682 1766 2749 1818 ap
2782 1750 2832 1802 .d
2867 1765 3066 1802 omnes
3115 1750 3430 1818 Hesperum
3472 1749 3720 1820 subsequi
3761 1766 3827 1802 oe-

2187 1821 2464 1873 cidentem
2530 1824 2742 1873 solem:
2802 1821 2949 1873 unde
3007 1836 3158 1872 nunc
3200 1821 3404 1872 merito
3442 1822 3634 1874 dicitur
3677 1824 3830 1889 prium:

2188 1899 2424 1960 tempare
2454 1895 2625 1944 noctis
2673 1909 2830 1956 (ψίιῦ
2877 1893 3112 1957 algentes
3164 1897 3341 1957 ortus;
3392 1894 3504 1945 sive
3553 1895 3834 1945 ducereme-

2188 1970 2388 2016 cturna
2437 1965 2640 2026 sidera,
2705 1965 2912 2031 quibus
2974 1963 3349 2031 regnantibus
3411 1970 3556 2016 terra
3606 1963 3829 2032 frigescit.

2189 2037 2421 2088 Constat
2466 2034 2681 2102 pariter
2735 2032 3079 2098 Luciferum,
3145 2034 3300 2087 idem
3359 2034 3511 2087 sidus
3573 2039 3648 2086 est
3706 2033 3830 2104 quod

2189 2109 2489 2174 Hesperus,
2543 2105 2839 2172 antegredi
2889 2105 3170 2157 orientem
3229 2106 3456 2158 solem:
3514 2106 3653 2158 unde
3715 2119 3832 2156 nunc

2189 2178 2402 2246 optime
2437 2176 2642 2228 dicitur
2672 2176 2862 2228 solitas
2911 2178 3106 2228 ite-rum
3157 2181 3368 2229 mutare
3388 2177 3616 2229 habenas
3647 2177 3695 2229 in
3733 2182 3827 2229 ortu

2183 2249 2366 2319 ρηοδιιὶ
2411 2247 2523 2300 sive
2583 2247 2732 2298 solis.
2767 2247 2940 2300 Pallet
2983 2251 3176 2300 tamen
3221 2253 3458 2317 propter
3513 2249 3680 2316 majus
3724 2246 3826 2299 solis

2189 2318 2424 2373 orientis
2458 2319 2668 2372 lumen.

2267 2393 2343 2442 tsi.
2383 2392 2460 2442 Tu
2508 2389 2832 2455 frondi/"12w:
2887 2390 3099 2454 frigore
3144 2389 3390 2458 brumae]
3425 2390 3515 2444 III.
3555 2388 3734 2458 Agitur
3770 2387 3822 2440 de

2189 2462 2408 2526 diebus,
2479 2476 2725 2530 quorum
2779 2460 3088 2529 principuae
3131 2460 3277 2512 vices
3313 2461 3371 2514 in
3408 2461 3512 2514 hoc
3558 2463 3822 2516 versantur,

2189 2534 2338 2601 quod
2363 2532 2548 2584 hieme
2577 2530 3090 2595 liii‘eviOI'es,zestate
3124 2532 3422 2600 longiores
3451 2530 3826 2584 sint..\’imirum

2189 2605 2306 2657 dies
2338 2604 2429 2656 hic
2458 2608 2540 2655 est
2564 2618 2722 2654 mora
2754 2603 2887 2655 solis
2911 2619 3084 2670 supra
3118 2611 3381 2656 nostrum
3412 2604 3742 2656 horizontem
3774 2601 3825 2652 ab

2188 2683 2315 2728 ortu
2339 2675 2404 2727 ad
2437 2689 2695 2727 occasum
2729 2673 3148 2743 progredientis
3183 2691 3195 2727 :
3231 2691 3410 2744 quare
3466 2690 3568 2727 nox
3596 2674 3714 2744 huic
3740 2670 3824 2744 diei

2189 2746 2454 2815 opposita
2487 2750 2568 2798 est
2596 2742 2754 2797 mora
2794 2745 3047 2814 ejusdem
3078 2745 3208 2797 solis
3239 2742 3392 2798 infra
3426 2751 3669 2798 nostrum
3691 2742 3825 2815 bori-

2189 2813 2415 2870 zontem
2447 2817 2515 2870 ab
2550 2833 2745 2869 occasu
2780 2813 2838 2868 in
2873 2821 3061 2869 ortum
3097 2816 3494 2884 regredientis.
3521 2818 3651 2870 Cum
3688 2813 3826 2884 igitur

2190 2890 2272 2942 sol
2298 2904 2414 2941 non
2441 2888 2648 2957 arquati
2689 2904 2915 2955 semper
2941 2887 3238 2940 intervallo
3275 2904 3307 2939 a
3337 2889 3553 2941 duobus
3593 2886 3720 2956 polis
3761 2884 3825 2935 di-

2189 2965 2340 3013 stans
2377 2965 2586 3012 tcrram
2620 2958 2949 3025 circumeat,
2975 2957 3070 3010 sed
3089 2974 3505 3029 nonnunquam
3521 2959 3587 3012 ad
3617 2961 3826 3009 austrum

2117 3047 2156 3100 ρ
2186 3031 2369 3100 magis
2410 3029 2722 3100 aliquando
2756 3029 2936 3097 magis
2968 3030 3036 3081 ad
3072 3029 3403 3098 aquilonem
3441 3029 3672 3095 accedat,
3702 3041 3824 3100 secti-

2195 3097 2524 3164 tus'orbem,
2557 3099 2652 3169 qui
2677 3101 2935 3152 zodiacus
2966 3097 3187 3166 dicitur,
3220 3106 3522 3171 propterea
3552 3101 3660 3152 dies
3689 3097 3825 3171 modo

2191 3174 2417 3227 brevior
2447 3178 2550 3237 est,
2581 3175 2752 3224 modo
2777 3172 3020 3241 longior.
3061 3173 3286 3224 Brevior
3322 3169 3407 3225 est
3439 3171 3550 3224 sole
3576 3169 3826 3241 accedente

2192 3245 2263 3298 ad
2293 3249 2572 3306 austrum,
2615 3242 2770 3311 quod
2815 3237 2902 3295 lit-
2923 3242 2990 3294 ab
3037 3243 3381 3311 aequinoctio
3450 3241 3742 3311 autumnali
3777 3237 3827 3289 ad

2192 3315 2499 3368 solstitium
2539 3309 2866 3377 hibernum,
2897 3309 3121 3366 scilicet
3186 3314 3462 3383 vigesimo
3521 3313 3674 3365 tertio
3725 3309 3827 3377 Sep-

2187 3386 2422 3440 tembris
2480 3384 2550 3437 ad
2600 3383 2939 3452 vigesimum
2981 3385 3295 3437 secundum
3359 3384 3700 3438 Decembris:
3743 3394 3827 3448 quo

2192 3464 2419 3526 tempus
2453 3457 2622 3524 vulgo
2654 3457 2973 3524 appellatur
3021 3456 3284 3521 bruma,a
3322 3457 3592 3510 brevitate
3629 3455 3826 3511 dierum,

2191 3534 2254 3582 ut
2286 3531 2362 3580 ait
2385 3527 2612 3579 Vossius
2639 3533 2766 3595 post
2787 3528 3094 3579 Varronem
3132 3532 3186 3579 et
3210 3527 3469 3592 Festum;
3503 3542 3623 3596 qua:
3643 3526 3829 3596 propter

2192 3615 2474 3653 recessum
2521 3598 2655 3650 solis
2703 3603 2764 3649 et
2809 3597 3018 3666 frigida
3050 3602 3148 3661 est,
3203 3605 3258 3650 et
3304 3595 3538 3653 arbores
3583 3595 3828 3649 frondibus

2191 3670 2365 3723 exuit.
2441 3669 2580 3722 ltinc
2636 3668 2861 3732 dicitur,
2922 3671 2998 3721 Tu
3053 3669 3380 3734 frondi/tua?
3427 3671 3627 3736 frigore
3669 3666 3830 3736 bruma‘

2191 3744 2430 3808 Stringis
2465 3743 2630 3794 lucem
2664 3739 2900 3792 breviore
2932 3733 3098 3792 mora.
3147 3733 3398 3809 Longior
3423 3733 3607 3793 autem
3633 3741 3700 3789 est
3740 3733 3828 3785 sole

2193 3813 2490 3866 accedente
2523 3811 2588 3884 ad
2621 3811 2969 3884 aquilonem,
2998 3812 3240 3884 quodﬂtit
3269 3813 3340 3864 ab
3363 3811 3689 3884 acquinoctio
3732 3818 3828 3884 fer-

2190 3901 2263 3937 no
2288 3885 2355 3937 ad
2380 3882 2685 3953 solstitium
2701 3882 2979 3948 aestivum,
3015 3881 3277 3935 videlicet
3307 3901 3339 3934 a
3369 3881 3635 3953 vigesimo
3675 3881 3827 3947 primo

2191 3954 2374 4008 Martii
2420 3953 2488 4006 ad
2512 3952 2850 4022 vigesimum
2879 3954 3195 4024 secundum
3233 3954 3410 4020 Junii,
3437 3952 3573 4024 uno
3619 3957 3831 4024 tempere

2189 4025 2388 4093 incipit
2419 4020 2590 4076 aestas
2607 4024 2806 4089 calida,
2826 4023 3082 4093 adeoque
3111 4028 3306 4076 noctes
3328 4020 3667 4078 brevissima!
3684 4020 3790 4071 sunt
3819 4029 3828 4064 ε

2188 4101 2491 4167 propterea
2526 4111 2674 4167 nunc
2698 4094 2907 4167 dicitur
2948 4110 2959 4146 :
2999 4097 3211 4167 Tucum
3242 4097 3461 4161 fervida
3484 4094 3828 4167 reneritwstaf.

2189 4156 2376 4235 :Iigi'les
2415 4169 2584 4220 noctis
2625 4165 2829 4219 dividis
2851 4165 3028 4219 horas.
3049 4165 3137 4219 Sic
3167 4156 3396 4220 Ovidius
3441 4167 3602 4220 Trist.
3635 4164 3732 4225 LV,
3774 4156 3828 4208 el-

2315 4309 2415 4356 Nec
2447 4307 2572 4355 mihi
2601 4306 2884 4354 solstitium
2916 4306 3204 4368 quidquam
3227 4305 3289 4354 de
3321 4308 3565 4357 noctibus
3595 4304 3759 4354 aufert.

2375 4371 2546 4418 Efﬁcit
2569 4373 2822 4430 augustos
2847 4383 2945 4417 nec
2974 4369 3102 4416 mihi
3133 4370 3322 4417 bruma
3346 4369 3477 4419 dies.

2261 4451 2358 4506 Hic
2390 4451 2502 4504 duo
2527 4449 2811 4503 observari
2835 4455 3121 4522 poterunt.
3155 4449 3411 4522 Primum
3442 4449 3831 4522 quidemVOce-II}

2185 4525 2350 4589 hanc,
2384 4522 2719 4589 frondi/“law,
2760 4509 3019 4594 quamvis
3059 4537 3174 4574 non
3207 4521 3284 4573 ita
3319 4509 3565 4576 fueritin
3595 4509 3830 4594 usuapttd

2190 4595 2452 4666 antiquos
2485 4598 2761 4666 auctores,
2791 4593 3147 4666 aptissimam
3189 4596 3382 4666 tamen
3422 4610 3541 4666 esse
3563 4592 3651 4666 “ad
3673 4592 3833 4666 “sigilt'

2190 4652 2476 4720 tican‘dum
2511 4665 2568 4717 id
2611 4652 2760 4733 quod
2819 4652 3084 4733 pluribus
3117 4665 3397 4734 expressit
3421 4664 3614 4734 Virgil.
3671 4652 3830 4712 ΕΜ)ὶά-

2190 4754 2264 4805 v1,
2291 4754 2341 4790 v.
2373 4739 2473 4791 300
2507 4751 2520 4790 :

2317 4825 2486 4881 Quam
2512 4823 2680 4888 multa
2709 4822 2762 4888 in
2784 4821 2938 4888 silvis
2969 4825 3211 4871 autumni
3244 4823 3438 4886 frigore
3468 4824 3632 4888 primo

2315 4889 2483 4949 Lapsa
2502 4886 2700 4934 cadunt
2729 4883 2853 4932 folia

2192 4968 2407 5022 Deinde
2449 4967 2637 5027 horas,
2673 4982 2739 5019 ex
2774 4965 2980 5036 quibus
3013 4965 3128 5019 sive
3174 4966 3294 5021 dies
3326 4968 3440 5021 sive
3497 4956 3833 5036 noxbrevior

2191 5038 2567 5108 componitur,
2601 5033 2984 5102 vocari'agites
3025 5038 3140 5090 sive
3165 5044 3487 5108 promptas:
3542 5035 3668 5106 quia
3708 5033 3832 5108 horae

2192 5100 2436 5179 duplicis
2463 5115 2596 5162 sunt
2633 5100 2897 5178 generis:
2924 5108 3049 5160 alite
3079 5100 3346 5179 aequales,
3385 5110 3511 5163 aliae
3557 5100 3835 5175 inaequales

2192 5183 2342 5235 inter
2377 5197 2454 5234 se.
2499 5180 2760 5252 ASquales
2810 5179 3208 5233 dicunturillie
3239 5197 3367 5250 qua:
3403 5181 3516 5234 sive
3540 5179 3834 5252 hieuie__§1\‘6

2193 5257 2386 5307 mstate
2408 5242 2703 5322 sexaginta
2735 5267 2982 5323 semper,
3010 5256 3069 5323 ut
3091 5242 3275 5317 aiunt;
3311 5255 3534 5305 minutis
3564 5242 3833 5323 ωιςιυξξὶίὺυδ

2193 5328 2453 5378 constant
2488 5320 2636 5392 :qua
2664 5323 2880 5374 ratione
2914 5322 3158 5375 dicimus
3191 5326 3366 5376 solem
3404 5339 3504 5392 per
3527 5320 3834 5389 vigintiqll-J'

2191 5402 2323 5449 tuor
2343 5396 2512 5448 horas
2555 5395 2624 5446 ab
2671 5409 2781 5444 uno
2833 5393 2960 5446 casti
3012 5401 3221 5462 puncto
3263 5397 3332 5448 ad
3363 5395 3511 5448 idem
3555 5393 3833 5462 regressum

2193 5473 2373 5520 totam
2407 5464 2728 5517 circuivisse
2786 5461 3024 5516 terram:
3075 5467 3390 5535 lnmqnales
3429 5480 3556 5516 vero
3595 5461 3833 5535 dicuntur

2193 5555 2344 5609 quae,
2377 5553 2507 5589 cum
2540 5535 3019 5609 sintduodecima
3049 5527 3271 5590 tantum
3295 5533 3669 5609 sivedieisive
3690 5527 3832 5609 nocti?

2194 5603 2343 5680 pars,
2376 5605 2756 5660 crescentibus
2777 5607 3366 5680 decrescentibusque
3397 5608 3507 5660 sive
3534 5603 3716 5658 diebus
3742 5605 3833 5646 sue

2197 5677 2456 5735 noctibus
2487 5693 2737 5731 crescere
2761 5677 2971 5730 debent
3002 5683 3056 5732 et
3087 5677 3426 5733 decrescere.
3597 5747 3600 5748 ν
3660 5740 3667 5748 ε

2274 5732 2503 5806 ίϐίΤιια
2534 5751 2615 5804 vis
2638 5752 2848 5803 varium
2877 5732 3148 5820 temperat
3170 5750 3414 5820 anulum]
3462 5748 3546 5802 1V.
3579 5740 3755 5812 Agitur
3780 5732 3831 5784 de
