3996 6170
141 304 219 357 sit
731 269 734 272 ’
1131 299 1220 352 DE
1261 299 1794 358 CONSOLATIONE
1837 302 2319 360 rimosoan
2357 304 2483 358 LIB.
2527 304 2568 357 1.

3499 310 3603 364 642

139 437 273 492 vultu
297 434 536 505 placido,
567 433 822 505 nihilque
857 433 998 489 meis
1029 435 1324 506 questibus
1355 443 1510 491 mota
1540 452 1552 494 :
1590 438 1604 470 ¹
1641 437 1782 492 Cum
1819 439 1866 492 A
1894 437 2208 492 existimari
2259 438 2458 505 mavis,
2492 444 2545 493 te
2580 438 2772 509 potius
2812 439 2933 510 ipse
2963 440 3255 511 pepulisti.
3309 443 3451 496 Nam
3487 443 3544 497 id
3576 455 3600 484 ο

139 532 200 589 te,
227 524 422 594 inquit,
450 532 475 557 ⁸
520 527 784 578 maestum
827 524 1354 597 lacrymantemque
1390 527 1682 594 vidissem,
1727 527 1792 580 il-

140 615 228 668 lico
274 614 293 646 ²
340 611 632 678 miserum,
696 617 792 668 72
825 616 846 648 ⁸
885 614 1254 685 exsulemque
1307 615 1568 685 cognovi.
1625 616 1737 670 Sed
1771 619 1795 659 ιν

141 719 282 774 quam
310 702 364 756 id
394 702 779 772 longinquum
811 708 958 756 esset
987 703 1273 770 exsilium,
1318 704 1430 758 nisi
1461 709 1562 758 tua
1589 703 1791 775 prodi-

140 792 282 846 disset
307 791 510 860 oratio,
545 790 889 845 nesciebam.
929 790 1036 845 Sed
1063 796 1125 845 tu
1173 793 1368 862 procul
1399 809 1430 846 a
1459 792 1644 862 patria
1676 809 1791 848 non

139 881 335 952 quidem
388 880 588 950 pulsus
639 895 718 946 es,
755 879 854 935 sed
884 880 1179 936 aberrasti.
1229 884 1300 936 At
1356 881 1404 936 si
1454 886 1510 936 te
1558 883 1788 953 pulsum

1903 526 2136 596 quidem
2167 527 2237 580 de
2268 531 2320 581 te
2371 543 2668 598 nunquam
2725 529 2994 600 cuiquam
3038 529 3122 582 fas
3171 529 3390 586 fuisset.
3428 532 3503 602 (5)
3541 531 3600 587 Si

1905 615 2059 668 enim
2081 620 2102 651 ⁸
2126 616 2287 686 cujus
2316 617 2596 671 oriundus
2625 617 2700 670 sis
2730 619 2931 687 patriae
2962 618 3365 685 reminiscaris,
3392 620 3454 663 δε
3483 637 3600 674 non

1904 705 1987 760 uti
2017 706 2453 760 Atheniensium
2484 707 2773 777 quondam
2810 707 3194 761 multitudinis
3233 707 3473 778 imperio
3502 725 3598 762 re-

1901 795 2073 866 gitur,
2122 795 2263 849 sed“
2294 795 2363 856 εἷς
2417 800 2650 869 κοίρανος
2703 797 2861 862 ἔστιν,
2899 797 2967 857 εἷς
3027 794 3294 867 βασιλεὺς,
3355 797 3454 867 qui
3484 797 3595 852 fre—

1903 884 2139 954 quentia
2173 884 2402 952 civium,
2435 900 2550 938 non
2583 884 2922 954 depulsione
2954 885 3178 938 laetatur
3209 901 3222 938 :
3262 889 3358 942 73
3388 884 3413 917 θ
3434 887 3596 954 cujus

1589 989 2186 1054 lNTERPRETATIO,

526 1163 625 1217 hoc
651 1165 907 1218 exsilium
939 1165 1189 1220 distaret.

191 1265 212 1292 ο
235 1239 380 1292 Nemo
403 1239 676 1304 potuisset
708 1240 757 1290 te
779 1238 1003 1305 pellere.

1971 1099 1996 1139 εἰ
2065 1098 2183 1150 Tua
2227 1098 2422 1163 patria
2467 1111 2576 1148 non
2643 1099 2858 1161 regitur
2910 1097 3135 1162 imperio
3192 1095 3598 1156 multitudinis;

1907 1169 2033 1221 olim
2059 1167 2286 1220 Athenas
2309 1167 2639 1233 regebantur
2671 1182 2683 1220 :
2715 1167 2811 1219 sed
2840 1166 3027 1234 hujus.

1971 1246 1992 1273 °
2028 1240 2178 1293 Unus
2211 1243 2289 1291 est
2314 1238 2584 1301 dominus,
2617 1253 2760 1292 unus
2783 1253 2900 1292 rem.

1733 1346 1951 1402 NOTIE.

142 1437 184 1483 ut
200 1445 348 1494 neque
370 1429 614 1482 tabescat
634 1429 915 1494 molestiis,
946 1445 1118 1495 neque
1139 1431 1442 1498 frangatur
1459 1434 1667 1499 timore,
1700 1449 1794 1487 nec

138 1506 343 1554 sitienter
373 1500 508 1565 quid
538 1503 802 1568 appetens
833 1501 1027 1555 ardeat
1057 1501 1328 1556 desiderio
1374 1519 1468 1557 nec
1507 1504 1795 1558 alacritate

139 1573 261 1639 futili
284 1575 509 1638 gestiens
537 1571 899 1637 deliquescat.

1905 1433 1975 1487 de
2015 1431 2198 1502 patria
2243 1431 2456 1502 caelesti
2496 1446 2682 1502 sermo
2725 1431 3135 1485 continuatur:
3185 1430 3358 1501 hujus
3390 1436 3595 1486 autem

1904 1501 2102 1574 patria:
2142 1501 2429 1574 reminisci
2483 1501 2756 1574 duntaxat
2809 1502 3066 1556 Boetium
3120 1507 3344 1574 oportet
3389 1518 3403 1556 :
3457 1503 3596 1574 quia

1910 1572 2136 1628 Boetius
2167 1572 2282 1626 sive
2324 1587 2354 1624 a
2389 1573 2528 1638 Deo,
2559 1572 2672 1624 sive
2711 1587 2812 1625 suo
2869 1575 3062 1639 Marte,
3107 1574 3224 1627 sive
3257 1573 3430 1626 etiam
3475 1572 3594 1628 ina-

192 1645 340 1716 *__Cum
367 1647 437 1716 _t_e
483 1648 734 1716 mlestum
785 1644 1252 1716 lacyniantemque
1279 1643 1570 1716 vidissem]
1606 1644 1798 1716 Inquit
1837 1647 1875 1700 Β
1905 1646 2214 1716 gistrorum
2229 1641 2591 1716 adminiculis
2610 1642 2936 1716 instructus,
2960 1645 3172 1716 multus
3200 1644 3406 1716 abhinc
3429 1645 3597 1699 annis

139 1712 476 1786 Philosophia.
510 1715 797 1783 Lacrymae
831 1715 1068 1786 quidem
1099 1715 1315 1786 seipsas
1343 1712 1597 1785 produnt
1637 1732 1650 1770 :
1686 1712 1789 1770 tri-

140 1785 258 1838 stitia
305 1790 489 1836 autem
533 1789 593 1837 et
640 1784 906 1855 lacrymis
945 1790 1002 1839 et
1031 1784 1470 1840 oculorum’situ
1498 1787 1786 1841 noscitur:

141 1856 257 1909 Oculi
283 1857 410 1907 enim
438 1859 590 1919 sunt,
629 1855 820 1925 inquit
838 1856 1045 1910 Orator
1074 1873 1132 1910 Ill
1153 1857 1221 1911 de
1253 1857 1371 1922 Or.,
1405 1873 1636 1922 quorum
1669 1863 1784 1911 tum

140 1929 404 1986 intentione,
430 1931 544 1978 tum
570 1928 908 1994 remissione,
932 1931 1045 1982 tum
1076 1928 1341 1996 conjectu,
1365 1932 1482 1984 tum
1507 1930 1790 1984 hilaritate

141 2001 276 2050 motus
301 1999 604 2050 animo-rum
635 1999 1029 2066 signiﬁcamus.

191 2070 466 2150 {Miserum
495 2068 783 2150 ‘cog‘noviJ
827 2069 1113 2150 Mi_ser,‘ut
1150 2068 1379 2150 Cujacio
1410 2070 1787 2150 pluribusque

142 2140 234 2190 aliis
261 2142 446 2207 placet,
479 2139 696 2192 dicitur
727 2156 760 2193 a
785 2148 944 2210 μισῶ,
977 2140 1087 2205 odi,
1115 2141 1269 2210 quod
1297 2141 1508 2194 misera
1535 2139 1788 2196 conditio

143 2210 358 2262 omnibus
409 2211 692 2263 sitexosa.
726 2211 986 2263 Miseram
1020 2215 1210 2264 autem
1246 2211 1403 2265 illam
1428 2212 1610 2266 Boetii
1649 2229 1787 2266 con-

143 2281 766 2353 ditionemPhilosophia
805 2282 1136 2350 cognovisse
1185 2282 1376 2352 potuit
1413 2299 1483 2337 ex
1520 2283 1787 2353 lacrymis

142 2357 182 2402 et
217 2351 423 2406 tristitia
476 2351 816 2421 praedictis:
860 2353 953 2405 hee
1010 2351 1357 2407 enim’sunt
1401 2351 1652 2408 miseria!
1700 2371 1788 2408 co-

145 2423 285 2475 mites.

193 2501 208 2533 3
259 2501 648 2573 Emsulemque.]
699 2503 876 2555 Exsul
923 2502 1063 2570 sive,
1121 2509 1183 2556 ut
1231 2507 1452 2556 veteres
1497 2502 1782 2573 legebant,

143 2574 252 2624 esset
277 2573 601 2644 illerdicitur
633 2573 733 2644 qui
774 2589 839 2626 ex
871 2575 993 2626 solo
1042 2573 1378 2626 deturbatus
1410 2580 1568 2628 abest
1602 2589 1615 2628 :
1648 2575 1782 2629 hinc

147 2644 264 2695 aiunt
290 2643 852 2708 scribendum’emsul,
899 2660 1018 2698 non
1048 2645 1175 2697 exul
1207 2661 1219 2698 :
1264 2645 1362 2698 sed
1393 2645 1451 2698 id
1492 2645 1637 2699 tanti
1671 2662 1785 2700 non

144 2721 219 2778 est,
242 2729 352 2765 cum
395 2715 584 2768 littera
615 2731 657 2767 ac
686 2730 750 2767 ex
775 2715 982 2768 litteris
1034 2730 1061 2767 c
1091 2721 1143 2769 et
1185 2730 1211 2768 s
1243 2721 1641 2785 componatur.
1684 2717 1787 2771 C0-

147 2785 295 2850 gnovit
320 2791 504 2839 autem
532 2785 906 2855 Philosophia
932 2785 1038 2840 hoc
1063 2785 1239 2840 Boetii
1269 2786 1534 2840 exsilium
1567 2803 1685 2840 non
1717 2803 1785 2842 ex

149 2855 322 2927 tristitia
345 2861 396 2908 et
426 2856 696 2926 lacrymis
731 2862 952 2910 tantum
977 2875 988 2908 :
1014 2856 1102 2910 his
1136 2857 1350 2927 quippe
1369 2873 1484 2912 non
1515 2859 1781 2913 exsilium

149 2926 288 3000 potius
304 2943 463 2996 quam
488 2928 768 3000 quaslibet
793 2927 905 2980 alia
926 2926 1538 3000 miseria’signiﬁcatur
1559 2946 1570 2994 ;
1595 2929 1689 2983 sed
1714 2947 1778 2984 ex

148 2998 252 3070 ipso,
280 2999 329 3049 in
359 3014 465 3070 quo
493 2998 726 3051 Boetius
759 2999 1192 3070 lacrymabatur,
1224 3000 1368 3067 loco,
1402 2999 1523 3070 qui,
1563 3005 1627 3054 ut
1647 3006 1780 3070 pote

148 3066 286 3148 boetia
309 3066 676 3148 coniunctus,
691 3066 886 3148 potuit
908 3073 964 3123 et
994 3069 1064 3123 ab
1101 3066 1360 3124 auctore
1391 3066 1616 3124 reticeri
1648 3066 1722 3126 'et
1750 3089 1782 3126 a

149 3140 306 3209 lectore
337 3139 488 3193 facile
512 3139 785 3209 intelligi.

195 3207 364 3262 Verum
393 3227 518 3282 cum
553 3207 821 3282 exsilium
847 3210 1070 3264 dicatur
1089 3211 1290 3281 patriae
1330 3211 1599 3282 privatio,
1627 3228 1781 3266 cum-

148 3293 227 3344 que
245 3281 465 3334 hominis
496 3282 689 3351 patria
719 3281 830 3334 alia
860 3282 1082 3335 dicatur
1110 3281 1390 3351 corporis,
1415 3284 1526 3337 alia
1546 3286 1777 3347 mentis,

148 3357 383 3424 propterea
409 3353 676 3424 exsilium
718 3368 834 3424 non
869 3355 1052 3405 solum
1089 3353 1159 3406 de
1177 3355 1513 3424 corporibus
1543 3372 1576 3407 a
1605 3355 1782 3408 natali

148 3423 233 3470 solo
273 3423 520 3491 expulsis,
569 3423 670 3475 sed
721 3423 893 3475 etiam
947 3424 1014 3476 de
1058 3423 1347 3478 mentibus
1397 3441 1431 3477 a
1470 3427 1612 3478 coelo
1662 3425 1779 3479 sive

148 3492 290 3565 potius
317 3510 343 3543 a
374 3493 480 3545 Deo
525 3494 764 3546 remotis
795 3493 1042 3563 intelligi
1073 3500 1258 3564 potest
1290 3511 1304 3548 :
1338 3496 1488 3550 unde
1519 3497 1780 3565 quamvis

150 3559 320 3636 Boetius
349 3565 399 3636 in
419 3565 731 3636 praedictis
762 3566 879 3636 suis
920 3559 1271 3619 carminibus
1319 3566 1390 3620 de
1417 3559 1600 3636 prio-ri
1628 3567 1775 3620 dun-

151 3635 259 3711 taxat
285 3635 464 3687 exsilio
495 3637 723 3716 locutu‘s
761 3635 956 3699 fuerit,
984 3637 1388 3716 .l’hilosophia
1423 3635 1636 3716 tamen,
1689 3653 1779 3716 oc-

149 3705 318 3778 casione
363 3711 606 3778 accepta,
671 3705 740 3759 de
785 3705 1087 3778 posteriori
1133 3705 1330 3760 exsilio
1379 3708 1652 3778 loquitur,
1707 3709 1780 3778 si-

151 3774 412 3846 ululataque
436 3774 534 3829 sua
567 3777 952 3846 ignoratione,
989 3777 1179 3829 innuit
1215 3774 1472 3831 exsilium
1507 3794 1614 3832 non
1643 3777 1778 3832 adeo

150 3842 440 3913 longinquum
504 3842 660 3908 esse;
724 3849 880 3916 quod
928 3848 1204 3900 nimirum
1276 3865 1440 3901 mens
1500 3849 1772 3913 hominis,

149 3927 477 3988 quamcunque
511 3919 557 3971 is
598 3918 813 3970 incolat
843 3923 1124 3971 terrarum
1157 3918 1475 3988 regionem,
1510 3936 1614 3973 nec
1649 3921 1776 3973 lon-

150 3985 574 4060 gioripropterea,
613 3989 998 4060 necbreviori
1030 3985 1334 4043 intervallo
1366 4007 1397 4043 a
1423 3991 1636 4044 caelesti
1682 4007 1778 4060 pa-

149 4057 227 4131 tria
249 4057 428 4131 distet:
459 4059 607 4113 bene
651 4058 866 4128 quippe
913 4063 1277 4129 Anaxagoras
1319 4061 1598 4131 quaerenti
1644 4057 1773 4115 nul-

153 4123 241 4202 lane
264 4129 442 4202 patriae
472 4131 580 4200 ipsi
609 4123 913 4202 esset-cura
946 4146 958 4183 :
985 4123 1142 4197 Mihi:
1164 4123 1368 4201 inquit,
1404 4132 1606 4202 patrias
1641 4148 1778 4186 cura

150 4201 184 4273 ﬁt
211 4198 404 4273 quidem
434 4198 663 4254 summa
683 4204 787 4273 e_s_t,
805 4201 1070 4273 digitum
1114 4203 1175 4256 in
1216 4198 1424 4257 caelum
1449 4203 1771 4256 intendens.

150 4261 318 4332 Optime
355 4271 401 4324 S.
437 4273 664 4336 Paulus,
703 4261 922 4326 II'Cor‘:
965 4289 1017 4338 v,
1059 4279 1258 4327 mouet
1301 4289 1398 4328 nos
1449 4273 1646 4327 habere
1686 4273 1779 4328 do-

153 4349 253 4414 mum
289 4345 525 4414 aeternam
578 4346 639 4395 in
671 4343 813 4396 caelis
845 4359 858 4396 :
903 4343 1060 4414 quod
1112 4344 1261 4414 apud
1311 4344 1664 4399 Christianos
1693 4347 1780 4399 est

151 4407 556 4486 vulgatissimum.
598 4407 1014 4482 Propterea'ab
1041 4407 1166 4468 hac'
1181 4415 1370 4485 patria
1400 4431 1570 4469 nemo
1619 4415 1780 4486 pelli-

153 4478 244 4554 tur:
272 4484 319 4533 tu
353 4486 534 4549 procul
572 4501 605 4538 a
646 4478 838 4554 patria
876 4501 983 4539 non
1025 4478 1243 4550 quidem
1262 4489 1464 4554 pulsus
1509 4478 1771 4541 eszinam

154 4541 228 4599 hoc
249 4557 320 4628 est
347 4541 831 4628 discrimen‘inter
851 4541 1098 4628 patriam
1143 4541 1398 4627 corporis
1433 4561 1489 4611 et
1523 4557 1772 4627 patriam

155 4625 483 4698 meritis,quod
517 4628 690 4681 etiam
723 4625 884 4680 inviti
915 4629 1197 4698 possimus
1227 4625 1260 4682 εἰ
1297 4628 1484 4698 patria
1515 4625 1773 4698 corporis

155 4692 308 4766 expelli
337 4692 410 4766 :ria
441 4699 619 4766 patria
670 4713 806 4750 vero
840 4692 1068 4763 mentis,
1105 4692 1382 4754 nimirum
1429 4717 1459 4753 a
1486 4692 1634 4754 casto
1656 4699 1773 4752 sive

157 4765 302 4835 Potius
323 4765 526 4838 abiipso
558 4771 697 4838 Deo,
724 4783 842 4822 non
866 4770 976 4823 nisi
1003 4771 1253 4825 volentes
1275 4771 1606 4824 recedamus
1629 4786 1641 4824 :
1664 4770 1774 4823 huc

153 4839 266 4883 enirn
295 4837 576 4905 tendimus,
613 4837 705 4892 hic
743 4855 1174 4896 commoramur
1206 4841 1501 4894 affectibus
1534 4841 1768 4905 mentis,

157 4910 344 4982 quorum
391 4925 580 4982 sumus
629 4910 870 4982 domini.
903 4917 950 4966 A
982 4912 1168 4982 patria
1199 4915 1392 4966 tamen
1432 4912 1647 4965 caelesti
1679 4911 1776 4964 ab-

157 4981 354 5052 frramus
389 4980 704 5052 aliquando,
753 4981 849 5034 sed
891 4980 1210 5037 abe'rrasti:
1257 4988 1540 5052 quatenus
1595 4982 1774 5036 libere

158 5040 362 5123 folimtas
387 5040 568 5104 nostra
601 5050 795 5123 deficit
821 5069 853 5105 a
874 5054 1069 5107 divina
1097 5040 1408 5115 voluniate,
1443 5069 1569 5123 qua:
1602 5059 1664 5106 ut
1691 5056 1777 5106 est

159 5120 297 5195 prima
336 5133 508 5175 rerum
548 5122 810 5195 omnium
840 5139 1029 5191 causa,
1073 5126 1151 5178 sic
1199 5125 1386 5195 prima
1425 5120 1508 5177 est
1543 5129 1776 5177 actuum

160 5173 474 5266 1illinenorum
506 5194 747 5264 regula:
782 5173 1156 5262 quamobrem
1185 5173 1234 5249 sri
1266 5200 1314 5248 te
1337 5196 1559 5263 pulsum
1583 5197 1777 5248 emisti-

280 5266 450 5335 mﬂ-vis.
482 5267 528 5317 te
548 5260 712 5333 potia
763 5260 879 5335 ipse
897 5268 1184 5335 pepulisti,
1220 5275 1319 5321 tua
1337 5260 1567 5320 scilicet
1586 5267 1780 5319 volun-

161 5319 258 5408 iﬁlli.
289 5334 369 5382 tuo
396 5319 661 5390 consensu
712 5319 872 5408 cujus
897 5319 986 5391 ita
1023 5319 1294 5392 dominus
1330 5354 1410 5405 es,
1451 5341 1516 5391 ut
1543 5337 1603 5390 id
1623 5337 1688 5390 de
1729 5341 1777 5408 te

161 5400 379 5480 ggnquam
391 5408 628 5480 cuiquam
657 5411 747 5474 fas
763 5400 983 5474 fuisset.
1021 5410 1194 5463 Tanta
1228 5400 1442 5480 quippe
1463 5413 1548 5480 est
1571 5407 1778 5480 mentis

162 5453 370 5550 {ultimate
389 5453 624 5550 libertas,
657 5453 786 5550 ipsa
834 5486 900 5535 ut
929 5496 1034 5534 nec
1086 5453 1276 5535 errori:
1315 5453 1422 5534 ἧέο
1450 5479 1609 5544 vitio,
1644 5478 1776 5550 qui-

164 5525 288 5618 Ρ-υξιι
311 5544 500 5598 caelesti
530 5525 715 5618 patriai
749 5525 1033 5618 arcemur,
1067 5551 1175 5606 nisi
1210 5551 1413 5607 eadem
1450 5525 1629 5605 libere
1647 5525 1776 5603 Ἰνο·-

165 5594 307 5704 1383},
328 5594 896 5700 contaminariwpoisgt:

255 5675 396 5746 cuius
419 5675 675 5751 Mundus
697 5675 1003 5765 Eripiam
1027 5692 1456 5764 reminiscaris.]
1489 5692 1778 5761 lncoeptus

1897 1714 2136 1770 noverat
2165 1715 2374 1768 caelum
2405 1729 2566 1766 suam
2601 1729 2720 1766 esse
2754 1714 2998 1784 patriam
3021 1731 3034 1768 :
3056 1715 3152 1768 sed
3186 1715 3344 1768 notio
3366 1715 3486 1769 haec
3508 1716 3597 1770 af-

1897 1787 2138 1841 fectibUS
2177 1785 2321 1838 forte
2372 1783 2671 1837 obscurata
2713 1800 2725 1837 :
2760 1783 2893 1838 hinc
2934 1785 3072 1839 illud
3122 1801 3242 1839 non
3284 1791 3402 1840 tam
3455 1787 3598 1841 scire

1899 1859 2151 1929 primum
2185 1871 2361 1929 quam
2390 1855 2683 1929 reminisci
2706 1855 2964 1929 debebat.

1969 1927 1991 1961 ⁵
2035 1929 2154 1984 Νοη
2200 1930 2284 1980 uti
2329 1925 2788 1996 Atheniensium]
2838 1926 3065 1996 Triplex
3119 1930 3204 1980 est
3253 1926 3457 1996 patrias
3502 1942 3593 1983 re-

1897 1999 2098 2069 gendae
2133 1997 2358 2064 modus,
2392 1997 2509 2050 sive
2547 1997 2755 2069 triplex
2802 1997 3030 2068 imperii
3077 1997 3283 2062 forma,
3326 1998 3596 2053 videlicet

1896 2068 2274 2140 principatus,
2305 2073 2484 2122 status
2505 2068 2870 2140 optimatum,
2903 2074 2960 2122 et
2987 2073 3163 2140 status
3189 2070 3388 2140 populi
3417 2085 3428 2123 :
3459 2086 3595 2124 nam

1897 2138 2118 2194 cunctas
2158 2142 2403 2193 nationes
2440 2144 2490 2192 et
2519 2139 2700 2206 urbes,
2753 2138 2832 2192 ait
2862 2139 3087 2193 Cornel.
3116 2138 3292 2192 Tacit.
3327 2140 3365 2194 1.
3395 2157 3470 2205 x1,
3497 2158 3595 2209 po-

1891 2214 2078 2281 pulus,
2122 2215 2220 2264 aut
2251 2213 2539 2279 primores,
2570 2216 2668 2263 aut
2705 2211 2912 2277 singuli
2959 2215 3176 2277 regunt.
3219 2211 3593 2266 Athenienses

1897 2283 2131 2354 quidem
2164 2281 2234 2335 ab
2267 2281 2638 2354 optimatibus
2669 2281 2944 2354 primum,
2980 2299 3010 2335 a
3031 2282 3248 2354 populo
3279 2281 3484 2336 deinde
3517 2283 3592 2336 le-

1895 2351 1995 2424 ges
2041 2359 2404 2422 acceperunt,
2447 2351 2599 2405 unde
2649 2369 2762 2424 non
2811 2353 2995 2424 solum
3039 2351 3357 2421 depulsione
3395 2354 3592 2406 civium

1897 2423 2026 2478 bene
2058 2429 2375 2477 meritorum
2411 2425 2598 2490 laetati,
2635 2423 2732 2476 sed
2775 2423 2920 2477 mori
2955 2440 3048 2477 eos
3095 2423 3403 2494 aliquando
3452 2440 3586 2478 coe-

1894 2496 2045 2576 gisse
2079 2495 2364 2548 feruntur.
2391 2498 2474 2576 At
2507 2494 2750 2576 caelestis
2799 2500 2994 2576 nostra
3038 2495 3224 2576 patria
3258 2511 3442 2574 neque
3487 2512 3585 2576 po-

1894 2565 2056 2645 pulo,
2094 2582 2279 2645 neque
2311 2565 2703 2645 optimatibus,
2735 2565 2834 2619 sed
2865 2581 2980 2645 uno
3011 2565 3298 2645 duntaxat
3329 2566 3414 2636 pri

1895 2637 2116 2708 regitur
2145 2654 2157 2691 :
2194 2641 2254 2690 ut
2283 2636 2438 2690 enim
2471 2636 2550 2690 ait
2580 2637 2858 2708 Homerus
2889 2636 3047 2690 Iliad.
3078 2651 3108 2690 B
3146 2653 3158 2691 :

2583 2706 2652 2768 εἷς
2686 2711 2918 2780 κοίρανος
2959 2708 3091 2758 ἔστω

2214 2777 2283 2838 εἷς
2320 2775 2588 2848 βασιλεὺς.

2639 2848 2807 2896 Herus
2825 2847 3012 2896 unicus
3045 2851 3125 2896 est

2018 2910 2215 2959 Unicus
2235 2913 2287 2958 et
2307 2910 2566 2972 princeps.

1961 2989 2186 3044 Scilicet
2217 2993 2280 3042 ut
2302 2989 2456 3043 solus
2492 2990 2640 3043 Deus
2660 2994 2745 3042 est
2771 2989 2978 3043 mentis
2998 2989 3266 3043 humanae
3297 2988 3584 3055 conditor,

1892 3061 1972 3115 sic
2005 3061 2160 3114 solus
2190 3061 2338 3114 Deus
2370 3065 2452 3113 est
2491 3060 2749 3129 ejusdem
2790 3059 2995 3114 mentis
3046 3061 3374 3114 moderator
3404 3076 3417 3114 :
3453 3076 3584 3130 pro-

1889 3139 2086 3202 pterea
2134 3133 2301 3197 Deus,
2350 3131 2370 3184 Ι
2403 3130 2652 3184 Timoth.
2712 3147 2769 3184 v1
2800 3136 2855 3184 et
2895 3131 3052 3198 alibi,
3098 3131 3310 3184 dicitur
3344 3133 3458 3185 Rea:
3492 3148 3583 3185 re-

1889 3219 2020 3271 gum
2051 3207 2100 3257 et
2127 3205 2390 3256 Dominus
2432 3203 2850 3256 dominantium.
2885 3203 3000 3255 Rex
3035 3208 3226 3255 autem
3253 3202 3347 3255 ille
3380 3218 3585 3271 supre-

1891 3291 2018 3329 mus
2051 3275 2270 3328 laetatur
2295 3275 2611 3339 frequentia
2631 3276 2828 3327 civium
2847 3291 2867 3334 ;
2889 3277 3195 3342 propterea
3213 3274 3366 3326 enim
3385 3273 3584 3326 huma-

1889 3361 2032 3399 num
2081 3361 2263 3414 genus
2315 3344 2592 3414 condidit,
2660 3343 3068 3414 perditumque
3128 3343 3416 3414 Unigeniti
3460 3343 3583 3396 Filii

1890 3404 2404 3485 mortevreparavit
2437 3432 2448 3469 :
2480 3404 2616 3468 hinc
2659 3404 2935 3481 Christus,
2973 3404 3137 3468 iloan.
3182 3404 3458 3481 Inv/Uias,
3495 3416 3583 3466 in-

1890 3489 2032 3557 quit,
2067 3501 2186 3540 oves
2231 3486 2419 3543 habeo.
2451 3502 2571 3554 quae
2601 3502 2707 3539 non
2744 3490 2874 3539 sunt
2925 3502 2992 3538 ea;
3031 3485 3127 3539 hoc
3165 3486 3313 3557 ovili,
3373 3490 3422 3538 et
3452 3485 3580 3538 illas

1889 3556 2098 3626 oportet
2128 3573 2210 3610 me
2251 3558 2556 3623 adducere;
2593 3562 2642 3609 et
2687 3571 2865 3610 vocem
2907 3571 3080 3610 meam
3125 3556 3358 3610 audient
3401 3560 3452 3610 et
3491 3559 3582 3624 ﬁet

1888 3645 2058 3682 unum
2088 3629 2225 3682 ovile
2273 3633 2323 3682 et
2352 3643 2493 3681 unus
2531 3631 2742 3695 pastor.
2782 3628 2935 3680 ldem
2987 3629 3104 3681 Rex
3141 3643 3444 3698 supremus
3474 3643 3581 3680 non

1890 3701 2109 3754 letatur
2138 3700 2455 3767 depulsione
2475 3701 2708 3752 civium:
2738 3715 2867 3751 nam
2906 3699 2927 3752 Ι
2957 3698 3206 3764 Timoth,
3229 3713 3294 3752 ιι.
3328 3699 3583 3752 Salvator

1887 3775 2071 3824 noster
2107 3773 2250 3824 Deus
2282 3785 2462 3824 omnes
2492 3770 2733 3822 homines
2760 3771 2878 3822 vult
2899 3771 3077 3822 salvos
3095 3773 3215 3837 ﬁeri
3245 3773 3296 3822 et
3321 3769 3396 3822 ad
3419 3773 3576 3835 agni.

1889 3847 2087 3894 tionem
2117 3845 2365 3894 veritatis
2401 3844 2604 3894 venire.
2646 3842 2776 3894 Vivo
2795 3856 2908 3907 ego,
2951 3840 3085 3893 dicit
3117 3843 3381 3894 Dominus
3412 3843 3578 3905 Deus,

1889 3911 2196 3966 Ezechielis
2225 3927 2415 3976 χχχιιι,
2465 3911 2586 3964 nolo
2625 3915 2850 3964 mortem
2881 3913 3056 3979 impii,
3101 3912 3196 3964 sed
3218 3915 3278 3964 ut
3308 3916 3584 3964 converta-

1889 3988 1981 4036 tur
2010 3986 2212 4050 impius
2254 3998 2289 4035 a
2319 3987 2409 4034 via
2439 3997 2542 4034 sua
2573 3986 2623 4034 et
2666 3985 2833 4035 vivat.
2871 3982 3278 4045 Convertimini,
3311 3986 3576 4035 converti-

1884 4056 2021 4108 mini
2049 4069 2084 4106 a
2111 4057 2215 4106 viis
2243 4057 2437 4105 vestris
2461 4055 2734 4120 pessimis,
2767 4056 2818 4105 et
2849 4067 3018 4117 quare
3039 4056 3364 4112 moriemini,
3390 4053 3582 4106 domus

1885 4125 2076 4179 Israel.
2125 4124 2301 4203 llujus
2354 4122 2848 4203 denique‘summi
2886 4123 3059 4203 Begis
3103 4124 3392 4203 voluntate
3433 4125 3578 4192 regi,

1885 4211 2098 4249 summa
2129 4194 2348 4249 libertas
2380 4197 2458 4248 est
2491 4209 2503 4247 :
2537 4193 2634 4246 sed
2657 4193 2715 4248 id
2742 4193 2989 4264 longiori
3021 4193 3270 4264 quadam
3305 4194 3582 4264 interpre-

1886 4267 2102 4322 tatione
2133 4265 2361 4319 videtur
2378 4265 2656 4334 indigere.

1958 4335 1982 4371 θ
2001 4337 2170 4404 Cujus
2192 4341 2284 4404 agi
2315 4337 2490 4402 frenis
2520 4339 2686 4400 atque
2708 4334 3078 4404 obtemperare
3089 4335 3347 4402 justitiae,
3367 4349 3580 4388 summa

1891 4408 2112 4462 libertas
2149 4407 2269 4479 est.)
2319 4406 2590 4472 Libertas,
2622 4405 2812 4479 inquit
2855 4407 3109 4479 Tulliusr
3139 4406 3208 4460 de
3243 4405 3346 4479 Otf.
3382 4411 3439 4459 et
3470 4407 3580 4460 Pa-

1889 4480 2035 4544 rad.,
2070 4482 2122 4545 ὅ,
2171 4477 2518 4548 est—potestas
2560 4477 2779 4531 vivendi
2810 4481 2873 4531 ut
2900 4478 3068 4540 vel-is;
3098 4493 3212 4530 non
3265 4477 3450 4529 solum
3491 4491 3580 4548 ex:

1879 4551 2187 4617 trinsecus,
2248 4547 2509 4620 inquam,
2579 4549 2828 4602 motibus
2876 4549 3096 4620 scilicet
3136 4548 3421 4620 corporis;
3481 4547 3576 4620 sed

1882 4621 2056 4674 etiam
2106 4618 2473 4683 intrinsecus,
2531 4621 2807 4673 nimirum
2868 4618 3312 4688 cogitationibus
3347 4618 3577 4683 mentis,

1883 4693 2119 4746 Duobus
2148 4697 2340 4745 autem
2367 4692 2552 4745 modis
2582 4691 2758 4744 homo
2795 4694 2982 4758 potest
3010 4689 3176 4755 velle,
3209 4689 3469 4758 adeoque
3497 4689 3580 4742 vi-

1879 4779 2035 4817 vere.
2063 4763 2318 4818 Primum
2345 4762 2576 4832 quidem
2603 4759 2902 4832 sequendo
2923 4758 3178 4813 divinam
3200 4760 3577 4832 voluntatem,

1883 4850 2012 4905 quas
2037 4838 2099 4887 ut
2129 4835 2318 4905 prima
2347 4830 2535 4896 causa,
2570 4831 2648 4883 sic
2685 4830 2874 4905 prima
2903 4835 2986 4883 est
3019 4835 3222 4884 nostrae
3267 4831 3580 4905 voluntatis

1881 4901 2084 4974 regula
2121 4901 2214 4958 {et
2242 4904 2362 4957 haec
2393 4907 2479 4956 est
2508 4917 2733 4974 summa
2755 4901 3159 4974 liberta_s,gquas
3186 4901 3367 4974 estin
3389 4901 3578 4965 nobis,

1883 4972 2021 5029 dum
2063 4976 2325 5028 volumus
2369 4989 2489 5026 esse
2520 4972 2731 5038 felices,
2759 4987 2890 5041 quae
2947 4972 3056 5025 fuit
3082 4973 3142 5025 in
3172 4972 3414 5040 Christo,
3447 4988 3578 5026 cum

1883 5047 2085 5100 aeterni
2136 5047 2315 5099 Patris
2354 5043 2624 5097 mandata
2678 5045 2863 5095 viator
2909 5042 3189 5112 implevit,
3222 5059 3351 5113 quae
3380 5043 3488 5096 erit
3517 5043 3578 5095 in

1883 5117 2150 5171 omnibus
2201 5115 2382 5168 beatis
2437 5115 2619 5167 Deum
2675 5119 2892 5167 interna
2927 5113 3193 5184 felicique
3247 5113 3579 5184 necessitate

1885 5188 2178 5242 amaturis.
2217 5186 2429 5240 Deinde
2461 5184 2816 5238 deﬂecteudo
2849 5201 2882 5237 a
2920 5182 3115 5238 divina
3141 5184 3438 5238 voluntate
3462 5182 3576 5235 sive

1927 5259 2170 5312 eccaudo
2204 5273 2217 5311 :
2243 5261 2298 5311 et
2310 5257 2432 5311 11ωο
2457 5256 2753 5309 estiutima
2777 5257 3030 5324 libertas,
3057 5270 3233 5325 quam
3249 5258 3577 5324 optaremus

1909 5329 2301 5395 ‘eliciquadam
2333 5327 2669 5381 necessitate
2699 5327 2798 5380 Dei
2829 5342 3056 5395 semper
3086 5325 3317 5378 amandi
3348 5338 3578 5395 permu-

1885 5347 2034 5385 ιθιιοι
2095 5347 2301 5384 uanam
2333 5347 2669 5381 necessuate
2699 5347 2798 5380 U81
2829 5347 3056 5395 semper
3086 5347 3317 5378 amauui
3348 5347 3577 5392 perluu-

1884 5401 2012 5456 tari.
2047 5347 2328 5476 auoniam
2360 5404 2564 5476 autem
2592 5397 2845 5476 divinam
2864 5399 3219 5476 voluntatem
3251 5394 3413 5476 sequi
3433 5409 3577 5476 pos-

1887 5487 2082 5527 sumus
2111 5477 2168 5524 et
2197 5470 2428 5524 vitando
2455 5469 2673 5522 malum
2693 5474 2751 5521 et
2769 5467 3026 5521 faciendo
3055 5466 3294 5536 bonum,
3323 5465 3575 5536 juxtail-

1885 5544 1986 5598 lud
2035 5542 2177 5613 psal.
2219 5541 2659 5613 xxxvr,ADecl_ina
2694 5555 2728 5592 a
2765 5540 2906 5591 malo
2947 5541 2997 5590 et
3027 5538 3130 5613 fac
3178 5535 3396 5613 bonum,
3443 5535 3576 5613 hinc

1885 5606 2112 5668 summa
2145 5612 2376 5667 libertas
2414 5611 2664 5666 hominis
2691 5614 2775 5664 est
2812 5624 2930 5662 non
2959 5607 3147 5661 solum
3191 5606 3252 5661 in
3284 5608 3393 5679 hoc
3423 5606 3576 5679 quod

1886 5684 2134 5742 declinet
2165 5699 2200 5740 ιι
2223 5683 2400 5752 malo,
2440 5681 2557 5739 sive
2602 5680 2702 5736 Dei
2737 5681 2911 5746 frenis
2952 5682 3176 5746 agatur,
3219 5679 3318 5735 sed
3350 5678 3412 5735 in
3439 5678 3577 5735 hoc

3066 2570 3298 2620 untaxat
3329 2570 3588 2636 principe
3673 2601 3695 2624 ο
