3972 6172
479 267 580 322 643

1833 268 1946 320 ΑΝ.
1989 269 2154 323 MAN.
2198 270 2349 326 SEV.
2394 267 2625 321 BOETII
3026 260 3033 267 ’
3814 280 3888 334 liii

481 400 577 470 agi
606 397 846 466 afrenis,
876 401 1064 469 atque.
1098 396 1492 468 obtemperare
1518 399 1543 439 ί)
1570 395 1831 465 jnstitiaa,
1866 412 2092 452 summa
2112 396 2173 451 li-
2210 401 2255 453 Α
2285 397 2359 452 tis
2387 397 2581 451 sedem
2607 393 2864 467 requiro.
2897 397 2963 450 ln
2993 411 3109 467 qua
3146 413 3262 453 non
3292 399 3482 468 libros,
3519 403 3610 457 sed
3634 403 3687 458 id
3710 407 3890 475 quodli-

481 490 671 546 bertas
711 491 813 542 est.
860 490 946 541 An
984 487 1215 557 ignoras
1258 486 1417 541 illam
1453 487 1471 523 ¹
1521 490 1632 540 tum
1675 514 1696 539 c
1731 485 1975 540 civitatis
2019 487 2173 541 anti-

482 579 818 652 quissimam
847 577 1058 648 legem,
1106 592 1218 647 qua
1261 576 1541 630 sancitum
1574 581 1679 643 est,
1715 575 1767 630 ei
1792 575 1886 645 jus
1916 578 2173 631 exsulare

479 684 599 723 non
640 684 784 736 esse,
832 666 1091 738 quisquis
1130 666 1191 719 in
1238 682 1305 719 ea
1343 666 1535 720 sedem
1578 666 1821 721 fundare
1864 666 2174 720 maluerit?

484 765 581 813 74
615 760 755 813 Nam
784 758 805 790 ε
838 756 937 826 qui
968 759 989 798 δ
1030 755 1176 809 vallo
1207 754 1330 824 ejus
1366 770 1429 809 ac
1460 754 1781 809 munimine
1821 756 2169 824 continetur,

478 848 670 903 nullus
699 851 887 900 metus
926 849 1031 913 est,
1073 860 1144 899 ne
1162 845 1317 899 exsul
1350 860 1471 899 esse
1512 849 1821 899 mereatur.
1854 847 1929 900 At
1955 846 1977 879 ³
2012 845 2167 916 quis-

479 938 607 1008 quis
654 935 974 990 inhabitare
1026 949 1154 989 eam
1195 934 1341 988 velle
1391 930 1643 999 desierit,
1685 934 1904 1003 pariter
1939 934 2171 989 desinit-

476 1027 649 1081 etiam
700 1040 929 1080 mereri.
963 1022 987 1057 ⁸
1017 1024 1213 1093 Itaque
1270 1037 1388 1076 non
1432 1024 1453 1057 ⁵
1498 1026 1617 1075 tam
1646 1037 1738 1075 me
1784 1021 1893 1075 loci
1941 1021 2113 1091 hujus
2148 1032 2171 1058 ·

476 1132 650 1187 quam
702 1119 803 1169 tua
848 1112 1018 1168 facies
1061 1114 1267 1166 movet.
1326 1113 1348 1146 σ
1399 1110 1512 1164 Nec
1563 1109 1925 1166 bibliothecas
1973 1111 2168 1181 potius

473 1207 733 1275 comptos
767 1202 937 1257 ebore
967 1217 1032 1255 ac
1061 1200 1206 1254 vitro
1236 1198 1315 1270 (5)
1348 1199 1612 1270 parietes,
1646 1214 1820 1271 quam
1850 1203 1965 1255 tua:
1994 1214 2165 1255 men-

2284 494 2405 550 bris
2436 493 2689 565 pretium
2717 492 2872 562 facit,
2916 492 3202 549 librorum
3238 498 3894 567 quondamtmeornmsen-

2283 593 2489 648 tentias
2527 590 2815 647 collocavi.
2843 597 2938 646 τε
2971 593 3037 646 Et
3060 595 3121 646 tu
3157 593 3393 664 quidem
3416 593 3436 629 ⁷
3476 596 3541 651 de
3566 598 3665 652 tuis
3698 600 3748 653 in
3774 617 3892 655 com—

2285 707 2459 747 mune
2480 691 2698 746 bonum
2739 689 2961 744 meritis
2991 706 3125 744 vera
3161 690 3415 762 quidem,
3444 694 3535 748 sed
3563 712 3657 766 pro
3682 698 3887 753 multitu-

2282 789 2416 845 dine
2445 793 2739 860 gestorum
2768 814 2794 855 ε
2823 788 2927 843 tibi
2954 803 3137 859 pauca
3168 789 3382 846 dixisti.
3405 790 3428 824 ⁸
3450 794 3524 848 De
3560 794 3890 865 objectorumi

2279 886 2386 943 tibi
2416 887 2503 941 vel
2522 887 2821 942 honestate
2833 887 2921 940 vel
2933 885 3200 956 falsitate,
3215 888 3433 944 cunctis
3450 895 3579 945 nota
3604 897 3884 950 memorasti.

2352 988 2431 1042 De
2489 986 2797 1040 sceleribus
2860 985 3276 1057 fraudibusque
3332 988 3637 1045 delatorum
3685 998 3810 1047 recte
3844 1000 3888 1048 tu

2283 1084 2519 1156 quidem
2549 1083 2562 1117 ¹
2594 1082 2835 1138 strictim
2877 1081 3281 1153 attingendnm
3324 1085 3549 1157 putasti,
3583 1085 3649 1158 (5)
3699 1090 3823 1160 quod
3845 1106 3891 1146 ea

2274 1182 2485 1238 melius
2525 1180 2906 1252 uberiusquej
2952 1182 3417 1252 recognoscentis
3445 1184 3628 1240 omnia
3652 1186 3786 1258 vulgi
3819 1204 3887 1242 ore

1965 1308 2553 1365 INTERPRETATIO.

542 1428 567 1455 ι
594 1399 784 1455 Haben
797 1402 861 1464 is,
898 1397 958 1451 id
986 1400 1065 1451 est
1093 1397 1347 1467 imperio.

542 1476 569 1517 ι»
597 1470 851 1539 Legibus.

543 1553 563 1578 °
587 1546 765 1597 Romae
796 1544 847 1595 et
881 1540 1017 1594 cmli.

540 1626 564 1667 d
605 1612 886 1667 Prmsidio.

542 1694 564 1719 θ
600 1685 794 1745 Ticini,
836 1680 929 1737 ubi
961 1685 1017 1736 te
1051 1677 1192 1734 dicis
1224 1677 1502 1734 exsulare.

2348 1412 2366 1452 ς
2394 1396 2913 1467 Philosophicorum.

2348 1496 2379 1595 ξ
2404 1469 2613 1594 getiam
2644 1554 2767 1605 qua
2800 1541 2933 1594 vitio
2961 1538 3333 1595 vertebantur.

2348 1629 2360 1665 i
2393 1612 2781 1680 Compressius.

2345 1697 2359 1749 j
2392 1681 2834 1737 Considerantis.

2106 1769 2338 1828 NOT/E.

470 1844 641 1939 etiam
675 1884 829 1957 quod
866 1879 1037 1957 faciat
1057 1878 1280 1957 bonum
1320 1875 1672 1957 sive_dieinae
1708 1876 1949 1957 justitiae
1977 1877 2173 1957 obtem-
2211 1882 2251 1934 B
2350 1874 2998 1957 liBoetius‘qnqzsierat
3027 1874 3300 1957 :jt'ihilne
3321 1879 3371 1930 te
3390 1880 3511 1957 ipsa
3541 1878 3633 1957 loci
3650 1878 3790 1957 facies
3811 1896 3885 1933 mo-

462 1962 639 2026 peret,
671 1948 901 2011 s'ervans
928 1949 1203 2026 nimirum
1222 1948 1417 2026 legem
1446 1948 1560 2026 Dei_
1570 1948 1810 2026 honesta
1833 1949 2170 2026 imperantis

468 2020 526 2082 et
566 2020 925 2098 prohibentis
985 2020 1290 2098 contraria.
1318 2020 1463 2098 _Lea:
1522 2021 1761 2098 Domini,
1803 2020 2164 2098 psal.__xvin,

468 2094 821 2153 immaculata
872 2096 1184 2150 convertens
1233 2094 1483 2159 animos;
1541 2094 1906 2145 testimonium
1953 2095 2169 2146 Domini

464 2172 641 2241 ﬁdele,
662 2172 1004 2243 sapientiam
1043 2167 1317 2233 prazstans
1359 2163 1647 2231 parvulis;
1671 2161 1908 2229 justitias
1956 2167 2169 2217 Domini

466 2248 718 2367 “etiam
752 2313 990 2366 civitatis
1040 2308 1484 2376 antiquissimam
1531 2304 1742 2374 legem.]
1794 2304 2164 2376 Philosophia

466 2384 682 2455 duplici
714 2376 1334 2455 signilicationehujus
1366 2375 1518 2455 vocis
1536 2380 1733 2455 civitas
1756 2379 1947 2455 utens;
1972 2375 2165 2455 id:_no-

465 2446 732 2535 tat-quod
768 2446 828 2507 Et
859 2453 1084 2535 “oniten
1104 2447 1360 2535 etecelo,
1400 2446 1557 2535 unde
1595 2446 1875 2535 oriundus
1912 2447 2159 2535 Boetius,

465 2515 642 2597 possit
681 2523 1005 2597 convenire.
1049 2518 1277 2597 §cilice_t
1318 2515 1979 2597 antiquissimaenltomze
2011 2519 2163 2597 leges

466 2588 759 2651 neminem
807 2591 989 2648 exsilii
1034 2588 1385 2644 damnabant
1418 2604 1431 2641 :
1466 2588 1615 2639 unde
1646 2588 1862 2642 Tullius
1896 2605 2002 2658 pro
2034 2590 2163 2643 Cm-

464 2669 633 2721 cinna
658 2684 669 2720 :
706 2667 999 2729 Emsilium,
1028 2660 1238 2730 inquit,
1264 2675 1371 2712 non
1391 2661 1721 2726 supplicium
1740 2661 1951 2720 estsed,
1970 2663 2163 2728 perfu-

462 2744 633 2806 gium,
660 2741 962 2807 portusque
991 2732 1297 2807 supplicii_:
1330 2730 1581 2807 numqui
1606 2732 1795 2807 volunt
1822 2748 2039 2799 pernam
2061 2734 2160 2786 ali-

463 2802 624 2876 quam
656 2802 1035 2874 subterfugere
1066 2807 1165 2856 aut
1194 2802 1582 2866 calamitatem,
1616 2816 1673 2854 eo
1704 2804 1878 2856 solum
1904 2809 2157 2871 vertunt;

461 2875 558 2935 hoc
596 2886 674 2935 est
710 2882 889 2934 sedem
932 2882 981 2931 et
1027 2878 1200 2929 locum
1239 2876 1455 2926 mutant
1487 2889 1499 2925 :
1536 2878 1723 2937 itaque
1767 2875 1922 2927 nulla
1949 2878 2007 2927 in
2048 2876 2160 2942 lege

459 2959 652 3009 nostra
673 2955 1000 3021 reperietur,
1044 2952 1104 3000 ut
1134 2945 1285 3021 apud
1316 2948 1528 3021 emteras
1556 2948 1806 3021 ciuitates
1834 2948 2159 3021 maleficium

459 3028 634 3081 ullum
678 3016 867 3078 enisilio
900 3016 1010 3075 esse
1051 3016 1740 3089 multammulttcoelestis
1762 3016 1959 3087 patriae
2003 3019 2155 3089 leges

459 3098 644 3152 multo
688 3096 879 3149 minus
913 3087 1421 3163 quemqueexsilii
1463 3086 1737 3163 damnant
1770 3086 1783 3142 Ξ
1820 3086 2152 3160 quicunque

458 3168 613 3223 enim
646 3168 798 3239 intra
826 3158 989 3239 regni
1011 3158 1254 3239 scelestis
1280 3158 1491 3239 limites
1515 3159 1761 3239 voluerit
1789 3158 2152 3229 permane—re,
2193 3185 2233 3239 ρ

458 3254 686 3293 summo
718 3237 872 3289 illius
895 3228 1043 3303 Regi
1084 3231 1482 3303 obsecuturus,
1522 3228 1614 3281 hic
1644 3246 1937 3303 nunquam
1987 3247 2151 3303 exsu-

458 3310 598 3362 labit
631 3325 643 3361 :
688 3306 973 3377 siquidem
989 3299 1176 3357 'nemo
1208 3300 1279 3353 ab
1313 3299 1425 3377 illo
1462 3315 1639 3369 regno
1677 3299 2155 3377 n‘insiivolontaria

457 3394 651 3432 rerum
681 3370 1021 3431 caducarum
1078 3370 1613 3438 contrariarumqne
1662 3370 1960 3423 ati‘ectionc
1992 3388 2149 3425 arce-

459 3455 571 3503 tur.
606 3450 780 3503 Porro
819 3447 887 3500 de
920 3444 1143 3497 civitate
1175 3441 1389 3494 cmlcsti
1426 3440 1638 3509 passim
1666 3440 1925 3510 loquitur
1952 3442 2007 3496 S.
2044 3444 2153 3498 An-

456 3520 722 3590 gustinus
752 3515 986 3590 inilibro
1016 3527 1187 3583 quem
1221 3510 1509 3590 inscripsit
1539 3510 1604 3561 de
1629 3512 1867 3590 Civitati:
1890 3516 2005 3590 D_e_i.

528 3594 549 3626 ²
581 3589 686 3655 Qui
732 3589 876 3642 vallo
917 3586 1032 3650 eius
1066 3598 1137 3655 ac,
1172 3584 1473 3634 munimine
1516 3583 1867 3652 continetur.]
1928 3583 2151 3638 Vallum

459 3666 546 3716 est
575 3676 775 3714 murus
809 3663 1039 3719 eterra,
1077 3654 1146 3707 ad
1194 3654 1357 3705 fossa:
1400 3667 1560 3704 oram
1600 3658 1889 3722 aggestus,
1939 3655 2153 3709 crebris

458 3733 696 3786 sudibus
725 3730 842 3783 sive
874 3728 1018 3799 palis
1046 3723 1325 3780 munitus.
1358 3723 1649 3799 Munimen
1671 3740 1803 3799 vero
1834 3727 2153 3799 generatim

456 3804 600 3858 illud
640 3818 809 3857 omne
851 3794 1177 3874 castrorum
1225 3794 1557 3863 praesidium
1597 3811 1712 3874 quo
1760 3796 1911 3874 hosti
1959 3797 2150 3851 aditus

456 3875 841 3946 praecludatur
872 3888 885 3925 :
926 3870 1049 3923 haec
1085 3871 1282 3946 autem
1327 3881 1480 3946 nunc
1514 3867 1879 3946 accipiuntur
1920 3884 2035 3921 non
2062 3885 2151 3922 so-

455 3937 575 4000 lum
607 3944 858 4017 proprie,
890 3947 1171 4017 quatenus
1206 3937 1608 4017 intelliguntur
1638 3937 1707 4017 de
1736 3938 1922 4017 patria
1952 3955 2152 4011 corpo-

456 4018 564 4085 ris;
595 4008 691 4071 sed
716 4008 888 4069 etiam
906 4008 1167 4085 'qnadam
1206 4008 1480 4085 loquendi
1509 4009 1922 4085 translatione,
1948 4008 2149 4085 quate-

453 4078 563 4145 nus
592 4090 662 4144 de
709 4078 1155 4141 cmlestimentis
1196 4079 1380 4150 patria
1404 4078 1645 4149 intelligi
1690 4078 1983 4150 possunt."
2011 4082 2151 4137 Cum

453 4167 645 4217 autem
692 4157 919 4212 Boetius
967 4151 1487 4209 Christianissimus
1542 4150 1737 4218 fuerit,
1770 4152 1816 4204 is
1856 4152 2151 4208 nominato

453 4232 692 4287 civitatis
732 4226 976 4283 caelestis
1014 4224 1162 4278 vallo
1212 4222 1499 4276 Christum
1530 4222 1683 4275 cruci
1724 4223 1980 4291 affixam,
2024 4240 2150 4277 mu-

452 4305 673 4359 nimine
694 4316 829 4355 vero
855 4297 1098 4369 gratiam
1126 4309 1300 4369 quam
1327 4293 1605 4369 [Christus
1637 4309 1739 4347 sua
1761 4299 1945 4369 morte
1983 4295 2149 4369 nobis

451 4373 793 4447 promeruit,
839 4364 1025 4447 potuit
1058 4366 1380 4447 intelligere
1410 4364 1790 4447 :lquicunq‘ue
1838 4366 1995 4419 enim
2032 4366 2150 4447 _hoc

451 4435 718 4519 praesidio
757 4435 1033 4519 munitur,
1069 4436 1201 4490 huic
1221 4451 1340 4519 ‘non
1361 4439 1447 4519 Est
1472 4435 1821 4519 metuendum
1851 4441 2144 4519 ne‘patrize
2182 4463 2226 4517 ι)

451 4506 674 4573 cazlestis
703 4514 860 4570 exsul
889 4526 1002 4565 esse
1030 4511 1323 4563 mereatur.
1361 4507 1471 4561 Hae
1502 4506 1619 4561 fere
1661 4508 1881 4562 ratione
1916 4506 2143 4563 locutus

452 4591 510 4644 S.
561 4588 771 4643 Paulus
819 4584 891 4639 ad
942 4581 1149 4653 Ephes.
1192 4594 1285 4631 vr:
1335 4578 1763 4653 Confortamini,
1824 4579 2035 4649 inquit,
2088 4584 2145 4635 in

448 4665 674 4716 Domino
706 4662 756 4710 et
778 4660 836 4709 in
869 4648 1123 4724 potentia
1148 4648 1534 4724 virtutisejus.
1566 4649 1785 4724 Induite
1822 4665 1914 4724 vos
1954 4665 2144 4724 arma-

452 4738 633 4786 turam
660 4730 776 4794 Dei,
809 4721 1114 4794 utpossitis
1146 4727 1295 4776 stare
1320 4721 1586 4775 adversus
1618 4722 1850 4775 insidias
1877 4722 2108 4777 diaboli.

520 4826 542 4857 ³
590 4814 1220 4884 Quisquis_inhabitare
1281 4826 1404 4884 eam
1454 4811 1589 4864 velle
1625 4809 1883 4884 _desierit,
1925 4810 2145 4884 _desinit

450 4881 623 4945 etiam
644 4882 890 4955 mereri.]
923 4886 1047 4938 Non
1074 4883 1228 4955 enim
1260 4881 1508 4955 patriam
1537 4882 1826 4935 caelestem
1856 4882 2144 4955 inhabita-

446 4976 567 5017 mus
596 4953 969 5021 mereaturque
1017 4955 1128 5009 nisi
1175 4954 1328 5007 bona
1371 4953 1665 5007 voluntate
1699 4968 1712 5006 :
1749 4957 1920 5007 totum
1955 4953 2139 5019 habet,

448 5032 641 5102 inquit
664 5031 718 5083 S.
746 5031 890 5102 Aug.
924 5028 1033 5102 l._L
1076 5024 1302 5102 Homil..
1358 5023 1558 5102 homil.
1590 5025 1639 5087 8,
1665 5028 1767 5102 qui
1812 5024 2007 5102 bonam
2039 5041 2142 5102 _vo-

451 5097 715 5159 luntatem
745 5098 923 5151 habet.
956 5098 1084 5165 Ipsa
1115 5100 1191 5149 est
1216 5111 1337 5161 qua
1364 5099 1541 5165 potest
1579 5097 1849 5163 sufﬁcere,
1876 5099 1923 5148 si
1952 5100 2146 5151 caetera

446 5192 557 5231 non
590 5176 738 5228 sunt.
772 5170 845 5238 Si;
862 5172 1043 5221 autem
1073 5168 1187 5220 sola
1226 5167 1384 5231 desit,
1433 5167 1575 5219 nihil
1599 5166 1822 5235 prodest
1872 5166 2145 5232 quidquid

447 5249 713 5303 habitum.
737 5244 929 5310 fuerit.
973 5239 1102 5293 Sola
1149 5240 1380 5310 sufficit,
1405 5241 1462 5310 _si
1506 5238 1688 5293 adsit:
1724 5243 1922 5291 emtera
1959 5242 2142 5293 omnia

445 5321 586 5375 nihil
608 5308 863 5387 prosunt,
872 5315 937 5387 _si
964 5310 1082 5363 sola
1110 5308 1351 5387 charitas
1383 5308 1543 5387 desit,

520 5396 542 5427 ι
571 5379 804 5455 Itaque]
870 5385 1037 5439 Facta
1068 5379 1364 5455 mentione
1387 5379 1632 5455 duplicis
1679 5379 1901 5451 patriae,
1951 5379 2140 5455 dupli-

445 5464 639 5533 cisque
670 5450 972 5533 propterea
1021 5450 1229 5533 exsilii,
1243 5521 1251 5530 .
1279 5450 1578 5533 positoque
1618 5450 2141 5533 horumnomnium

446 5520 798 5597 discrimine,
826 5523 1194 5594 Philosophia
1219 5521 1286 5575 iis
1317 5520 1603 5597 omnibus,
1650 5522 1721 5575 de
1761 5520 1969 5592 quibus
2006 5524 2143 5577 Boe-

446 5606 556 5660 tius
589 5618 758 5672 prosa
786 5592 819 5651 3’1
851 5599 1027 5672 hujus
1053 5592 1133 5672 lib
1165 5596 1507 5672 conquestus
1536 5592 1745 5659 fuerat,
1768 5608 2136 5665 responsura,

447 5662 691 5747 optimas
717 5662 994 5742 quasdam
1013 5666 1189 5721 infert
1207 5662 1619 5719 conclusiones.

514 5761 537 5798 δ
565 5764 686 5821 Νοη
731 5765 844 5813 tam
887 5770 971 5811 me
1012 5757 1113 5809 loci
1154 5754 1320 5823 hujus
1358 5768 1523 5819 quam
1569 5758 1666 5808 tua
1700 5754 1869 5821 facies
1910 5750 2136 5824 movet]

2276 1952 2411 2003 aet?
2439 1945 2747 2020 respondet
2794 1945 3199 2020 Philosophia:
3234 1950 3359 2005 Non
3393 1952 3518 2015 tam,
3571 1949 3752 2020 inquit,
3770 1967 3883 2015 quam

2280 2025 2375 2092 tua
2395 2021 2585 2086 facies,
2615 2018 2674 2071 in
2693 2034 2826 2092 qua,
2846 2017 3002 2092 velut
3016 2018 3348 2092 inspeculo,
3372 2020 3575 2074 mentis
3587 2017 3689 2092 tua:
3706 2021 3883 2092 dejectio

2276 2091 2508 2145 videtur
2538 2106 2551 2144 :
2588 2088 2742 2159 quod
2768 2093 2927 2160 tanta
2951 2088 3362 2160 Philosophiae
3404 2108 3517 2145 non
3556 2090 3623 2146 sit
3655 2088 3773 2146 cura
3803 2099 3883 2146 ter-

2277 2178 2451 2229 renae,
2498 2164 2713 2233 quanta
2752 2159 2997 2233 ccelestis
3041 2159 3284 2233 patriai;
3331 2178 3437 2216 nec
3482 2167 3631 2217 tanta
3675 2165 3883 2233 corporis,

2278 2238 2494 2304 quanta
2516 2230 2734 2286 mentis
2759 2247 2796 2304 _a
2826 2230 3003 2285 natali
3023 2232 3149 2304 solo
3188 2233 3519 2287 exsulantis.

2346 2308 2367 2340 ⁸
2406 2307 2512 2360 Nec
2558 2302 2890 2375 bibliotheca
2916 2302 3151 2373 potius.]
3202 2305 3275 2358 II.
3337 2304 3558 2358 Boetius
3597 2305 3878 2375 quaesierat:

2274 2378 2516 2430 Haeceine
2553 2377 2631 2428 est
2678 2373 3002 2427 bibliotheca
3051 2390 3219 2439 quam
3260 2373 3628 2430 certissimam
3648 2377 3732 2428 tibi
3754 2376 3879 2429 sedem

2270 2452 2473 2501 nostris
2490 2449 2548 2499 in
2570 2445 2809 2518 Laribus
2826 2447 2952 2518 ipsa
2967 2445 3245 2513 deIegcras
3260 2450 3289 2501 ?
3310 2447 3878 2518 ReponitiPhilosophia:

2272 2521 2391 2575 Non
2420 2523 2550 2585 tam,
2583 2516 2680 2581 ait,
2724 2516 3073 2577 bibliotheca,
3112 2532 3280 2582 quam
3308 2516 3502 2573 mentis
3537 2516 3634 2572 tua:
3660 2516 3879 2571 ornamen-

2272 2594 2349 2655 ta,
2392 2589 2690 2643 sententias
2727 2588 2929 2641 scilicet
2938 2588 3353 2657 philosophicas
3378 2594 3606 2655 requiro.
3635 2589 3879 2643 Consueve-

2270 2665 2400 2714 rant
2431 2664 2625 2714 autem
2666 2658 2803 2712 olim
2836 2664 3099 2729 potentes
3147 2676 3359 2715 ornare
3412 2678 3538 2715 suas
3564 2659 3739 2714 domos
3762 2675 3875 2722 auro,

2269 2732 2462 2799 ebore,
2503 2735 2602 2784 aut
2650 2731 2853 2801 saltem
2898 2729 3066 2797 vitro,
3109 2747 3177 2785 eo
3227 2732 3445 2786 scilicet
3489 2732 3597 2786 ﬁne
3634 2747 3729 2801 quo
3767 2746 3875 2784 nunc

2267 2804 2462 2874 plures
2511 2800 2844 2871 magniﬁcas
2891 2801 3106 2855 habere
3149 2803 3327 2870 mdes,
3373 2800 3682 2873 sumptuosa
3728 2815 3875 2874 parare

2267 2874 2548 2942 convivia,
2572 2887 2880 2927 numerosa
2896 2874 3209 2927 satellitum
3230 2874 3401 2928 turba
3426 2874 3670 2929 comitari
3686 2873 3871 2942 student,

2269 2954 2331 3001 ut
2362 2947 2418 2999 in
2441 2945 2662 3000 caeteris
2689 2942 3022 2997 hominibus
3049 2943 3509 3012 admirationem,
3551 2946 3803 3004 honorem,
3825 2941 3873 2993 ti.

2264 3033 2485 3072 morem
2540 3020 2596 3071 et
2638 3020 2869 3068 caeteras
2900 3014 3204 3088 ejusmodi
3251 3016 3616 3088 cogitationes
3671 3016 3871 3069 excitent.

2264 3089 2355 3144 Sic
2377 3089 2529 3157 Virg.
2562 3088 2741 3147 utin”
2773 3101 2826 3140 v.
2855 3086 2959 3140 729
2994 3101 3008 3139 :

2388 3177 2469 3239 Fit
2488 3174 2745 3239 strepitus
2774 3174 3263 3239 tectis,_vo_cemque
3298 3189 3391 3239 per
3417 3175 3583 3239 ampla
3606 3174 3803 3224 volutant

2388 3187 2469 3225 r'it
2496 3187 2745 3238 strepitus
2774 3187 2945 3233 locus,
2967 3187 3263 3286 vocemque
3298 3189 3391 3239 per
3417 3187 3583 3239 ampla
3606 3187 3687 3224 vel

2387 3238 2533 3287 Atria
2564 3251 2576 3284 :
2616 3235 2916 3299 dependent
2944 3235 3125 3299 lychni
3193 3239 3507 3299 aquearibus
3535 3239 3687 3287 aureis

2386 3300 2595 3349 incensi
2629 3313 2641 3347 :
2679 3303 2732 3347 et
2754 3302 2962 3347 noctem
2985 3299 3217 3348 ﬂammis
3242 3299 3450 3350 funalia
3469 3301 3686 3349 vincunt.

2334 3381 2425 3436 Sic
2472 3381 2755 3447 Horatius,
2785 3379 2972 3433 Carm.
3023 3380 3063 3435 l.
3099 3396 3158 3448 ιι,
3188 3380 3282 3435 od.
3335 3384 3418 3449 l8,
3466 3381 3693 3452 seipsum
3732 3395 3754 3431 δ
3792 3376 3870 3430 Ρο-

2261 3453 2517 3508 tantibus
2538 3452 2805 3517 secernit,

2634 3541 2749 3589 Non
2776 3541 2928 3596 ebur,
2953 3552 3125 3601 neque
3151 3552 3375 3589 aureum

2632 3603 2748 3651 Mea
2775 3603 2981 3651 renidet
3008 3601 3064 3649 in
3095 3601 3257 3650 domo
3290 3602 3518 3651 lacunar.

2331 3687 2353 3720 ⁷
2377 3687 2453 3739 De
2494 3687 2603 3738 tuis
2634 3686 2692 3736 in
2734 3698 3011 3737 commune
3061 3682 3262 3736 bonum
3306 3681 3551 3751 meritis.]
3587 3681 3666 3734 Ill.
3702 3675 3866 3751 Boetius

2261 3756 2481 3811 dixerat
2516 3754 2743 3808 nullum
2771 3771 2828 3808 se
2862 3754 2930 3807 ad
2958 3752 3368 3823 magistratum
3392 3753 3496 3807 nisi
3525 3746 3780 3823 commune
3797 3746 3868 3823 bc-

2262 3843 2466 3881 norum
2487 3824 2747 3879 omnium
2776 3825 3034 3878 studium
3058 3818 3387 3897 impulisse.
3434 3827 3510 3878 Tu
3543 3823 3677 3887 mihi,
3711 3818 3861 3897 inquit.

2263 3904 2312 3953 et
2347 3902 2442 3962 qui
2482 3902 2531 3950 te
2572 3899 2902 3965 sapientium
2946 3896 3220 3951 mentibus
3260 3898 3487 3950 inseruit
3526 3896 3864 3965 Deus,iconseiz’.

2261 3971 2475 4023 nullum
2510 3984 2594 4022 me
2632 3964 2707 4020 ad
2746 3970 3159 4035 magistratum,
3206 3972 3317 4022 nisi
3370 3980 3629 4021 commune
3654 3964 3862 4036 bonorum

2261 4044 2499 4094 omnium
2520 4039 2789 4111 studium
2841 4031 3105 4111 detulisse
3127 4031 3151 4091 :7
3175 4038 3526 4111 respondens
3576 4031 3863 4111 Pnilqsophoia

2260 4111 2319 4165 id
2350 4126 2468 4165 non
2507 4109 2717 4164 fatetur
2749 4109 2943 4176 modo,
2987 4109 3087 4165 sed
3128 4106 3305 4163 etiam
3338 4111 3659 4179 exaggerat:
3685 4106 3862 4179 Detuie‘,

2260 4182 2359 4249 ait,
2389 4187 2448 4235 in
2512 4196 2789 4235 commune
2832 4174 3030 4235 bonum
3057 4184 3270 4235 meritis
3300 4196 3429 4235 vera
3444 4174 3673 4245 quidem,
3699 4174 3776 4229 sed
3792 4185 3863 4240 pro

2258 4252 2613 4308 multitudine
2640 4257 2914 4321 gestorum
2946 4253 3043 4306 tibi
3072 4267 3254 4320 pauca
3285 4253 3495 4306 dixisti.

2330 4306 2365 4358 87
2401 4328 2479 4379 De
2534 4306 2865 4392 obje'ctorum
2897 4324 2994 4377 tibi
3032 4306 3116 4376 υὲι
3176 4323 3471 4385 honestate,
3522 4321 3601 4375 vel
3634 4306 3859 4392 [ᾳιπταίώ

2259 4396 2351 4452 IV.
2383 4388 2611 4450 Boetius
2641 4394 2937 4449 addiderat
2966 4393 3071 4448 sibi
3092 4393 3316 4465 objecta
3340 4394 3507 4449 fuisse
3528 4406 3643 4445 cum
3662 4388 3859 4443 honesta.

2251 4470 2377 4522 tum
2402 4466 2545 4521 falsa
2578 4482 2591 4520 :
2633 4466 2874 4520 honesta
2898 4464 3252 4537 quidem,’ut
3276 4464 3432 4537 quod
3462 4465 3778 4537 innocentem
3793 4468 3858 4505 se-

2254 4542 2456 4617 natum
2475 4531 3069 4617 majestatis‘crir-nine
3116 4531 3466 4617 postulatum
3512 4531 3856 4617 d'efeaderit“?c

2252 4609 2585 4665 liberaverit
2618 4609 2937 4669 :Senatum,
2969 4607 3184 4678 inquit,
3216 4608 3449 4662 dicimur
3467 4607 3657 4660 salvum
3683 4609 3855 4678 essetcf

2253 4682 2421 4735 luisse
2454 4696 2468 4735 :
2509 4679 2650 4733 falsa
2678 4695 2833 4744 vero,
2867 4668 2929 4733 ut
2957 4668 3116 4749 quod
3144 4668 3382 4749 magicis
3412 4678 3613 4732 artibus
3639 4668 3852 4749 studeret;

2253 4753 2328 4807 0b
2364 4749 2765 4816 ambitum,ait,
2798 4742 3088 4818 dignitatis
3134 4742 3417 4817 sacrilegio
3445 4763 3525 4802 me
3552 4742 3852 4818 οοητςρὶσηξιξῖῖη

2242 4824 2511 4893 polluisse
2540 4807 2904 4876 mentiti'swit
2937 4821 3181 4893 :quibus
3206 4807 3547 4893 respondens
3563 4807 3855 4893 Philosophia

2252 4881 2453 4949 asserit
2483 4893 2778 4948 neminem
2804 4881 3113 4947 latere‘illa
3141 4896 3197 4946 et
3216 4881 3451 4946 honesta
3480 4894 3533 4944 et
3556 4888 3708 4942 falsa:
3742 4881 3853 4932 Cun-

2250 4970 2374 5032 ctis,
2408 4965 2619 5035 inquit,
2651 4967 2782 5019 nota
2823 4964 3153 5035 memorasti.
3260 5032 3274 5035 _
3314 5032 3327 5035 _
3559 5029 3575 5035 _
3600 5027 3637 5035 __
3680 5025 3710 5035 __
3774 5018 3800 5035 ,.

2321 5023 2445 5091 9'De
2477 5023 2768 5107 sceleribus
2804 5034 3208 5107 fraudibusque
3237 5029 3581 5107 delatoruml
3600 5023 3850 5107 .Boetins

2250 5089 2470 5163 dixerat
2519 5089 2583 5160 se
2632 5089 2841 5176 injuste
2900 5089 3153 5160 delatum
3193 5119 3227 5158 a
3274 5103 3496 5176 Basilio,
3549 5089 3853 5176 opiliones

2253 5178 2588 5244 Gaudentio,
2632 5169 2879 5249 quorum
2917 5176 3140 5249 primus
3165 5181 3221 5229 in
3256 5173 3572 5249 delationem
3594 5169 3852 5249 attentarit

2250 5234 3016 5317 necessitate.compulsus‘est
3048 5263 3060 5303 :
3086 5248 3198 5303 duo
3220 5245 3319 5299 alii
3350 5248 3413 5301 ob
3446 5234 3853 5317 innumeras/{45"

2250 5304 2446 5377 desad
2475 5304 2728 5375 exsilium
2778 5322 3026 5375 damnati
3057 5324 3353 5373 sacrarum
3382 5332 3491 5371 sese
3516 5312 3690 5369 mdium
3714 5304 3848 5375 dem?“

2249 5376 2397 5449 sione
2433 5394 2728 5447 tuebantur
2759 5409 2777 5445 :
2792 5390 3098 5461 respondet
3116 5389 3471 5458 Philosophia
3496 5388 3622 5440 recte
3646 5380 3736 5431 haec
3757 5376 3851 5461 still:

2249 5444 2808 5530 etim'attingigquod
2838 5444 2900 5516 ea
2929 5444 3469 5530 meliusuberiu‘sque
3506 5444 3848 5530 recognosceallf

2248 5540 2432 5593 omnia
2467 5522 2622 5603 uulgi
2663 5522 2755 5588 ore
2798 5534 3160 5589 celebrantur.
3200 5522 3422 5587 Scilicet
3447 5543 3566 5583 cum
3613 5522 3847 5603 loquaIng

2246 5591 2364 5663 non
2391 5591 2589 5661 solum,
2630 5604 2837 5674 verbis,
2884 5606 2980 5660 sed
3011 5610 3068 5661 et
3123 5608 3265 5661 nutu
3294 5607 3350 5657 et
3391 5603 3560 5672 gestu,
3599 5597 3657 5674 et
3681 5591 3845 5674 celari?

2248 5678 2534 5762 ejusmodi
2562 5676 2715 5762 vocis
2744 5652 3014 5762 hnEnana:
3044 5676 3341 5762 adjunctis,
3362 5652 3843 5762 ἱδεμωίξξὶᾒηιηξςλξξ

2247 5733 2540 5807 silentium
2568 5746 2879 5819 aliquando
2909 5733 3183 5821 eloquens
3209 5733 3686 5820 plura‘signiticat.
3712 5733 3842 5798 quam
