3996 6170
419 297 521 351 647
646 301 648 306 ’
1755 291 1869 346 AN.
1909 289 2118 345 MANL.

605 428 636 478 5
710 424 912 479 Elusus
943 423 1165 478 Cereris
1193 423 1329 490 ﬁde,

706 513 962 577 Quernas
988 517 1190 582 pergat
1217 514 1290 566 ad
1320 510 1570 566 arbores.

709 602 1014 671 Nunquam
1046 616 1402 671 purpureum
1428 616 1630 654 nemus

713 697 808 744 79
839 691 1110 745 Leeturus
1141 690 1320 744 violas
1349 694 1528 760 petas,

711 780 853 833 Cum
879 778 1040 833 saevis
1067 779 1435 850 aquilonibus

2161 291 2313 348 sev.
2355 291 2582 347 socru
2748 260 2751 261 ί
3760 295 3843 350 eis

2151 423 2197 476 A
2230 423 2293 474 lO
2366 420 2621 476 Stridens
2649 435 2884 491 campus
2916 418 3222 474 inhorruit.

2372 511 2487 565 Nec
2513 526 2738 580 quaeras
2761 509 2927 564 avida
2952 525 3127 564 manu

2369 601 2582 654 Vernos
2611 599 2891 670 stringere
2923 599 3209 670 palmites,

2372 688 2500 743 Uvis
2534 689 2581 742 si
2609 689 2784 744 libeat
2812 689 2954 755 frui;

2367 781 2662 833 Autumno
2689 778 2881 850 potius
2911 793 3014 833 sua

1880 901 2461 958 INTERPRETATIO.

425 1018 653 1067 mentem
683 1016 973 1080 copiosam,
1012 1012 1265 1079 deceptus
1298 1013 1568 1077 promisso
1615 1010 1821 1064 Cereris
1865 1010 2118 1064 numinis

427 1085 680 1153 frugum,
727 1087 774 1136 is
818 1084 1006 1136 tendat
1054 1083 1129 1135 ad
1153 1096 1382 1146 quercus
1415 1080 1782 1153 glandiferas.
1832 1083 2123 1149 Nunquam

422 1151 588 1209 adeas
615 1156 813 1209 silvam
839 1153 1130 1223 pulchram
1160 1153 1234 1206 ad
1275 1151 1608 1218 colligendas
1641 1153 1834 1220 violas,
1872 1153 1965 1206 ubi
1987 1167 2117 1219 ager

2230 1010 2483 1063 turbatus
2506 1011 2678 1076 fuerit
2703 1013 2977 1078 crepitans
2998 1008 3346 1073 aquilonibus
3375 1007 3689 1062 crudelibus.
3716 1011 3859 1077 Neque

2237 1086 2405 1135 tentes
2434 1097 2596 1135 verno
2622 1085 2857 1149 tempore
2884 1084 3088 1134 vincire
3115 1085 3214 1133 aut
3234 1085 3436 1150 putare
3463 1084 3592 1134 vites
3619 1097 3763 1134 manu
3788 1100 3856 1135 ve-

2227 1152 2331 1207 luti
2358 1153 2581 1222 cupida,
2610 1153 2658 1206 si
2676 1155 2854 1221 possis
2864 1154 3040 1222 potiri
3062 1155 3287 1206 racemis
3309 1168 3322 1206 :
3342 1167 3476 1206 nam
3503 1152 3724 1206 Bacchus
3745 1153 3859 1206 dedit

2073 1280 2291 1336 ΝΟΤΛΕ.

423 1393 577 1444 recta
606 1388 722 1442 sive
743 1389 895 1458 jacta
925 1387 1214 1458 utrinque.
1246 1386 1536 1457 Quidquid
1580 1390 1774 1441 autem
1810 1387 1885 1441 sit
1925 1387 1995 1441 de
2023 1386 2117 1442 in-

419 1459 923 1532 terpretationibus
975 1459 1588 1532 nominum_istorum_,
1643 1458 1822 1528 poetis
1872 1458 2119 1532 agricola

427 1529 527 1602 qui
552 1532 688 1584 serit
733 1530 942 1583 dicitur
969 1529 1235 1602 semina
1268 1529 1404 1602 sive
1435 1529 1572 1602 anni
1610 1545 1777 1602 spem
1827 1530 1998 1583 sulcis
2031 1531 2121 1583 vel

424 1599 592 1656 terrae
622 1603 885 1656 credere:
915 1601 1058 1655 adeo
1085 1605 1165 1661 ut,
1195 1599 1242 1653 si
1267 1599 1508 1667 semina,
1542 1600 1750 1669 injuria
1773 1603 2120 1670 temporum,

425 1678 556 1728 ante
602 1688 846 1726 messem
897 1671 1254 1732 evanuerint,
1297 1671 1408 1725 dici

423 1744 531 1814 ﬁde
578 1744 695 1798 sive
726 1743 1032 1814 promisso.
1069 1742 1158 1796 Sic
1190 1741 1346 1812 Virg.
1384 1742 1684 1812 ii'Georg.,
1715 1759 1768 1799 v.
1805 1744 1902 1797 2'2l
1941 1759 1955 1798 :

547 1833 680 1881 Ante
705 1832 800 1881 tibi
821 1831 942 1880 an:
969 1829 1262 1879 Atlantides
1292 1830 1688 1878 abscondantur

553 1895 852 1956 Gnosiaque
883 1893 1118 1956 ardentis
1146 1892 1364 1956 decedat
1393 1893 1543 1941 stella
1573 1905 1803 1950 coronae,

551 1957 739 2006 Debita
763 1955 918 2019 quam
951 1955 1110 2004 sulcis
1142 1955 1438 2019 committas
1463 1956 1684 2019 semina,
1710 1967 1972 2018 quamque

553 2019 736 2067 Invitas
761 2017 1009 2081 prepares
1035 2018 1160 2065 anni
1193 2031 1338 2081 spem
1370 2017 1580 2066 credere
1611 2022 1782 2081 terras,

551 2081 702 2129 Multi
732 2079 1127 2128 ante‘occasum
1161 2079 1310 2128 Maias
1337 2093 1542 2142 erepere
1569 2089 1580 2127 ε
1609 2079 1700 2128 sed
1731 2079 1852 2128 illos

550 2143 863 2206 Exspectata
894 2156 1042 2205 seges
1071 2143 1224 2190 vanis
1255 2142 1413 2190 elusit
1438 2142 1636 2190 avenis.

429 2224 518 2278 Sic
547 2224 803 2278 Tibullus
833 2224 872 2277 l.
906 2240 965 2286 ll,
991 2223 1136 2293 eleg.
1171 2223 1278 2277 ult.

1051 2310 1178 2372 Spes
1215 2309 1376 2358 sulcis
1406 2309 1575 2358 credit
1603 2310 1764 2358 aratis

739 2373 952 2422 Semina
981 2371 1101 2434 quae
1127 2385 1321 2434 magno
1353 2371 1553 2419 faenore
1583 2372 1770 2419 reddat
1795 2385 1934 2433 ager.

498 2453 590 2508 Sic
635 2468 772 2522 ergo
823 2458 1058 2521 propter
1105 2451 1353 2504 nimium
1405 2452 1603 2506 Cancri
1648 2453 1993 2522 inwstuantis
2035 2465 2125 2502 ar-

428 2523 627 2577 dorem
675 2521 769 2587 qui
823 2525 982 2590 larga
1038 2521 1366 2588 negantibus
1411 2523 1576 2574 sulcis
1614 2525 1823 2575 semina
1870 2521 2122 2582 credidit,

430 2595 539 2648 hic.

589 2665 791 2718 Elusus
822 2664 1030 2720 Cereris
1060 2658 1210 2733 ﬁde]
1247 2662 1413 2716 Ceres
1463 2663 1643 2732 poetis
1677 2666 1766 2716 est
1794 2662 2022 2716 Saturni
2072 2668 2127 2715 ct

428 2736 563 2807 Opis
604 2736 740 2802 ﬁlia,
774 2751 861 2807 ex
918 2751 1038 2807 qua
1084 2733 1763 2807 .lup‘iterdProsci-pinam
1813 2734 2126 2807 suscepisse

428 2803 608 2861 fertur
644 2822 656 2860 :
693 2806 792 2860 sed
822 2803 970 2859 hanc
1012 2804 1233 2858 Cereris
1266 2803 1444 2857 ﬁliam
1475 2805 1639 2857 Pluto
1671 2809 1867 2873 postea
1895 2804 2122 2873 rapuit:

426 2877 582 2932 unde
615 2878 781 2932 Ceres
824 2876 1075 2929 accensis
1107 2875 1165 2928 in
1199 2877 1366 2929 [litua
1398 2880 1592 2927 monte
1623 2875 1785 2928 taedis
1819 2879 2000 2929 totum
2031 2891 2122 2928 or-

426 2950 558 3003 bem
589 2949 916 3019 peragravit
946 2947 1124 3019 ﬁliam
1157 2946 1470 3019 quaesitura
1495 2962 1507 2999 :
1531 2945 1590 2998 in
1615 2945 1904 3019 laborioso
1934 2951 2125 2998 autem

427 3020 526 3074 illo
560 3016 765 3073 itinere
794 3018 1213 3088 Triptolemum
1266 3016 1478 3088 Eleusii
1507 3017 1657 3088 regis
1707 3016 1893 3070 ﬁlium
1933 3032 2125 3070 seren—

427 3091 633 3145 dorum
665 3086 948 3144 seminum
986 3090 1269 3142 rationem
1318 3086 1557 3141 docuit:
1603 3087 1698 3141 hic
1743 3104 1876 3141 vero
1928 3089 2126 3141 orbem

425 3163 643 3231 pariter
661 3176 997 3231 peragrans,
1027 3159 1291 3212 eamdem
1325 3165 1506 3212 artem
1539 3159 1760 3231 caeteris
1791 3159 2127 3231 hominibus

428 3228 890 3286 communicavit.
920 3230 1280 3298 Philosopliis
1310 3233 1524 3295 autem,
1548 3230 1593 3281 si
1614 3228 1796 3283 Tullio
1828 3246 1865 3282 ιι
1896 3230 1965 3282 de
1997 3230 2123 3282 Nat.

429 3303 588 3356 deor.
648 3303 979 3367 Credamus,
1027 3301 1194 3354 Ceres
1254 3299 1398 3352 nihil
1454 3306 1542 3353 est
1588 3301 1739 3352 aliud
1782 3316 1955 3370 quam
2005 3300 2129 3369 ipsa

428 3378 600 3433 terra,
637 3373 716 3425 sic
761 3372 911 3425 dicta
960 3372 1042 3424 vel
1094 3388 1126 3424 a
1169 3371 1404 3437 gerendo
1437 3370 1601 3439 quasi
1631 3370 1790 3424 Geres
1826 3372 2128 3423 immutata

430 3444 642 3508 littera,
690 3459 720 3495 a
776 3442 1039 3511 gerendis
1089 3441 1496 3510 frugibus;vel
1553 3458 1584 3493 a
1646 3441 1897 3506 creando,
1962 3441 2127 3510 quasi

430 3514 664 3589 frugum
695 3512 956 3589 creatrix.
992 3511 1100 3575 Qui
1130 3511 1388 3589 porroid
1421 3511 1663 3564 voluerit
1695 3512 1967 3589 attentius
1999 3527 2130 3589 con-

432 3585 704 3647 siderare,
757 3583 804 3635 is
853 3597 1081 3635 causam
1132 3581 1382 3634 inveniet
1425 3596 1526 3634 cur
1575 3586 1725 3634 terra
1771 3581 1994 3635 dicatur
2024 3581 2129 3635 Sa-

431 3654 589 3708 turni
631 3658 688 3707 et
717 3653 851 3724 Opis
891 3651 1030 3724 ﬁlia,
1067 3658 1124 3704 et
1179 3667 1282 3704 cur
1329 3652 1462 3705 Jove
1511 3650 1816 3704 fecundata
1859 3652 2129 3724 genuerit

433 3722 856 3794 Proserpinam,
919 3740 952 3776 a
997 3722 1240 3777 Plutone
1302 3727 1502 3792 postea
1552 3730 1795 3792 raptam.
1849 3723 1956 3777 Sed
2009 3723 2129 3776 haec

431 3796 612 3850 nostri
641 3812 752 3848 non
788 3800 922 3848 sunt
952 3794 1218 3847 instituti.

505 3869 555 3920 6.
591 3867 838 3931 Quernas
876 3869 1076 3934 pergat
1115 3864 1189 3918 ad
1219 3863 1484 3933 arbores.]
1520 3865 1636 3918 Hoc
1666 3868 1750 3916 est
1791 3863 1866 3916 ad
1899 3879 2129 3928 quercus

432 3938 798 4004 glandiferas,
854 3941 1131 4005 tanquam
1184 3935 1254 3988 ad
1301 3935 1516 4004 primas
1554 3935 1858 3988 hominum
1903 3934 2127 3988 altrices

435 4009 751 4078 confugiat.
790 4008 1050 4078 Quercus
1067 4005 1252 4078 arbos
1275 4007 1480 4076 cuique
1512 4011 1666 4078 nota.
1717 4007 1845 4078 Haec
1876 4011 2009 4059 ante
2040 4007 2127 4058 in-

433 4076 635 4133 ventas
661 4079 855 4147 fruges
882 4076 1108 4147 populis
1140 4077 1483 4147 quibusdam
1515 4077 1723 4130 dicitur
1752 4076 1962 4130 victum
1994 4092 2129 4146 sup-

435 4151 720 4221 peditasse
764 4165 776 4202 :
814 4149 962 4202 unde
995 4147 1188 4217 Virgil.
1226 4165 1238 4200 ι
1273 4148 1504 4217 Georg.,
1534 4165 1586 4202 v.
1617 4148 1722 4201 159
1760 4163 1772 4200 :

565 4238 936 4299 Concussaque
962 4235 1155 4284 famem
1184 4236 1238 4283 in
1266 4234 1414 4284 silvis
1443 4235 1680 4283 solabere
1706 4248 1922 4297 quercu.

507 4318 693 4382 Quare
721 4333 849 4370 cum
887 4318 1070 4386 glans,
1106 4316 1277 4386 hujus
1323 4315 1548 4386 arboris
1586 4315 1822 4381 fructus,
1869 4330 1986 4368 non
2018 4314 2127 4368 nisi

435 4395 565 4460 post
602 4394 863 4460 segetum
901 4385 1155 4460 ’messem
1191 4385 1506 4460 adolescat,
1539 4385 1659 4438 htec
1698 4386 1936 4440 diversis
1981 4391 2126 4460 tem-

477 4456 776 4513 oribus‘ita
805 4459 1029 4511 astricta
1065 4463 1216 4522 sunt,
1247 4463 1308 4510 ut
1340 4457 1386 4510 si
1421 4461 1474 4509 te
1501 4473 1660 4526 seges
1692 4462 2014 4526 exspectata
2042 4456 2130 4509 fe-'-

459 4532 598 4596 ’ellit,
657 4546 692 4583 a
736 4529 971 4599 quernis
1024 4528 1323 4582 arboribus
1365 4526 1502 4580 olim
1557 4527 1891 4599 glandiferis
1939 4527 2130 4597 fruges

437 4617 667 4670 sperare
712 4598 910 4670 pessis.
962 4599 1051 4654 Sic
1099 4615 1236 4668 ergo
1286 4599 1544 4668 exemplo
1593 4598 2127 4670 messisiprobatur,

437 4669 539 4724 sua
595 4669 730 4724 esse
778 4670 1016 4741 singulis
1072 4670 1244 4724 rebus
1301 4674 1585 4740 tempora,
1646 4669 1917 4724 divinitus
1975 4685 2131 4739 prie-

439 4742 666 4795 scrinta.
2039 4781 2047 4789 .

510 4758 892 4875 llztllioinq-uam
929 4826 1273 4879 purpureum
1311 4809 1542 4881 nemus]
1593 4810 1662 4863 ll.
1715 4810 1986 4880 Exemplo
2030 4781 2133 4863 ilo-

439 4898 570 4935 rum
600 4882 877 4952 probatur
906 4883 1100 4948 etiam,
1127 4897 1296 4936 suum
1323 4881 1529 4952 cuique
1559 4881 1638 4934 rei
1665 4881 1968 4934 convenire
1999 4886 2133 4934 tem-

437 4969 546 5022 pus
579 4969 592 5005 :
622 4952 976 5024 signiﬁcatur
1001 4954 1176 5018 enim,
1213 4953 1402 5018 ﬂores,
1443 4953 1542 5024 qui
1575 4956 1777 5024 sponte
1808 4952 1963 5024 nasci
1995 4967 2131 5005 con-

439 5021 767 5089 sueverunt,
793 5021 1005 5092 quique
1027 5039 1181 5077 nunc
1198 5021 1508 5078 nominatis
1525 5021 1684 5077 violis
1705 5023 2128 5090 intelliguntur,

439 5111 556 5149 non
597 5110 719 5148 esse
760 5094 1101 5164 quaerendos
1149 5101 1407 5164 tempore
1443 5093 1696 5160 hiemali,
1737 5109 1852 5162 quo
1891 5093 2133 5146 saeviunt

438 5168 742 5232 aquilones,
803 5181 905 5233 per
953 5180 1300 5234 purpureum
1361 5181 1611 5219 nemus:
1679 5179 1854 5232 quare
1913 5164 2130 5234 aliquid

439 5237 748 5292 dicendum
782 5236 850 5290 de
879 5233 1170 5306 purpureo
1205 5251 1460 5301 nemore,
1495 5235 1564 5289 de
1594 5234 1754 5289 violis
1783 5240 1841 5288 et
1868 5235 1936 5288 de
1966 5233 2132 5304 aqui-

438 5309 686 5364 lenibus.

511 5381 870 5450 Purpureum
909 5375 1188 5450 diciturua
1232 5391 1506 5450 purpura.
1563 5377 1654 5429 Est
1692 5391 1826 5450 vero
1876 5391 2134 5450 purpura

438 5445 670 5502 conchis
701 5464 902 5519 genus,
931 5446 1094 5516 cujus
1116 5446 1340 5514 liquore
1366 5447 1503 5499 olim
1531 5452 1710 5501 vestes
1740 5445 2129 5516 tingebantur.

439 5521 600 5582 Quod
632 5527 824 5573 autem
851 5519 971 5586 jam
1012 5534 1044 5570 a
1088 5519 1260 5586 longo
1296 5526 1552 5586 tempore
1590 5523 1847 5571 veterum
1878 5532 2134 5587 purpura

439 5591 691 5655 desierit,
737 5596 1044 5660 propterea
1073 5587 1305 5641 inducta
1340 5587 1512 5660 hujus
1541 5590 1693 5660 vocis
1737 5587 2131 5660 ambiguitate,

439 5657 765 5730 purpureus
795 5657 1032 5714 vocatur
1079 5674 1232 5730 nunc
1262 5657 1499 5728 quidem
1521 5659 1730 5725 nigror,
1763 5664 1823 5730 ut
1852 5657 2135 5730 apudCi-

441 5729 710 5787 cerOnem
741 5745 901 5785 mare
942 5729 1230 5801 nigricans
1258 5743 1646 5800 purpureum;
1678 5729 1830 5801 apud
1865 5729 2134 5786 Ovidium

1448 1671 1634 1740 possit
1683 1672 1868 1725 elusus
1917 1673 2127 1728 Cereris

2230 1403 2352 1441 uvae
2383 1387 2582 1457 nigrae,
2615 1401 2952 1458 purpureai;
2985 1390 3042 1440 et
3084 1386 3233 1456 apud
3261 1387 3570 1440 Homerum
3609 1401 3746 1458 mors
3769 1391 3862 1441 atra

2228 1459 2436 1513 dicitur
2464 1457 2752 1528 purpurea
2785 1474 2797 1512 :
2835 1473 2989 1512 nunc
3019 1458 3242 1524 candor,
3277 1458 3423 1511 sicut
3462 1457 3679 1511 Horatio
3716 1459 3862 1511 olores

2231 1531 2530 1599 purpurei,
2584 1533 2640 1583 et
2680 1529 2882 1583 Ovidio
2933 1529 3030 1582 nix
3086 1533 3320 1582 vocatur
3373 1543 3694 1598 purpurea:
3743 1545 3862 1582 nunc

2162 1606 2203 1660 B
2231 1601 2420 1661 rubor,
2452 1607 2516 1654 ut
2546 1599 2814 1653 omnibus
2841 1600 3027 1669 poetis
3058 1615 3220 1669 genus
3249 1614 3575 1669 purpureae,
3605 1605 3656 1652 et
3678 1600 3861 1670 sanguis

2234 1687 2558 1742 purpureus
2591 1687 2605 1724 :
2640 1687 2792 1724 nunc
2830 1672 2975 1724 color
3019 1671 3299 1737 caeruleus,
3335 1675 3402 1724 ut
3430 1671 3579 1740 apud
3615 1670 3861 1740 Virgilium

2234 1744 2388 1806 viola,o
2428 1742 2673 1796 sublucet
2705 1757 2964 1810 purpura
3015 1743 3186 1808 nigrae
3219 1757 3232 1794 :
3281 1757 3436 1795 nunc
3481 1742 3619 1794 color
3660 1742 3857 1805 quilibet.

2235 1814 2450 1884 quique
2490 1829 2558 1866 ex
2603 1813 2701 1866 illo
2744 1813 2900 1866 nasci
2941 1811 3084 1866 solet
3131 1813 3290 1884 decor
3320 1828 3333 1866 :
3361 1811 3698 1880 pulchritudo
3725 1812 3860 1873 enim,

2227 1883 2420 1955 judice
2449 1884 2632 1938 Tullio
2673 1901 2723 1937 iv
2763 1884 2948 1945 Tusc.,
2987 1888 3067 1955 est
3095 1883 3343 1948 quaedam
3373 1888 3516 1955 apta
3549 1887 3861 1955 ﬁgurantem-

2236 1954 2454 2009 brorum
2486 1970 2606 2008 cum
2639 1955 2832 2008 coloris
2862 1954 3102 2019 quadam
3133 1958 3426 2008 suavitate.
3469 1954 3554 2008 Sic
3586 1954 3759 2025 Virgil.
3789 1954 3860 2005 ecl.

2234 2030 2287 2093 9,
2322 2043 2372 2080 v.
2407 2027 2496 2078 40.

2360 2113 2453 2162 Hic
2481 2126 2570 2162 ver
2595 2125 2942 2175 purpureum,
2968 2113 3142 2162 varios
3168 2111 3252 2161 hic
3281 2113 3503 2162 ﬂumina
3531 2113 3711 2162 circum

2359 2175 2552 2224 Fundit
2580 2175 2772 2238 homus
2801 2175 2957 2223 ﬂores
2988 2189 3000 2222 :
3038 2175 3124 2224 hic
3149 2175 3377 2224 candida
3401 2175 3623 2238 pepulus
3645 2178 3773 2224 antro

2361 2239 2624 2294 Imminet,
2655 2241 2708 2286 et
2731 2237 2888 2285 lentae
2917 2241 3107 2287 texunt
3139 2237 3444 2287 umbracula
3476 2237 3618 2286 vites.

2305 2320 2487 2398 Atque
2513 2317 2618 2370 hoc
2651 2317 2857 2372 ultimo
2889 2318 3059 2372 modo
3091 2318 3396 2386 credimus,
3426 2333 3608 2372 nemus
3636 2333 3766 2371 nunc
3791 2332 3860 2367 vo-

2234 2405 2350 2442 cari
2376 2404 2743 2457 purpureum.

2303 2460 2592 2513 Violarum
2625 2460 2738 2513 duo
2768 2465 2903 2513 sunt
2939 2475 3181 2531 genera,
3201 2464 3263 2513 ut
3305 2460 3592 2531 colligitur
3616 2475 3676 2512 ex
3703 2458 3861 2520 Plinio,

2234 2530 2269 2585 l.
2305 2547 2412 2597 XXI,
2445 2547 2565 2600 cap.
2603 2532 2653 2583 6.
2690 2530 2828 2584 Alios
2854 2536 3076 2596 natura,
3111 2530 3240 2584 alia:
3272 2536 3394 2585 arte
3425 2530 3718 2585 nascuntur
3745 2545 3756 2582 :
3785 2544 3862 2597 po-

2233 2603 2499 2656 steriores
2528 2603 2588 2654 in
2622 2601 2836 2667 hortis;
2864 2603 3087 2670 priores
3115 2601 3288 2655 etiam
3321 2602 3381 2655 in
3402 2603 3554 2655 silvis
3584 2618 3596 2655 :
3629 2601 3691 2653 de
3718 2601 3773 2653 iis
3794 2615 3862 2651 an-

2233 2678 2349 2726 tem
2380 2675 2571 2741 agitur
2612 2688 2760 2742 quae,
2800 2680 2864 2724 ut
2907 2673 2989 2726 ait
3032 2673 3180 2726 idem
3226 2672 3468 2738 Plinius,
3508 2678 3684 2741 sponte
3708 2675 3863 2739 apricis

2234 2749 2283 2798 et
2312 2747 2509 2796 macris
2540 2743 2667 2796 locis
2694 2747 3027 2810 proveniunt
3051 2759 3347 2812 purpureae
3379 2746 3567 2798 latiore
3592 2744 3726 2809 folio.

2304 2815 2514 2884 Aquilo
2554 2814 2803 2884 denique
2842 2821 2928 2867 est
2954 2819 3154 2867 ventus
3186 2815 3306 2885 qui,
3359 2820 3500 2870 teste
3543 2813 3726 2877 Plinio,
3763 2813 3791 2865 1.
3820 2827 3862 2872 ιι,

2236 2901 2283 2939 c.
2319 2887 2407 2950 47,
2459 2885 2608 2938 inter
2650 2885 3099 2953 septentrionem
3148 2884 3218 2938 eti
3253 2890 3446 2940 ortum
3491 2884 3803 2940 solstitialem
3843 2901 3863 2928 ει

2165 2974 2205 3028 ρ
2237 2957 2471 3028 regione
2527 2955 2704 3028 Cauri
2735 2955 2852 3009 ﬂat.
2898 2956 3113 3028 Ventus
3142 2961 3350 3028 autem
3401 2957 3495 3010 ille
3545 2957 3779 3024 frequens
3805 2957 3864 3002 est

2237 3027 2462 3081 hieme:
2497 3042 2673 3096 quare
2694 3027 2880 3080 hiems
2912 3027 3096 3080 Plinio
3125 3027 3336 3081 dicitur
3366 3030 3658 3094 aquilonia,
3689 3033 3737 3078 et
3760 3040 3862 3096 poe-

2233 3097 2326 3164 tis,
2364 3095 2560 3165 rigidis
2591 3098 2941 3162 aquilonibus
2971 3098 3194 3151 horrens
3225 3114 3238 3151 :
3274 3100 3428 3153 unde
3459 3104 3607 3152 saevis
3643 3095 3861 3160 aquiloni-

2237 3169 2335 3222 bus
2369 3183 2519 3222 nunc
2549 3167 2926 3238 signiﬁcatur,
2961 3169 3134 3222 violas
3183 3169 3239 3221 in
3282 3169 3438 3222 silvis
3484 3185 3591 3224 non
3622 3183 3728 3238 esse
3751 3181 3864 3234 quir-

2234 3240 2439 3293 rendas
2469 3237 2656 3292 hieme
2683 3254 2696 3293 :
2721 3254 2902 3310 usque
2933 3240 3075 3292 adeo
3100 3241 3365 3310 exemplo
3395 3241 3598 3294 ﬂorum
3626 3237 3862 3309 probatur,

2237 3326 2403 3364 suum
2436 3311 2642 3379 cuique
2674 3311 2757 3362 rei
2784 3312 3092 3364 convenire
3125 3316 3376 3379 tempus.

2311 3385 2394 3434 ll.
2431 3375 2777 3452 Nec—quaeras
2816 3382 2982 3435 avida
3030 3375 3375 3452 inanu.]'lll.
3417 3381 3673 3450 Exemplo
3711 3375 3865 3452 vinde-

2235 3451 2367 3504 miae
2397 3451 2692 3523 probatur,
2719 3468 2821 3506 sua
2850 3453 3092 3522 singulis
3113 3448 3280 3506 rebus
3305 3458 3565 3523 tempora
3584 3448 3862 3523 convenire:

2237 3538 2367 3575 cum
2399 3522 2555 3576 enim
2598 3522 2881 3577 vindemia
2927 3530 3204 3576 autumno
3236 3524 3357 3586 ﬁat,
3391 3522 3597 3577 frustra
3634 3522 3727 3574 hoc
3756 3523 3863 3594 tein-

2236 3609 2378 3663 pore
2410 3608 2623 3658 quaeras
2648 3609 2840 3648 vernos
2871 3599 3141 3661 stringere
3162 3596 3425 3662 palmites
3459 3613 3474 3647 :
3508 3594 3699 3664 quibus
3723 3588 3864 3664 vegbis

2237 3660 2680 3736 distinctarveris
2730 3671 2786 3718 et
2832 3660 3093 3719 autumni
3127 3660 3317 3719 oi‘ﬁcia
3357 3660 3748 3736 proponuntur.
3775 3660 3865 3711 Pri-

2238 3749 2398 3788 mum
2424 3735 2675 3806 quidem;
2704 3748 2872 3788 verno
2905 3743 3162 3804 tempore
3192 3736 3291 3789 alii
3322 3735 3591 3805 palmites
3617 3737 3865 3806 amputan-

2235 3814 2352 3872 tur,
2389 3803 2487 3858 alii
2533 3804 2866 3877 vinciuntur
2904 3803 3124 3859 tantum
3159 3823 3170 3860 :
3233 3803 3391 3877 quod
3439 3814 3733 3877 utrumque
3762 3803 3864 3877 dum

2282 3881 2470 3929 rasstat
2499 3876 2768 3944 agricola,
2802 3880 3071 3944 stringere
3116 3873 3327 3930 dicit—ur
3362 3895 3374 3930 :
3414 3881 3630 3945 stringit
3657 3873 3784 3928 enim
3826 3875 3866 3918 et

2261 3947 2471 4001 rondes
2499 3963 2640 4017 quas
2672 3948 2909 4018 colligit,
2939 3956 3000 4002 ut
3029 3965 3045 4000 ι
3076 3949 3302 4018 Georg.,
3332 3965 3386 4002 v.
3416 3951 3517 4002 305
3551 3968 3562 4002 :

2363 4034 2466 4098 Sed
2494 4038 2669 4098 tamen
2695 4039 2750 4084 et
2768 4048 3000 4098 quernas
3025 4035 3244 4098 glandes
3274 4039 3406 4085 tunc
3437 4036 3680 4097 stringere
3708 4036 3867 4090 tempus

2361 4096 2425 4146 Et
2453 4097 2588 4147 lauri
2614 4096 2822 4154 baccas,
2857 4096 3132 4160 oleamque
3156 4104 3476 4161 cruentaque
3507 4096 3681 4161 mjrta.

2243 4196 2309 4249 Et
2337 4211 2527 4248 ramos
2558 4211 2702 4266 quos
2733 4194 2892 4266 ligat,
2925 4200 2991 4249 ut
3018 4194 3178 4262 ibid.,
3207 4212 3260 4250 v.
3294 4199 3398 4250 317
3428 4213 3442 4252 :

2358 4283 2600 4347 Agricola
2629 4287 2681 4334 et
2707 4283 2879 4348 fragili
2907 4283 3019 4348 jam
3049 4285 3335 4348 stringeret
3358 4285 3556 4335 hordea
3580 4283 3749 4333 culmo.

2168 4341 2211 4395 ι)
2237 4365 2424 4435 Atque
2453 4363 2703 4435 idipsum
2732 4365 2940 4420 dicitur
2984 4365 3110 4419 ﬁeri
3139 4367 3305 4420 avida
3335 4382 3504 4420 manu
3538 4382 3550 4419 :
3591 4378 3708 4435 cum
3751 4357 3867 4435 enim

2238 4433 2411 4490 homo
2438 4433 2658 4507 aliquid
2683 4437 2843 4490 valde
2873 4436 3092 4506 appetit
3115 4438 3366 4507 quadam
3388 4438 3474 4490 sui
3496 4433 3728 4507 corporis
3747 4433 3868 4499 parte

2239 4505 2499 4578 exsequi,
2536 4505 2667 4561 tum
2715 4505 2990 4578 translata
3039 4505 3286 4578 quadam
3339 4505 3733 4578 signiﬁcatione
3773 4511 3868 4578 pars

2239 4574 2507 4650 illai'dici
2565 4578 2707 4631 solet
2759 4577 2943 4650 avida.
2997 4574 3090 4650 Sic
3144 4595 3311 4633 aures
3357 4574 3611 4633 Ciceroni
3656 4574 3869 4650 dicuntur

2241 4648 2420 4702 avidae
2455 4665 2468 4702 :
2499 4650 2901 4714 Demosthenes,
2933 4649 3122 4718 inquit
3151 4650 3219 4704 de
3252 4650 3434 4715 Orat.,
3467 4665 3570 4702 non
3595 4657 3777 4712 semper
3796 4648 3866 4690 im-

2231 4720 2350 4789 plet
2379 4735 2540 4773 aures
2567 4735 2712 4774 meas
2747 4735 2759 4772 :
2797 4724 2877 4774 ita
2905 4726 3034 4773 sunt
3065 4721 3239 4774 avida:
3281 4725 3331 4773 et
3360 4734 3602 4789 capaces,
3640 4721 3686 4769 et
3709 4724 3869 4777 semper

2239 4790 2456 4856 aliquid
2476 4794 2796 4844 immensum
2826 4795 3208 4860 inﬁnitumque
3237 4791 3570 4845 desiderant.
3602 4789 3682 4860 Sic
3711 4793 3868 4838 manus

2239 4861 2379 4932 ipsa:
2411 4861 2638 4915 Horatio
2665 4859 2935 4917 dicuntur
2965 4862 3168 4928 avidae,
3191 4864 3380 4928 Carm,
3412 4863 3450 4916 l.
3489 4878 3557 4929 iv,
3590 4859 3672 4913 od.
3703 4860 3729 4909 7
3755 4869 3767 4906 :

2366 4949 2568 5013 Cuncta
2595 4963 2785 5013 manus
2811 4950 2992 4999 avidas
3019 4949 3226 5013 fugient
3248 4950 3491 5006 hieredis,
3520 4949 3679 4996 amico

2366 5011 2494 5068 Quae
2519 5012 2724 5061 dederis
2751 5013 2948 5061 animo.

2239 5089 2578 5163 Quicunque
2624 5098 2814 5146 autem
2856 5108 3063 5146 vernos
3111 5091 3376 5163 palmites
3421 5089 3664 5160 stringit,
3709 5082 3869 5163 hi9“?

2240 5154 2825 5234 appetit'stringere,
2879 5169 2943 5216 ut
2993 5154 3250 5218 videatur
3317 5164 3522 5217 timere
3569 5154 3644 5214 ne
3695 5154 3866 5234 desinat

2242 5227 2547 5302 stringere.
2582 5227 2819 5289 Dei'nde'
2843 5242 3152 5288 autumnus
3184 5236 3262 5287 sic
3291 5236 3416 5288 uvis
3461 5227 3772 5302 colligendis
3798 5234 3869 5302 ﬁci

2241 5290 2660 5371 commodatur,
2723 5304 2812 5358 his
2869 5313 2930 5359 ut
2983 5307 3079 5360 ille
3134 5322 3167 5358 a
3217 5309 3396 5375 poetis
3436 5290 3624 5358 soleat
3655 5290 3867 5353 describi,

2242 5375 2396 5445 quod
2428 5375 2880 5444 vulgatissimum
2912 5383 3018 5443 est,
3053 5377 3276 5430 Lucret.
3316 5377 3351 5430 l.
3385 5393 3400 5428 ι
3443 5391 3456 5429 :

2367 5463 2626 5512 Praeterea
2650 5477 2744 5512 cur
2771 5477 2890 5513 vere
2916 5478 3110 5523 rosam,
3139 5466 3402 5514 frumenta
3425 5462 3612 5520 calore,

2367 5524 2529 5573 Viteis
2559 5530 2818 5573 autumno
2847 5526 3000 5575 fundi
3024 5529 3247 5576 sudante
3271 5527 3527 5575 videmus.

2368 5586 2422 5652 Si
2451 5601 2560 5635 non
2589 5593 2731 5652 certa
2757 5602 2854 5637 suo
2883 5589 3006 5650 quia
3032 5595 3266 5652 tempore
3295 5589 3496 5638 semina
3521 5595 3706 5652 rerum,

2369 5649 2499 5697 Cum
2530 5649 2917 5710 conﬂuxerunt,
2937 5652 3116 5714 pateﬁt
3143 5649 3498 5714 quodcunque
3527 5651 3736 5696 creatur.

2314 5730 2456 5786 Hinc
2482 5735 2745 5788 autumno
2791 5747 2895 5787 sua
2921 5711 3178 5790 Bacchus
3209 5711 3437 5789 munera
3472 5726 3744 5786 contulisse
3767 5711 3871 5773 dici-
