3996 6170
123 253 206 307 649

126 391 172 441 15
236 383 461 440 Bacchus
488 383 726 438 munera
753 384 1018 438 contulit.

243 479 332 527 80
353 473 541 543 Signat
566 476 827 542 tempora
843 471 1092 544 propriis

241 565 438 632 Aptans
467 560 666 614 ofﬁciis
699 562 868 626 Deus,

235 650 334 703 Nec
363 665 498 719 quas
525 649 643 718 ipse
673 649 942 714 coercuit,

228 738 426 791 Misceri
465 738 677 806 patitur
705 738 873 791 vices.

124 831 172 883 ‘20
229 827 306 881 Sic
332 826 478 897 quod
511 826 791 897 przecipiti
822 827 911 880 via

235 917 446 970 Certum
487 915 701 970 deserit
730 915 1010 980 ordinem,

231 1007 397 1061 Laetos
429 1021 544 1060 non
578 1005 751 1060 habet
770 1006 976 1060 exitus.
1017 1015 1021 1020 '

674 1117 772 1168 82
804 1113 1029 1168 PROSA
1055 1113 1150 1167 VI.

175 1208 566 1260 ARGUMENTUM.
599 1231 669 1243 -—
709 1203 1064 1272 Philosophia
1094 1203 1348 1260 Boetium
1387 1206 1753 1272 interrogans,

1095 251 1184 304 DE
1224 249 1748 330 CQNSOLATIONE
1788 252 2262 310 PHILOSOPHIE
2302 255 2437 312 LIB.
2488 257 2536 311 l.

1790 394 1837 443 A

3465 262 3570 318 650

1937 391 2179 446 eumdem
2211 394 2352 459 cogit
2391 393 2563 467 fateri
2589 408 2647 446 se
2695 397 2876 459 Deum,
2909 398 2960 448 et
2989 399 3332 464 semetipsum
3353 403 3567 467 partim

1951 478 2259 527 cognoscere
2289 466 2604 531 partimque
2641 468 2895 530 ignorare
2926 481 2938 518 :
2974 467 3118 520 unde
3147 469 3240 523 illo
3264 466 3466 523 lumine
3494 473 3570 524 ad

1945 535 2228 600 pellendas
2279 536 2378 587 has
2426 538 2600 589 animi
2656 536 2900 592 tenebras
2959 553 3015 592 se
3061 539 3310 608 deinceps
3339 557 3568 596 usuram

1948 610 2146 680 monet,
2178 611 2237 659 ut
2267 608 2468 660 scilicet
2496 623 2531 680 ᾳ
2560 609 2704 662 notis
2735 608 2808 662 ad
2836 611 3052 676 ignota;
3077 627 3111 663 a
3129 616 3568 680 persuasissimis

1947 676 2021 728 ad
2049 693 2153 730 non
2179 693 2449 746 persuasa
2461 679 2571 746 fiat
2588 695 2926 748 progressus.

1949 763 2204 817 Primum
2233 765 2411 834 igitur
2433 765 2720 835 paterisne
2760 775 2894 819 me“
2915 768 3174 836 pauculis
3208 771 3222 802 ¹
3251 769 3564 839 regationi-

1871 849 1978 904 bus
2009 856 2222 906 statum
2262 859 2376 907 tua:
2412 855 2620 908 mentis
2657 855 2960 926 attingere,
2985 861 3156 928 atque
3187 863 3444 928 .tentare,
3474 865 3554 928 ut,

1871 940 1972 1012 qui
1997 941 2202 996 modus
2241 942 2312 996 sit
2349 948 2460 996 tua:
2504 944 2810 1012 curatonis,
2866 944 3230 1016 intelligam?
3259 949 3283 989 Ι)
3315 948 3398 1002 Tu
3435 965 3567 1006 vero

1871 1029 2170 1098 arbitratu,
2203 1031 2456 1100 inquam,
2499 1035 2596 1084 tuo
2632 1043 2654 1072 ο
2689 1047 2818 1102 qua:
2848 1033 3022 1100 voles,
3057 1040 3119 1087 ut
3150 1050 3563 1106 responsurum

1870 1121 2135 1187 rogato.d
2167 1121 2311 1172 Tum
2357 1119 2472 1185 illa,
2515 1124 2612 1174 83
2654 1118 2676 1149 ²
2706 1119 3243 1192 Hunccine,inquit,
3288 1125 3570 1180 mundum

1866 1206 2181 1260 temerariis
2228 1205 2321 1276 agi
2359 1205 2720 1278 fortuitisque
2763 1207 2986 1263 casibus
3024 1214 3210 1280 putas,
3258 1228 3333 1266 an
3386 1215 3567 1269 ullum

1522 1302 2101 1357 INTERPRETATIO.

126 1407 196 1446 sua
220 1391 324 1444 haec
351 1389 488 1442 dona
532 1393 792 1443 autumno
827 1390 1012 1457 potius
1049 1405 1224 1459 quam
1259 1405 1436 1443 verno
1473 1395 1754 1460 tempore.

123 1467 225 1518 Deus
263 1465 400 1515 notat
439 1465 712 1513 momenta
757 1460 970 1525 omnia,
1028 1477 1127 1514 sua
1159 1463 1393 1528 singulis
1443 1463 1756 1516 muneribus

127 1531 499 1596 accommodans,
554 1547 724 1599 neque
756 1534 890 1585 sinit
920 1532 1181 1598 ordinem,
1239 1549 1394 1600 quem
1441 1535 1553 1600 ipse
1601 1535 1765 1588 insti-

130 1608 224 1668 tuit,
245 1603 459 1657 turbari.
489 1604 784 1670 PrOpterea
815 1603 1088 1671 quidquid
1118 1604 1522 1658 inconsiderata
1554 1607 1767 1659 ratione

123 1678 279 1799 tinql‘l“
306 1674 541 1729 ordinem
569 1676 974 1744 praescriptum,
1021 1674 1080 1730 id
1122 1691 1230 1730 non
1269 1677 1470 1731 obtinet
1492 1677 1766 1747 jucundos

123 1762 216 1799 even
235 1760 308 1799 us.

123 1760 308 1801 annuus.

1803 1747 1842 1801 Β

1941 1400 1964 1425 δ
2001 1391 2338 1455 Quibusdam
2357 1395 2785 1459 quastiunculis.

1938 1464 1964 1504 b
2003 1462 2193 1533 inquit
2225 1463 2616 1533 Philosophia.

1875 1601 1914 1656 ά
1943 1545 1974 1656 «ἑ
2009 1531 2197 1598 Qulzre
2225 1534 2372 1603 quod
2400 1531 2688 1604 placuerit,
2719 1535 2910 1608 inquit
2949 1537 3197 1605 Boetius,
3224 1540 3324 1594 tibi
3349 1555 3566 1609 respon-

1913 1619 1941 1656 e
1978 1619 2026 1656 ο.
2579 1629 2582 1632 ·

1913 1619 2026 1657 800.
2579 1629 2582 1632 ’

1944 1674 1971 1711 ά
2005 1677 2150 1731 Tunc
2175 1675 2528 1746 Philosophia
2543 1679 2645 1732 ait.

1699 1847 1920 1903 ΝΟΤίΕ.

124 1938 206 1999 tur,
233 1931 407 2004 potius
438 1946 616 2004 quam
635 1946 810 1985 verno
831 1934 1092 1997 tempore
1119 1948 1132 1986 :
1153 1933 1306 2003 quod
1331 1933 1486 1988 enim
1510 1933 1763 1988 Bacchus

124 2004 334 2056 inventor
363 2003 473 2056 vini
515 2003 814 2068 habeatur,
844 2019 1058 2056 munus
1090 2004 1291 2058 Bacchi
1327 2010 1410 2058 est
1442 2006 1659 2072 vinum,
1683 2005 1763 2059 vi-

125 2090 225 2126 num
251 2080 424 2128 autem
457 2089 580 2127 non
621 2089 774 2140 vere,
807 2075 902 2126 sed
934 2082 1215 2128 autumno
1268 2076 1611 2145 compressis
1643 2077 1764 2130 uvis

126 2145 306 2198 efﬂuere
352 2145 696 2199 consuevit:
738 2161 920 2214 usque
969 2146 1111 2199 adeo
1161 2163 1364 2212 messe,
1406 2148 1665 2210 floribus,
1711 2152 1765 2202 et

126 2217 357 2290 vindemia
385 2221 632 2281 constat,
662 2232 763 2270 sua
798 2217 1039 2286 singulis
1070 2217 1239 2272 rebus
1275 2218 1608 2290 praescripta
1643 2235 1764 2272 esse

128 2287 350 2341 divinitus
378 2295 658 2358 tempora.

182 2361 244 2412 16.
287 2360 467 2426 Signat
518 2365 767 2426 tempora
802 2361 1048 2428 propriis
1091 2365 1291 2428 aptans
1337 2363 1534 2428 ofﬁciis
1582 2361 1762 2431 Deus.]

129 2431 235 2482 Deus
255 2433 392 2484 enim
423 2434 501 2483 est
530 2432 722 2500 prima
753 2445 922 2482 causa
949 2447 1066 2483 non
1097 2431 1287 2484 solum
1317 2449 1509 2486 rerum
1533 2440 1764 2486 caetera-

130 2517 220 2552 runi
264 2502 346 2554 sed
388 2503 695 2573 modorum
747 2501 918 2554 etiam
947 2501 1224 2573 omnium
1273 2503 1480 2573 quibus
1523 2520 1611 2556 res
1651 2505 1764 2557 illa:

129 2579 236 2624 recte
255 2589 303 2624 se
333 2573 560 2636 habent,
599 2572 742 2624 adeo
774 2577 836 2624 ut
880 2572 1025 2625 nihil
1073 2589 1271 2626 eorum
1299 2572 1618 2642 contingat,
1655 2575 1764 2628 nisi

131 2644 377 2714 secundum
414 2646 568 2713 leges
603 2645 793 2695 divina
824 2645 1118 2696 voluntate
1144 2652 1379 2698 statutas
1413 2662 1424 2698 :
1465 2652 1766 2714 propterea

132 2713 411 2767 Ecclesiastze
450 2732 505 2768 ιιι
541 2731 556 2768 :
600 2717 798 2771 Omnia
843 2721 1049 2782 tempus
1100 2717 1294 2769 habent
1327 2723 1375 2770 et
1410 2713 1524 2769 suis
1565 2713 1763 2784 spatiis

131 2789 350 2837 transeunt
380 2789 636 2838 universa
670 2787 770 2838 sub
801 2788 944 2839 caelo.
990 2787 1222 2855 Trmpus
1267 2788 1524 2840 nascendi
1555 2797 1602 2839 et
1636 2795 1765 2840 tem-

128 2870 202 2920 pus
239 2858 495 2910 moriendi.
548 2859 781 2924 Tempus
820 2859 1114 2924 pluntandi
1164 2864 1213 2912 et
1265 2865 1469 2926 tempus
1507 2860 1766 2912 eretleudi

135 2926 236 2991 quod
255 2927 547 2995 pluntutttm
580 2935 683 2993 est,
713 2938 817 2980 etc.
855 2928 993 2980 Hinc
1030 2945 1169 2997 quas
1202 2933 1340 2984 vices
1376 2935 1510 2984 Deus
1537 2934 1765 2982 corrcult

133 3014 202 3048 sua
260 3000 509 3052 nimirum
573 3001 1039 3052 constantissime
1100 3003 1410 3066 voluntate,
1479 3004 1580 3053 bas
1652 3016 1765 3054 non

135 3070 293 3134 patitur
333 3071 552 3124 misceri
599 3071 716 3124 sive
753 3071 972 3124 turbari
1005 3088 1018 3124 :
1052 3072 1141 3126 Sic
1184 3074 1456 3127 Phaedrus
1487 3074 1521 3126 l.
1560 3088 1602 3138 ι,
1636 3073 1756 3127 fab.

129 3142 166 3203 ‘2,
181 3140 422 3210 loquitur:

218 3229 556 3294 ittheniecum
591 3229 842 3294 ﬂorerent
867 3231 1034 3294 aequis
1061 3230 1287 3290 legibus,

218 3290 384 3339 Procax
416 3293 636 3340 libertas
663 3290 1168 3342 civitzitem'miscuit

181 3371 290 3425 Hinc
317 3374 640 3445 philosophi
680 3391 878 3428 eruere
911 3380 1221 3444 potuerunt
1250 3375 1510 3446 qumdam
1549 3373 1761 3444 princi-

134 3441 200 3518 pia
223 3441 402 3518 quibus
431 3441 756 3499 innituntur
786 3441 1300 3500 demonstrationes
1331 3464 1473 3518 quas
1493 3441 1564 3500 de
1586 3453 1764 3500 mate-

134 3514 190 3564 ria
212 3516 555 3586 philosophiae
584 3520 841 3586 subjecta
876 3519 1199 3571 coniiciunt.

180 3587 246 3637 ‘20.
276 3588 354 3642 Sic
395 3591 532 3656 quod
578 3591 864 3658 prwcipiti
902 3594 1012 3650 via,
1055 3587 1182 3659 etc.]
1225 3586 1608 3657 Praecipitatio
1656 3588 1765 3640 alia

135 3661 200 3729 est
223 3661 464 3728 corporis,
515 3663 634 3713 alia
685 3660 910 3712 mentis.
951 3661 1331 3729 Pi‘iecipitatio
1365 3660 1641 3729 corporis,
1679 3659 1764 3711 in-

138 3726 223 3794 cinit
261 3726 315 3783 εξ
351 3732 618 3797 Thomas,
668 3733 781 3794 2-2,
827 3747 881 3799 (ι.
926 3733 1014 3794 53,
1060 3726 1197 3797 ει.’3,
1231 3733 1288 3784 in
1329 3732 1437 3784 hoc
1467 3726 1763 3796 \‘ersatur,

136 3799 244 3864 quod
269 3817 454 3870 corpus
482 3820 516 3856 a
544 3805 822 3871 superiori
843 3805 898 3855 in
929 3806 1039 3854 ima
1063 3805 1308 3871 pervenit
1335 3803 1628 3856 secundum
1657 3805 1766 3854 im—

135 3874 266 3932 petum
322 3875 604 3941 quemdam
658 3876 875 3942 proprii
922 3880 1096 3928 motus
1144 3873 1380 3942 alicujus
1442 3875 1765 3941 impellentis

136 3952 206 3991 non
251 3943 478 3998 ordinate
531 3944 900 3998 descendendo
950 3962 1048 4013 per
1103 3946 1330 4010 gradus.
1390 3945 1766 4008 PFtI'Clpli‘dllO

135 4022 224 4084 vero
249 4017 436 4086 mentis
462 4021 546 4069 est
580 4016 1067 4069 inconsideratum
1103 4017 1170 4069 de
1203 4018 1397 4086 ignoto
1443 4016 1725 4084 judicium
1752 4031 1763 4068 :

135 4083 322 4156 interior
353 4087 561 4156 quippe
598 4086 716 4138 veri
755 4087 1006 4156 certique
1034 4083 1253 4155 judicii'
1283 4083 1502 4154 regula,
1538 4093 1622 4139 est
1651 4086 1766 4139 evi-

135 4149 279 4227 dentia
314 4171 325 4208 :
357 4149 472 4211 sine
494 4149 599 4211 ’81
637 4173 746 4227 qua
782 4157 825 4210 si
859 4149 1199 4211 sententiam
1228 4149 1387 4219 ferat,
1425 4149 1522 4211 aut
1554 4157 1771 4210 errabit

137 4226 205 4273 aut
237 4229 437 4281 errandi
473 4226 795 4299 pericdlum
837 4229 1050 4282 subibit
1098 4230 1472 4298 philosophus
1517 4229 1770 4298 adeoque

135 4299 352 4363 precipiti
376 4302 462 4352 via
493 4306 698 4354 certum
731 4299 976 4353 deserens
1015 4301 1258 4354 ordinem
1293 4302 1436 4354 laetos
1477 4316 1581 4352 non
1617 4300 1773 4352 habe-

141 4361 376 4442 bitur—itus.
411 4372 505 4425 llic
560 4387 734 4442 porro
765 4370 956 4440 agitur
991 4387 1108 4424 non
1139 4373 1208 4424 de
1243 4372 1420 4440 priori
1452 4373 1548 4426 sed
1580 4378 1770 4440 poste-

141 4438 238 4520 riori
268 4440 522 4520 duntaxat
559 4438 1064 4520 praecipitatione}
1096 4438 1482 4520 quaeritenim
1516 4438 1772 4520 philoso:
1813 4469 1854 4520 Ι)

142 4503 239 4583 phia
263 4513 494 4566 remedia
525 4503 889 4583 quibus.th
922 4503 1140 4567 mederi
1173 4515 1352 4583 possit
1382 4503 1560 4567 menti
1598 4513 1771 4566 Boetii

146 4573 364 4655 laboranti
395 4600 407 4637 :
440 4573 661 4638 laborat
698 4590 893 4638 autem
923 4601 1137 4651 errore,
1174 4573 1282 4655 .qui
1318 4585 1506 4638 sanari
1532 4601 1644 4637 non
1676 4599 1774 4654 po-

146 4648 356 4726 lt§t,_nis_i
383 4657 617 4708 veritate
648 4658 952 4711 contraria.
1003 4648 1144 4710 Cum
1181 4648 1354 4725 igitur
1385 4658 1636 4726 primum
1676 4648 1774 4708 ve-

145 4721 282 4798 ritatis
324 4724 675 4781 invenienda:
727 4721 1232 4798 impedimentum,
1268 4721 1530 4797 adeoque
1591 4726 1775 4797 prima

148 4794 304 4869 erroris
323 4813 485 4851 causa
516 4799 588 4852 sit
617 4794 1014 4868 praecipitatio,
1049 4799 1265 4869 optime
1299 4794 1495 4853 monet
1529 4794 1777 4852 Philoso-

147 4859 244 4925 phia
266 4880 363 4920 non
407 4885 524 4922 esse
558 4859 1060 4940 pfazcipi'tandum,
1087 4859 1198 4924 'sed
1241 4887 1272 4924 a
1314 4870 1622 4925 levioribus
1652 4870 1777 4939 pri—

148 4944 266 5010 mum
292 4941 544 4993 remediis
580 4941 993 5010 incipiendum.

201 5004 638 5082 ‘_ltogationibus.]
671 5004 715 5064 l:
745 5011 1106 5082 Philosophia
1136 5012 1450 5082 interrogat
1483 5011 1772 5065 Boetium:

150 5077 251 5139 qum
285 5077 440 5154 homo
489 5077 850 5151 interrogans
898 5077 1031 5150 (nisi
1077 5084 1168 5138 hic
1213 5077 1386 5137 fuerit
1438 5100 1688 5154 praeceps
1727 5087 1782 5136 et

152 5151 538 5225 amentissimus,
583 5154 1068 5225 quemadmodum
1107 5156 1366 5225 loquitur
1410 5151 1781 5214 Cicerofani—

153 5225 222 5296 Ilio
245 5223 462 5296 attendit
492 5226 562 5278 ad
592 5223 734 5288 eam,
785 5242 961 5295 quam
999 5223 1270 5280 habet—de
1304 5227 1543 5280 materia
1573 5242 1782 5296 propo-

154 5289 580 5368 sita,_notionem,
637 5289 938 5368 suamque,
988 5299 1148 5367 cujus
1199 5299 1318 5367 ipse
1365 5289 1624 5352 conscius
1679 5289 1779 5356 est,

155 5353 233 5408 hac
254 5360 310 5438 de
355 5381 408 5418 re
438 5353 774 5438 sententiam
822 5353 1082 5438 profert":
1130 5353 1282 5423 unde
1334 5371 1565 5423 auditor
1598 5353 1786 5438 potest

156 5430 369 5509 “(Edam
401 5437 506 5490 alia
525 5430 943 5494 conﬁcere.'Sic
970 5441 1234 5503 Socrates,
1263 5444 1358 5508 qui
1385 5430 1786 5509 parens-philo-

157 5503 448 5582 fophizjurc
475 5509 585 5564 dici
612 5516 806 5580 potest,
843 5516 903 5564 ut
929 5513 1184 5582 loquitur
1216 5503 1434 5567 Tullius
1465 5528 1501 5566 ii
1535 5503 1785 5575 de—l*‘iii.,

154 5579 653 5655 Pcrcoiitandoatque
701 5579 1088 5655 interrogando
1137 5586 1323 5638 elicere
1353 5585 1559 5638 solebat
1607 5596 1789 5633 eorum

161 5650 383 5708 opiniones
403 5651 707 5720 quibuscum
735 5650 1050 5723 disserebat,
1075 5660 1135 5711 ut
1154 5656 1229 5711 ad
1258 5671 1322 5711 ea
1352 5671 1470 5727 quae
1497 5657 1540 5710 ii
1571 5667 1788 5722 respon-

465 5752 732 5824 PATROL.
784 5754 1005 5824 LXIII.

1800 3164 1838 3217 C

1873 1936 2098 2011 dissent,
2131 1940 2180 1990 si
2200 1935 2340 2004 quid
2355 1935 2650 2003 videretur,
2684 1936 2911 2011 diceret;
2933 1941 3031 2011 qui
3054 1955 3165 1995 mos
3197 1956 3319 1996 cum
3349 1946 3566 2011 aposte-

1872 2007 2108 2060 rioribus
2149 2023 2253 2061 non
2283 2013 2417 2061 esset
2454 2014 2711 2073 retentus,
2763 2009 3042 2065 Arcesilas
3100 2027 3217 2066 cum
3250 2007 3563 2078 revocavit;

1873 2081 2234 2152 instituitque.
2276 2085 2336 2132 ut
2366 2082 2411 2152 ii
2432 2083 2528 2147 qui
2555 2096 2608 2132 se
2640 2079 2833 2152 audire
2861 2083 3074 2148 vellent,
3117 2099 3225 2136 non
3255 2084 3320 2137 de
3340 2100 3396 2138 se
3423 2102 3564 2152 quae-

1873 2155 2071 2215 rerent,
2094 2151 2188 2203 sed
2209 2152 2318 2218 ipsi
2344 2151 2583 2204 dicerent
2603 2151 2738 2220 quid
2758 2155 3040 2215 sentirent,
3071 2154 3215 2221 quod
3241 2171 3359 2208 cum
3391 2151 3564 2210 dixis-

1872 2227 2011 2285 sent,
2056 2223 2147 2274 ille
2191 2229 2396 2294 contra.
2438 2222 2554 2275 ilac
2601 2226 2722 2276 arte
2755 2239 2907 2276 nunc
2947 2224 3321 2294 Philosophia
3358 2233 3563 2281 statum

1871 2295 2063 2346 mentis
2093 2292 2270 2346 Boetii
2300 2296 2527 2359 attingit
2553 2296 2604 2346 et
2633 2299 2828 2358 tentet,
2876 2292 3066 2364 ipsum
3109 2292 3373 2350 videlicet
3403 2315 3561 2352 revo-

1874 2364 2054 2416 cando
2077 2365 2146 2416 ad
2166 2364 2411 2436 primas,
2435 2380 2575 2434 quas
2593 2364 2651 2436 in
2674 2381 2732 2417 se
2759 2367 3006 2433 experiri
3036 2368 3235 2436 possit,
3272 2369 3561 2436 notiones;

1874 2450 2117 2504 quarum
2164 2434 2446 2487 beneﬁcio
2488 2441 2544 2488 et
2585 2435 2654 2488 ab
2695 2451 2887 2489 errore
2934 2434 3112 2490 veteri
3150 2439 3377 2492 liberari
3423 2446 3479 2494 et
3504 2434 3566 2494 in

1873 2521 2079 2558 novam
2109 2506 2407 2558 veritatem
2438 2506 2722 2558 introduci
2758 2512 2931 2577 queat
2964 2527 2975 2560 :
3011 2512 3108 2576 qui
3145 2510 3332 2563 modus
3363 2518 3440 2565 est
3469 2529 3565 2565 cu-

1872 2579 2103 2629 ratio-nis
2132 2593 2144 2629 :
2171 2577 2266 2629 sed
2304 2577 2437 2630 huic
2484 2578 2591 2629 arti
2625 2580 2910 2631 consentit
2949 2579 3070 2648 ipse
3111 2581 3339 2634 Boetius
3371 2599 3383 2635 :
3420 2584 3569 2637 arbi-

1875 2654 2042 2708 tratu,
2078 2648 2286 2716 inquit,
2317 2654 2406 2701 tuo
2437 2665 2554 2716 quae
2578 2650 2742 2716 voles,
2770 2657 2832 2702 ut
2866 2666 3250 2717 responsurum
3279 2661 3490 2720 rogato.

1945 2720 1992 2793 ’_
2026 2721 2297 2793 Hunccine
2339 2720 2600 2793 mundum
2659 2720 3005 2793 temerariis]
3083 2725 3150 2776 ll.
3199 2725 3568 2793 Philosophia

1874 2790 2024 2864 cogit
2069 2791 2324 2864 Boetium
2352 2792 2557 2864 __fateri,
2608 2806 2666 2864 se
2714 2791 2891 2844 Deum
2934 2790 3140 2862 partim
3203 2790 3565 2864 cognoscere,

1873 2863 1993 2912 viso
2027 2860 2466 2933 saltemrordine
2501 2877 2610 2928 quo
2650 2862 2735 2914 hic
2783 2860 3018 2918 mundus
3067 2860 3302 2933 regitur:
3343 2860 3568 2920 Scilicet

1875 2931 2358 3001 quemadmodum
2395 2933 2558 2984 amici
2603 2933 2741 2984 alias
2782 2936 2997 3001 Cogniti
3032 2931 3419 2999 recordamur,
3456 2954 3567 2991 aux

1877 3005 1993 3054 dita
2024 3003 2144 3070 ejus
2176 3019 2330 3065 Voce,
2357 3004 2443 3076 vel
2473 3004 2590 3054 visa
2621 3005 2743 3076 ejus
2772 3007 3049 3072 scriptura
3085 3021 3096 3058 :
3132 3023 3247 3058 non
3280 3009 3433 3076 quod
3462 3024 3568 3062 vox

1875 3074 1962 3125 vel
1995 3080 2271 3142 scriptura
2325 3074 2690 3148 hujusemici
2725 3076 3020 3128 notionem
3052 3074 3312 3148 inferat,—
3330 3079 3424 3132 sed
3459 3096 3568 3148 po-

1875 3145 1986 3197 tius
2025 3145 2173 3213 quod
2206 3145 2476 3210 adjuncta
2505 3144 2624 3196 haec
2657 3152 2903 3197 veterem
2949 3147 3114 3198 amici
3171 3149 3358 3201 idcam
3391 3144 3564 3202 veluti

1873 3216 2114 3284 sopitum
2149 3215 2445 3266 excitando
2479 3222 2782 3269 renovent:
2827 3218 2907 3269 ita
2934 3219 3030 3270 Dei
3062 3221 3308 3272 naturali
3348 3221 3568 3274 lumine

1869 3288 1986 3356 jam
2038 3288 2246 3348 cogniti
2290 3287 2716 3339 reminiscimur
2751 3287 2872 3339 viso
2915 3291 3010 3342 hoc
3045 3291 3244 3344 mundo
3286 3298 3568 3360 spectato-

1875 3375 1984 3430 que
2023 3360 2226 3410 ordine
2269 3374 2382 3425 quo
2432 3360 2695 3410 universa
2735 3361 2907 3412 etiam
2951 3377 3189 3430 corpora
3241 3369 3565 3429 reguntur:

1874 3429 2005 3482 hinc
2056 3431 2201 3481 nullo
2250 3431 2699 3494 existimaveritn,
2755 3430 2944 3498 inquit
3003 3429 3247 3497 Boetius,
3299 3435 3455 3486 modo
3512 3439 3574 3488 ut

1873 3502 2108 3564 fortuita
2143 3506 2442 3573 temeritate
2483 3508 2588 3553 tam
2633 3508 2777 3554 certa
2813 3509 3128 3555 moveantur
3158 3522 3175 3557 :
3197 3521 3381 3558 rerum
3425 3507 3574 3573 operi

1873 3587 1996 3645 sua
2039 3572 2390 3645 conditorem
2421 3573 2714 3638 prazsidere
2752 3576 2940 3645 Deum
2998 3590 3104 3627 SCtO
3152 3594 3165 3628 :
3223 3575 3354 3628 hinc
3418 3572 3570 3645 quod

1875 3643 2106 3716 evidens
2139 3644 2418 3716 ejusmodi
2457 3646 2614 3695 notio
2644 3643 2862 3711 optima
2893 3646 3241 3698 sitveritatis
3274 3648 3390 3700 sive
3415 3643 3572 3716 judi-

1875 3715 1944 3765 cii
1972 3715 2096 3785 veri
2122 3714 2377 3785 certique
2415 3729 2642 3777 norma,
2680 3721 2984 3782 propterea
3011 3733 3102 3769 nec
3134 3734 3373 3784 unquam
3403 3714 3574 3785 fuerit

1876 3785 2008 3846 dies,
2036 3783 2192 3835 addit
2239 3785 2481 3847 Boetius,
2518 3787 2612 3852 qui
2650 3801 2731 3837 me
2765 3787 2832 3838 ab
2883 3787 2983 3840 hac
3028 3783 3304 3842 sententiae
3343 3783 3575 3844 veritate

1876 3856 2155 3976 deprétatt;
2186 3853 2319 3906 hinc
2358 3856 2529 3925 paulo
2567 3863 2716 3922 ante,
2755 3861 2938 3911 metro
2971 3857 3091 3912 scil.
3128 3862 3181 3928 ὃ,
3220 3875 3271 3914 v.
3306 3863 3396 3930 25,
3436 3862 3575 3916 ceci-

1876 3932 1962 3976 nit
2038 3941 2102 3976 oe
2135 3940 2219 3976 ius
2251 3941 2262 3976 :

1876 3932 1962 3979 nit
1994 3932 2219 3978 Boetius
2251 3941 2262 3978 :

2127 4011 2315 4059 Omnia
2346 4016 2487 4060 certo
2520 4013 2619 4060 line
2646 4014 2948 4073 gubernans

2125 4074 2408 4122 Hominum
2441 4075 2580 4122 solos
2606 4077 2806 4137 respuis
2831 4080 2980 4125 actus

2127 4137 2312 4185 Merito
2343 4141 2514 4185 rector
2548 4138 2790 4186 cohibere
2821 4140 2980 4188 modo

1953 4226 2092 4282 Hinc
2125 4226 2510 4296 Philosoiihia,
2547 4227 2767 4297 prolata
2798 4229 3049 4282 hominis
3081 4229 3228 4283 mira
3257 4230 3444 4284 subito
3473 4247 3571 4286 ac-

1881 4299 2143 4368 cipientis
2201 4301 2590 4365 inter/cctione,
2649 4299 3015 4353 vehementer
3067 4301 3407 4368 admiratur,
3471 4319 3574 4358 cur

1883 4371 2084 4440 positis
2115 4370 2401 4438 ejusmodi
2449 4369 2745 4440 prinzipiis
2789 4371 3014 4424 Boetius
3068 4373 3126 4424 in
3173 4373 3382 4425 erroris
3416 4379 3577 4428 tene-

1887 4443 2014 4496 bras
2046 4441 2382 4510 praicipitet,
2426 4448 2523 4493 aut
2557 4444 2733 4493 instar
2761 4443 3088 4509 languentis
3127 4443 3182 4495 in
3213 4459 3403 4498 veram
3444 4461 3578 4499 sen-

1884 4513 2121 4566 tentiam
2157 4513 2238 4565 ire
2270 4513 2492 4566 dubitet
2528 4512 2596 4565 de
2643 4513 2756 4566 Deo
2809 4513 3003 4581 rebus,
3049 4515 3224 4568 etiam
3280 4516 3571 4582 humanis,

1882 4584 2216 4654 providente
2249 4600 2261 4636 :
2300 4586 2478 4652 Papae,
2536 4584 2655 4636 haec
2687 4588 2770 4636 est
2807 4586 3112 4651 interjectio
3146 4585 3396 4640 hominis
3432 4588 3583 4642 mira

1884 4654 2071 4708 subito
2095 4655 2448 4723 accipientis,
2484 4655 2815 4708 vehementer
2846 4655 3106 4720 admiror,
3136 4672 3233 4709 cur
3264 4661 3320 4710 in
3355 4663 3466 4712 tam
3494 4675 3582 4712 sa-

1885 4727 2030 4780 lubri
2076 4729 2340 4779 sententia
2379 4728 2604 4800 locatus,
2648 4725 2716 4779 de
2765 4727 3000 4800 Deo_res
3046 4734 3280 4800 caeteras
3325 4735 3580 4800 regente,

1884 4803 2124 4864 aegrotes,
2187 4803 2282 4850 aut
2335 4797 2618 4866 negando,
2679 4803 2774 4849 aut
2830 4797 3030 4850 saltem
3074 4797 3584 4855 dubitando'circa

1887 4870 2072 4938 ipsum
2118 4870 2296 4921 Deum
2339 4885 2426 4920 res
2471 4869 2751 4920 humanas
2797 4885 3024 4922 summa
3071 4886 3172 4922 sua
3225 4871 3585 4939 providentia

1889 4939 2728 5010 administrantem.Nimirum
2766 4955 2893 4992 cum
2926 4941 3053 4993 dum
3095 4945 3190 4992 aut
3223 4943 3416 5010 plures
3457 4960 3584 4998 sen-

1888 5011 2080 5064 tentiae
2112 5019 2265 5064 arcta
2284 5009 2528 5079 quadam
2563 5011 2984 5063 necessitudine
3003 5009 3436 5080 conjunguntur
3455 5030 3585 5067 cum

1889 5083 2066 5153 priori
2105 5082 2348 5152 quadam
2384 5081 2685 5154 sententia,
2721 5097 2849 5150 quin
2882 5087 3184 5150 propterea
3219 5084 3427 5137 habere
3461 5102 3588 5154 pos-

1892 5152 1962 5206 sit
1985 5154 2258 5205 rationem
2279 5152 2567 5221 principii,
2590 5153 2800 5204 mirum
2833 5159 2937 5215 est,
2973 5154 3263 5208 hominem
3293 5152 3588 5224 praestanti

1893 5225 2126 5289 ingenio
2158 5224 2486 5291 praeditum,
2520 5224 2838 5293 cujusmodi
2874 5231 2995 5279 erat
3030 5226 3277 5290 Boetius,
3320 5241 3589 5280 concessa

1893 5296 2070 5365 priori
2127 5296 2224 5348 illa
2277 5295 2578 5362 sententia,
2641 5297 2980 5364 posteriores
3033 5297 3090 5350 in
3137 5297 3377 5350 dubium
3422 5312 3589 5351 revo-

1893 5383 2040 5420 care.

1966 5438 2069 5502 Qui
2112 5438 2252 5489 enim
2285 5439 2549 5502 convenit,
2585 5435 2775 5508 inquit
2800 5439 3020 5491 Tullius
3057 5455 3094 5490 ii
3127 5437 3196 5490 de
3230 5437 3357 5492 Nat.
3403 5437 3587 5506 deor.,

1894 5511 2109 5576 signum
2140 5512 2236 5560 aut
2263 5509 2501 5562 tabulam
2525 5511 2725 5576 pictam
2749 5526 2868 5563 cum
2887 5513 3185 5577 aspexeris,
3207 5511 3347 5562 scire
3370 5511 3592 5565 adhibi-

1897 5585 2007 5634 tam
2032 5595 2140 5632 esse
2171 5584 2360 5645 artem,
2403 5596 2628 5647 cumque
2657 5584 2842 5649 procul
2869 5595 3083 5633 cursum
3121 5583 3336 5647 navigii
3360 5583 3592 5649 videris,

1896 5667 2002 5707 non
2027 5651 2278 5707 dubitare
2306 5653 2440 5722 quin
2479 5651 2540 5706 id
2561 5655 2771 5708 ratione
2795 5655 2958 5720 atque
2997 5656 3116 5707 arte
3141 5656 3424 5708 moveatur
3451 5671 3463 5709 :
3498 5659 3596 5710 aut

3115 5758 3191 5817 21
