1986 3086
207 138 254 164 651

864 137 924 164 ΑΝ.
950 135 1057 164 MANL.
1081 136 1159 164 SEV.
1185 137 1313 165 BOETIL
1857 143 1894 169 652

205 202 297 229 credis
312 202 338 228 ei
353 201 482 237 regimen
497 200 590 228 inesse
605 206 617 218 ι
629 201 770 228 rationis?
783 202 880 236 Atqui,
892 202 1012 237 inquam
1025 204 1046 234 δ,
1067 213 1089 239 Α
1105 203 1243 238 inquisita
1259 204 1434 239 respondere
1450 212 1564 239 queam.
1588 205 1658 231 Nam
1674 213 1723 239 me,
1745 207 1824 242 inquit
1838 211 1857 243 ὴ,
1870 211 1898 245 (5)

206 247 286 274 nullo
302 246 521 274 existimaverim
539 246 635 279 modo,
648 248 678 273 ut
694 246 810 273 fortuita
821 247 981 274 temeritate
992 250 1050 274 tam

205 294 283 319 certa
300 293 478 318 moveantur.
495 291 600 317 Verum
615 291 694 326 operi
716 299 766 317 suo
783 291 959 318 conditorem
974 300 1049 326 prm-

204 336 298 364 sidere
312 337 402 363 Deum
418 336 486 369 scio,
503 343 554 362 nec
570 343 697 370 unquam
711 335 845 370 fuerit(.‘i)
857 336 928 370 dies,
939 336 987 371 qui
1004 344 1049 363 me

204 381 240 408 ab
255 381 308 408 hac
330 380 477 407 sententiae
501 380 619 407 veritate
634 380 765 415 depellat.
790 381 832 407 Ita
847 383 900 415 est,
921 380 1017 415 inquit
1026 386 1049 415 ε,

203 434 272 453 nam
283 426 312 453 id
324 425 410 452 etiam
422 425 508 460 paulo
524 427 589 451 ante
602 425 729 451 cecinisti
743 425 765 457 ά,
783 424 974 460 hominesque
984 428 1050 452 tan—

203 473 265 497 tum
287 469 390 497 divinas
415 472 539 496 exsortes
559 477 634 496 curae
653 477 712 496 esse
734 469 900 504 deplorasti.
921 470 991 496 Nam
1016 469 1050 497 de

204 515 323 549 caeteris,
349 514 419 550 quin
448 514 559 540 ratione
581 517 759 548 regerentur,
790 514 862 547 nihil
886 514 1047 541 movebere.

203 561 286 594 Papae
316 562 411 586 autem
437 559 622 585 vehementer
656 558 792 590 admiror,
817 567 878 592 cur,
903 559 934 585 in
959 561 1019 585 tam
1039 563 1050 576 ε

204 604 312 632 salubri
333 603 477 630 sententia
492 603 600 635 locatus
614 604 743 637 aegrotes.
762 606 811 630 84
826 603 930 630 Verum
942 610 951 629 ι
965 603 1049 630 altius

201 650 453 685 perscrutemur;x
478 648 574 675 nescio
604 647 672 683 quid
697 647 794 674 abesse
824 648 962 684 conjecto.
994 648 1049 675 Sed

202 695 248 722 dic
263 693 343 726 mihi,
356 692 490 728 quoniam
503 701 519 719 a
531 693 588 719 Deo
605 692 747 719 mundum
763 692 823 727 regi
839 701 898 719 non
915 692 1047 727 ambigis,

204 739 309 775 quibus
331 738 417 765 etiam
434 737 635 772 gubernaculis
652 739 778 772 regatur,
795 737 942 764 advortis?
956 750 970 770 ε
986 737 1046 770 Vix,

202 784 332 819 inquam,
344 782 504 816 rogationis
519 785 574 809 tuae
589 782 762 810 sententiam
775 790 870 816 nosco,
886 790 921 809 ne
934 782 1003 809 dum
1012 782 1049 809 ad

1105 252 1205 279 fefellit
1230 252 1237 269 ί
1267 252 1367 280 abesse
1397 252 1517 288 aliquid,
1547 261 1599 287 per
1621 254 1693 288 quod
1717 255 1785 283 velut
1803 264 1809 289 ί
1825 257 1899 286 hiante

1104 300 1170 327 valli
1183 300 1298 334 robore,
1315 301 1344 327 in
1360 301 1490 327 animum
1507 303 1588 328 tuum
1604 301 1828 336 perturbationum
1841 313 1900 333 mor-

1103 349 1157 377 bus
1174 350 1189 370 ι(
1203 349 1370 385 irrepserit?
1384 349 1435 377 Sed
1452 349 1497 376 dic
1513 350 1595 383 mihi,
1610 350 1785 378 meministine
1806 353 1858 387 quis
1876 355 1903 381 sit

1104 406 1201 426 rerum
1223 398 1306 425 ﬁnis?
1328 406 1420 434 quove
1445 399 1534 426 totius
1559 401 1667 425 natura:
1688 399 1777 426 tendat
1795 401 1902 430 intentio?

1103 448 1268 482 Audieram,
1285 449 1403 483 inquam
1419 449 1438 483 l,
1451 449 1501 476 sed
1513 449 1680 476 memoriam
1699 457 1794 476 mceror
1813 451 1902 478 hebeta-

1104 497 1152 523 vit.
1169 497 1204 524 At
1217 500 1237 514 ιιι
1252 497 1303 532 qui
1317 497 1381 531 scis,
1400 497 1475 524 unde
1489 499 1592 525 cuneta
1608 498 1786 533 processerint
1802 499 1829 526 ιιίῖ
1842 500 1903 533 Novi,

1103 545 1222 581 inquam
1237 551 1259 579 ο,
1275 546 1423 581 Deumque
1445 546 1499 581 (l0)
1521 554 1582 574 esse
1598 547 1736 582 respondi.
1752 549 1782 575 Et
1798 549 1841 584 qui
1859 549 1905 576 ﬁeri

1103 597 1206 629 potest,
1230 597 1263 622 ut
1285 594 1428 629 principio
1457 595 1584 630 cognito,
1611 595 1673 631 quis
1697 596 1731 623 sit
1751 604 1835 624 rerum
1847 597 1903 630 ﬁnis,

1103 643 1220 679 ignores
1230 643 1261 677 p?
1279 643 1382 671 Verum
1398 644 1427 671 hi
1438 644 1686 679 perturbationum
1701 653 1787 672 mores
1796 649 1860 680 sunt,
1869 654 1906 680 eaq

1102 692 1227 719 valentia
1242 694 1293 726 est,
1318 695 1351 719 ut
1375 700 1489 719 movere
1504 692 1621 727 quidem
1635 693 1696 720 loco
1715 693 1844 720 hominem
1861 702 1907 729 pos-

1103 736 1159 764 sint
1175 745 1181 763 :
1200 736 1361 763 convellere
1376 739 1482 770 autem,
1494 736 1604 772 sibique
1615 739 1704 764 totum
1720 738 1856 773 exstirpare
1863 747 1906 765 non

1101 781 1222 816 possint.
1240 783 1289 808 85
1304 781 1358 808 Sed
1372 781 1427 808 hoc
1440 790 1556 817 quoque
1573 782 1744 817 respondeas
1762 782 1861 816 velim,”
1873 783 1907 810 ho

936 839 1224 868 INTERPRETATIO.

236 904 248 918 a
267 891 369 917 Mentis
386 888 630 924 rationeprzditw.

237 928 250 948 Ι)
270 927 332 960 lpse
350 926 472 953 Boetius.

238 966 249 978 ε
268 962 463 995 Philosophia.

238 999 250 1019 ἀ
271 998 329 1024 Lib.
346 1006 362 1028 1,
378 1000 438 1023 met.
454 998 479 1029 Ii,
494 1004 520 1022 υ.
537 997 581 1022 2Ξί.

237 1046 249 1059 e
269 1034 342 1060 Sana
358 1033 482 1066 opinione
496 1034 630 1059 versatus.

236 1075 245 1094 ἰ
260 1068 370 1095 Penitus
385 1068 576 1102 inspiciamus.

236 1108 249 1125 Β
270 1105 385 1130 Tantum
401 1104 477 1129 abest
493 1106 522 1129 ut
538 1105 590 1129 tum
605 1101 750 1135 quaestioni
764 1102 927 1136 respondere
934 1103 1047 1137 possim,

201 1141 232 1166 ut
248 1141 420 1173 quaestionem
435 1140 483 1166 vix
493 1139 656 1171 intelligam,
672 1138 767 1173 inquit
781 1138 904 1165 Boetius.

236 1182 247 1202 ιι
268 1174 463 1210 Philosophia.

1141 888 1147 905 ί
1167 889 1260 916 Nonne
1271 887 1483 923 rectejudicavi.

1138 931 1146 957 ί
1166 925 1259 951 Rimas
1273 927 1378 957 agente.

1141 961 1154 981 κ
1173 961 1269 987 Error.

1141 1002 1146 1021 1
1164 995 1225 1027 Ego
1240 995 1363 1021 Boetius.

1139 1044 1157 1057 ιη
1177 1030 1312 1062 Quomodo

1139 1073 1152 1087 ιι
1172 1066 1270 1100 Inquit
1285 1065 1479 1101 Philosophia.

1139 1106 1151 1118 °
1170 1102 1227 1136 Ego
1239 1102 1362 1128 Boetius.

1138 1150 1150 1170 Ρ
1171 1137 1264 1171 Inquit
1277 1137 1470 1172 Philosophia.

1138 1186 1150 1206 q
1173 1173 1277 1200 Virtus.

1017 1221 1127 1249 NOTAE.

200 1281 259 1300 cum
274 1273 406 1299 solarium
419 1271 461 1298 vel
472 1271 649 1306 descriptum,
667 1273 716 1297 aut
729 1278 763 1297 ea:
780 1278 853 1304 aqua
864 1271 1048 1304 contemplere,

199 1309 350 1344 intelligere
376 1308 513 1344 declarari
534 1307 625 1338 horas,
647 1310 705 1333 arte
734 1314 786 1332 non
806 1314 894 1332 casu:
920 1306 1050 1344 mundum

199 1347 300 1377 autem,
325 1345 373 1378 qui
386 1346 410 1369 et
434 1343 483 1369 has
505 1344 580 1376 ipsas
601 1344 682 1375 artes,
710 1344 734 1368 et
757 1349 850 1368 eorum
875 1343 1002 1374 artiﬁces,
1025 1344 1049 1368 et

199 1383 298 1407 cuncta
315 1380 522 1413 complectatur,
543 1378 648 1404 consilii
666 1380 690 1404 et
705 1379 822 1403 rationis
837 1385 901 1413 esse,
914 1379 1049 1411 expertem

195 1419 306 1450 putare.
323 1412 400 1446 Quod
415 1416 439 1440 si
449 1415 478 1440 in
494 1414 644 1447 Scythiam,
662 1416 710 1440 aut
727 1414 754 1439 in
774 1412 947 1439 Britanniam
960 1414 1048 1447 sphae-

197 1459 258 1477 ram
269 1451 371 1484 aliquis
387 1450 480 1476 tulerit
497 1450 576 1482 hanc,
594 1456 675 1483 quam
688 1457 775 1481 nuper
790 1449 943 1481 familiaris
959 1452 1050 1475 noster

199 1487 286 1520 eﬂ’ecit
319 1486 503 1515 Possidonius.
530 1486 608 1518 cujus
640 1485 754 1517 singula:
779 1484 1048 1511 conuersionesidcm

198 1524 315 1555 efﬁciunt
328 1522 355 1547 in
371 1522 425 1547 sole
440 1523 466 1547 ct
482 1520 549 1546 luna
561 1523 589 1560 hct
613 1521 641 1546 in
655 1521 776 1560 quinque
792 1520 877 1546 stellis
893 1520 1049 1546 errantibus
1067 1539 1085 1564 Γ
1107 1520 1178 1544 illud
1195 1526 1211 1544 ει
1227 1520 1302 1544 bono
1318 1520 1360 1544 vel
1376 1520 1450 1545 man
1467 1520 1524 1545 line
1541 1521 1622 1553 cujus
1646 1520 1737 1554 gratia
1752 1520 1849 1552 agimus
1861 1526 1912 1544 ona-

199 1558 272 1588 quod
287 1558 406 1588 efﬁcitur
416 1558 445 1582 in
460 1556 523 1582 caelo
541 1555 659 1588 singulis
672 1555 765 1581 diebus
781 1558 805 1581 et
820 1555 943 1581 noctibus
962 1563 967 1580 :
985 1556 1047 1588 quis
1078 1556 1087 1565 λ
1107 1556 1164 1579 tur:
1174 1556 1258 1588 atque
1266 1554 1912 1588 peritocqzwdabest,velutihiantevaltiroborant

199 1558 272 1591 quod
287 1558 406 1590 efﬁcitur
416 1558 445 1582 in
460 1556 523 1582 caelo
541 1555 659 1589 singulis
672 1555 765 1581 diebus
781 1558 805 1581 et
820 1555 943 1581 noctibus
962 1563 967 1580 :
985 1556 1047 1588 quis

198 1595 227 1618 in
239 1593 288 1618 illa
301 1592 426 1618 barbarie
440 1591 545 1617 dubitet
561 1592 627 1624 quin
645 1598 675 1616 ea
691 1591 798 1624 sphaera
813 1592 849 1616 sit
865 1592 984 1623 perfecta.
1004 1598 1048 1615 ra—

199 1628 291 1653 tione?
308 1626 352 1652 Hi
366 1629 455 1653 autem
470 1626 597 1652 dubitant
615 1626 648 1651 dc
661 1625 771 1657 mundo,
788 1633 822 1651 cx
838 1633 890 1658 quo
909 1626 1045 1657 oriuntur,

198 1665 222 1688 et
253 1664 321 1693 ﬁunt
341 1663 442 1693 omnia,
468 1669 567 1687 casune
583 1663 639 1694 ipse
654 1663 689 1687 sit
706 1661 814 1693 effectus
837 1668 872 1686 an
887 1662 1046 1686 necchitate

198 1698 302 1731 aliqua,
325 1705 361 1723 an
373 1698 545 1729 rationaan
567 1699 652 1722 mente
676 1696 770 1721 (tivum
788 1703 793 1721 :
811 1698 834 1721 ct
860 1696 1047 1722 Archimedem

197 1733 367 1759 arbitramur
383 1733 446 1766 plus
473 1732 591 1757 valuisse
606 1732 634 1757 in
655 1731 797 1756 imitandis
812 1731 924 1764 spiraret:
942 1739 1047 1757 convcr-

196 1768 328 1801 sionibus,
347 1775 428 1801 quam
443 1769 571 1793 naturam
592 1768 620 1792 in
636 1766 799 1799 efﬁciendis,
815 1768 966 1800 praesertim
987 1775 1045 1793 cum

195 1804 290 1830 multis
312 1803 439 1837 partibus
454 1804 509 1828 sint
526 1803 576 1828 illa
587 1803 721 1836 perfecta,
740 1809 822 1835 quam
838 1802 893 1828 haec
915 1803 1044 1828 simulata

195 1840 332 1871 solm-tius,
354 1840 406 1865 etc.

231 1875 302 1907 Quid
322 1876 377 1900 tam
399 1875 536 1907 furiosum
558 1875 606 1904 est,
633 1872 671 1899 ait
691 1872 839 1899 Salvianus
859 1873 875 1898 Ι.
894 1881 919 1899 1v
937 1873 971 1899 de
987 1874 1043 1900 Gu-

195 1910 275 1937 bern.
295 1910 355 1941 Dei,
373 1917 454 1943 quam
476 1912 507 1935 ut
523 1909 635 1942 aliquis,
650 1916 709 1934 cum
729 1910 808 1934 Deum
824 1911 970 1935 creatorem
985 1917 1041 1935 om-

195 1948 271 1972 nium
285 1954 336 1972 non
353 1948 440 1978 neget,
466 1944 671 1978 gubernatorem
687 1947 773 1979 neget,
790 1946 814 1970 et
830 1952 890 1970 cum
913 1946 1042 1976 factorem

197 1989 253 2008 esse
267 1983 399 2014 fateatur,
414 1981 487 2006 dicat
498 1981 632 2013 negligere
648 1987 706 2013 quae
716 1979 801 2011 fecit?

231 2019 239 2035 ¹
258 2018 351 2045 Nescio
365 2016 433 2050 quid
448 2016 538 2042 abesse
553 2014 694 2050 conjecto]
711 2015 757 2042 lll.
775 2014 958 2050 Philosophia
967 2015 1042 2049 cogit

195 2053 328 2079 eumdem
350 2052 481 2078 Boetium
502 2051 584 2077 fateri
608 2059 637 2076 se
661 2051 749 2077 Deum
771 2051 874 2084 partim
898 2050 1039 2085 ignorare.

193 2089 334 2115 Nimirum
355 2095 436 2114 mens
461 2089 558 2113 nostra
581 2087 671 2112 Deum
692 2086 767 2112 inter
788 2094 891 2120 corpus
911 2090 1040 2113 nostrum

191 2125 296 2154 media,
319 2125 347 2150 et
364 2132 379 2149 a
396 2123 453 2149 Deo
472 2124 500 2148 et
521 2130 536 2148 a
551 2130 668 2156 corpore
690 2125 787 2147 nostro
808 2122 979 2155 quihusdam
999 2130 1042 2148 co—

191 2160 380 2203 gitationibus
400 2159 581 2203 informatur.
595 2159 618 2183 Α
641 2157 697 2196 Deo
719 2157 960 2203 quidepillasci‘pit
983 2158 1042 2192 pri-
1061 2177 1082 2203 Ι)

191 2192 266 2222 illam
285 2195 433 2222 notionem
450 2193 588 2225 veritatis,
608 2193 792 2227 primumque
807 2192 1042 2227 felicitatisappe—

189 2232 284 2263 titum,
300 2231 338 2257 ita
355 2234 386 2256 ut.
404 2230 478 2256 Deus
496 2228 608 2263 primus
624 2228 659 2253 sit
674 2228 776 2253 mentis
794 2229 926 2254 humanm
948 2229 1039 2263 magi-

189 2269 245 2292 ster
264 2270 292 2292 et.
311 2266 482 2292 moderator.
504 2265 526 2290 Α
543 2272 660 2298 corpore
676 2272 740 2289 vero
763 2264 865 2297 accipit
886 2272 950 2289 cum
971 2272 1037 2290 sen-

189 2310 263 2332 sum,
281 2305 341 2327 tum
358 2300 600 2335 perturbationes;
623 2298 728 2335 quibus
753 2307 832 2324 mens
848 2299 908 2333 ipsa
933 2299 971 2325 ita
987 2300 1037 2325 ali-

190 2337 305 2371 quando
324 2334 493 2368 obrmcatnr,
515 2335 575 2361 haec
598 2338 627 2360 ut
642 2334 703 2371 illis
723 2334 751 2360 in
777 2342 886 2371 errores
909 2337 935 2371 et
957 2335 1035 2371 vitia,

189 2370 253 2406 qua:
266 2372 419 2397 voluntarii
435 2373 500 2397 sunt
521 2371 626 2396 mentis
642 2370 775 2396 humanae
795 2370 897 2402 morbi,
915 2370 1038 2396 deduca—

188 2409 244 2433 tur.
265 2409 417 2441 Propterea
440 2407 469 2432 hi
495 2406 742 2440 pm‘turbalimzum,
768 2408 799 2431 ut
822 2414 898 2431 nunc
919 2406 1034 2438 dicitur,

187 2450 272 2469 morrs
287 2445 360 2474 sunt,
374 2450 405 2468 ea
421 2442 538 2468 valentia
553 2444 601 2473 est,
614 2444 645 2467 ut
660 2449 762 2467 morm-0
782 2441 889 2474 quidem
906 2441 962 2466 loco
987 2442 1033 2468 lio-

186 2481 285 2505 minem
303 2479 417 2512 possint,
446 2477 625 2503 obscurando
655 2477 805 2511 praedictus
833 2477 1030 2508 cogitationes,

185 2514 331 2541 convellere
342 2516 431 2539 autem
445 2512 641 2545 sibiquetotam
651 2512 797 2538 hominem
812 2514 967 2545 erstirpare
981 2520 1033 2539 non

183 2552 297 2585 possint,
326 2548 533 2585 exstinguenda
566 2548 684 2585 omnino
707 2547 854 2585 praedictas
882 2548 1033 2585 cogitatio-

184 2583 234 2613 nes
252 2594 258 2612 :
275 2584 496 2621 quandiuenim
512 2591 591 2609 mons
611 2583 736 2621 humana
752 2592 767 2609 a
783 2584 882 2621 Deo,_a
900 2591 956 2617 quo
971 2583 1028 2617 pri-

182 2630 263 2648 mum
277 2618 390 2648 condita
407 2619 614 2652 inim-metaque
631 2619 694 2650 fuit,
713 2618 941 2649 conservabitur,
967 2621 1029 2645 tan-

182 2656 359 2684 diunaturali
368 2655 508 2681 etluminc
517 2654 675 2688 etappetitu
684 2654 829 2680 afﬁcietur.
841 2654 1030 2681 HincBoetius

182 2695 259 2720 aDco
273 2692 402 2719 mundum
423 2699 436 2716 ν
452 2692 489 2723 gi,
508 2693 538 2715 ut
553 2690 638 2715 etiam
655 2689 768 2723 dicitur,
785 2690 963 2722 nonambigit,
981 2690 1029 2716 vi-

181 2730 266 2762 gente
273 2729 365 2754 adhuc
375 2728 422 2753 illo
431 2726 549 2757 lumine;
559 2733 614 2751 non
622 2725 740 2762 altaerttt
752 2733 812 2762 vero
820 2725 1026 2762 quibusguber-

180 2761 285 2790 naualis
299 2763 421 2790 mundus
436 2763 556 2794 regatur.
571 2761 832 2795 perturbatiuuilms
843 2761 975 2787 tenebras
986 2762 1027 2787 in-

180 2799 362 2825 ducentibus:
372 2799 447 2825 idem
453 2800 503 2824 scit
511 2797 581 2823 unde
589 2798 686 2822 cuncta
695 2798 883 2829 processerint,
893 2798 1026 2829 Deumque

179 2831 692 2868 esserespondit:atl'ulgentepraadicto
704 2832 957 2859 naturalilumine:
972 2840 1025 2859 non

1103 1271 1224 1297 meminit
1233 1271 1295 1304 quis
1311 1271 1347 1297 sit
1355 1278 1446 1297 rerum
1456 1270 1532 1303 ﬁnis,
1549 1278 1635 1304 quove
1647 1272 1726 1298 totius
1736 1273 1830 1298 natura
1842 1270 1910 1296 tendut

1103 1307 1229 1338 intentio,
1254 1306 1477 1340 perturbatione,
1500 1307 1662 1341 praesertim
1688 1315 1749 1333 vero
1763 1314 1858 1333 interere
1874 1314 1911 1331 me-

1103 1342 1217 1367 moriam
1233 1341 1382 1368 hebetante.
1400 1342 1552 1376 Propterea
1575 1344 1666 1369 nescio
1691 1342 1756 1376 quid
1769 1342 1833 1368 abest
1857 1341 1911 1367 clara

1103 1377 1210 1403 scilicet
1224 1380 1250 1403 et
1264 1377 1396 1403 distincta
1411 1377 1537 1411 cognitio
1555 1377 1614 1411 Dei,
1638 1382 1774 1412 quatenus
1789 1378 1850 1403 Deus
1862 1377 1911 1402 ulti-

1104 1420 1164 1438 mus
1183 1415 1225 1438 est
1246 1415 1277 1438 ut
1292 1415 1459 1439 cmterarum
1475 1413 1514 1438 sic
1537 1412 1732 1440 humanarum
1756 1421 1840 1439 rerum
1856 1412 1910 1442 linis,

1104 1448 1183 1482 cujus
1194 1448 1309 1482 quidem
1326 1448 1391 1474 tinis
1403 1448 1559 1474 maximum
1572 1452 1612 1474 est
1627 1449 1658 1475 in
1680 1449 1801 1475 moribus
1814 1455 1912 1474 montem

1104 1484 1165 1509 tum
1181 1491 1186 1509 :
1205 1483 1279 1518 quod
1304 1483 1443 1517 quidquid
1461 1487 1502 1510 est
1520 1483 1636 1510 virtutis
1654 1488 1703 1511 aut
1727 1484 1783 1510 vitii
1798 1484 1823 1509 in
1843 1482 1911 1512 nobis,

1107 1518 1178 1544 illud
1195 1526 1211 1544 ει
1227 1518 1302 1544 bono
1318 1519 1360 1544 vel
1376 1519 1450 1545 man
1467 1519 1524 1545 tine
1541 1521 1622 1553 cujus
1646 1520 1737 1554 gratia
1752 1519 1849 1552 agimus
1861 1519 1913 1544 oria-

1103 1589 1188 1615 etium
1198 1590 1311 1621 dicitur,
1322 1591 1349 1615 in
1361 1591 1481 1616 animum
1491 1589 1588 1622 Boetii,
1598 1591 1825 1623 perturbationum
1832 1589 1911 1616 morbus

1102 1625 1223 1658 irrepsit.
1243 1624 1292 1650 llle
1308 1625 1384 1651 enim
1398 1626 1487 1651 animi
1501 1626 1619 1651 morbus
1637 1627 1709 1652 nihil
1717 1629 1757 1653 est
1771 1626 1838 1652 aliud
1848 1632 1911 1659 quam

1101 1668 1182 1686 error
1191 1663 1218 1686 et
1233 1659 1343 1692 vitium,
1363 1668 1427 1692 qua:
1444 1669 1476 1687 ex
1491 1661 1533 1686 his
1550 1661 1679 1688 tenebris
1691 1662 1747 1688 sive
1767 1660 1911 1695 ignoratione

1101 1698 1266 1721 nascuntur.
1277 1710 1310 1713 —
1324 1696 1361 1722 De
1371 1696 1424 1722 hoc
1433 1696 1560 1729 nomine,
1572 1697 1705 1730 valentia,
1713 1697 1813 1723 dictum
1822 1700 1911 1730 etprasa

1105 1732 1126 1763 l,
1146 1734 1204 1757 not.
1221 1732 1235 1757 3
1255 1730 1314 1764 (col.
1335 1731 1408 1765 387).

1138 1767 1151 1802 ²ν
1172 1767 1345 1793 Hominemne
1371 1770 1394 1792 te
1419 1774 1474 1793 esse
1494 1768 1668 1802 meministi]
1696 1768 1738 1794 ιν.
1765 1765 1912 1800 Philosophia

1101 1801 1180 1828 addit
1191 1801 1321 1828 Boetium
1333 1803 1518 1836 semetipsum
1528 1803 1634 1837 partim
1647 1801 1822 1838 cognoscere,
1833 1803 1913 1838 ipsum:

1099 1845 1155 1872 que
1185 1837 1218 1864 ad
1234 1838 1307 1863 hanc
1331 1838 1374 1864 sui
1403 1835 1493 1872 ipsius
1524 1835 1696 1865 memoriam
1721 1835 1911 1871 revocatpquod

1098 1872 1186 1899 homo
1202 1872 1344 1907 imprimis
1365 1874 1399 1899 de
1417 1874 1570 1908 semetipso
1590 1874 1725 1901 convinci
1740 1874 1851 1901 debeat:
1865 1873 1912 1898 hinc

1098 1911 1274 1942 prmceptum
1286 1908 1435 1944 Apollinis,
1446 1917 1501 1943 quo
1515 1912 1626 1943 monet,
1639 1913 1671 1937 ut
1681 1918 1709 1937 se
1719 1912 1825 1944 quisque
1834 1909 1912 1934 noscat.

1099 1944 1201 1970 Verum
1219 1944 1245 1970 id
1271 1945 1346 1970 ultro
1376 1943 1492 1978 praestat
1520 1945 1648 1976 BOelius,
1676 1943 1732 1972 non
1760 1945 1874 1972 dubitans
1892 1950 1912 1967 se

1097 1986 1153 2016 esse
1162 1980 1301 2016 rationale
1314 1980 1418 2006 animal
1436 1982 1517 2014 atque
1526 1982 1663 2008 'mortale:
1681 1989 1745 2016 quae
1760 1980 1862 2016 quidem
1873 1978 1913 2016 h0-

1097 2014 1183 2040 minis
1197 2015 1326 2041 deﬁnitio
1341 2018 1369 2041 et
1384 2018 1511 2042 veterum
1520 2019 1547 2042 et
1559 2014 1753 2043 recentiorum
1762 2014 1914 2051 philosopho

1098 2058 1161 2076 rum
1184 2053 1223 2076 est
1240 2058 1246 2076 :
1271 2050 1461 2076 nihilominus
1477 2054 1508 2077 ut
1529 2052 1723 2079 animadverti
1743 2050 1836 2086 putest,
1854 2051 1884 2086 sic
1904 2057 1914 2073 θ

1096 2088 1195 2112 nostro
1216 2088 1330 2112 auctore
1353 2086 1465 2113 videtur
1487 2087 1577 2121 rejici.
1598 2085 1795 2114 Animadverti
1825 2085 1915 2121 quidem

1095 2124 1188 2158 potest
1204 2121 1252 2147 illa
1271 2121 1395 2148 hominis
1419 2122 1548 2158 deﬁnitio
1565 2131 1623 2149 non
1643 2125 1738 2151 solum
1754 2123 1823 2158 quod
1838 2121 1915 2157 obsta:

1096 2154 1210 2183 rissima
1230 2157 1275 2189 sit,
1299 2160 1331 2183 ut
1354 2157 1515 2184 attendonti
1536 2160 1615 2192 patet
1633 2167 1639 2185 :
1665 2160 1714 2185 sed
1734 2154 1814 2185 etiam
1833 2157 1888 2192 quia
1899 2154 1915 2192 si

1096 2192 1192 2218 bestia:
1211 2193 1336 2227 cogitare
1352 2193 1491 2226 dicantur,
1506 2191 1878 2228 quemadmodumdtcuntur
1888 2191 1913 2216 ab

1095 2228 1166 2265 ipsis
1183 2228 1269 2262 hujus
1286 2228 1460 2265 definitionis
1480 2227 1619 2263 patronis,
1647 2231 1755 2265 quippe
1779 2230 1822 2264 qui
1838 2227 1916 2265 [uitelli

1094 2263 1198 2290 bestias
1221 2272 1278 2290 non
1306 2264 1489 2297 intiquuate,
1506 2266 1597 2291 solum
1610 2263 1665 2292 sed
1678 2263 1815 2300 aili’quiite
1829 2264 1863 2300 uti
1884 2263 1917 2300 l0-

1094 2303 1234 2336 quatitur,
1244 2300 1357 2336 sentire
1377 2301 1507 2336 adeoque
1523 2308 1710 2335 cognoscere,
1737 2298 1863 2336 ejusmodi
1883 2298 1917 2323 dc-

1093 2334 1186 2360 tinitio
1213 2335 1297 2361 etiam
1326 2335 1422 2361 bestiis
1447 2334 1596 2362 conveniet
1620 2345 1626 2363 :
1645 2341 1724 2363 canis
1746 2334 1825 2367 enim,
1848 2342 1869 2360 ν.
1886 2341 1915 2370 ειη

1092 2370 1249 2396 fatentibus
1279 2370 1339 2396 istis
1363 2371 1541 2406 philosophis
1563 2375 1606 2398 est
1630 2373 1737 2399 animal
1764 2372 1865 2399 mortale
1883 2375 1916 2395 :51

1092 2413 1170 2437 vero,
1205 2408 1236 2432 ut
1269 2406 1378 2438 volunt,
1409 2405 1486 2433 idem
1510 2407 1587 2433 canis
1599 2408 1752 2435 sentiendo
1780 2405 1916 2441 cognoscat.

1091 2441 1192 2478 negari
1209 2449 1268 2478 non
1284 2445 1388 2476 potest,
1406 2442 1476 2476 quin
1496 2443 1616 2469 rationis
1639 2443 1677 2470 sit
1693 2439 1828 2478 particeps
1842 2439 1917 2478 proin-

1092 2476 1126 2513 de
1152 2476 1295 2503 vocandus
1325 2478 1470 2504 rationalis
1490 2485 1495 2504 :
1518 2478 1663 2513 siquidem
1689 2476 1847 2506 ratiocinari
1869 2476 1917 2510 qui-

1091 2512 1157 2549 dam
1173 2515 1215 2539 cst
1231 2513 1423 2547 cognoscendi
1449 2512 1562 2546 modus;
1587 2517 1614 2541 et
1628 2515 1747 2549 quidem
1771 2515 1857 2541 minus
1872 2517 1917 2546 pcr-

1089 2547 1288 2585 fectuskquam
1306 2549 1381 2575 clare
1400 2551 1428 2575 et
1441 2549 1573 2576 distincte
1597 2547 1748 2585 percipere
1766 2558 1772 2577 :
1792 2550 1918 2585 propterea

1092 2583 1169 2623 enim
1182 2584 1276 2623 _Deu_s,
1297 2584 1345 2619 qui
1370 2585 1443 2623 clare
1464 2587 1492 2611 et
1508 2583 1641 2623 distincte
1668 2583 1801 2620 percipit,
1817 2585 1918 2623 negatur

1090 2619 1255 2645 ratiocinari
1281 2627 1287 2646 ι
1320 2620 1508 2654 quamobrem
1536 2619 1793 2655 cognitio’canina,
1818 2620 1916 2654 utpote

1090 2662 1154 2689 qum
1173 2655 1276 2681 divinae
1307 2655 1428 2682 similior
1458 2656 1523 2689 erit,
1545 2656 1673 2683 humana
1701 2657 1755 2683 erit
1779 2655 1917 2691 perfectior.

1089 2690 1113 2715 si
1140 2691 1357 2725 propugnanda:
1390 2691 1568 2718 deﬁnitionis
1596 2700 1693 2724 causa,
1718 2690 1825 2718 dicatur
1858 2690 1918 2716 canis

1089 2733 1259 2759 cognoscere
1286 2726 1478 2760 quidem,nec
1502 2730 1597 2754 tamen
1613 2728 1786 2754 ratiocinari.
1812 2729 1843 2754 At
1866 2731 1917 2750 vero

1089 2761 1189 2788 eadem
1212 2761 1336 2787 hominis
1366 2761 1526 2789 deﬁnitioa
1552 2766 1650 2790 nostro
1685 2767 1798 2790 auctore
1825 2762 1918 2788 videtur

1088 2797 1185 2831 rejici;
1207 2799 1256 2823 aut
1286 2797 1381 2831 potius
1403 2798 1438 2825 ab
1465 2799 1526 2833 ipsa
1552 2799 1748 2833 Philosophia,
1777 2807 1836 2833 quze
1861 2797 1917 2833 Boe-

1088 2830 1161 2859 tium
1183 2840 1259 2859 nunc
1281 2830 1460 2869 alloquitur:
1478 2830 1631 2870 postquam
1654 2830 1917 2868 ehim'Philosophia
