  <div class='ocr_page' id='page_1' title='image "/cluster/home/n/w/nwhite01/storage/ocr_20150623/63/hvd.32044073498800/332.png"; bbox 0 0 3972 6172; ppageno 0'>
   <div class='ocr_carea' id='block_1_1' title="bbox 117 288 2552 346">
    <p class='ocr_par' dir='ltr' id='par_1_1' title="bbox 117 288 2552 346">
     <span class='ocr_line' id='line_1_1' title="bbox 117 288 2552 346; baseline -0.001 0"><span class='ocrx_word' id='word_1_1' title='bbox 117 296 203 346; x_wconf 83' lang='grc'>653</span> <span class='ocrx_word' id='word_1_2' title='bbox 1098 292 1189 345; x_wconf 87' lang='lat' dir='ltr'>DE</span> <span class='ocrx_word' id='word_1_3' title='bbox 1231 289 1756 346; x_wconf 76' lang='lat' dir='ltr'>CONSOLATIONE</span> <span class='ocrx_word' id='word_1_4' title='bbox 1795 288 2277 343; x_wconf 78' lang='lat' dir='ltr'>PHILOSOPHle</span> <span class='ocrx_word' id='word_1_5' title='bbox 2317 288 2453 345; x_wconf 85' lang='lat' dir='ltr'>LIB.</span> <span class='ocrx_word' id='word_1_6' title='bbox 2501 289 2552 344; x_wconf 88' lang='grc' dir='ltr'>Ι.</span> 
     </span>
    </p>
   </div>
   <div class='ocr_carea' id='block_1_2' title="bbox 3463 294 3570 347">
    <p class='ocr_par' dir='ltr' id='par_1_2' title="bbox 3463 294 3570 347">
     <span class='ocr_line' id='line_1_2' title="bbox 3463 294 3570 347; baseline 0.009 -1"><span class='ocrx_word' id='word_1_7' title='bbox 3463 294 3570 347; x_wconf 80' lang='lat'>654</span> 
     </span>
    </p>
   </div>
   <div class='ocr_carea' id='block_1_3' title="bbox 116 421 3568 497">
    <p class='ocr_par' dir='ltr' id='par_1_3' title="bbox 116 421 3568 497">
     <span class='ocr_line' id='line_1_3' title="bbox 116 421 3568 497; baseline 0 -17"><span class='ocrx_word' id='word_1_8' title='bbox 116 426 379 481; x_wconf 86' lang='lat' dir='ltr'>minemne</span> <span class='ocrx_word' id='word_1_9' title='bbox 431 428 482 477; x_wconf 92' lang='lat' dir='ltr'>te</span> <span class='ocrx_word' id='word_1_10' title='bbox 548 440 667 478; x_wconf 90' lang='lat' dir='ltr'>esse</span> <span class='ocrx_word' id='word_1_11' title='bbox 723 423 1076 478; x_wconf 82' lang='lat' dir='ltr'>meministi?</span> <span class='ocrx_word' id='word_1_12' title='bbox 1132 424 1362 490; x_wconf 87' lang='lat' dir='ltr'>Quidni,</span> <span class='ocrx_word' id='word_1_13' title='bbox 1429 424 1666 494; x_wconf 89' lang='lat' dir='ltr'>inquam</span> <span class='ocrx_word' id='word_1_14' title='bbox 1720 437 1763 490; x_wconf 74' lang='grc' dir='ltr'>ει,</span> <span class='ocrx_word' id='word_1_15' title='bbox 1805 423 1850 475; x_wconf 86' lang='grc' dir='ltr'><strong>Α</strong></span> <span class='ocrx_word' id='word_1_16' title='bbox 1884 422 2163 486; x_wconf 83' lang='lat' dir='ltr'>Quoniam</span> <span class='ocrx_word' id='word_1_17' title='bbox 2195 438 2326 476; x_wconf 90' lang='lat' dir='ltr'>vero</span> <span class='ocrx_word' id='word_1_18' title='bbox 2365 422 2574 492; x_wconf 87' lang='lat' dir='ltr'>quibus</span> <span class='ocrx_word' id='word_1_19' title='bbox 2605 421 3006 492; x_wconf 82' lang='lat' dir='ltr'>gubernaculis</span> <span class='ocrx_word' id='word_1_20' title='bbox 3037 424 3285 478; x_wconf 90' lang='lat' dir='ltr'>mundus</span> <span class='ocrx_word' id='word_1_21' title='bbox 3314 430 3568 497; x_wconf 87' lang='lat' dir='ltr'>regatur,</span> 
     </span>
    </p>
   </div>
   <div class='ocr_carea' id='block_1_4' title="bbox 119 512 1767 584">
    <p class='ocr_par' dir='ltr' id='par_1_4' title="bbox 119 512 1767 584">
     <span class='ocr_line' id='line_1_4' title="bbox 119 512 1767 584; baseline -0.001 -16"><span class='ocrx_word' id='word_1_22' title='bbox 119 513 484 568; x_wconf 81' lang='lat' dir='ltr'>meminerim?</span> <span class='ocrx_word' id='word_1_23' title='bbox 530 512 677 574; x_wconf 84' lang='lat' dir='ltr'>Quid</span> <span class='ocrx_word' id='word_1_24' title='bbox 711 513 889 583; x_wconf 79' lang='lat' dir='ltr'>igitur</span> <span class='ocrx_word' id='word_1_25' title='bbox 927 513 1102 566; x_wconf 87' lang='lat' dir='ltr'>homo</span> <span class='ocrx_word' id='word_1_26' title='bbox 1153 514 1245 580; x_wconf 90' lang='lat' dir='ltr'>sit,</span> <span class='ocrx_word' id='word_1_27' title='bbox 1295 513 1585 582; x_wconf 81' lang='lat' dir='ltr'>poterisne</span> <span class='ocrx_word' id='word_1_28' title='bbox 1635 530 1767 584; x_wconf 87' lang='lat' dir='ltr'>pro-</span> 
     </span>
    </p>
   </div>
   <div class='ocr_carea' id='block_1_5' title="bbox 118 601 1770 672">
    <p class='ocr_par' dir='ltr' id='par_1_5' title="bbox 118 601 1770 672">
     <span class='ocr_line' id='line_1_5' title="bbox 118 601 1770 672; baseline -0.001 -15"><span class='ocrx_word' id='word_1_29' title='bbox 118 605 242 658; x_wconf 84' lang='lat' dir='ltr'>ferre</span> <span class='ocrx_word' id='word_1_30' title='bbox 268 601 325 654; x_wconf 57' lang='lat' dir='ltr'>li?</span> <span class='ocrx_word' id='word_1_31' title='bbox 359 601 597 656; x_wconf 83' lang='lat' dir='ltr'>Hoecine</span> <span class='ocrx_word' id='word_1_32' title='bbox 631 604 954 672; x_wconf 82' lang='lat' dir='ltr'>interrogas</span> <span class='ocrx_word' id='word_1_33' title='bbox 983 611 1021 670; x_wconf 75' lang='grc' dir='ltr'>ο,</span> <span class='ocrx_word' id='word_1_34' title='bbox 1058 619 1128 656; x_wconf 91' lang='lat' dir='ltr'>an</span> <span class='ocrx_word' id='word_1_35' title='bbox 1169 619 1289 656; x_wconf 88' lang='lat' dir='ltr'>esse</span> <span class='ocrx_word' id='word_1_36' title='bbox 1334 619 1423 655; x_wconf 90' lang='lat' dir='ltr'>me</span> <span class='ocrx_word' id='word_1_37' title='bbox 1456 603 1628 656; x_wconf 89' lang='lat' dir='ltr'>sciam</span> <span class='ocrx_word' id='word_1_38' title='bbox 1677 619 1770 656; x_wconf 88' lang='lat' dir='ltr'>ra-</span> 
     </span>
    </p>
   </div>
   <div class='ocr_carea' id='block_1_6' title="bbox 118 691 1771 760">
    <p class='ocr_par' dir='ltr' id='par_1_6' title="bbox 118 691 1771 760">
     <span class='ocr_line' id='line_1_6' title="bbox 118 691 1771 760; baseline 0.002 -17"><span class='ocrx_word' id='word_1_39' title='bbox 118 691 297 744; x_wconf 86' lang='lat' dir='ltr'>tionale</span> <span class='ocrx_word' id='word_1_40' title='bbox 341 691 546 744; x_wconf 83' lang='lat' dir='ltr'>animal</span> <span class='ocrx_word' id='word_1_41' title='bbox 595 698 764 760; x_wconf 88' lang='lat' dir='ltr'>atque</span> <span class='ocrx_word' id='word_1_42' title='bbox 816 692 1094 745; x_wconf 76' lang='lat' dir='ltr'>mortale?</span> <span class='ocrx_word' id='word_1_43' title='bbox 1143 691 1288 757; x_wconf 90' lang='lat' dir='ltr'>Scio,</span> <span class='ocrx_word' id='word_1_44' title='bbox 1323 697 1378 745; x_wconf 92' lang='lat' dir='ltr'>et</span> <span class='ocrx_word' id='word_1_45' title='bbox 1427 691 1479 745; x_wconf 88' lang='lat' dir='ltr'>id</span> <span class='ocrx_word' id='word_1_46' title='bbox 1529 708 1618 746; x_wconf 90' lang='lat' dir='ltr'>me</span> <span class='ocrx_word' id='word_1_47' title='bbox 1651 708 1771 746; x_wconf 89' lang='lat' dir='ltr'>esse</span> 
     </span>
    </p>
   </div>
   <div class='ocr_carea' id='block_1_7' title="bbox 119 779 1772 849">
    <p class='ocr_par' dir='ltr' id='par_1_7' title="bbox 119 779 1772 849">
     <span class='ocr_line' id='line_1_7' title="bbox 119 779 1772 849; baseline 0.001 -17"><span class='ocrx_word' id='word_1_48' title='bbox 119 780 382 832; x_wconf 82' lang='lat' dir='ltr'>confiteor.</span> <span class='ocrx_word' id='word_1_49' title='bbox 417 781 482 832; x_wconf 86' lang='lat' dir='ltr'>Et</span> <span class='ocrx_word' id='word_1_50' title='bbox 510 780 651 833; x_wconf 84' lang='lat' dir='ltr'>illad</span> <span class='ocrx_word' id='word_1_51' title='bbox 685 797 696 834; x_wconf 91' lang='lat'>:</span> <span class='ocrx_word' id='word_1_52' title='bbox 737 779 960 834; x_wconf 74' lang='lat' dir='ltr'>Nihilne</span> <span class='ocrx_word' id='word_1_53' title='bbox 996 787 1050 834; x_wconf 91' lang='lat' dir='ltr'>te</span> <span class='ocrx_word' id='word_1_54' title='bbox 1082 782 1162 849; x_wconf 68' lang='grc' dir='ltr'>(ὅ)</span> <span class='ocrx_word' id='word_1_55' title='bbox 1188 781 1339 834; x_wconf 88' lang='lat' dir='ltr'>aliud</span> <span class='ocrx_word' id='word_1_56' title='bbox 1372 798 1492 833; x_wconf 91' lang='lat' dir='ltr'>esse</span> <span class='ocrx_word' id='word_1_57' title='bbox 1525 781 1772 834; x_wconf 78' lang='lat' dir='ltr'>novisti?</span> 
     </span>
    </p>
   </div>
   <div class='ocr_carea' id='block_1_8' title="bbox 121 866 1774 938">
    <p class='ocr_par' dir='ltr' id='par_1_8' title="bbox 121 866 1774 938">
     <span class='ocr_line' id='line_1_8' title="bbox 121 866 1774 938; baseline 0 -17"><span class='ocrx_word' id='word_1_58' title='bbox 121 868 248 922; x_wconf 77' lang='lat' dir='ltr'>Nihil</span> <span class='ocrx_word' id='word_1_59' title='bbox 279 876 314 920; x_wconf 76' lang='grc' dir='ltr'>ε.</span> <span class='ocrx_word' id='word_1_60' title='bbox 344 868 466 921; x_wconf 80' lang='lat' dir='ltr'>Jam</span> <span class='ocrx_word' id='word_1_61' title='bbox 499 868 634 934; x_wconf 90' lang='lat' dir='ltr'>scio,</span> <span class='ocrx_word' id='word_1_62' title='bbox 663 867 853 938; x_wconf 88' lang='lat' dir='ltr'>inquit</span> <span class='ocrx_word' id='word_1_63' title='bbox 875 866 912 935; x_wconf 70' lang='grc' dir='ltr'>ί,</span> <span class='ocrx_word' id='word_1_64' title='bbox 948 869 1131 922; x_wconf 85' lang='lat' dir='ltr'>morbi</span> <span class='ocrx_word' id='word_1_65' title='bbox 1162 867 1268 932; x_wconf 92' lang='lat' dir='ltr'>tui,</span> <span class='ocrx_word' id='word_1_66' title='bbox 1293 868 1460 921; x_wconf 90' lang='lat' dir='ltr'>aliam</span> <span class='ocrx_word' id='word_1_67' title='bbox 1486 869 1567 920; x_wconf 89' lang='lat' dir='ltr'>vel</span> <span class='ocrx_word' id='word_1_68' title='bbox 1601 867 1774 921; x_wconf 88' lang='lat' dir='ltr'>maxi-</span> 
     </span>
    </p>
   </div>
   <div class='ocr_carea' id='block_1_9' title="bbox 119 955 1774 1026">
    <p class='ocr_par' dir='ltr' id='par_1_9' title="bbox 119 955 1774 1026">
     <span class='ocr_line' id='line_1_9' title="bbox 119 955 1774 1026; baseline 0.001 -17"><span class='ocrx_word' id='word_1_69' title='bbox 119 973 248 1010; x_wconf 86' lang='lat' dir='ltr'>mam</span> <span class='ocrx_word' id='word_1_70' title='bbox 303 963 552 1022; x_wconf 84' lang='lat' dir='ltr'>causam,</span> <span class='ocrx_word' id='word_1_71' title='bbox 603 959 620 992; x_wconf 76' lang='grc' dir='ltr'>ί</span> <span class='ocrx_word' id='word_1_72' title='bbox 688 957 825 1026; x_wconf 92' lang='lat' dir='ltr'>quid</span> <span class='ocrx_word' id='word_1_73' title='bbox 875 956 995 1026; x_wconf 89' lang='lat' dir='ltr'>ipse</span> <span class='ocrx_word' id='word_1_74' title='bbox 1049 958 1124 1010; x_wconf 85' lang='lat' dir='ltr'>sis</span> <span class='ocrx_word' id='word_1_75' title='bbox 1177 973 1344 1009; x_wconf 92' lang='lat' dir='ltr'>nosse</span> <span class='ocrx_word' id='word_1_76' title='bbox 1398 955 1611 1010; x_wconf 81' lang='lat' dir='ltr'>desisti.</span> <span class='ocrx_word' id='word_1_77' title='bbox 1676 963 1774 1010; x_wconf 71' lang='lat'>86</span> 
     </span>
    </p>
   </div>
   <div class='ocr_carea' id='block_1_10' title="bbox 119 1044 1775 1116">
    <p class='ocr_par' dir='ltr' id='par_1_10' title="bbox 119 1044 1775 1116">
     <span class='ocr_line' id='line_1_10' title="bbox 119 1044 1775 1116; baseline 0.001 -18"><span class='ocrx_word' id='word_1_78' title='bbox 119 1046 275 1109; x_wconf 82' lang='lat' dir='ltr'>Quare</span> <span class='ocrx_word' id='word_1_79' title='bbox 295 1044 317 1077; x_wconf 81' lang='grc'>³</span> <span class='ocrx_word' id='word_1_80' title='bbox 346 1045 676 1114; x_wconf 87' lang='lat' dir='ltr'>plenissime</span> <span class='ocrx_word' id='word_1_81' title='bbox 706 1045 792 1098; x_wconf 87' lang='lat' dir='ltr'>vel</span> <span class='ocrx_word' id='word_1_82' title='bbox 823 1045 1183 1116; x_wconf 65' lang='lat' dir='ltr'>aegritudinis</span> <span class='ocrx_word' id='word_1_83' title='bbox 1215 1050 1325 1098; x_wconf 69' lang='lat' dir='ltr'>tua:</span> <span class='ocrx_word' id='word_1_84' title='bbox 1359 1046 1660 1115; x_wconf 88' lang='lat' dir='ltr'>rationem,</span> <span class='ocrx_word' id='word_1_85' title='bbox 1687 1047 1775 1101; x_wconf 87' lang='lat' dir='ltr'>vel</span> 
     </span>
    </p>
   </div>
   <div class='ocr_carea' id='block_1_11' title="bbox 119 1135 1778 1206">
    <p class='ocr_par' dir='ltr' id='par_1_11' title="bbox 119 1135 1778 1206">
     <span class='ocr_line' id='line_1_11' title="bbox 119 1135 1778 1206; baseline 0.001 -18"><span class='ocrx_word' id='word_1_86' title='bbox 119 1135 305 1188; x_wconf 85' lang='lat' dir='ltr'>aditum</span> <span class='ocrx_word' id='word_1_87' title='bbox 337 1135 774 1189; x_wconf 66' lang='lat' dir='ltr'>reconciliandae</span> <span class='ocrx_word' id='word_1_88' title='bbox 805 1144 831 1178; x_wconf 74' lang='grc' dir='ltr'>ε</span> <span class='ocrx_word' id='word_1_89' title='bbox 857 1135 1142 1205; x_wconf 82' lang='lat' dir='ltr'>sospitatis</span> <span class='ocrx_word' id='word_1_90' title='bbox 1171 1135 1380 1188; x_wconf 89' lang='lat' dir='ltr'>inveni.</span> <span class='ocrx_word' id='word_1_91' title='bbox 1410 1136 1549 1189; x_wconf 86' lang='lat' dir='ltr'>Nam</span> <span class='ocrx_word' id='word_1_92' title='bbox 1584 1140 1604 1170; x_wconf 86' lang='grc'>³</span> <span class='ocrx_word' id='word_1_93' title='bbox 1639 1153 1778 1206; x_wconf 89' lang='lat' dir='ltr'>quo-</span> 
     </span>
    </p>
   </div>
   <div class='ocr_carea' id='block_1_12' title="bbox 122 1224 1778 1292">
    <p class='ocr_par' dir='ltr' id='par_1_12' title="bbox 122 1224 1778 1292">
     <span class='ocr_line' id='line_1_12' title="bbox 122 1224 1778 1292; baseline 0.001 -14"><span class='ocrx_word' id='word_1_94' title='bbox 122 1225 247 1278; x_wconf 89' lang='lat' dir='ltr'>niam</span> <span class='ocrx_word' id='word_1_95' title='bbox 303 1225 386 1278; x_wconf 89' lang='lat' dir='ltr'>tui</span> <span class='ocrx_word' id='word_1_96' title='bbox 443 1224 728 1278; x_wconf 87' lang='lat' dir='ltr'>oblivione</span> <span class='ocrx_word' id='word_1_97' title='bbox 778 1225 1166 1285; x_wconf 91' lang='lat' dir='ltr'>confunderis,</span> <span class='ocrx_word' id='word_1_98' title='bbox 1201 1229 1254 1278; x_wconf 90' lang='lat' dir='ltr'>et</span> <span class='ocrx_word' id='word_1_99' title='bbox 1293 1226 1544 1278; x_wconf 78' lang='lat' dir='ltr'>exsulem</span> <span class='ocrx_word' id='word_1_100' title='bbox 1604 1231 1677 1292; x_wconf 91' lang='lat' dir='ltr'>te,</span> <span class='ocrx_word' id='word_1_101' title='bbox 1722 1230 1778 1279; x_wconf 85' lang='lat' dir='ltr'>et</span> 
     </span>
    </p>
   </div>
   <div class='ocr_carea' id='block_1_13' title="bbox 121 1313 1777 1385">
    <p class='ocr_par' dir='ltr' id='par_1_13' title="bbox 121 1313 1777 1385">
     <span class='ocr_line' id='line_1_13' title="bbox 121 1313 1777 1385; baseline 0 -18"><span class='ocrx_word' id='word_1_102' title='bbox 121 1313 465 1384; x_wconf 83' lang='lat' dir='ltr'>exspoliatum</span> <span class='ocrx_word' id='word_1_103' title='bbox 512 1313 762 1385; x_wconf 88' lang='lat' dir='ltr'>propriis</span> <span class='ocrx_word' id='word_1_104' title='bbox 807 1314 974 1368; x_wconf 90' lang='lat' dir='ltr'>bonis</span> <span class='ocrx_word' id='word_1_105' title='bbox 1005 1331 1124 1368; x_wconf 91' lang='lat' dir='ltr'>esse</span> <span class='ocrx_word' id='word_1_106' title='bbox 1157 1315 1410 1368; x_wconf 85' lang='lat' dir='ltr'>doluisti.</span> <span class='ocrx_word' id='word_1_107' title='bbox 1449 1318 1468 1349; x_wconf 81' lang='lat'><strong>‘</strong></span> <span class='ocrx_word' id='word_1_108' title='bbox 1498 1314 1777 1377; x_wconf 79' lang='lat' dir='ltr'>Quoniam</span> 
     </span>
    </p>
   </div>
   <div class='ocr_carea' id='block_1_14' title="bbox 120 1402 1779 1473">
    <p class='ocr_par' dir='ltr' id='par_1_14' title="bbox 120 1402 1779 1473">
     <span class='ocr_line' id='line_1_14' title="bbox 120 1402 1779 1473; baseline 0 -17"><span class='ocrx_word' id='word_1_109' title='bbox 120 1419 245 1469; x_wconf 86' lang='lat' dir='ltr'>vero,</span> <span class='ocrx_word' id='word_1_110' title='bbox 277 1403 398 1473; x_wconf 87' lang='lat' dir='ltr'>quis</span> <span class='ocrx_word' id='word_1_111' title='bbox 430 1403 504 1456; x_wconf 88' lang='lat' dir='ltr'>sit</span> <span class='ocrx_word' id='word_1_112' title='bbox 534 1419 724 1456; x_wconf 91' lang='lat' dir='ltr'>rerum</span> <span class='ocrx_word' id='word_1_113' title='bbox 759 1403 910 1468; x_wconf 83' lang='lat' dir='ltr'>linis,</span> <span class='ocrx_word' id='word_1_114' title='bbox 939 1403 1185 1472; x_wconf 86' lang='lat' dir='ltr'>ignoras,</span> <span class='ocrx_word' id='word_1_115' title='bbox 1230 1419 1476 1472; x_wconf 87' lang='lat' dir='ltr'>nequam</span> <span class='ocrx_word' id='word_1_116' title='bbox 1516 1402 1779 1456; x_wconf 87' lang='lat' dir='ltr'>homines</span> 
     </span>
    </p>
   </div>
   <div class='ocr_carea' id='block_1_15' title="bbox 675 1496 698 1512">
    <p class='ocr_par' dir='ltr' id='par_1_15' title="bbox 675 1496 698 1512">
     <span class='ocr_line' id='line_1_15' title="bbox 675 1496 698 1512; baseline 0 -4"><span class='ocrx_word' id='word_1_117' title='bbox 675 1496 698 1512; x_wconf 74' lang='grc' dir='ltr'><strong>μ</strong></span> 
     </span>
    </p>
   </div>
   <div class='ocr_carea' id='block_1_16' title="bbox 120 1491 1778 1563">
    <p class='ocr_par' dir='ltr' id='par_1_16' title="bbox 120 1491 1778 1563">
     <span class='ocr_line' id='line_1_16' title="bbox 120 1491 1778 1563; baseline 0 -17"><span class='ocrx_word' id='word_1_118' title='bbox 120 1499 262 1563; x_wconf 88' lang='lat' dir='ltr'>atque</span> <span class='ocrx_word' id='word_1_119' title='bbox 316 1492 587 1559; x_wconf 85' lang='lat' dir='ltr'>nefarios,</span> <span class='ocrx_word' id='word_1_120' title='bbox 652 1492 724 1563; x_wconf 81' lang='grc'>(5)</span> <span class='ocrx_word' id='word_1_121' title='bbox 784 1497 1051 1562; x_wconf 90' lang='lat' dir='ltr'>potentes</span> <span class='ocrx_word' id='word_1_122' title='bbox 1107 1492 1414 1561; x_wconf 85' lang='lat' dir='ltr'>felicesque</span> <span class='ocrx_word' id='word_1_123' title='bbox 1467 1491 1778 1546; x_wconf 86' lang='lat' dir='ltr'>arbitraris.</span> 
     </span>
    </p>
   </div>
   <div class='ocr_carea' id='block_1_17' title="bbox 1883 512 3570 573">
    <p class='ocr_par' dir='ltr' id='par_1_17' title="bbox 1883 512 3570 573">
     <span class='ocr_line' id='line_1_17' title="bbox 1883 512 3570 573; baseline 0.004 -9"><span class='ocrx_word' id='word_1_124' title='bbox 1883 513 2091 565; x_wconf 89' lang='lat' dir='ltr'>oblitus</span> <span class='ocrx_word' id='word_1_125' title='bbox 2143 529 2220 573; x_wconf 89' lang='lat' dir='ltr'>es,</span> <span class='ocrx_word' id='word_1_126' title='bbox 2267 513 2368 564; x_wconf 87' lang='lat' dir='ltr'>lias</span> <span class='ocrx_word' id='word_1_127' title='bbox 2415 514 2439 554; x_wconf 73' lang='grc' dir='ltr'>ιι</span> <span class='ocrx_word' id='word_1_128' title='bbox 2490 512 2850 565; x_wconf 89' lang='lat' dir='ltr'>fortunarum</span> <span class='ocrx_word' id='word_1_129' title='bbox 2898 512 3046 566; x_wconf 92' lang='lat' dir='ltr'>vices</span> <span class='ocrx_word' id='word_1_130' title='bbox 3104 513 3392 567; x_wconf 82' lang='lat' dir='ltr'>existimas</span> <span class='ocrx_word' id='word_1_131' title='bbox 3449 515 3570 571; x_wconf 89' lang='lat' dir='ltr'>sine</span> 
     </span>
    </p>
   </div>
   <div class='ocr_carea' id='block_1_18' title="bbox 1881 601 3570 669">
    <p class='ocr_par' dir='ltr' id='par_1_18' title="bbox 1881 601 3570 669">
     <span class='ocr_line' id='line_1_18' title="bbox 1881 601 3570 669; baseline 0.003 -16"><span class='ocrx_word' id='word_1_132' title='bbox 1881 607 2098 654; x_wconf 86' lang='lat' dir='ltr'>rectore</span> <span class='ocrx_word' id='word_1_133' title='bbox 2132 601 2377 655; x_wconf 85' lang='lat' dir='ltr'>fluitare.</span> <span class='ocrx_word' id='word_1_134' title='bbox 2412 601 2626 669; x_wconf 64' lang='lat' dir='ltr'>Magnae</span> <span class='ocrx_word' id='word_1_135' title='bbox 2674 617 2790 653; x_wconf 91' lang='lat' dir='ltr'>non</span> <span class='ocrx_word' id='word_1_136' title='bbox 2822 601 2893 654; x_wconf 90' lang='lat' dir='ltr'>ad</span> <span class='ocrx_word' id='word_1_137' title='bbox 2940 601 3208 654; x_wconf 87' lang='lat' dir='ltr'>morbum</span> <span class='ocrx_word' id='word_1_138' title='bbox 3253 603 3442 665; x_wconf 88' lang='lat' dir='ltr'>modo,</span> <span class='ocrx_word' id='word_1_139' title='bbox 3475 621 3570 658; x_wconf 87' lang='lat' dir='ltr'>ve-</span> 
     </span>
    </p>
   </div>
   <div class='ocr_carea' id='block_1_19' title="bbox 1881 689 3572 760">
    <p class='ocr_par' dir='ltr' id='par_1_19' title="bbox 1881 689 3572 760">
     <span class='ocr_line' id='line_1_19' title="bbox 1881 689 3572 760; baseline 0.002 -17"><span class='ocrx_word' id='word_1_140' title='bbox 1881 707 2010 744; x_wconf 92' lang='lat' dir='ltr'>rum</span> <span class='ocrx_word' id='word_1_141' title='bbox 2042 690 2111 742; x_wconf 89' lang='lat' dir='ltr'>ad</span> <span class='ocrx_word' id='word_1_142' title='bbox 2143 689 2440 743; x_wconf 89' lang='lat' dir='ltr'>interitum</span> <span class='ocrx_word' id='word_1_143' title='bbox 2465 705 2704 760; x_wconf 80' lang='lat' dir='ltr'>quoque</span> <span class='ocrx_word' id='word_1_144' title='bbox 2731 706 2933 743; x_wconf 78' lang='lat' dir='ltr'>causae.</span> <span class='ocrx_word' id='word_1_145' title='bbox 2964 691 3071 744; x_wconf 90' lang='lat' dir='ltr'>Sed</span> <span class='ocrx_word' id='word_1_146' title='bbox 3107 691 3116 724; x_wconf 69' lang='grc' dir='ltr'><strong>ί</strong></span> <span class='ocrx_word' id='word_1_147' title='bbox 3151 692 3438 760; x_wconf 89' lang='lat' dir='ltr'>sospitatis</span> <span class='ocrx_word' id='word_1_148' title='bbox 3470 709 3572 747; x_wconf 87' lang='lat' dir='ltr'>au-</span> 
     </span>
    </p>
   </div>
   <div class='ocr_carea' id='block_1_20' title="bbox 1883 779 3574 850">
    <p class='ocr_par' dir='ltr' id='par_1_20' title="bbox 1883 779 3574 850">
     <span class='ocr_line' id='line_1_20' title="bbox 1883 779 3574 850; baseline 0.001 -16"><span class='ocrx_word' id='word_1_149' title='bbox 1883 780 2022 834; x_wconf 90' lang='lat' dir='ltr'>ctori</span> <span class='ocrx_word' id='word_1_150' title='bbox 2056 784 2297 849; x_wconf 66' lang='lat' dir='ltr'>grateSj,</span> <span class='ocrx_word' id='word_1_151' title='bbox 2331 779 2486 850; x_wconf 90' lang='lat' dir='ltr'>quod</span> <span class='ocrx_word' id='word_1_152' title='bbox 2518 785 2571 832; x_wconf 92' lang='lat' dir='ltr'>te</span> <span class='ocrx_word' id='word_1_153' title='bbox 2598 779 2856 833; x_wconf 90' lang='lat' dir='ltr'>nondum</span> <span class='ocrx_word' id='word_1_154' title='bbox 2888 784 3072 832; x_wconf 88' lang='lat' dir='ltr'>totum</span> <span class='ocrx_word' id='word_1_155' title='bbox 3105 780 3132 813; x_wconf 79' lang='grc' dir='ltr'>¹ί</span> <span class='ocrx_word' id='word_1_156' title='bbox 3163 786 3367 834; x_wconf 88' lang='lat' dir='ltr'>natura</span> <span class='ocrx_word' id='word_1_157' title='bbox 3395 782 3574 836; x_wconf 91' lang='lat' dir='ltr'>desti-</span> 
     </span>
    </p>
   </div>
   <div class='ocr_carea' id='block_1_21' title="bbox 1882 866 3574 940">
    <p class='ocr_par' dir='ltr' id='par_1_21' title="bbox 1882 866 3574 940">
     <span class='ocr_line' id='line_1_21' title="bbox 1882 866 3574 940; baseline 0.002 -18"><span class='ocrx_word' id='word_1_158' title='bbox 1882 868 2012 922; x_wconf 89' lang='lat' dir='ltr'>tuit.</span> <span class='ocrx_word' id='word_1_159' title='bbox 2047 866 2070 900; x_wconf 76' lang='grc'><strong><em>⁵</em></strong></span> <span class='ocrx_word' id='word_1_160' title='bbox 2123 868 2406 922; x_wconf 84' lang='lat' dir='ltr'>Habemus</span> <span class='ocrx_word' id='word_1_161' title='bbox 2463 868 2775 921; x_wconf 86' lang='lat' dir='ltr'>maximum</span> <span class='ocrx_word' id='word_1_162' title='bbox 2826 870 2978 921; x_wconf 79' lang='lat' dir='ltr'>tuael</span> <span class='ocrx_word' id='word_1_163' title='bbox 3026 869 3282 924; x_wconf 86' lang='lat' dir='ltr'>fomitem</span> <span class='ocrx_word' id='word_1_164' title='bbox 3325 870 3437 940; x_wconf 86' lang='lat' dir='ltr'>(l0)</span> <span class='ocrx_word' id='word_1_165' title='bbox 3481 888 3574 925; x_wconf 83' lang='lat' dir='ltr'>sa-</span> 
     </span>
    </p>
   </div>
   <div class='ocr_carea' id='block_1_22' title="bbox 1882 957 3573 1028">
    <p class='ocr_par' dir='ltr' id='par_1_22' title="bbox 1882 957 3573 1028">
     <span class='ocr_line' id='line_1_22' title="bbox 1882 957 3573 1028; baseline 0.002 -18"><span class='ocrx_word' id='word_1_166' title='bbox 1882 957 2036 1022; x_wconf 90' lang='lat' dir='ltr'>lutis,</span> <span class='ocrx_word' id='word_1_167' title='bbox 2097 973 2286 1011; x_wconf 84' lang='lat' dir='ltr'>veram</span> <span class='ocrx_word' id='word_1_168' title='bbox 2352 958 2420 1011; x_wconf 88' lang='lat' dir='ltr'>de</span> <span class='ocrx_word' id='word_1_169' title='bbox 2479 957 2680 1010; x_wconf 89' lang='lat' dir='ltr'>mundi</span> <span class='ocrx_word' id='word_1_170' title='bbox 2741 957 3158 1025; x_wconf 84' lang='lat' dir='ltr'>gubernatione</span> <span class='ocrx_word' id='word_1_171' title='bbox 3211 961 3573 1028; x_wconf 89' lang='lat' dir='ltr'>sententiam,</span> 
     </span>
    </p>
   </div>
   <div class='ocr_carea' id='block_1_23' title="bbox 1884 1045 3577 1116">
    <p class='ocr_par' dir='ltr' id='par_1_23' title="bbox 1884 1045 3577 1116">
     <span class='ocr_line' id='line_1_23' title="bbox 1884 1045 3577 1116; baseline 0.003 -18"><span class='ocrx_word' id='word_1_172' title='bbox 1884 1046 2036 1116; x_wconf 88' lang='lat' dir='ltr'>quod</span> <span class='ocrx_word' id='word_1_173' title='bbox 2072 1062 2196 1099; x_wconf 89' lang='lat' dir='ltr'>eam</span> <span class='ocrx_word' id='word_1_174' title='bbox 2230 1062 2345 1100; x_wconf 92' lang='lat' dir='ltr'>non</span> <span class='ocrx_word' id='word_1_175' title='bbox 2367 1062 2599 1098; x_wconf 90' lang='lat' dir='ltr'>casuum</span> <span class='ocrx_word' id='word_1_176' title='bbox 2632 1045 2964 1113; x_wconf 83' lang='lat' dir='ltr'>temeritati,</span> <span class='ocrx_word' id='word_1_177' title='bbox 2999 1047 3096 1100; x_wconf 89' lang='lat' dir='ltr'>sed</span> <span class='ocrx_word' id='word_1_178' title='bbox 3127 1046 3332 1101; x_wconf 78' lang='lat' dir='ltr'>divinae</span> <span class='ocrx_word' id='word_1_179' title='bbox 3364 1048 3577 1103; x_wconf 87' lang='lat' dir='ltr'>rationi</span> 
     </span>
    </p>
   </div>
   <div class='ocr_carea' id='block_1_24' title="bbox 1885 1134 3576 1206">
    <p class='ocr_par' dir='ltr' id='par_1_24' title="bbox 1885 1134 3576 1206">
     <span class='ocr_line' id='line_1_24' title="bbox 1885 1134 3576 1206; baseline 0.002 -18"><span class='ocrx_word' id='word_1_180' title='bbox 1885 1135 2171 1188; x_wconf 90' lang='lat' dir='ltr'>subditam</span> <span class='ocrx_word' id='word_1_181' title='bbox 2212 1134 2416 1188; x_wconf 86' lang='lat' dir='ltr'>credis.</span> <span class='ocrx_word' id='word_1_182' title='bbox 2455 1140 2546 1188; x_wconf 68' lang='lat'>87</span> <span class='ocrx_word' id='word_1_183' title='bbox 2605 1136 2754 1188; x_wconf 76' lang='lat' dir='ltr'>Nihil</span> <span class='ocrx_word' id='word_1_184' title='bbox 2801 1135 2978 1205; x_wconf 83' lang='lat' dir='ltr'>igitur</span> <span class='ocrx_word' id='word_1_185' title='bbox 3027 1137 3413 1206; x_wconf 84' lang='lat' dir='ltr'>pertimescas.</span> <span class='ocrx_word' id='word_1_186' title='bbox 3450 1139 3576 1194; x_wconf 78' lang='lat' dir='ltr'>1am</span> 
     </span>
    </p>
   </div>
   <div class='ocr_carea' id='block_1_25' title="bbox 1885 1222 3576 1281">
    <p class='ocr_par' dir='ltr' id='par_1_25' title="bbox 1885 1222 3576 1281">
     <span class='ocr_line' id='line_1_25' title="bbox 1885 1222 3576 1281; baseline 0.002 -4"><span class='ocrx_word' id='word_1_187' title='bbox 1885 1224 1989 1277; x_wconf 84' lang='lat' dir='ltr'>tibi</span> <span class='ocrx_word' id='word_1_188' title='bbox 2018 1223 2042 1256; x_wconf 75' lang='grc' dir='ltr'><strong>θ</strong></span> <span class='ocrx_word' id='word_1_189' title='bbox 2073 1241 2136 1277; x_wconf 81' lang='lat' dir='ltr'>ex</span> <span class='ocrx_word' id='word_1_190' title='bbox 2166 1224 2270 1277; x_wconf 88' lang='lat' dir='ltr'>hac</span> <span class='ocrx_word' id='word_1_191' title='bbox 2300 1224 2538 1276; x_wconf 88' lang='lat' dir='ltr'>minima</span> <span class='ocrx_word' id='word_1_192' title='bbox 2570 1222 2879 1277; x_wconf 89' lang='lat' dir='ltr'>seintillula</span> <span class='ocrx_word' id='word_1_193' title='bbox 2911 1225 3094 1278; x_wconf 87' lang='lat' dir='ltr'>vitalis</span> <span class='ocrx_word' id='word_1_194' title='bbox 3125 1227 3280 1279; x_wconf 90' lang='lat' dir='ltr'>calor</span> <span class='ocrx_word' id='word_1_195' title='bbox 3311 1235 3349 1260; x_wconf 72' lang='grc' dir='ltr'>ω</span> <span class='ocrx_word' id='word_1_196' title='bbox 3374 1227 3576 1281; x_wconf 81' lang='lat' dir='ltr'>illuxe-</span> 
     </span>
    </p>
   </div>
   <div class='ocr_carea' id='block_1_26' title="bbox 1889 1312 3578 1382">
    <p class='ocr_par' dir='ltr' id='par_1_26' title="bbox 1889 1312 3578 1382">
     <span class='ocr_line' id='line_1_26' title="bbox 1889 1312 3578 1382; baseline 0.004 -18"><span class='ocrx_word' id='word_1_197' title='bbox 1889 1313 1981 1366; x_wconf 87' lang='lat' dir='ltr'>rit.</span> <span class='ocrx_word' id='word_1_198' title='bbox 2016 1313 2119 1366; x_wconf 89' lang='lat' dir='ltr'>Sed</span> <span class='ocrx_word' id='word_1_199' title='bbox 2152 1313 2422 1382; x_wconf 90' lang='lat' dir='ltr'>quoniam</span> <span class='ocrx_word' id='word_1_200' title='bbox 2463 1312 2816 1366; x_wconf 82' lang='lat' dir='ltr'>firmioribus</span> <span class='ocrx_word' id='word_1_201' title='bbox 2846 1313 3118 1367; x_wconf 88' lang='lat' dir='ltr'>remediis</span> <span class='ocrx_word' id='word_1_202' title='bbox 3149 1318 3402 1369; x_wconf 92' lang='lat' dir='ltr'>nondum</span> <span class='ocrx_word' id='word_1_203' title='bbox 3432 1320 3578 1370; x_wconf 91' lang='lat' dir='ltr'>tem-</span> 
     </span>
    </p>
   </div>
   <div class='ocr_carea' id='block_1_27' title="bbox 1890 1404 3583 1475">
    <p class='ocr_par' dir='ltr' id='par_1_27' title="bbox 1890 1404 3583 1475">
     <span class='ocr_line' id='line_1_27' title="bbox 1890 1404 3583 1475; baseline 0.004 -19"><span class='ocrx_word' id='word_1_204' title='bbox 1890 1419 1995 1473; x_wconf 89' lang='lat' dir='ltr'>pus</span> <span class='ocrx_word' id='word_1_205' title='bbox 2021 1409 2123 1469; x_wconf 89' lang='lat' dir='ltr'>est,</span> <span class='ocrx_word' id='word_1_206' title='bbox 2161 1408 2216 1456; x_wconf 93' lang='lat' dir='ltr'>et</span> <span class='ocrx_word' id='word_1_207' title='bbox 2257 1405 2278 1436; x_wconf 78' lang='grc' dir='ltr'><strong><em>τ</em></strong></span> <span class='ocrx_word' id='word_1_208' title='bbox 2311 1419 2435 1455; x_wconf 91' lang='lat' dir='ltr'>eam</span> <span class='ocrx_word' id='word_1_209' title='bbox 2469 1404 2746 1457; x_wconf 89' lang='lat' dir='ltr'>mentium</span> <span class='ocrx_word' id='word_1_210' title='bbox 2781 1409 3004 1458; x_wconf 85' lang='lat' dir='ltr'>constat</span> <span class='ocrx_word' id='word_1_211' title='bbox 3044 1421 3164 1459; x_wconf 89' lang='lat' dir='ltr'>esse</span> <span class='ocrx_word' id='word_1_212' title='bbox 3195 1411 3482 1475; x_wconf 91' lang='lat' dir='ltr'>naturam,</span> <span class='ocrx_word' id='word_1_213' title='bbox 3517 1412 3583 1462; x_wconf 90' lang='lat' dir='ltr'>ut</span> 
     </span>
    </p>
   </div>
   <div class='ocr_carea' id='block_1_28' title="bbox 1892 1491 3580 1564">
    <p class='ocr_par' dir='ltr' id='par_1_28' title="bbox 1892 1491 3580 1564">
     <span class='ocr_line' id='line_1_28' title="bbox 1892 1491 3580 1564; baseline 0.003 -18"><span class='ocrx_word' id='word_1_214' title='bbox 1892 1492 2114 1562; x_wconf 89' lang='lat' dir='ltr'>quoties</span> <span class='ocrx_word' id='word_1_215' title='bbox 2145 1491 2456 1560; x_wconf 84' lang='lat' dir='ltr'>abjccerint</span> <span class='ocrx_word' id='word_1_216' title='bbox 2486 1508 2664 1560; x_wconf 90' lang='lat' dir='ltr'>veras,</span> <span class='ocrx_word' id='word_1_217' title='bbox 2698 1492 2852 1546; x_wconf 88' lang='lat' dir='ltr'>falsis</span> <span class='ocrx_word' id='word_1_218' title='bbox 2885 1493 3252 1564; x_wconf 90' lang='lat' dir='ltr'>opinionibus</span> <span class='ocrx_word' id='word_1_219' title='bbox 3281 1509 3307 1538; x_wconf 83' lang='grc' dir='ltr'>η</span> <span class='ocrx_word' id='word_1_220' title='bbox 3334 1495 3580 1551; x_wconf 88' lang='lat' dir='ltr'>induan-</span> 
     </span>
    </p>
   </div>
   <div class='ocr_carea' id='block_1_29' title="bbox 1539 1589 2121 1646">
    <p class='ocr_par' dir='ltr' id='par_1_29' title="bbox 1539 1589 2121 1646">
     <span class='ocr_line' id='line_1_29' title="bbox 1539 1589 2121 1646; baseline 0 -4"><span class='ocrx_word' id='word_1_221' title='bbox 1539 1589 2121 1646; x_wconf 82' lang='lat' dir='ltr'>INTEBPRETATIO.</span> 
     </span>
    </p>
   </div>
   <div class='ocr_carea' id='block_1_30' title="bbox 175 1688 610 1758">
    <p class='ocr_par' dir='ltr' id='par_1_30' title="bbox 175 1688 610 1758">
     <span class='ocr_line' id='line_1_30' title="bbox 175 1688 610 1758; baseline -0.002 -17"><span class='ocrx_word' id='word_1_222' title='bbox 175 1697 194 1720; x_wconf 76' lang='grc'><strong>³</strong></span> <span class='ocrx_word' id='word_1_223' title='bbox 220 1689 324 1758; x_wconf 85' lang='lat' dir='ltr'>Ego</span> <span class='ocrx_word' id='word_1_224' title='bbox 355 1688 610 1741; x_wconf 86' lang='lat' dir='ltr'>Boetius.</span> 
     </span>
    </p>
   </div>
   <div class='ocr_carea' id='block_1_31' title="bbox 173 1759 820 1830">
    <p class='ocr_par' dir='ltr' id='par_1_31' title="bbox 173 1759 820 1830">
     <span class='ocr_line' id='line_1_31' title="bbox 173 1759 820 1830; baseline 0 -18"><span class='ocrx_word' id='word_1_225' title='bbox 173 1763 194 1802; x_wconf 67' lang='grc' dir='ltr'>ιι</span> <span class='ocrx_word' id='word_1_226' title='bbox 217 1759 398 1830; x_wconf 89' lang='lat' dir='ltr'>lnquit</span> <span class='ocrx_word' id='word_1_227' title='bbox 426 1759 820 1829; x_wconf 86' lang='lat' dir='ltr'>Philosophia.</span> 
     </span>
    </p>
   </div>
   <div class='ocr_carea' id='block_1_32' title="bbox 173 1831 874 1901">
    <p class='ocr_par' dir='ltr' id='par_1_32' title="bbox 173 1831 874 1901">
     <span class='ocr_line' id='line_1_32' title="bbox 173 1831 874 1901; baseline -0.001 -18"><span class='ocrx_word' id='word_1_228' title='bbox 173 1840 189 1863; x_wconf 74' lang='grc' dir='ltr'><strong>ί</strong></span> <span class='ocrx_word' id='word_1_229' title='bbox 214 1831 443 1901; x_wconf 91' lang='lat' dir='ltr'>Inquam</span> <span class='ocrx_word' id='word_1_230' title='bbox 477 1847 590 1900; x_wconf 82' lang='lat' dir='ltr'>ego</span> <span class='ocrx_word' id='word_1_231' title='bbox 625 1831 874 1885; x_wconf 85' lang='lat' dir='ltr'>Boetius.</span> 
     </span>
    </p>
   </div>
   <div class='ocr_carea' id='block_1_33' title="bbox 171 1903 320 1955">
    <p class='ocr_par' dir='ltr' id='par_1_33' title="bbox 171 1903 320 1955">
     <span class='ocr_line' id='line_1_33' title="bbox 171 1903 320 1955; baseline -0.007 0"><span class='ocrx_word' id='word_1_232' title='bbox 171 1903 192 1943; x_wconf 77' lang='grc' dir='ltr'>ά</span> <span class='ocrx_word' id='word_1_233' title='bbox 218 1903 320 1955; x_wconf 80' lang='lat' dir='ltr'>Ait.</span> 
     </span>
    </p>
   </div>
   <div class='ocr_carea' id='block_1_34' title="bbox 170 1971 864 2043">
    <p class='ocr_par' dir='ltr' id='par_1_34' title="bbox 170 1971 864 2043">
     <span class='ocr_line' id='line_1_34' title="bbox 170 1971 864 2043; baseline 0 -17"><span class='ocrx_word' id='word_1_234' title='bbox 170 1981 188 2043; x_wconf 63' lang='grc' dir='ltr'>ἐ</span> <span class='ocrx_word' id='word_1_235' title='bbox 213 1973 440 2043; x_wconf 88' lang='lat' dir='ltr'>Inquam</span> <span class='ocrx_word' id='word_1_236' title='bbox 468 1989 585 2042; x_wconf 87' lang='lat' dir='ltr'>ego</span> <span class='ocrx_word' id='word_1_237' title='bbox 619 1971 864 2028; x_wconf 89' lang='lat' dir='ltr'>Boetius.</span> 
     </span>
    </p>
   </div>
   <div class='ocr_carea' id='block_1_35' title="bbox 169 2042 591 2115">
    <p class='ocr_par' dir='ltr' id='par_1_35' title="bbox 169 2042 591 2115">
     <span class='ocr_line' id='line_1_35' title="bbox 169 2042 591 2115; baseline 0.002 -19"><span class='ocrx_word' id='word_1_238' title='bbox 169 2042 184 2076; x_wconf 70' lang='grc' dir='ltr'>ί</span> <span class='ocrx_word' id='word_1_239' title='bbox 207 2042 591 2115; x_wconf 85' lang='lat' dir='ltr'>Philosophia.</span> 
     </span>
    </p>
   </div>
   <div class='ocr_carea' id='block_1_36' title="bbox 165 2116 419 2170">
    <p class='ocr_par' dir='ltr' id='par_1_36' title="bbox 165 2116 419 2170">
     <span class='ocr_line' id='line_1_36' title="bbox 165 2116 419 2170; baseline 0 0"><span class='ocrx_word' id='word_1_240' title='bbox 165 2124 185 2157; x_wconf 77' lang='grc' dir='ltr'>ε</span> <span class='ocrx_word' id='word_1_241' title='bbox 209 2116 419 2170; x_wconf 82' lang='lat' dir='ltr'>Salutis.</span> 
     </span>
    </p>
   </div>
   <div class='ocr_carea' id='block_1_37' title="bbox 1961 1687 2924 1758">
    <p class='ocr_par' dir='ltr' id='par_1_37' title="bbox 1961 1687 2924 1758">
     <span class='ocr_line' id='line_1_37' title="bbox 1961 1687 2924 1758; baseline 0.004 -17"><span class='ocrx_word' id='word_1_242' title='bbox 1961 1689 1990 1730; x_wconf 79' lang='grc' dir='ltr'>ιι</span> <span class='ocrx_word' id='word_1_243' title='bbox 2013 1689 2262 1741; x_wconf 76' lang='lat' dir='ltr'>Fortuna:</span> <span class='ocrx_word' id='word_1_244' title='bbox 2291 1701 2562 1758; x_wconf 57' lang='lat' dir='ltr'>prospera</span> <span class='ocrx_word' id='word_1_245' title='bbox 2588 1690 2639 1742; x_wconf 87' lang='lat' dir='ltr'>et</span> <span class='ocrx_word' id='word_1_246' title='bbox 2663 1687 2924 1746; x_wconf 62' lang='lat' dir='ltr'>adversas.</span> 
     </span>
    </p>
   </div>
   <div class='ocr_carea' id='block_1_38' title="bbox 1959 1759 2228 1813">
    <p class='ocr_par' dir='ltr' id='par_1_38' title="bbox 1959 1759 2228 1813">
     <span class='ocr_line' id='line_1_38' title="bbox 1959 1759 2228 1813; baseline -0.004 0"><span class='ocrx_word' id='word_1_247' title='bbox 1959 1759 1972 1792; x_wconf 67' lang='grc' dir='ltr'>ί</span> <span class='ocrx_word' id='word_1_248' title='bbox 2001 1759 2228 1813; x_wconf 77' lang='lat' dir='ltr'>Salutis.</span> 
     </span>
    </p>
   </div>
   <div class='ocr_carea' id='block_1_39' title="bbox 1950 1830 2466 1896">
    <p class='ocr_par' dir='ltr' id='par_1_39' title="bbox 1950 1830 2466 1896">
     <span class='ocr_line' id='line_1_39' title="bbox 1950 1830 2466 1896; baseline 0.002 -13"><span class='ocrx_word' id='word_1_249' title='bbox 1950 1845 1964 1896; x_wconf 90' lang='lat' dir='ltr'><strong>j</strong></span> <span class='ocrx_word' id='word_1_250' title='bbox 1998 1830 2286 1883; x_wconf 68' lang='lat' dir='ltr'>Habendos</span> <span class='ocrx_word' id='word_1_251' title='bbox 2316 1834 2466 1884; x_wconf 88' lang='lat' dir='ltr'>sunt.</span> 
     </span>
    </p>
   </div>
   <div class='ocr_carea' id='block_1_40' title="bbox 1956 1902 2652 1958">
    <p class='ocr_par' dir='ltr' id='par_1_40' title="bbox 1956 1902 2652 1958">
     <span class='ocr_line' id='line_1_40' title="bbox 1956 1902 2652 1958; baseline 0.004 -4"><span class='ocrx_word' id='word_1_252' title='bbox 1956 1903 1985 1945; x_wconf 77' lang='lat' dir='ltr'><strong>k</strong></span> <span class='ocrx_word' id='word_1_253' title='bbox 2015 1902 2221 1955; x_wconf 84' lang='lat' dir='ltr'>Auctor</span> <span class='ocrx_word' id='word_1_254' title='bbox 2248 1906 2459 1956; x_wconf 69' lang='lat' dir='ltr'>natura:</span> <span class='ocrx_word' id='word_1_255' title='bbox 2495 1905 2652 1958; x_wconf 87' lang='lat' dir='ltr'>Deus.</span> 
     </span>
    </p>
   </div>
   <div class='ocr_carea' id='block_1_41' title="bbox 1958 1973 2408 2028">
    <p class='ocr_par' dir='ltr' id='par_1_41' title="bbox 1958 1973 2408 2028">
     <span class='ocr_line' id='line_1_41' title="bbox 1958 1973 2408 2028; baseline 0.007 -3"><span class='ocrx_word' id='word_1_256' title='bbox 1958 1973 1973 2005; x_wconf 83' lang='grc'><strong>¹</strong></span> <span class='ocrx_word' id='word_1_257' title='bbox 2004 1973 2408 2028; x_wconf 84' lang='lat' dir='ltr'>Rudimentum.</span> 
     </span>
    </p>
   </div>
   <div class='ocr_carea' id='block_1_42' title="bbox 1958 2045 2343 2097">
    <p class='ocr_par' dir='ltr' id='par_1_42' title="bbox 1958 2045 2343 2097">
     <span class='ocr_line' id='line_1_42' title="bbox 1958 2045 2343 2097; baseline -0.003 0"><span class='ocrx_word' id='word_1_258' title='bbox 1958 2051 1997 2077; x_wconf 69' lang='grc' dir='ltr'>ω</span> <span class='ocrx_word' id='word_1_259' title='bbox 2027 2045 2343 2097; x_wconf 64' lang='grc' dir='ltr'>Εςιιονίρίῑιν.</span> 
     </span>
    </p>
   </div>
   <div class='ocr_carea' id='block_1_43' title="bbox 1956 2115 2365 2169">
    <p class='ocr_par' dir='ltr' id='par_1_43' title="bbox 1956 2115 2365 2169">
     <span class='ocr_line' id='line_1_43' title="bbox 1956 2115 2365 2169; baseline 0 -2"><span class='ocrx_word' id='word_1_260' title='bbox 1956 2128 1982 2155; x_wconf 85' lang='lat' dir='ltr'>n</span> <span class='ocrx_word' id='word_1_261' title='bbox 2018 2115 2365 2169; x_wconf 88' lang='lat' dir='ltr'>Imbuantur.</span> 
     </span>
    </p>
   </div>
   <div class='ocr_carea' id='block_1_44' title="bbox 1711 2227 1944 2286">
    <p class='ocr_par' dir='ltr' id='par_1_44' title="bbox 1711 2227 1944 2286">
     <span class='ocr_line' id='line_1_44' title="bbox 1711 2227 1944 2286; baseline 0.004 -2"><span class='ocrx_word' id='word_1_262' title='bbox 1711 2227 1916 2286; x_wconf 69' lang='lat' dir='ltr'><strong>NOTIE</strong></span> <span class='ocrx_word' id='word_1_263' title='bbox 1931 2273 1944 2285; x_wconf 94' lang='lat'>.</span> 
     </span>
    </p>
   </div>
   <div class='ocr_carea' id='block_1_45' title="bbox 119 2335 1780 2408">
    <p class='ocr_par' dir='ltr' id='par_1_45' title="bbox 119 2335 1780 2408">
     <span class='ocr_line' id='line_1_45' title="bbox 119 2335 1780 2408; baseline -0.001 -18"><span class='ocrx_word' id='word_1_264' title='bbox 119 2354 141 2390; x_wconf 83' lang='lat' dir='ltr'>a</span> <span class='ocrx_word' id='word_1_265' title='bbox 165 2337 332 2391; x_wconf 87' lang='lat' dir='ltr'>Boetio</span> <span class='ocrx_word' id='word_1_266' title='bbox 371 2335 732 2408; x_wconf 70' lang='lat' dir='ltr'>quaesivisset</span> <span class='ocrx_word' id='word_1_267' title='bbox 764 2352 775 2389; x_wconf 95' lang='lat'>:</span> <span class='ocrx_word' id='word_1_268' title='bbox 831 2335 1050 2392; x_wconf 78' lang='lat' dir='ltr'>Nihilne</span> <span class='ocrx_word' id='word_1_269' title='bbox 1100 2339 1152 2408; x_wconf 82' lang='lat' dir='ltr'>te</span> <span class='ocrx_word' id='word_1_270' title='bbox 1189 2335 1346 2389; x_wconf 84' lang='lat' dir='ltr'>aliud</span> <span class='ocrx_word' id='word_1_271' title='bbox 1393 2349 1504 2389; x_wconf 88' lang='lat' dir='ltr'>esse</span> <span class='ocrx_word' id='word_1_272' title='bbox 1539 2337 1780 2408; x_wconf 76' lang='lat' dir='ltr'>novisti?</span> 
     </span>
    </p>
   </div>
   <div class='ocr_carea' id='block_1_46' title="bbox 119 2407 1777 2478">
    <p class='ocr_par' dir='ltr' id='par_1_46' title="bbox 119 2407 1777 2478">
     <span class='ocr_line' id='line_1_46' title="bbox 119 2407 1777 2478; baseline 0 -18"><span class='ocrx_word' id='word_1_273' title='bbox 119 2414 157 2460; x_wconf 87' lang='lat' dir='ltr'>et</span> <span class='ocrx_word' id='word_1_274' title='bbox 186 2409 389 2461; x_wconf 86' lang='lat' dir='ltr'>Boetius</span> <span class='ocrx_word' id='word_1_275' title='bbox 420 2407 854 2478; x_wconf 82' lang='lat' dir='ltr'>respondisset:</span> <span class='ocrx_word' id='word_1_276' title='bbox 884 2408 1041 2461; x_wconf 85' lang='lat' dir='ltr'>Nihil</span> <span class='ocrx_word' id='word_1_277' title='bbox 1068 2407 1218 2473; x_wconf 86' lang='lat' dir='ltr'>:jam</span> <span class='ocrx_word' id='word_1_278' title='bbox 1248 2410 1374 2471; x_wconf 88' lang='lat' dir='ltr'>scio,</span> <span class='ocrx_word' id='word_1_279' title='bbox 1402 2407 1609 2476; x_wconf 86' lang='lat' dir='ltr'>inquit,</span> <span class='ocrx_word' id='word_1_280' title='bbox 1637 2422 1777 2460; x_wconf 88' lang='lat' dir='ltr'>mor-</span> 
     </span>
    </p>
   </div>
   <div class='ocr_carea' id='block_1_47' title="bbox 121 2479 1781 2546">
    <p class='ocr_par' dir='ltr' id='par_1_47' title="bbox 121 2479 1781 2546">
     <span class='ocr_line' id='line_1_47' title="bbox 121 2479 1781 2546; baseline 0.002 -17"><span class='ocrx_word' id='word_1_281' title='bbox 121 2479 160 2530; x_wconf 77' lang='lat' dir='ltr'>bi</span> <span class='ocrx_word' id='word_1_282' title='bbox 192 2484 256 2531; x_wconf 85' lang='lat' dir='ltr'>tui</span> <span class='ocrx_word' id='word_1_283' title='bbox 285 2482 446 2532; x_wconf 87' lang='lat' dir='ltr'>aliam</span> <span class='ocrx_word' id='word_1_284' title='bbox 474 2481 562 2532; x_wconf 78' lang='lat' dir='ltr'>vel</span> <span class='ocrx_word' id='word_1_285' title='bbox 593 2482 891 2532; x_wconf 71' lang='lat' dir='ltr'>maa&#39;imam</span> <span class='ocrx_word' id='word_1_286' title='bbox 923 2493 1163 2542; x_wconf 87' lang='lat' dir='ltr'>causam,</span> <span class='ocrx_word' id='word_1_287' title='bbox 1194 2479 1328 2546; x_wconf 84' lang='lat' dir='ltr'>quid</span> <span class='ocrx_word' id='word_1_288' title='bbox 1359 2483 1472 2546; x_wconf 86' lang='lat' dir='ltr'>ipse</span> <span class='ocrx_word' id='word_1_289' title='bbox 1497 2482 1595 2542; x_wconf 85' lang='lat' dir='ltr'>sis,</span> <span class='ocrx_word' id='word_1_290' title='bbox 1630 2493 1781 2532; x_wconf 87' lang='lat' dir='ltr'>nosse</span> 
     </span>
    </p>
   </div>
   <div class='ocr_carea' id='block_1_48' title="bbox 121 2551 499 2620">
    <p class='ocr_par' dir='ltr' id='par_1_48' title="bbox 121 2551 499 2620">
     <span class='ocr_line' id='line_1_48' title="bbox 121 2551 499 2620; baseline 0.008 -20"><span class='ocrx_word' id='word_1_291' title='bbox 121 2551 287 2604; x_wconf 71' lang='lat' dir='ltr'>desisti.</span> <span class='ocrx_word' id='word_1_292' title='bbox 322 2552 499 2620; x_wconf 85' lang='lat' dir='ltr'>Igitur</span> 
     </span>
    </p>
   </div>
   <div class='ocr_carea' id='block_1_49' title="bbox 177 2637 1781 2708">
    <p class='ocr_par' dir='ltr' id='par_1_49' title="bbox 177 2637 1781 2708">
     <span class='ocr_line' id='line_1_49' title="bbox 177 2637 1781 2708; baseline -0.001 -16"><span class='ocrx_word' id='word_1_293' title='bbox 177 2641 186 2670; x_wconf 86' lang='lat'><strong><em>‘</em></strong></span> <span class='ocrx_word' id='word_1_294' title='bbox 219 2638 346 2701; x_wconf 82' lang='lat' dir='ltr'>Quia</span> <span class='ocrx_word' id='word_1_295' title='bbox 374 2643 489 2708; x_wconf 84' lang='lat' dir='ltr'>ipse</span> <span class='ocrx_word' id='word_1_296' title='bbox 521 2642 626 2703; x_wconf 87' lang='lat' dir='ltr'>sis,</span> <span class='ocrx_word' id='word_1_297' title='bbox 669 2654 823 2692; x_wconf 87' lang='lat' dir='ltr'>nosse</span> <span class='ocrx_word' id='word_1_298' title='bbox 859 2638 1096 2706; x_wconf 60' lang='lat' dir='ltr'>desisti]</span> <span class='ocrx_word' id='word_1_299' title='bbox 1130 2639 1189 2690; x_wconf 91' lang='lat' dir='ltr'>V.</span> <span class='ocrx_word' id='word_1_300' title='bbox 1233 2637 1602 2706; x_wconf 84' lang='lat' dir='ltr'>Philosophia</span> <span class='ocrx_word' id='word_1_301' title='bbox 1632 2638 1781 2706; x_wconf 80' lang='lat' dir='ltr'>cogit</span> 
     </span>
    </p>
   </div>
   <div class='ocr_carea' id='block_1_50' title="bbox 126 2708 1778 2779">
    <p class='ocr_par' dir='ltr' id='par_1_50' title="bbox 126 2708 1778 2779">
     <span class='ocr_line' id='line_1_50' title="bbox 126 2708 1778 2779; baseline 0 -18"><span class='ocrx_word' id='word_1_302' title='bbox 126 2710 341 2763; x_wconf 89' lang='lat' dir='ltr'>Boetium</span> <span class='ocrx_word' id='word_1_303' title='bbox 373 2711 542 2764; x_wconf 85' lang='lat' dir='ltr'>fateri</span> <span class='ocrx_word' id='word_1_304' title='bbox 579 2725 634 2763; x_wconf 90' lang='lat' dir='ltr'>se</span> <span class='ocrx_word' id='word_1_305' title='bbox 658 2710 1028 2778; x_wconf 87' lang='lat' dir='ltr'>semetipsum</span> <span class='ocrx_word' id='word_1_306' title='bbox 1052 2708 1259 2779; x_wconf 89' lang='lat' dir='ltr'>partim</span> <span class='ocrx_word' id='word_1_307' title='bbox 1290 2710 1555 2775; x_wconf 81' lang='lat' dir='ltr'>ignorare</span> <span class='ocrx_word' id='word_1_308' title='bbox 1583 2726 1594 2760; x_wconf 93' lang='lat'>:</span> <span class='ocrx_word' id='word_1_309' title='bbox 1623 2725 1778 2771; x_wconf 88' lang='lat' dir='ltr'>nam,</span> 
     </span>
    </p>
   </div>
   <div class='ocr_carea' id='block_1_51' title="bbox 125 2780 1784 2849">
    <p class='ocr_par' dir='ltr' id='par_1_51' title="bbox 125 2780 1784 2849">
     <span class='ocr_line' id='line_1_51' title="bbox 125 2780 1784 2849; baseline 0.001 -17"><span class='ocrx_word' id='word_1_310' title='bbox 125 2791 170 2832; x_wconf 84' lang='lat' dir='ltr'>ut</span> <span class='ocrx_word' id='word_1_311' title='bbox 197 2781 466 2849; x_wconf 77' lang='lat' dir='ltr'>eleganter</span> <span class='ocrx_word' id='word_1_312' title='bbox 508 2781 595 2834; x_wconf 87' lang='lat' dir='ltr'>ait</span> <span class='ocrx_word' id='word_1_313' title='bbox 624 2782 877 2834; x_wconf 76' lang='lat' dir='ltr'>&#39;l‘ullinsr</span> <span class='ocrx_word' id='word_1_314' title='bbox 907 2781 1092 2841; x_wconf 86' lang='lat' dir='ltr'>Tusc.,</span> <span class='ocrx_word' id='word_1_315' title='bbox 1129 2782 1223 2832; x_wconf 88' lang='lat' dir='ltr'>Est</span> <span class='ocrx_word' id='word_1_316' title='bbox 1268 2780 1409 2832; x_wconf 81' lang='lat' dir='ltr'>illud</span> <span class='ocrx_word' id='word_1_317' title='bbox 1453 2780 1668 2847; x_wconf 81' lang='lat' dir='ltr'>quidem</span> <span class='ocrx_word' id='word_1_318' title='bbox 1698 2782 1784 2834; x_wconf 87' lang='lat' dir='ltr'>vel</span> 
     </span>
    </p>
   </div>
   <div class='ocr_carea' id='block_1_52' title="bbox 127 2850 1782 2919">
    <p class='ocr_par' dir='ltr' id='par_1_52' title="bbox 127 2850 1782 2919">
     <span class='ocr_line' id='line_1_52' title="bbox 127 2850 1782 2919; baseline -0.001 -14"><span class='ocrx_word' id='word_1_319' title='bbox 127 2856 400 2917; x_wconf 66' lang='lat' dir='ltr'>maximum,</span> <span class='ocrx_word' id='word_1_320' title='bbox 448 2855 639 2905; x_wconf 86' lang='lat' dir='ltr'>animo</span> <span class='ocrx_word' id='word_1_321' title='bbox 687 2854 804 2919; x_wconf 85' lang='lat' dir='ltr'>ipso</span> <span class='ocrx_word' id='word_1_322' title='bbox 855 2855 1098 2904; x_wconf 87' lang='lat' dir='ltr'>animum</span> <span class='ocrx_word' id='word_1_323' title='bbox 1144 2851 1372 2903; x_wconf 85' lang='lat' dir='ltr'>videre:</span> <span class='ocrx_word' id='word_1_324' title='bbox 1423 2857 1472 2903; x_wconf 67' lang='lat' dir='ltr'>et</span> <span class='ocrx_word' id='word_1_325' title='bbox 1521 2850 1782 2903; x_wconf 83' lang='lat' dir='ltr'>nimirum</span> 
     </span>
    </p>
   </div>
   <div class='ocr_carea' id='block_1_53' title="bbox 129 2924 1783 2991">
    <p class='ocr_par' dir='ltr' id='par_1_53' title="bbox 129 2924 1783 2991">
     <span class='ocr_line' id='line_1_53' title="bbox 129 2924 1783 2991; baseline -0.001 -16"><span class='ocrx_word' id='word_1_326' title='bbox 129 2925 233 2976; x_wconf 78' lang='lat' dir='ltr'>lianc</span> <span class='ocrx_word' id='word_1_327' title='bbox 261 2925 407 2977; x_wconf 82' lang='lat' dir='ltr'>habet</span> <span class='ocrx_word' id='word_1_328' title='bbox 434 2928 551 2976; x_wconf 86' lang='lat' dir='ltr'>vim</span> <span class='ocrx_word' id='word_1_329' title='bbox 586 2928 909 2991; x_wconf 54' lang='lat' dir='ltr'>praceptum</span> <span class='ocrx_word' id='word_1_330' title='bbox 940 2924 1238 2990; x_wconf 83' lang='lat' dir='ltr'>Apollinis,</span> <span class='ocrx_word' id='word_1_331' title='bbox 1272 2937 1378 2989; x_wconf 91' lang='lat' dir='ltr'>quo</span> <span class='ocrx_word' id='word_1_332' title='bbox 1412 2928 1607 2986; x_wconf 82' lang='lat' dir='ltr'>monet,</span> <span class='ocrx_word' id='word_1_333' title='bbox 1641 2927 1698 2973; x_wconf 89' lang='lat' dir='ltr'>ut</span> <span class='ocrx_word' id='word_1_334' title='bbox 1729 2938 1783 2974; x_wconf 89' lang='lat' dir='ltr'>se</span> 
     </span>
    </p>
   </div>
   <div class='ocr_carea' id='block_1_54' title="bbox 130 2993 1782 3062">
    <p class='ocr_par' dir='ltr' id='par_1_54' title="bbox 130 2993 1782 3062">
     <span class='ocr_line' id='line_1_54' title="bbox 130 2993 1782 3062; baseline 0.001 -18"><span class='ocrx_word' id='word_1_335' title='bbox 130 2997 315 3062; x_wconf 84' lang='lat' dir='ltr'>quisque</span> <span class='ocrx_word' id='word_1_336' title='bbox 340 3001 523 3049; x_wconf 88' lang='lat' dir='ltr'>noscat</span> <span class='ocrx_word' id='word_1_337' title='bbox 559 3011 579 3046; x_wconf 89' lang='lat'><em>:</em></span> <span class='ocrx_word' id='word_1_338' title='bbox 610 3010 714 3047; x_wconf 87' lang='lat' dir='ltr'>non</span> <span class='ocrx_word' id='word_1_339' title='bbox 743 2996 882 3046; x_wconf 84' lang='lat' dir='ltr'>enim</span> <span class='ocrx_word' id='word_1_340' title='bbox 925 2993 1080 3046; x_wconf 84' lang='lat' dir='ltr'>credo</span> <span class='ocrx_word' id='word_1_341' title='bbox 1119 2993 1178 3045; x_wconf 83' lang='lat' dir='ltr'>id</span> <span class='ocrx_word' id='word_1_342' title='bbox 1218 2995 1492 3061; x_wconf 78' lang='lat' dir='ltr'>praecipit,</span> <span class='ocrx_word' id='word_1_343' title='bbox 1529 2999 1588 3045; x_wconf 91' lang='lat' dir='ltr'>ut</span> <span class='ocrx_word' id='word_1_344' title='bbox 1619 3008 1782 3045; x_wconf 85' lang='lat' dir='ltr'>mem-</span> 
     </span>
    </p>
   </div>
   <div class='ocr_carea' id='block_1_55' title="bbox 130 3067 1783 3131">
    <p class='ocr_par' dir='ltr' id='par_1_55' title="bbox 130 3067 1783 3131">
     <span class='ocr_line' id='line_1_55' title="bbox 130 3067 1783 3131; baseline -0.001 -15"><span class='ocrx_word' id='word_1_345' title='bbox 130 3067 204 3117; x_wconf 81' lang='lat' dir='ltr'>bra</span> <span class='ocrx_word' id='word_1_346' title='bbox 239 3072 412 3120; x_wconf 88' lang='lat' dir='ltr'>nostra</span> <span class='ocrx_word' id='word_1_347' title='bbox 460 3072 565 3120; x_wconf 88' lang='lat' dir='ltr'>aut</span> <span class='ocrx_word' id='word_1_348' title='bbox 609 3070 880 3120; x_wconf 84' lang='lat' dir='ltr'>staturam</span> <span class='ocrx_word' id='word_1_349' title='bbox 920 3068 1217 3131; x_wconf 84' lang='lat' dir='ltr'>ﬁguram-ve</span> <span class='ocrx_word' id='word_1_350' title='bbox 1253 3079 1533 3117; x_wconf 85' lang='lat' dir='ltr'>noscamus</span> <span class='ocrx_word' id='word_1_351' title='bbox 1562 3081 1578 3116; x_wconf 97' lang='lat'><em>:</em></span> <span class='ocrx_word' id='word_1_352' title='bbox 1613 3080 1783 3131; x_wconf 82' lang='lat' dir='ltr'>neque</span> 
     </span>
    </p>
   </div>
   <div class='ocr_carea' id='block_1_56' title="bbox 129 3135 1784 3205">
    <p class='ocr_par' dir='ltr' id='par_1_56' title="bbox 129 3135 1784 3205">
     <span class='ocr_line' id='line_1_56' title="bbox 129 3135 1784 3205; baseline -0.001 -17"><span class='ocrx_word' id='word_1_353' title='bbox 129 3151 200 3189; x_wconf 82' lang='lat' dir='ltr'>nos</span> <span class='ocrx_word' id='word_1_354' title='bbox 225 3153 430 3205; x_wconf 87' lang='lat' dir='ltr'>corpora</span> <span class='ocrx_word' id='word_1_355' title='bbox 467 3151 662 3191; x_wconf 89' lang='lat' dir='ltr'>sumus</span> <span class='ocrx_word' id='word_1_356' title='bbox 700 3152 712 3188; x_wconf 91' lang='lat'>:</span> <span class='ocrx_word' id='word_1_357' title='bbox 746 3151 912 3199; x_wconf 87' lang='lat' dir='ltr'>neque</span> <span class='ocrx_word' id='word_1_358' title='bbox 945 3151 1039 3202; x_wconf 82' lang='lat' dir='ltr'>ego</span> <span class='ocrx_word' id='word_1_359' title='bbox 1070 3136 1171 3188; x_wconf 85' lang='lat' dir='ltr'>tibi</span> <span class='ocrx_word' id='word_1_360' title='bbox 1209 3135 1392 3187; x_wconf 88' lang='lat' dir='ltr'>dicens</span> <span class='ocrx_word' id='word_1_361' title='bbox 1424 3136 1538 3198; x_wconf 88' lang='lat' dir='ltr'>hoc,</span> <span class='ocrx_word' id='word_1_362' title='bbox 1570 3137 1784 3200; x_wconf 81' lang='lat' dir='ltr'>corpori</span> 
     </span>
    </p>
   </div>
   <div class='ocr_carea' id='block_1_57' title="bbox 131 3206 1785 3274">
    <p class='ocr_par' dir='ltr' id='par_1_57' title="bbox 131 3206 1785 3274">
     <span class='ocr_line' id='line_1_57' title="bbox 131 3206 1785 3274; baseline -0.001 -15"><span class='ocrx_word' id='word_1_363' title='bbox 131 3213 198 3260; x_wconf 86' lang='lat' dir='ltr'>tuo</span> <span class='ocrx_word' id='word_1_364' title='bbox 222 3209 344 3261; x_wconf 85' lang='lat' dir='ltr'>dico.</span> <span class='ocrx_word' id='word_1_365' title='bbox 379 3211 512 3264; x_wconf 89' lang='lat' dir='ltr'>Cum</span> <span class='ocrx_word' id='word_1_366' title='bbox 565 3209 758 3274; x_wconf 82' lang='lat' dir='ltr'>igitur,</span> <span class='ocrx_word' id='word_1_367' title='bbox 791 3209 953 3260; x_wconf 78' lang='lat' dir='ltr'>Nosce</span> <span class='ocrx_word' id='word_1_368' title='bbox 993 3212 1060 3269; x_wconf 90' lang='lat' dir='ltr'>te,</span> <span class='ocrx_word' id='word_1_369' title='bbox 1093 3206 1259 3270; x_wconf 78' lang='lat' dir='ltr'>dicit;</span> <span class='ocrx_word' id='word_1_370' title='bbox 1297 3208 1390 3258; x_wconf 85' lang='lat' dir='ltr'>hoc</span> <span class='ocrx_word' id='word_1_371' title='bbox 1429 3206 1582 3271; x_wconf 84' lang='lat' dir='ltr'>dicit,</span> <span class='ocrx_word' id='word_1_372' title='bbox 1619 3208 1785 3260; x_wconf 86' lang='lat' dir='ltr'>Nosce</span> 
     </span>
    </p>
   </div>
   <div class='ocr_carea' id='block_1_58' title="bbox 131 3278 1783 3344">
    <p class='ocr_par' dir='ltr' id='par_1_58' title="bbox 131 3278 1783 3344">
     <span class='ocr_line' id='line_1_58' title="bbox 131 3278 1783 3344; baseline -0.001 -14"><span class='ocrx_word' id='word_1_373' title='bbox 131 3281 331 3332; x_wconf 87' lang='lat' dir='ltr'>animum</span> <span class='ocrx_word' id='word_1_374' title='bbox 360 3286 512 3333; x_wconf 89' lang='lat' dir='ltr'>tuum</span> <span class='ocrx_word' id='word_1_375' title='bbox 538 3295 552 3332; x_wconf 92' lang='lat'>:</span> <span class='ocrx_word' id='word_1_376' title='bbox 600 3294 727 3330; x_wconf 90' lang='lat' dir='ltr'>nam</span> <span class='ocrx_word' id='word_1_377' title='bbox 757 3292 949 3344; x_wconf 86' lang='lat' dir='ltr'>corpus</span> <span class='ocrx_word' id='word_1_378' title='bbox 981 3278 1199 3344; x_wconf 80' lang='lat' dir='ltr'>quidem</span> <span class='ocrx_word' id='word_1_379' title='bbox 1229 3279 1391 3343; x_wconf 81' lang='lat' dir='ltr'>quasi</span> <span class='ocrx_word' id='word_1_380' title='bbox 1417 3291 1513 3328; x_wconf 87' lang='lat' dir='ltr'>vas</span> <span class='ocrx_word' id='word_1_381' title='bbox 1543 3281 1639 3340; x_wconf 86' lang='lat' dir='ltr'>est,</span> <span class='ocrx_word' id='word_1_382' title='bbox 1686 3281 1783 3328; x_wconf 89' lang='lat' dir='ltr'>aut</span> 
     </span>
    </p>
   </div>
   <div class='ocr_carea' id='block_1_59' title="bbox 131 3347 1784 3417">
    <p class='ocr_par' dir='ltr' id='par_1_59' title="bbox 131 3347 1784 3417">
     <span class='ocr_line' id='line_1_59' title="bbox 131 3347 1784 3417; baseline -0.001 -17"><span class='ocrx_word' id='word_1_383' title='bbox 131 3351 311 3416; x_wconf 83' lang='lat' dir='ltr'>aliquod</span> <span class='ocrx_word' id='word_1_384' title='bbox 351 3353 522 3404; x_wconf 87' lang='lat' dir='ltr'>animi</span> <span class='ocrx_word' id='word_1_385' title='bbox 568 3350 1002 3417; x_wconf 82' lang='lat' dir='ltr'>receptaculum;</span> <span class='ocrx_word' id='word_1_386' title='bbox 1035 3348 1102 3400; x_wconf 86' lang='lat' dir='ltr'>ab</span> <span class='ocrx_word' id='word_1_387' title='bbox 1143 3351 1320 3400; x_wconf 89' lang='lat' dir='ltr'>animo</span> <span class='ocrx_word' id='word_1_388' title='bbox 1369 3353 1456 3400; x_wconf 91' lang='lat' dir='ltr'>tuo</span> <span class='ocrx_word' id='word_1_389' title='bbox 1506 3347 1784 3414; x_wconf 79' lang='lat' dir='ltr'>quidquid</span> 
     </span>
    </p>
   </div>
   <div class='ocr_carea' id='block_1_60' title="bbox 131 3420 1784 3489">
    <p class='ocr_par' dir='ltr' id='par_1_60' title="bbox 131 3420 1784 3489">
     <span class='ocr_line' id='line_1_60' title="bbox 131 3420 1784 3489; baseline -0.001 -18"><span class='ocrx_word' id='word_1_390' title='bbox 131 3423 297 3488; x_wconf 84' lang='lat' dir='ltr'>agitur,</span> <span class='ocrx_word' id='word_1_391' title='bbox 328 3421 384 3475; x_wconf 86' lang='lat' dir='ltr'>id</span> <span class='ocrx_word' id='word_1_392' title='bbox 413 3425 611 3489; x_wconf 88' lang='lat' dir='ltr'>agitur</span> <span class='ocrx_word' id='word_1_393' title='bbox 654 3437 687 3473; x_wconf 90' lang='lat' dir='ltr'>a</span> <span class='ocrx_word' id='word_1_394' title='bbox 717 3426 797 3472; x_wconf 92' lang='lat' dir='ltr'>te:</span> <span class='ocrx_word' id='word_1_395' title='bbox 834 3420 972 3473; x_wconf 84' lang='lat' dir='ltr'>hunc</span> <span class='ocrx_word' id='word_1_396' title='bbox 1006 3422 1179 3486; x_wconf 87' lang='lat' dir='ltr'>igitur</span> <span class='ocrx_word' id='word_1_397' title='bbox 1209 3433 1360 3471; x_wconf 90' lang='lat' dir='ltr'>nosse</span> <span class='ocrx_word' id='word_1_398' title='bbox 1398 3421 1506 3470; x_wconf 85' lang='lat' dir='ltr'>nisi</span> <span class='ocrx_word' id='word_1_399' title='bbox 1537 3420 1784 3470; x_wconf 85' lang='lat' dir='ltr'>divinum</span> 
     </span>
    </p>
   </div>
   <div class='ocr_carea' id='block_1_61' title="bbox 132 3489 1784 3558">
    <p class='ocr_par' dir='ltr' id='par_1_61' title="bbox 132 3489 1784 3558">
     <span class='ocr_line' id='line_1_61' title="bbox 132 3489 1784 3558; baseline -0.001 -17"><span class='ocrx_word' id='word_1_400' title='bbox 132 3501 251 3558; x_wconf 84' lang='lat' dir='ltr'>esset,</span> <span class='ocrx_word' id='word_1_401' title='bbox 276 3509 376 3546; x_wconf 87' lang='lat' dir='ltr'>non</span> <span class='ocrx_word' id='word_1_402' title='bbox 410 3499 546 3547; x_wconf 83' lang='lat' dir='ltr'>esset</span> <span class='ocrx_word' id='word_1_403' title='bbox 598 3492 692 3544; x_wconf 85' lang='lat' dir='ltr'>hoc</span> <span class='ocrx_word' id='word_1_404' title='bbox 731 3493 956 3544; x_wconf 87' lang='lat' dir='ltr'>acrioris</span> <span class='ocrx_word' id='word_1_405' title='bbox 996 3489 1283 3558; x_wconf 86' lang='lat' dir='ltr'>cujusdam</span> <span class='ocrx_word' id='word_1_406' title='bbox 1330 3493 1501 3542; x_wconf 88' lang='lat' dir='ltr'>animi</span> <span class='ocrx_word' id='word_1_407' title='bbox 1541 3505 1784 3558; x_wconf 78' lang='lat' dir='ltr'>praecep-</span> 
     </span>
    </p>
   </div>
   <div class='ocr_carea' id='block_1_62' title="bbox 134 3564 1785 3629">
    <p class='ocr_par' dir='ltr' id='par_1_62' title="bbox 134 3564 1785 3629">
     <span class='ocr_line' id='line_1_62' title="bbox 134 3564 1785 3629; baseline -0.001 -15"><span class='ocrx_word' id='word_1_408' title='bbox 134 3567 237 3627; x_wconf 84' lang='lat' dir='ltr'>tum,</span> <span class='ocrx_word' id='word_1_409' title='bbox 263 3567 352 3629; x_wconf 84' lang='lat' dir='ltr'>sic,</span> <span class='ocrx_word' id='word_1_410' title='bbox 387 3571 446 3618; x_wconf 88' lang='lat' dir='ltr'>ut</span> <span class='ocrx_word' id='word_1_411' title='bbox 487 3564 762 3618; x_wconf 87' lang='lat' dir='ltr'>tributum</span> <span class='ocrx_word' id='word_1_412' title='bbox 807 3565 908 3615; x_wconf 86' lang='lat' dir='ltr'>Deo</span> <span class='ocrx_word' id='word_1_413' title='bbox 953 3564 1044 3626; x_wconf 86' lang='lat' dir='ltr'>sit,</span> <span class='ocrx_word' id='word_1_414' title='bbox 1079 3564 1172 3614; x_wconf 87' lang='lat' dir='ltr'>hoc</span> <span class='ocrx_word' id='word_1_415' title='bbox 1211 3566 1306 3625; x_wconf 86' lang='lat' dir='ltr'>est,</span> <span class='ocrx_word' id='word_1_416' title='bbox 1349 3564 1586 3628; x_wconf 84' lang='lat' dir='ltr'>seipsum</span> <span class='ocrx_word' id='word_1_417' title='bbox 1633 3575 1785 3628; x_wconf 78' lang='lat' dir='ltr'>posse</span> 
     </span>
    </p>
   </div>
   <div class='ocr_carea' id='block_1_63' title="bbox 134 3631 1780 3705">
    <p class='ocr_par' dir='ltr' id='par_1_63' title="bbox 134 3631 1780 3705">
     <span class='ocr_line' id='line_1_63' title="bbox 134 3631 1780 3705; baseline 0 -21"><span class='ocrx_word' id='word_1_418' title='bbox 134 3647 417 3700; x_wconf 82' lang='lat' dir='ltr'>cognoscere.</span> <span class='ocrx_word' id='word_1_419' title='bbox 453 3634 634 3705; x_wconf 80' lang='lat' dir='ltr'>Atqui</span> <span class='ocrx_word' id='word_1_420' title='bbox 672 3635 920 3699; x_wconf 89' lang='lat' dir='ltr'>Boetius,</span> <span class='ocrx_word' id='word_1_421' title='bbox 951 3633 1104 3702; x_wconf 90' lang='lat' dir='ltr'>quod</span> <span class='ocrx_word' id='word_1_422' title='bbox 1136 3631 1478 3705; x_wconf 84' lang='lat' dir='ltr'>quibusdam</span> <span class='ocrx_word' id='word_1_423' title='bbox 1512 3631 1780 3701; x_wconf 72' lang='lat' dir='ltr'>przejudi-</span> 
     </span>
    </p>
   </div>
   <div class='ocr_carea' id='block_1_64' title="bbox 135 3703 1782 3777">
    <p class='ocr_par' dir='ltr' id='par_1_64' title="bbox 135 3703 1782 3777">
     <span class='ocr_line' id='line_1_64' title="bbox 135 3703 1782 3777; baseline 0 -23"><span class='ocrx_word' id='word_1_424' title='bbox 135 3706 210 3777; x_wconf 84' lang='lat' dir='ltr'>ciis</span> <span class='ocrx_word' id='word_1_425' title='bbox 235 3714 524 3777; x_wconf 88' lang='lat' dir='ltr'>occupatus</span> <span class='ocrx_word' id='word_1_426' title='bbox 551 3703 684 3758; x_wconf 74' lang='lat' dir='ltr'>sese</span> <span class='ocrx_word' id='word_1_427' title='bbox 725 3721 758 3757; x_wconf 91' lang='lat' dir='ltr'>a</span> <span class='ocrx_word' id='word_1_428' title='bbox 785 3705 1092 3777; x_wconf 81' lang='lat' dir='ltr'>bestiarum</span> <span class='ocrx_word' id='word_1_429' title='bbox 1138 3703 1465 3756; x_wconf 89' lang='lat' dir='ltr'>conditione</span> <span class='ocrx_word' id='word_1_430' title='bbox 1511 3719 1629 3756; x_wconf 90' lang='lat' dir='ltr'>non</span> <span class='ocrx_word' id='word_1_431' title='bbox 1691 3720 1782 3777; x_wconf 85' lang='lat' dir='ltr'>sa-</span> 
     </span>
    </p>
   </div>
   <div class='ocr_carea' id='block_1_65' title="bbox 134 3773 1785 3839">
    <p class='ocr_par' dir='ltr' id='par_1_65' title="bbox 134 3773 1785 3839">
     <span class='ocr_line' id='line_1_65' title="bbox 134 3773 1785 3839; baseline -0.001 -13"><span class='ocrx_word' id='word_1_432' title='bbox 134 3773 187 3826; x_wconf 90' lang='lat' dir='ltr'>tis</span> <span class='ocrx_word' id='word_1_433' title='bbox 220 3773 551 3839; x_wconf 84' lang='lat' dir='ltr'>secernebat,</span> <span class='ocrx_word' id='word_1_434' title='bbox 589 3777 846 3830; x_wconf 90' lang='lat' dir='ltr'>animum</span> <span class='ocrx_word' id='word_1_435' title='bbox 878 3775 992 3828; x_wconf 88' lang='lat' dir='ltr'>sive</span> <span class='ocrx_word' id='word_1_436' title='bbox 1027 3780 1275 3828; x_wconf 89' lang='lat' dir='ltr'>mentem</span> <span class='ocrx_word' id='word_1_437' title='bbox 1311 3791 1471 3826; x_wconf 90' lang='lat' dir='ltr'>suam</span> <span class='ocrx_word' id='word_1_438' title='bbox 1504 3790 1617 3827; x_wconf 93' lang='lat' dir='ltr'>non</span> <span class='ocrx_word' id='word_1_439' title='bbox 1650 3775 1785 3826; x_wconf 87' lang='lat' dir='ltr'>satis</span> 
     </span>
    </p>
   </div>
   <div class='ocr_carea' id='block_1_66' title="bbox 135 3846 1787 3916">
    <p class='ocr_par' dir='ltr' id='par_1_66' title="bbox 135 3846 1787 3916">
     <span class='ocr_line' id='line_1_66' title="bbox 135 3846 1787 3916; baseline 0.001 -20"><span class='ocrx_word' id='word_1_440' title='bbox 135 3847 382 3902; x_wconf 75' lang='lat' dir='ltr'>videbatur</span> <span class='ocrx_word' id='word_1_441' title='bbox 411 3864 761 3916; x_wconf 71' lang='lat' dir='ltr'>cognoscere</span> <span class='ocrx_word' id='word_1_442' title='bbox 793 3864 806 3900; x_wconf 90' lang='lat'>:</span> <span class='ocrx_word' id='word_1_443' title='bbox 841 3846 974 3900; x_wconf 90' lang='lat' dir='ltr'>hinc</span> <span class='ocrx_word' id='word_1_444' title='bbox 1005 3846 1062 3899; x_wconf 93' lang='lat' dir='ltr'>in</span> <span class='ocrx_word' id='word_1_445' title='bbox 1089 3847 1273 3898; x_wconf 80' lang='lat' dir='ltr'>varios</span> <span class='ocrx_word' id='word_1_446' title='bbox 1301 3847 1489 3913; x_wconf 83' lang='lat' dir='ltr'>lapsus</span> <span class='ocrx_word' id='word_1_447' title='bbox 1520 3851 1605 3897; x_wconf 88' lang='lat' dir='ltr'>est</span> <span class='ocrx_word' id='word_1_448' title='bbox 1634 3861 1787 3898; x_wconf 90' lang='lat' dir='ltr'>erro-</span> 
     </span>
    </p>
   </div>
   <div class='ocr_carea' id='block_1_67' title="bbox 136 3916 1626 3988">
    <p class='ocr_par' dir='ltr' id='par_1_67' title="bbox 136 3916 1626 3988">
     <span class='ocr_line' id='line_1_67' title="bbox 136 3916 1626 3988; baseline -0.002 -18"><span class='ocrx_word' id='word_1_449' title='bbox 136 3933 218 3978; x_wconf 81' lang='lat' dir='ltr'>res,</span> <span class='ocrx_word' id='word_1_450' title='bbox 246 3937 374 3987; x_wconf 88' lang='lat' dir='ltr'>quos</span> <span class='ocrx_word' id='word_1_451' title='bbox 405 3919 783 3988; x_wconf 87' lang='lat' dir='ltr'>Philosophia</span> <span class='ocrx_word' id='word_1_452' title='bbox 814 3918 905 3971; x_wconf 90' lang='lat' dir='ltr'>hic</span> <span class='ocrx_word' id='word_1_453' title='bbox 931 3918 1164 3986; x_wconf 86' lang='lat' dir='ltr'>suscipit</span> <span class='ocrx_word' id='word_1_454' title='bbox 1187 3916 1626 3969; x_wconf 88' lang='lat' dir='ltr'>enumerandos.</span> 
     </span>
    </p>
   </div>
   <div class='ocr_carea' id='block_1_68' title="bbox 188 3986 1786 4055">
    <p class='ocr_par' dir='ltr' id='par_1_68' title="bbox 188 3986 1786 4055">
     <span class='ocr_line' id='line_1_68' title="bbox 188 3986 1786 4055; baseline -0.004 -11"><span class='ocrx_word' id='word_1_455' title='bbox 188 3992 204 4023; x_wconf 86' lang='grc'>²</span> <span class='ocrx_word' id='word_1_456' title='bbox 228 3986 523 4045; x_wconf 85' lang='lat' dir='ltr'>Plenissime</span> <span class='ocrx_word' id='word_1_457' title='bbox 568 3986 662 4043; x_wconf 83' lang='lat' dir='ltr'>vel</span> <span class='ocrx_word' id='word_1_458' title='bbox 691 3991 1038 4055; x_wconf 74' lang='lat' dir='ltr'>aegritudinis</span> <span class='ocrx_word' id='word_1_459' title='bbox 1084 3995 1187 4041; x_wconf 67' lang='lat' dir='ltr'>tua.&quot;</span> <span class='ocrx_word' id='word_1_460' title='bbox 1224 3991 1510 4051; x_wconf 84' lang='lat' dir='ltr'>rationem,</span> <span class='ocrx_word' id='word_1_461' title='bbox 1547 3989 1624 4039; x_wconf 81' lang='lat' dir='ltr'>vel</span> <span class='ocrx_word' id='word_1_462' title='bbox 1663 3986 1786 4038; x_wconf 88' lang='lat' dir='ltr'>adi-</span> 
     </span>
    </p>
   </div>
   <div class='ocr_carea' id='block_1_69' title="bbox 139 4057 1788 4128">
    <p class='ocr_par' dir='ltr' id='par_1_69' title="bbox 139 4057 1788 4128">
     <span class='ocr_line' id='line_1_69' title="bbox 139 4057 1788 4128; baseline 0 -18"><span class='ocrx_word' id='word_1_463' title='bbox 139 4063 223 4112; x_wconf 84' lang='lat' dir='ltr'>tum</span> <span class='ocrx_word' id='word_1_464' title='bbox 257 4062 666 4116; x_wconf 56' lang='lat' dir='ltr'>reconcilianda</span> <span class='ocrx_word' id='word_1_465' title='bbox 695 4063 976 4128; x_wconf 83' lang='lat' dir='ltr'>sospitatis</span> <span class='ocrx_word' id='word_1_466' title='bbox 1029 4059 1254 4126; x_wconf 79' lang='lat' dir='ltr'>inveni]</span> <span class='ocrx_word' id='word_1_467' title='bbox 1301 4059 1384 4110; x_wconf 83' lang='lat' dir='ltr'>Vl.</span> <span class='ocrx_word' id='word_1_468' title='bbox 1423 4057 1788 4124; x_wconf 80' lang='lat' dir='ltr'>Philosophia</span> 
     </span>
    </p>
   </div>
   <div class='ocr_carea' id='block_1_70' title="bbox 138 4129 1786 4203">
    <p class='ocr_par' dir='ltr' id='par_1_70' title="bbox 138 4129 1786 4203">
     <span class='ocr_line' id='line_1_70' title="bbox 138 4129 1786 4203; baseline -0.001 -23"><span class='ocrx_word' id='word_1_469' title='bbox 138 4145 284 4195; x_wconf 79' lang='lat' dir='ltr'>exeo,</span> <span class='ocrx_word' id='word_1_470' title='bbox 313 4139 460 4203; x_wconf 88' lang='lat' dir='ltr'>quod</span> <span class='ocrx_word' id='word_1_471' title='bbox 495 4135 726 4186; x_wconf 87' lang='lat' dir='ltr'>Boetius</span> <span class='ocrx_word' id='word_1_472' title='bbox 761 4136 935 4185; x_wconf 90' lang='lat' dir='ltr'>Deum</span> <span class='ocrx_word' id='word_1_473' title='bbox 969 4137 1021 4184; x_wconf 90' lang='lat' dir='ltr'>et</span> <span class='ocrx_word' id='word_1_474' title='bbox 1051 4138 1420 4198; x_wconf 84' lang='lat' dir='ltr'>semetipsum</span> <span class='ocrx_word' id='word_1_475' title='bbox 1453 4129 1659 4197; x_wconf 83' lang='lat' dir='ltr'>partim</span> <span class='ocrx_word' id='word_1_476' title='bbox 1693 4146 1786 4203; x_wconf 87' lang='lat' dir='ltr'>co-</span> 
     </span>
    </p>
   </div>
   <div class='ocr_carea' id='block_1_71' title="bbox 139 4201 1791 4275">
    <p class='ocr_par' dir='ltr' id='par_1_71' title="bbox 139 4201 1791 4275">
     <span class='ocr_line' id='line_1_71' title="bbox 139 4201 1791 4275; baseline -0.003 -20"><span class='ocrx_word' id='word_1_477' title='bbox 139 4201 354 4275; x_wconf 35' lang='lat' dir='ltr'>gnoi&#39;eri‘t</span> <span class='ocrx_word' id='word_1_478' title='bbox 384 4206 713 4275; x_wconf 86' lang='lat' dir='ltr'>partimque</span> <span class='ocrx_word' id='word_1_479' title='bbox 736 4203 1083 4272; x_wconf 87' lang='lat' dir='ltr'>ignoraverit</span> <span class='ocrx_word' id='word_1_480' title='bbox 1115 4203 1348 4275; x_wconf 76' lang='lat' dir='ltr'>colligit,</span> <span class='ocrx_word' id='word_1_481' title='bbox 1388 4203 1632 4275; x_wconf 85' lang='lat' dir='ltr'>primum</span> <span class='ocrx_word' id='word_1_482' title='bbox 1669 4201 1791 4268; x_wconf 87' lang='lat' dir='ltr'>qui-</span> 
     </span>
    </p>
   </div>
   <div class='ocr_carea' id='block_1_72' title="bbox 139 4271 1789 4345">
    <p class='ocr_par' dir='ltr' id='par_1_72' title="bbox 139 4271 1789 4345">
     <span class='ocr_line' id='line_1_72' title="bbox 139 4271 1789 4345; baseline -0.003 -18"><span class='ocrx_word' id='word_1_483' title='bbox 139 4271 238 4327; x_wconf 82' lang='lat' dir='ltr'>dem</span> <span class='ocrx_word' id='word_1_484' title='bbox 265 4271 447 4330; x_wconf 79' lang='lat' dir='ltr'>causas</span> <span class='ocrx_word' id='word_1_485' title='bbox 478 4271 844 4345; x_wconf 38' lang='lat' dir='ltr'>{tigri—tudinis</span> <span class='ocrx_word' id='word_1_486' title='bbox 886 4275 1083 4338; x_wconf 88' lang='lat' dir='ltr'>Boetii,</span> <span class='ocrx_word' id='word_1_487' title='bbox 1118 4274 1323 4325; x_wconf 82' lang='lat' dir='ltr'>deinde</span> <span class='ocrx_word' id='word_1_488' title='bbox 1362 4271 1596 4345; x_wconf 79' lang='lat' dir='ltr'>modum</span> <span class='ocrx_word' id='word_1_489' title='bbox 1625 4288 1789 4322; x_wconf 72' lang='lat' dir='ltr'>rei-u-</span> 
     </span>
    </p>
   </div>
   <div class='ocr_carea' id='block_1_73' title="bbox 141 4343 1788 4415">
    <p class='ocr_par' dir='ltr' id='par_1_73' title="bbox 141 4343 1788 4415">
     <span class='ocr_line' id='line_1_73' title="bbox 141 4343 1788 4415; baseline -0.001 -21"><span class='ocrx_word' id='word_1_490' title='bbox 141 4348 362 4410; x_wconf 74' lang='lat' dir='ltr'>perandze</span> <span class='ocrx_word' id='word_1_491' title='bbox 394 4343 656 4400; x_wconf 72' lang='lat' dir='ltr'>sanitatis</span> <span class='ocrx_word' id='word_1_492' title='bbox 697 4346 948 4415; x_wconf 84' lang='lat' dir='ltr'>ejusdem</span> <span class='ocrx_word' id='word_1_493' title='bbox 977 4362 988 4397; x_wconf 88' lang='lat'><strong>:</strong></span> <span class='ocrx_word' id='word_1_494' title='bbox 1029 4361 1210 4396; x_wconf 67' lang='lat' dir='ltr'>causa:</span> <span class='ocrx_word' id='word_1_495' title='bbox 1248 4343 1432 4394; x_wconf 86' lang='lat' dir='ltr'>morbi</span> <span class='ocrx_word' id='word_1_496' title='bbox 1462 4349 1595 4415; x_wconf 88' lang='lat' dir='ltr'>sunt</span> <span class='ocrx_word' id='word_1_497' title='bbox 1629 4345 1788 4411; x_wconf 85' lang='lat' dir='ltr'>igno-</span> 
     </span>
    </p>
   </div>
   <div class='ocr_carea' id='block_1_74' title="bbox 143 4414 1788 4485">
    <p class='ocr_par' dir='ltr' id='par_1_74' title="bbox 143 4414 1788 4485">
     <span class='ocr_line' id='line_1_74' title="bbox 143 4414 1788 4485; baseline 0 -21"><span class='ocrx_word' id='word_1_498' title='bbox 143 4417 278 4478; x_wconf 81' lang='lat' dir='ltr'>ratio;</span> <span class='ocrx_word' id='word_1_499' title='bbox 320 4421 519 4472; x_wconf 89' lang='lat' dir='ltr'>modiis</span> <span class='ocrx_word' id='word_1_500' title='bbox 574 4414 1152 4485; x_wconf 19' lang='lat' dir='ltr'>vero’recuperandie</span> <span class='ocrx_word' id='word_1_501' title='bbox 1197 4415 1416 4477; x_wconf 87' lang='lat' dir='ltr'>salutis,</span> <span class='ocrx_word' id='word_1_502' title='bbox 1455 4414 1614 4466; x_wconf 88' lang='lat' dir='ltr'>notio</span> <span class='ocrx_word' id='word_1_503' title='bbox 1661 4429 1788 4464; x_wconf 92' lang='lat' dir='ltr'>cum</span> 
     </span>
    </p>
   </div>
   <div class='ocr_carea' id='block_1_75' title="bbox 143 4485 1412 4557">
    <p class='ocr_par' dir='ltr' id='par_1_75' title="bbox 143 4485 1412 4557">
     <span class='ocr_line' id='line_1_75' title="bbox 143 4485 1412 4557; baseline 0.002 -22"><span class='ocrx_word' id='word_1_504' title='bbox 143 4485 217 4537; x_wconf 88' lang='lat' dir='ltr'>Dei</span> <span class='ocrx_word' id='word_1_505' title='bbox 244 4496 350 4541; x_wconf 89' lang='lat' dir='ltr'>tum</span> <span class='ocrx_word' id='word_1_506' title='bbox 383 4492 469 4543; x_wconf 90' lang='lat' dir='ltr'>sui</span> <span class='ocrx_word' id='word_1_507' title='bbox 504 4491 685 4557; x_wconf 81' lang='lat' dir='ltr'>ipsius</span> <span class='ocrx_word' id='word_1_508' title='bbox 721 4505 733 4542; x_wconf 95' lang='lat'>:</span> <span class='ocrx_word' id='word_1_509' title='bbox 769 4489 907 4539; x_wconf 82' lang='lat' dir='ltr'>sicut</span> <span class='ocrx_word' id='word_1_510' title='bbox 935 4490 1052 4556; x_wconf 88' lang='lat' dir='ltr'>jam</span> <span class='ocrx_word' id='word_1_511' title='bbox 1086 4488 1412 4538; x_wconf 77' lang='lat' dir='ltr'>dicendum.</span> 
     </span>
    </p>
   </div>
   <div class='ocr_carea' id='block_1_76' title="bbox 197 4554 1794 4625">
    <p class='ocr_par' dir='ltr' id='par_1_76' title="bbox 197 4554 1794 4625">
     <span class='ocr_line' id='line_1_76' title="bbox 197 4554 1794 4625; baseline -0.004 -14"><span class='ocrx_word' id='word_1_512' title='bbox 197 4557 213 4587; x_wconf 78' lang='grc'><strong>³</strong></span> <span class='ocrx_word' id='word_1_513' title='bbox 240 4562 490 4622; x_wconf 84' lang='lat' dir='ltr'>Quoniam</span> <span class='ocrx_word' id='word_1_514' title='bbox 518 4554 602 4614; x_wconf 85' lang='lat' dir='ltr'>tui</span> <span class='ocrx_word' id='word_1_515' title='bbox 631 4561 894 4612; x_wconf 83' lang='lat' dir='ltr'>oblivione</span> <span class='ocrx_word' id='word_1_516' title='bbox 925 4554 1319 4625; x_wconf 70' lang='lat' dir='ltr'>60nfundcris.j</span> <span class='ocrx_word' id='word_1_517' title='bbox 1355 4555 1604 4608; x_wconf 86' lang='lat' dir='ltr'>Primum</span> <span class='ocrx_word' id='word_1_518' title='bbox 1641 4554 1794 4606; x_wconf 86' lang='lat' dir='ltr'>enim</span> 
     </span>
    </p>
   </div>
   <div class='ocr_carea' id='block_1_77' title="bbox 146 4625 1796 4697">
    <p class='ocr_par' dir='ltr' id='par_1_77' title="bbox 146 4625 1796 4697">
     <span class='ocr_line' id='line_1_77' title="bbox 146 4625 1796 4697; baseline -0.004 -14"><span class='ocrx_word' id='word_1_519' title='bbox 146 4632 262 4694; x_wconf 84' lang='lat' dir='ltr'>quod</span> <span class='ocrx_word' id='word_1_520' title='bbox 295 4633 516 4685; x_wconf 81' lang='lat' dir='ltr'>Boetius</span> <span class='ocrx_word' id='word_1_521' title='bbox 547 4647 710 4684; x_wconf 85' lang='lat' dir='ltr'>suam</span> <span class='ocrx_word' id='word_1_522' title='bbox 755 4636 1002 4682; x_wconf 88' lang='lat' dir='ltr'>mentem</span> <span class='ocrx_word' id='word_1_523' title='bbox 1050 4629 1256 4697; x_wconf 85' lang='lat' dir='ltr'>partim</span> <span class='ocrx_word' id='word_1_524' title='bbox 1299 4632 1588 4694; x_wconf 88' lang='lat' dir='ltr'>ignorans,</span> <span class='ocrx_word' id='word_1_525' title='bbox 1625 4625 1796 4693; x_wconf 83' lang='lat' dir='ltr'>hujus</span> 
     </span>
    </p>
   </div>
   <div class='ocr_carea' id='block_1_78' title="bbox 148 4700 1795 4768">
    <p class='ocr_par' dir='ltr' id='par_1_78' title="bbox 148 4700 1795 4768">
     <span class='ocr_line' id='line_1_78' title="bbox 148 4700 1795 4768; baseline -0.002 -17"><span class='ocrx_word' id='word_1_526' title='bbox 148 4711 236 4751; x_wconf 74' lang='lat' dir='ltr'>suae</span> <span class='ocrx_word' id='word_1_527' title='bbox 265 4703 454 4755; x_wconf 73' lang='lat' dir='ltr'>mentis</span> <span class='ocrx_word' id='word_1_528' title='bbox 487 4703 663 4755; x_wconf 84' lang='lat' dir='ltr'>veluti</span> <span class='ocrx_word' id='word_1_529' title='bbox 710 4702 920 4753; x_wconf 83' lang='lat' dir='ltr'>oblitus</span> <span class='ocrx_word' id='word_1_530' title='bbox 960 4700 1145 4764; x_wconf 75' lang='lat' dir='ltr'>l&#39;uerit,</span> <span class='ocrx_word' id='word_1_531' title='bbox 1182 4709 1486 4768; x_wconf 81' lang='lat' dir='ltr'>propterea</span> <span class='ocrx_word' id='word_1_532' title='bbox 1518 4715 1573 4748; x_wconf 89' lang='lat' dir='ltr'>se</span> <span class='ocrx_word' id='word_1_533' title='bbox 1625 4704 1672 4748; x_wconf 86' lang='lat' dir='ltr'>et</span> <span class='ocrx_word' id='word_1_534' title='bbox 1705 4713 1795 4747; x_wconf 62' lang='lat' dir='ltr'>v.1?-</span> 
     </span>
    </p>
   </div>
   <div class='ocr_carea' id='block_1_79' title="bbox 147 4769 1798 4842">
    <p class='ocr_par' dir='ltr' id='par_1_79' title="bbox 147 4769 1798 4842">
     <span class='ocr_line' id='line_1_79' title="bbox 147 4769 1798 4842; baseline 0 -23"><span class='ocrx_word' id='word_1_535' title='bbox 147 4771 280 4842; x_wconf 72' lang='lat' dir='ltr'>sulem</span> <span class='ocrx_word' id='word_1_536' title='bbox 306 4782 352 4827; x_wconf 82' lang='lat' dir='ltr'>et</span> <span class='ocrx_word' id='word_1_537' title='bbox 381 4775 746 4842; x_wconf 52' lang='lat' dir='ltr'>empoliiitum</span> <span class='ocrx_word' id='word_1_538' title='bbox 787 4775 1028 4840; x_wconf 81' lang='lat' dir='ltr'>propriis</span> <span class='ocrx_word' id='word_1_539' title='bbox 1065 4772 1212 4822; x_wconf 80' lang='lat' dir='ltr'>bonis</span> <span class='ocrx_word' id='word_1_540' title='bbox 1254 4786 1362 4822; x_wconf 80' lang='lat' dir='ltr'>esse</span> <span class='ocrx_word' id='word_1_541' title='bbox 1393 4769 1590 4832; x_wconf 83' lang='lat' dir='ltr'>doluit,</span> <span class='ocrx_word' id='word_1_542' title='bbox 1628 4785 1798 4837; x_wconf 86' lang='lat' dir='ltr'>prosa</span> 
     </span>
    </p>
   </div>
   <div class='ocr_carea' id='block_1_80' title="bbox 148 4838 1798 4911">
    <p class='ocr_par' dir='ltr' id='par_1_80' title="bbox 148 4838 1798 4911">
     <span class='ocr_line' id='line_1_80' title="bbox 148 4838 1798 4911; baseline -0.004 -14"><span class='ocrx_word' id='word_1_543' title='bbox 148 4838 188 4911; x_wconf 51' lang='grc' dir='ltr'>ἒ.</span> <span class='ocrx_word' id='word_1_544' title='bbox 216 4845 299 4911; x_wconf 86' lang='lat' dir='ltr'>qui</span> <span class='ocrx_word' id='word_1_545' title='bbox 326 4838 488 4899; x_wconf 46' lang='lat' dir='ltr'>enim&#39;</span> <span class='ocrx_word' id='word_1_546' title='bbox 509 4851 758 4898; x_wconf 88' lang='lat' dir='ltr'>mentem</span> <span class='ocrx_word' id='word_1_547' title='bbox 785 4838 945 4896; x_wconf 84' lang='lat' dir='ltr'>suam</span> <span class='ocrx_word' id='word_1_548' title='bbox 978 4843 1191 4911; x_wconf 85' lang='lat' dir='ltr'>optime</span> <span class='ocrx_word' id='word_1_549' title='bbox 1217 4847 1389 4899; x_wconf 77' lang='lat' dir='ltr'>novxt.</span> <span class='ocrx_word' id='word_1_550' title='bbox 1427 4842 1515 4892; x_wconf 89' lang='lat' dir='ltr'>hic</span> <span class='ocrx_word' id='word_1_551' title='bbox 1535 4847 1591 4911; x_wconf 80' lang='lat' dir='ltr'>et</span> <span class='ocrx_word' id='word_1_552' title='bbox 1623 4855 1798 4891; x_wconf 74' lang='lat' dir='ltr'>mem-</span> 
     </span>
    </p>
   </div>
   <div class='ocr_carea' id='block_1_81' title="bbox 150 4909 1794 4984">
    <p class='ocr_par' dir='ltr' id='par_1_81' title="bbox 150 4909 1794 4984">
     <span class='ocr_line' id='line_1_81' title="bbox 150 4909 1794 4984; baseline -0.002 -21"><span class='ocrx_word' id='word_1_553' title='bbox 150 4909 201 4961; x_wconf 79' lang='lat' dir='ltr'>tis</span> <span class='ocrx_word' id='word_1_554' title='bbox 229 4909 449 4981; x_wconf 78' lang='lat' dir='ltr'>patriam</span> <span class='ocrx_word' id='word_1_555' title='bbox 485 4917 717 4976; x_wconf 74' lang='lat' dir='ltr'>cretum,</span> <span class='ocrx_word' id='word_1_556' title='bbox 750 4931 782 4967; x_wconf 86' lang='lat' dir='ltr'>a</span> <span class='ocrx_word' id='word_1_557' title='bbox 825 4931 938 4984; x_wconf 91' lang='lat' dir='ltr'>quo</span> <span class='ocrx_word' id='word_1_558' title='bbox 972 4909 1138 4966; x_wconf 82' lang='lat' dir='ltr'>nemo</span> <span class='ocrx_word' id='word_1_559' title='bbox 1178 4914 1399 4965; x_wconf 84' lang='lat' dir='ltr'>exsulat</span> <span class='ocrx_word' id='word_1_560' title='bbox 1437 4910 1544 4963; x_wconf 90' lang='lat' dir='ltr'>nisi</span> <span class='ocrx_word' id='word_1_561' title='bbox 1577 4912 1794 4984; x_wconf 64' lang='lat' dir='ltr'>volens,</span> 
     </span>
    </p>
   </div>
   <div class='ocr_carea' id='block_1_82' title="bbox 150 4981 1797 5052">
    <p class='ocr_par' dir='ltr' id='par_1_82' title="bbox 150 4981 1797 5052">
     <span class='ocr_line' id='line_1_82' title="bbox 150 4981 1797 5052; baseline -0.001 -18"><span class='ocrx_word' id='word_1_562' title='bbox 150 4985 191 5032; x_wconf 88' lang='lat' dir='ltr'>et</span> <span class='ocrx_word' id='word_1_563' title='bbox 221 4985 455 5052; x_wconf 85' lang='lat' dir='ltr'>ejusdem</span> <span class='ocrx_word' id='word_1_564' title='bbox 497 4987 707 5041; x_wconf 85' lang='lat' dir='ltr'>mentis</span> <span class='ocrx_word' id='word_1_565' title='bbox 747 4981 918 5050; x_wconf 79' lang='lat' dir='ltr'>bona,</span> <span class='ocrx_word' id='word_1_566' title='bbox 961 4985 1251 5038; x_wconf 82' lang='lat' dir='ltr'>scientiam</span> <span class='ocrx_word' id='word_1_567' title='bbox 1285 4989 1341 5037; x_wconf 91' lang='lat' dir='ltr'>et</span> <span class='ocrx_word' id='word_1_568' title='bbox 1372 4984 1662 5048; x_wconf 89' lang='lat' dir='ltr'>virtutem,</span> <span class='ocrx_word' id='word_1_569' title='bbox 1694 4981 1797 5034; x_wconf 86' lang='lat' dir='ltr'>lio-</span> 
     </span>
    </p>
   </div>
   <div class='ocr_carea' id='block_1_83' title="bbox 150 5053 1090 5125">
    <p class='ocr_par' dir='ltr' id='par_1_83' title="bbox 150 5053 1090 5125">
     <span class='ocr_line' id='line_1_83' title="bbox 150 5053 1090 5125; baseline 0.003 -20"><span class='ocrx_word' id='word_1_570' title='bbox 150 5053 292 5106; x_wconf 74' lang='lat' dir='ltr'>Sllbus</span> <span class='ocrx_word' id='word_1_571' title='bbox 321 5059 598 5111; x_wconf 73' lang='lat' dir='ltr'>inaccessa</span> <span class='ocrx_word' id='word_1_572' title='bbox 629 5074 748 5111; x_wconf 79' lang='lat' dir='ltr'>esse</span> <span class='ocrx_word' id='word_1_573' title='bbox 780 5057 1090 5125; x_wconf 89' lang='lat' dir='ltr'>cognoscit.</span> 
     </span>
    </p>
   </div>
   <div class='ocr_carea' id='block_1_84' title="bbox 203 5122 1797 5197">
    <p class='ocr_par' dir='ltr' id='par_1_84' title="bbox 203 5122 1797 5197">
     <span class='ocr_line' id='line_1_84' title="bbox 203 5122 1797 5197; baseline -0.004 -17"><span class='ocrx_word' id='word_1_574' title='bbox 203 5127 488 5192; x_wconf 74' lang='lat' dir='ltr'>‘Ouoniam</span> <span class='ocrx_word' id='word_1_575' title='bbox 542 5134 665 5197; x_wconf 85' lang='lat' dir='ltr'>quis</span> <span class='ocrx_word' id='word_1_576' title='bbox 720 5134 793 5182; x_wconf 85' lang='lat' dir='ltr'>sit</span> <span class='ocrx_word' id='word_1_577' title='bbox 839 5122 1018 5181; x_wconf 62' lang='lat' dir='ltr'>rerum</span> <span class='ocrx_word' id='word_1_578' title='bbox 1066 5130 1210 5195; x_wconf 76' lang='lat' dir='ltr'>ﬁnis,</span> <span class='ocrx_word' id='word_1_579' title='bbox 1266 5122 1527 5194; x_wconf 68' lang='lat' dir='ltr'>ignoras]</span> <span class='ocrx_word' id='word_1_580' title='bbox 1585 5123 1797 5177; x_wconf 89' lang='lat' dir='ltr'>Deinde</span> 
     </span>
    </p>
   </div>
   <div class='ocr_carea' id='block_1_85' title="bbox 149 5198 1798 5269">
    <p class='ocr_par' dir='ltr' id='par_1_85' title="bbox 149 5198 1798 5269">
     <span class='ocr_line' id='line_1_85' title="bbox 149 5198 1798 5269; baseline 0 -23"><span class='ocrx_word' id='word_1_581' title='bbox 149 5199 271 5262; x_wconf 82' lang='lat' dir='ltr'>quod</span> <span class='ocrx_word' id='word_1_582' title='bbox 295 5200 434 5253; x_wconf 90' lang='lat' dir='ltr'>idem</span> <span class='ocrx_word' id='word_1_583' title='bbox 467 5202 693 5254; x_wconf 86' lang='lat' dir='ltr'>Boetius</span> <span class='ocrx_word' id='word_1_584' title='bbox 717 5202 892 5254; x_wconf 86' lang='lat' dir='ltr'>Deum</span> <span class='ocrx_word' id='word_1_585' title='bbox 920 5200 1124 5269; x_wconf 82' lang='lat' dir='ltr'>partim</span> <span class='ocrx_word' id='word_1_586' title='bbox 1156 5199 1454 5269; x_wconf 79' lang='lat' dir='ltr'>ignorans,</span> <span class='ocrx_word' id='word_1_587' title='bbox 1479 5198 1657 5269; x_wconf 82' lang='lat' dir='ltr'>Deiim</span> <span class='ocrx_word' id='word_1_588' title='bbox 1687 5210 1798 5246; x_wconf 90' lang='lat' dir='ltr'>non</span> 
     </span>
    </p>
   </div>
   <div class='ocr_carea' id='block_1_86' title="bbox 148 5267 1796 5334">
    <p class='ocr_par' dir='ltr' id='par_1_86' title="bbox 148 5267 1796 5334">
     <span class='ocr_line' id='line_1_86' title="bbox 148 5267 1796 5334; baseline -0.003 -16"><span class='ocrx_word' id='word_1_589' title='bbox 148 5275 322 5334; x_wconf 85' lang='lat' dir='ltr'>cogitet</span> <span class='ocrx_word' id='word_1_590' title='bbox 359 5273 626 5324; x_wconf 88' lang='lat' dir='ltr'>ultimum</span> <span class='ocrx_word' id='word_1_591' title='bbox 665 5289 854 5325; x_wconf 90' lang='lat' dir='ltr'>rerum</span> <span class='ocrx_word' id='word_1_592' title='bbox 902 5267 1160 5324; x_wconf 79' lang='lat' dir='ltr'>omnium</span> <span class='ocrx_word' id='word_1_593' title='bbox 1208 5269 1408 5330; x_wconf 76' lang='lat' dir='ltr'>tidem;</span> <span class='ocrx_word' id='word_1_594' title='bbox 1445 5267 1654 5319; x_wconf 84' lang='lat' dir='ltr'>ideirco</span> <span class='ocrx_word' id='word_1_595' title='bbox 1708 5282 1796 5317; x_wconf 81' lang='lat' dir='ltr'>ne-</span> 
     </span>
    </p>
   </div>
   <div class='ocr_carea' id='block_1_87' title="bbox 149 5338 1798 5412">
    <p class='ocr_par' dir='ltr' id='par_1_87' title="bbox 149 5338 1798 5412">
     <span class='ocr_line' id='line_1_87' title="bbox 149 5338 1798 5412; baseline -0.001 -24"><span class='ocrx_word' id='word_1_596' title='bbox 149 5350 281 5412; x_wconf 81' lang='lat' dir='ltr'>quam</span> <span class='ocrx_word' id='word_1_597' title='bbox 310 5343 536 5396; x_wconf 78' lang='lat' dir='ltr'>homines</span> <span class='ocrx_word' id='word_1_598' title='bbox 571 5351 728 5412; x_wconf 83' lang='lat' dir='ltr'>atque</span> <span class='ocrx_word' id='word_1_599' title='bbox 757 5346 1020 5407; x_wconf 79' lang='lat' dir='ltr'>nefarios,</span> <span class='ocrx_word' id='word_1_600' title='bbox 1051 5345 1289 5409; x_wconf 83' lang='lat' dir='ltr'>potentes</span> <span class='ocrx_word' id='word_1_601' title='bbox 1329 5341 1618 5412; x_wconf 62' lang='grc' dir='ltr'>βίιξςρείμιθ</span> <span class='ocrx_word' id='word_1_602' title='bbox 1644 5338 1798 5412; x_wconf 36' lang='lat' dir='ltr'>urbi.-</span> 
     </span>
    </p>
   </div>
   <div class='ocr_carea' id='block_1_88' title="bbox 149 5407 1802 5483">
    <p class='ocr_par' dir='ltr' id='par_1_88' title="bbox 149 5407 1802 5483">
     <span class='ocr_line' id='line_1_88' title="bbox 149 5407 1802 5483; baseline 0.002 -28"><span class='ocrx_word' id='word_1_603' title='bbox 149 5411 328 5483; x_wconf 74' lang='lat' dir='ltr'>triitur:</span> <span class='ocrx_word' id='word_1_604' title='bbox 359 5415 453 5483; x_wconf 88' lang='lat' dir='ltr'>qui</span> <span class='ocrx_word' id='word_1_605' title='bbox 478 5407 746 5467; x_wconf 45' lang='lat' dir='ltr'>enim-sui</span> <span class='ocrx_word' id='word_1_606' title='bbox 775 5414 901 5467; x_wconf 88' lang='lat' dir='ltr'>linis</span> <span class='ocrx_word' id='word_1_607' title='bbox 933 5407 1172 5469; x_wconf 80' lang='lat' dir='ltr'>memor,</span> <span class='ocrx_word' id='word_1_608' title='bbox 1201 5413 1377 5464; x_wconf 84' lang='lat' dir='ltr'>Deum</span> <span class='ocrx_word' id='word_1_609' title='bbox 1408 5410 1626 5483; x_wconf 82' lang='lat' dir='ltr'>justum</span> <span class='ocrx_word' id='word_1_610' title='bbox 1653 5407 1802 5476; x_wconf 78' lang='lat' dir='ltr'>cogi-</span> 
     </span>
    </p>
   </div>
   <div class='ocr_carea' id='block_1_89' title="bbox 146 5477 1801 5556">
    <p class='ocr_par' dir='ltr' id='par_1_89' title="bbox 146 5477 1801 5556">
     <span class='ocr_line' id='line_1_89' title="bbox 146 5477 1801 5556; baseline 0.003 -32"><span class='ocrx_word' id='word_1_611' title='bbox 146 5477 322 5556; x_wconf 84' lang='lat' dir='ltr'>tat,_hic</span> <span class='ocrx_word' id='word_1_612' title='bbox 337 5477 661 5555; x_wconf 78' lang='lat' dir='ltr'>prosperam</span> <span class='ocrx_word' id='word_1_613' title='bbox 679 5487 989 5556; x_wconf 87' lang='lat' dir='ltr'>impiorum</span> <span class='ocrx_word' id='word_1_614' title='bbox 1008 5486 1294 5537; x_wconf 86' lang='lat' dir='ltr'>fortunam</span> <span class='ocrx_word' id='word_1_615' title='bbox 1313 5477 1556 5534; x_wconf 74' lang='lat' dir='ltr'>miserim</span> <span class='ocrx_word' id='word_1_616' title='bbox 1572 5489 1801 5531; x_wconf 58' lang='lat' dir='ltr'>aiternai</span> 
     </span>
    </p>
   </div>
   <div class='ocr_carea' id='block_1_90' title="bbox 146 5551 1802 5624">
    <p class='ocr_par' dir='ltr' id='par_1_90' title="bbox 146 5551 1802 5624">
     <span class='ocr_line' id='line_1_90' title="bbox 146 5551 1802 5624; baseline 0.001 -23"><span class='ocrx_word' id='word_1_617' title='bbox 146 5551 526 5624; x_wconf 39' lang='lat' dir='ltr'>poliam—quam</span> <span class='ocrx_word' id='word_1_618' title='bbox 571 5560 743 5610; x_wconf 87' lang='lat' dir='ltr'>ullius</span> <span class='ocrx_word' id='word_1_619' title='bbox 764 5551 1066 5610; x_wconf 67' lang='lat' dir='ltr'>felicitatis</span> <span class='ocrx_word' id='word_1_620' title='bbox 1097 5558 1802 5624; x_wconf 74' lang='lat' dir='ltr'>argumentnmessenon</span> 
     </span>
    </p>
   </div>
   <div class='ocr_carea' id='block_1_91' title="bbox 148 5617 1798 5694">
    <p class='ocr_par' dir='ltr' id='par_1_91' title="bbox 148 5617 1798 5694">
     <span class='ocr_line' id='line_1_91' title="bbox 148 5617 1798 5694; baseline 0.001 -24"><span class='ocrx_word' id='word_1_621' title='bbox 148 5617 352 5691; x_wconf 73' lang='lat' dir='ltr'>dubitet.</span> <span class='ocrx_word' id='word_1_622' title='bbox 373 5617 650 5694; x_wconf 53' lang='lat' dir='ltr'>&#39;lgnorato</span> <span class='ocrx_word' id='word_1_623' title='bbox 681 5634 870 5682; x_wconf 86' lang='lat' dir='ltr'>autem</span> <span class='ocrx_word' id='word_1_624' title='bbox 907 5628 1107 5682; x_wconf 89' lang='lat' dir='ltr'>ultimo</span> <span class='ocrx_word' id='word_1_625' title='bbox 1140 5617 1330 5677; x_wconf 83' lang='lat' dir='ltr'>rerum</span> <span class='ocrx_word' id='word_1_626' title='bbox 1365 5622 1625 5676; x_wconf 90' lang='lat' dir='ltr'>omnium</span> <span class='ocrx_word' id='word_1_627' title='bbox 1664 5623 1798 5685; x_wconf 89' lang='lat' dir='ltr'>line,</span> 
     </span>
    </p>
   </div>
   <div class='ocr_carea' id='block_1_92' title="bbox 148 5697 1802 5769">
    <p class='ocr_par' dir='ltr' id='par_1_92' title="bbox 148 5697 1802 5769">
     <span class='ocr_line' id='line_1_92' title="bbox 148 5697 1802 5769; baseline -0.001 -21"><span class='ocrx_word' id='word_1_628' title='bbox 148 5699 449 5758; x_wconf 69' lang='lat' dir='ltr'>lgnorentur</span> <span class='ocrx_word' id='word_1_629' title='bbox 479 5714 705 5754; x_wconf 88' lang='lat' dir='ltr'>necesse</span> <span class='ocrx_word' id='word_1_630' title='bbox 734 5706 817 5756; x_wconf 89' lang='lat' dir='ltr'>est</span> <span class='ocrx_word' id='word_1_631' title='bbox 846 5699 1024 5767; x_wconf 90' lang='lat' dir='ltr'>modi,</span> <span class='ocrx_word' id='word_1_632' title='bbox 1061 5697 1269 5769; x_wconf 83' lang='lat' dir='ltr'>quibus</span> <span class='ocrx_word' id='word_1_633' title='bbox 1303 5697 1451 5750; x_wconf 89' lang='lat' dir='ltr'>Deus</span> <span class='ocrx_word' id='word_1_634' title='bbox 1483 5711 1570 5748; x_wconf 86' lang='lat' dir='ltr'>res</span> <span class='ocrx_word' id='word_1_635' title='bbox 1601 5709 1802 5748; x_wconf 88' lang='lat' dir='ltr'>omnes</span> 
     </span>
    </p>
   </div>
   <div class='ocr_carea' id='block_1_93' title="bbox 1889 2333 3580 2407">
    <p class='ocr_par' dir='ltr' id='par_1_93' title="bbox 1889 2333 3580 2407">
     <span class='ocr_line' id='line_1_93' title="bbox 1889 2333 3580 2407; baseline 0.004 -21"><span class='ocrx_word' id='word_1_636' title='bbox 1889 2333 1959 2407; x_wconf 78' lang='lat' dir='ltr'>ad</span> <span class='ocrx_word' id='word_1_637' title='bbox 1985 2349 2116 2387; x_wconf 91' lang='lat' dir='ltr'>suos</span> <span class='ocrx_word' id='word_1_638' title='bbox 2146 2336 2290 2407; x_wconf 76' lang='lat' dir='ltr'>lines</span> <span class='ocrx_word' id='word_1_639' title='bbox 2320 2333 2568 2388; x_wconf 89' lang='lat' dir='ltr'>destinat</span> <span class='ocrx_word' id='word_1_640' title='bbox 2599 2351 2610 2388; x_wconf 90' lang='lat'>:</span> <span class='ocrx_word' id='word_1_641' title='bbox 2638 2334 2741 2407; x_wconf 85' lang='lat' dir='ltr'>qui</span> <span class='ocrx_word' id='word_1_642' title='bbox 2776 2349 2910 2407; x_wconf 86' lang='lat' dir='ltr'>vero</span> <span class='ocrx_word' id='word_1_643' title='bbox 2940 2335 3135 2389; x_wconf 92' lang='lat' dir='ltr'>modos</span> <span class='ocrx_word' id='word_1_644' title='bbox 3168 2335 3296 2390; x_wconf 91' lang='lat' dir='ltr'>illos</span> <span class='ocrx_word' id='word_1_645' title='bbox 3330 2336 3580 2407; x_wconf 88' lang='lat' dir='ltr'>ignorat,</span> 
     </span>
    </p>
   </div>
   <div class='ocr_carea' id='block_1_94' title="bbox 1887 2405 3582 2475">
    <p class='ocr_par' dir='ltr' id='par_1_94' title="bbox 1887 2405 3582 2475">
     <span class='ocr_line' id='line_1_94' title="bbox 1887 2405 3582 2475; baseline 0.004 -17"><span class='ocrx_word' id='word_1_646' title='bbox 1887 2405 1978 2458; x_wconf 91' lang='lat' dir='ltr'>hic</span> <span class='ocrx_word' id='word_1_647' title='bbox 2011 2405 2314 2474; x_wconf 88' lang='lat' dir='ltr'>perspicua</span> <span class='ocrx_word' id='word_1_648' title='bbox 2349 2421 2564 2474; x_wconf 89' lang='lat' dir='ltr'>negans</span> <span class='ocrx_word' id='word_1_649' title='bbox 2595 2406 2749 2475; x_wconf 89' lang='lat' dir='ltr'>quod</span> <span class='ocrx_word' id='word_1_650' title='bbox 2789 2406 3029 2459; x_wconf 87' lang='lat' dir='ltr'>obscura</span> <span class='ocrx_word' id='word_1_651' title='bbox 3058 2407 3251 2460; x_wconf 91' lang='lat' dir='ltr'>animo</span> <span class='ocrx_word' id='word_1_652' title='bbox 3284 2405 3400 2462; x_wconf 81' lang='lat' dir='ltr'>non</span> <span class='ocrx_word' id='word_1_653' title='bbox 3431 2425 3582 2464; x_wconf 92' lang='lat' dir='ltr'>com-</span> 
     </span>
    </p>
   </div>
   <div class='ocr_carea' id='block_1_95' title="bbox 1887 2477 3584 2549">
    <p class='ocr_par' dir='ltr' id='par_1_95' title="bbox 1887 2477 3584 2549">
     <span class='ocr_line' id='line_1_95' title="bbox 1887 2477 3584 2549; baseline 0.004 -21"><span class='ocrx_word' id='word_1_654' title='bbox 1887 2477 2228 2549; x_wconf 85' lang='lat' dir='ltr'>prehendat,</span> <span class='ocrx_word' id='word_1_655' title='bbox 2266 2477 2454 2546; x_wconf 88' lang='lat' dir='ltr'>ipsum</span> <span class='ocrx_word' id='word_1_656' title='bbox 2491 2477 2690 2530; x_wconf 88' lang='lat' dir='ltr'>mundi</span> <span class='ocrx_word' id='word_1_657' title='bbox 2717 2480 2992 2531; x_wconf 89' lang='lat' dir='ltr'>rectorem</span> <span class='ocrx_word' id='word_1_658' title='bbox 3029 2483 3203 2547; x_wconf 86' lang='lat' dir='ltr'>negat</span> <span class='ocrx_word' id='word_1_659' title='bbox 3235 2496 3247 2532; x_wconf 89' lang='lat'>:</span> <span class='ocrx_word' id='word_1_660' title='bbox 3279 2486 3584 2549; x_wconf 87' lang='lat' dir='ltr'>propterea</span> 
     </span>
    </p>
   </div>
   <div class='ocr_carea' id='block_1_96' title="bbox 1889 2547 3585 2616">
    <p class='ocr_par' dir='ltr' id='par_1_96' title="bbox 1889 2547 3585 2616">
     <span class='ocr_line' id='line_1_96' title="bbox 1889 2547 3585 2616; baseline 0.003 -16"><span class='ocrx_word' id='word_1_661' title='bbox 1889 2563 2041 2600; x_wconf 91' lang='lat' dir='ltr'>nunc</span> <span class='ocrx_word' id='word_1_662' title='bbox 2064 2547 2293 2600; x_wconf 87' lang='lat' dir='ltr'>additur</span> <span class='ocrx_word' id='word_1_663' title='bbox 2317 2564 2328 2600; x_wconf 90' lang='lat'>:</span> <span class='ocrx_word' id='word_1_664' title='bbox 2355 2549 2618 2612; x_wconf 80' lang='lat' dir='ltr'>Quoniam</span> <span class='ocrx_word' id='word_1_665' title='bbox 2645 2564 2786 2612; x_wconf 85' lang='lat' dir='ltr'>vero,</span> <span class='ocrx_word' id='word_1_666' title='bbox 2809 2549 3005 2616; x_wconf 85' lang='lat' dir='ltr'>quibus</span> <span class='ocrx_word' id='word_1_667' title='bbox 3023 2547 3406 2616; x_wconf 82' lang='lat' dir='ltr'>gubernaculis</span> <span class='ocrx_word' id='word_1_668' title='bbox 3436 2568 3585 2606; x_wconf 90' lang='lat' dir='ltr'>mun-</span> 
     </span>
    </p>
   </div>
   <div class='ocr_carea' id='block_1_97' title="bbox 1889 2619 3583 2684">
    <p class='ocr_par' dir='ltr' id='par_1_97' title="bbox 1889 2619 3583 2684">
     <span class='ocr_line' id='line_1_97' title="bbox 1889 2619 3583 2684; baseline 0.004 -14"><span class='ocrx_word' id='word_1_669' title='bbox 1889 2619 1990 2670; x_wconf 86' lang='lat' dir='ltr'>dus</span> <span class='ocrx_word' id='word_1_670' title='bbox 2020 2623 2262 2683; x_wconf 86' lang='lat' dir='ltr'>regatur,</span> <span class='ocrx_word' id='word_1_671' title='bbox 2287 2619 2484 2671; x_wconf 86' lang='lat' dir='ltr'>oblitus</span> <span class='ocrx_word' id='word_1_672' title='bbox 2517 2635 2588 2683; x_wconf 87' lang='lat' dir='ltr'>es,</span> <span class='ocrx_word' id='word_1_673' title='bbox 2624 2621 2721 2673; x_wconf 86' lang='lat' dir='ltr'>has</span> <span class='ocrx_word' id='word_1_674' title='bbox 2752 2622 3101 2684; x_wconf 78' lang='lat' dir='ltr'>fortunarum</span> <span class='ocrx_word' id='word_1_675' title='bbox 3130 2624 3270 2675; x_wconf 85' lang='lat' dir='ltr'>vices</span> <span class='ocrx_word' id='word_1_676' title='bbox 3301 2625 3583 2678; x_wconf 65' lang='lat' dir='ltr'>existimas</span> 
     </span>
    </p>
   </div>
   <div class='ocr_carea' id='block_1_98' title="bbox 1887 2692 2494 2755">
    <p class='ocr_par' dir='ltr' id='par_1_98' title="bbox 1887 2692 2494 2755">
     <span class='ocr_line' id='line_1_98' title="bbox 1887 2692 2494 2755; baseline 0.002 -13"><span class='ocrx_word' id='word_1_677' title='bbox 1887 2693 2003 2742; x_wconf 89' lang='lat' dir='ltr'>sine</span> <span class='ocrx_word' id='word_1_678' title='bbox 2034 2697 2232 2742; x_wconf 86' lang='lat' dir='ltr'>rectore</span> <span class='ocrx_word' id='word_1_679' title='bbox 2260 2692 2494 2755; x_wconf 84' lang='lat' dir='ltr'>ﬂuitare.</span> 
     </span>
    </p>
   </div>
   <div class='ocr_carea' id='block_1_99' title="bbox 1961 2760 3584 2828">
    <p class='ocr_par' dir='ltr' id='par_1_99' title="bbox 1961 2760 3584 2828">
     <span class='ocr_line' id='line_1_99' title="bbox 1961 2760 3584 2828; baseline 0.004 -16"><span class='ocrx_word' id='word_1_680' title='bbox 1961 2761 2170 2812; x_wconf 79' lang='lat' dir='ltr'>Verum</span> <span class='ocrx_word' id='word_1_681' title='bbox 2215 2760 2312 2812; x_wconf 87' lang='lat' dir='ltr'>illa</span> <span class='ocrx_word' id='word_1_682' title='bbox 2359 2776 2487 2813; x_wconf 91' lang='lat' dir='ltr'>cum</span> <span class='ocrx_word' id='word_1_683' title='bbox 2538 2762 2746 2814; x_wconf 89' lang='lat' dir='ltr'>mentis</span> <span class='ocrx_word' id='word_1_684' title='bbox 2785 2761 3076 2828; x_wconf 73' lang='lat' dir='ltr'>humanm,</span> <span class='ocrx_word' id='word_1_685' title='bbox 3105 2767 3225 2816; x_wconf 89' lang='lat' dir='ltr'>tum</span> <span class='ocrx_word' id='word_1_686' title='bbox 3278 2763 3451 2817; x_wconf 90' lang='lat' dir='ltr'>etiam</span> <span class='ocrx_word' id='word_1_687' title='bbox 3482 2765 3584 2818; x_wconf 91' lang='lat' dir='ltr'>Dei</span> 
     </span>
    </p>
   </div>
   <div class='ocr_carea' id='block_1_100' title="bbox 1891 2831 3584 2899">
    <p class='ocr_par' dir='ltr' id='par_1_100' title="bbox 1891 2831 3584 2899">
     <span class='ocr_line' id='line_1_100' title="bbox 1891 2831 3584 2899; baseline 0.002 -15"><span class='ocrx_word' id='word_1_688' title='bbox 1891 2831 2174 2899; x_wconf 84' lang='lat' dir='ltr'>ignoratio</span> <span class='ocrx_word' id='word_1_689' title='bbox 2207 2831 2554 2899; x_wconf 89' lang='lat' dir='ltr'>principium</span> <span class='ocrx_word' id='word_1_690' title='bbox 2606 2838 2690 2884; x_wconf 91' lang='lat' dir='ltr'>est</span> <span class='ocrx_word' id='word_1_691' title='bbox 2737 2834 2944 2884; x_wconf 90' lang='lat' dir='ltr'>erroris</span> <span class='ocrx_word' id='word_1_692' title='bbox 2975 2839 3031 2885; x_wconf 90' lang='lat' dir='ltr'>et</span> <span class='ocrx_word' id='word_1_693' title='bbox 3062 2833 3183 2886; x_wconf 88' lang='lat' dir='ltr'>vitii</span> <span class='ocrx_word' id='word_1_694' title='bbox 3217 2849 3230 2886; x_wconf 89' lang='lat'>:</span> <span class='ocrx_word' id='word_1_695' title='bbox 3273 2849 3390 2886; x_wconf 91' lang='lat' dir='ltr'>non</span> <span class='ocrx_word' id='word_1_696' title='bbox 3423 2851 3584 2888; x_wconf 89' lang='lat' dir='ltr'>secus</span> 
     </span>
    </p>
   </div>
   <div class='ocr_carea' id='block_1_101' title="bbox 1891 2899 3582 2975">
    <p class='ocr_par' dir='ltr' id='par_1_101' title="bbox 1891 2899 3582 2975">
     <span class='ocr_line' id='line_1_101' title="bbox 1891 2899 3582 2975; baseline 0.003 -22"><span class='ocrx_word' id='word_1_697' title='bbox 1891 2905 2134 2975; x_wconf 81' lang='lat' dir='ltr'>acclara</span> <span class='ocrx_word' id='word_1_698' title='bbox 2163 2899 2546 2975; x_wconf 83' lang='lat' dir='ltr'>distinctaque</span> <span class='ocrx_word' id='word_1_699' title='bbox 2579 2903 2783 2975; x_wconf 85' lang='lat' dir='ltr'>mentis</span> <span class='ocrx_word' id='word_1_700' title='bbox 2817 2903 3084 2975; x_wconf 78' lang='lat' dir='ltr'>humanae</span> <span class='ocrx_word' id='word_1_701' title='bbox 3115 2910 3170 2956; x_wconf 92' lang='lat' dir='ltr'>et</span> <span class='ocrx_word' id='word_1_702' title='bbox 3201 2904 3314 2975; x_wconf 13' lang='lat' dir='ltr'>Dei,</span> <span class='ocrx_word' id='word_1_703' title='bbox 3333 2907 3582 2975; x_wconf 91' lang='lat' dir='ltr'>cognitio</span> 
     </span>
    </p>
   </div>
   <div class='ocr_carea' id='block_1_102' title="bbox 1891 2972 3583 3041">
    <p class='ocr_par' dir='ltr' id='par_1_102' title="bbox 1891 2972 3583 3041">
     <span class='ocr_line' id='line_1_102' title="bbox 1891 2972 3583 3041; baseline 0.004 -18"><span class='ocrx_word' id='word_1_704' title='bbox 1891 2972 2237 3041; x_wconf 87' lang='lat' dir='ltr'>principium</span> <span class='ocrx_word' id='word_1_705' title='bbox 2287 2973 2539 3024; x_wconf 86' lang='lat' dir='ltr'>veritatis</span> <span class='ocrx_word' id='word_1_706' title='bbox 2567 2978 2623 3024; x_wconf 93' lang='lat' dir='ltr'>et</span> <span class='ocrx_word' id='word_1_707' title='bbox 2664 2973 2887 3025; x_wconf 87' lang='lat' dir='ltr'>virtutis</span> <span class='ocrx_word' id='word_1_708' title='bbox 2925 2989 2937 3025; x_wconf 89' lang='lat'><strong>:</strong></span> <span class='ocrx_word' id='word_1_709' title='bbox 2974 2973 3126 3026; x_wconf 89' lang='lat' dir='ltr'>unde</span> <span class='ocrx_word' id='word_1_710' title='bbox 3171 2972 3424 3028; x_wconf 74' lang='lat' dir='ltr'>tenebrae</span> <span class='ocrx_word' id='word_1_711' title='bbox 3468 2977 3583 3030; x_wconf 72' lang='lat' dir='ltr'>illae</span> 
     </span>
    </p>
   </div>
   <div class='ocr_carea' id='block_1_103' title="bbox 1893 3043 3583 3111">
    <p class='ocr_par' dir='ltr' id='par_1_103' title="bbox 1893 3043 3583 3111">
     <span class='ocr_line' id='line_1_103' title="bbox 1893 3043 3583 3111; baseline 0.002 -15"><span class='ocrx_word' id='word_1_712' title='bbox 1893 3059 2047 3096; x_wconf 91' lang='lat' dir='ltr'>nunc</span> <span class='ocrx_word' id='word_1_713' title='bbox 2095 3043 2367 3096; x_wconf 89' lang='lat' dir='ltr'>dicuntur</span> <span class='ocrx_word' id='word_1_714' title='bbox 2411 3059 2621 3110; x_wconf 56' lang='lat' dir='ltr'>magna</span> <span class='ocrx_word' id='word_1_715' title='bbox 2648 3059 2752 3096; x_wconf 87' lang='lat' dir='ltr'>non</span> <span class='ocrx_word' id='word_1_716' title='bbox 2783 3044 2858 3096; x_wconf 87' lang='lat' dir='ltr'>ad</span> <span class='ocrx_word' id='word_1_717' title='bbox 2900 3044 3142 3097; x_wconf 87' lang='lat' dir='ltr'>morbum</span> <span class='ocrx_word' id='word_1_718' title='bbox 3172 3045 3346 3111; x_wconf 87' lang='lat' dir='ltr'>modo,</span> <span class='ocrx_word' id='word_1_719' title='bbox 3380 3047 3583 3100; x_wconf 89' lang='lat' dir='ltr'>videli-</span> 
     </span>
    </p>
   </div>
   <div class='ocr_carea' id='block_1_104' title="bbox 1847 3115 3580 3185">
    <p class='ocr_par' dir='ltr' id='par_1_104' title="bbox 1847 3115 3580 3185">
     <span class='ocr_line' id='line_1_104' title="bbox 1847 3115 3580 3185; baseline 0.003 -18"><span class='ocrx_word' id='word_1_720' title='bbox 1847 3124 1860 3142; x_wconf 84' lang='lat'>‘</span> <span class='ocrx_word' id='word_1_721' title='bbox 1892 3122 1978 3168; x_wconf 91' lang='lat' dir='ltr'>cet</span> <span class='ocrx_word' id='word_1_722' title='bbox 2017 3130 2289 3175; x_wconf 88' lang='lat' dir='ltr'>errorem,</span> <span class='ocrx_word' id='word_1_723' title='bbox 2339 3130 2523 3167; x_wconf 87' lang='lat' dir='ltr'>verum</span> <span class='ocrx_word' id='word_1_724' title='bbox 2566 3115 2639 3167; x_wconf 87' lang='lat' dir='ltr'>ad</span> <span class='ocrx_word' id='word_1_725' title='bbox 2688 3117 2987 3175; x_wconf 84' lang='lat' dir='ltr'>interitum,</span> <span class='ocrx_word' id='word_1_726' title='bbox 3032 3115 3308 3169; x_wconf 89' lang='lat' dir='ltr'>nimirum</span> <span class='ocrx_word' id='word_1_727' title='bbox 3353 3117 3580 3185; x_wconf 91' lang='lat' dir='ltr'>vitium,</span> 
     </span>
    </p>
   </div>
   <div class='ocr_carea' id='block_1_105' title="bbox 1931 3199 2324 3252">
    <p class='ocr_par' dir='ltr' id='par_1_105' title="bbox 1931 3199 2324 3252">
     <span class='ocr_line' id='line_1_105' title="bbox 1931 3199 2324 3252; baseline 0.003 -16"><span class='ocrx_word' id='word_1_728' title='bbox 1931 3200 2102 3252; x_wconf 89' lang='lat' dir='ltr'>uoque</span> <span class='ocrx_word' id='word_1_729' title='bbox 2133 3199 2324 3238; x_wconf 65' lang='lat' dir='ltr'>causa}.</span> 
     </span>
    </p>
   </div>
   <div class='ocr_carea' id='block_1_106' title="bbox 1893 3202 3584 3327">
    <p class='ocr_par' dir='ltr' id='par_1_106' title="bbox 1893 3202 3584 3327">
     <span class='ocr_line' id='line_1_106' title="bbox 1931 3202 2324 3238; baseline 0 -1"><span class='ocrx_word' id='word_1_730' title='bbox 1931 3202 2020 3237; x_wconf 77' lang='grc' dir='ltr'>ιιο(</span> <span class='ocrx_word' id='word_1_731' title='bbox 2040 3202 2102 3236; x_wconf 90' lang='lat' dir='ltr'>ue</span> <span class='ocrx_word' id='word_1_732' title='bbox 2133 3202 2324 3238; x_wconf 73' lang='lat' dir='ltr'>causae.</span> 
     </span>
     <span class='ocr_line' id='line_1_107' title="bbox 1893 3202 3584 3327; baseline 0.004 -19"><span class='ocrx_word' id='word_1_733' title='bbox 1893 3202 1925 3253; x_wconf 72' lang='lat' dir='ltr'><em>q</em></span> <span class='ocrx_word' id='word_1_734' title='bbox 1965 3253 1986 3288; x_wconf 84' lang='grc'>⁵</span> <span class='ocrx_word' id='word_1_735' title='bbox 2009 3204 2289 3308; x_wconf 58' lang='lat' dir='ltr'>[Habemus</span> <span class='ocrx_word' id='word_1_736' title='bbox 2313 3257 2612 3309; x_wconf 67' lang='lat' dir='ltr'>maximum</span> <span class='ocrx_word' id='word_1_737' title='bbox 2635 3261 2738 3309; x_wconf 70' lang='lat' dir='ltr'>tua:</span> <span class='ocrx_word' id='word_1_738' title='bbox 2763 3257 3003 3318; x_wconf 82' lang='lat' dir='ltr'>fomitem</span> <span class='ocrx_word' id='word_1_739' title='bbox 3024 3255 3262 3327; x_wconf 87' lang='lat' dir='ltr'>salutis.]</span> <span class='ocrx_word' id='word_1_740' title='bbox 3290 3259 3584 3314; x_wconf 90' lang='lat' dir='ltr'>Postremo</span> 
     </span>
    </p>
   </div>
   <div class='ocr_carea' id='block_1_107' title="bbox 1893 3327 3587 3397">
    <p class='ocr_par' dir='ltr' id='par_1_107' title="bbox 1893 3327 3587 3397">
     <span class='ocr_line' id='line_1_108' title="bbox 1893 3327 3587 3397; baseline 0.004 -18"><span class='ocrx_word' id='word_1_741' title='bbox 1893 3327 2046 3395; x_wconf 91' lang='lat' dir='ltr'>quod</span> <span class='ocrx_word' id='word_1_742' title='bbox 2081 3327 2306 3381; x_wconf 90' lang='lat' dir='ltr'>Boetius</span> <span class='ocrx_word' id='word_1_743' title='bbox 2338 3332 2591 3379; x_wconf 91' lang='lat' dir='ltr'>mentem</span> <span class='ocrx_word' id='word_1_744' title='bbox 2627 3343 2786 3379; x_wconf 88' lang='lat' dir='ltr'>suam</span> <span class='ocrx_word' id='word_1_745' title='bbox 2821 3328 3255 3397; x_wconf 70' lang='lat' dir='ltr'>praesertimque</span> <span class='ocrx_word' id='word_1_746' title='bbox 3287 3329 3465 3383; x_wconf 90' lang='lat' dir='ltr'>Deum</span> <span class='ocrx_word' id='word_1_747' title='bbox 3497 3348 3587 3385; x_wconf 89' lang='lat' dir='ltr'>su-</span> 
     </span>
    </p>
   </div>
   <div class='ocr_carea' id='block_1_108' title="bbox 1892 3397 3585 3467">
    <p class='ocr_par' dir='ltr' id='par_1_108' title="bbox 1892 3397 3585 3467">
     <span class='ocr_line' id='line_1_109' title="bbox 1892 3397 3585 3467; baseline 0.004 -18"><span class='ocrx_word' id='word_1_748' title='bbox 1892 3413 2159 3467; x_wconf 90' lang='lat' dir='ltr'>premum</span> <span class='ocrx_word' id='word_1_749' title='bbox 2192 3397 2393 3449; x_wconf 90' lang='lat' dir='ltr'>mundi</span> <span class='ocrx_word' id='word_1_750' title='bbox 2423 3397 2844 3450; x_wconf 90' lang='lat' dir='ltr'>moderatorem</span> <span class='ocrx_word' id='word_1_751' title='bbox 2877 3405 3165 3466; x_wconf 88' lang='lat' dir='ltr'>agnoscat,</span> <span class='ocrx_word' id='word_1_752' title='bbox 3192 3400 3320 3452; x_wconf 87' lang='lat' dir='ltr'>ideo</span> <span class='ocrx_word' id='word_1_753' title='bbox 3347 3402 3585 3455; x_wconf 89' lang='lat' dir='ltr'>modum</span> 
     </span>
    </p>
   </div>
   <div class='ocr_carea' id='block_1_109' title="bbox 1894 3468 3584 3539">
    <p class='ocr_par' dir='ltr' id='par_1_109' title="bbox 1894 3468 3584 3539">
     <span class='ocr_line' id='line_1_110' title="bbox 1894 3468 3584 3539; baseline 0.003 -18"><span class='ocrx_word' id='word_1_754' title='bbox 1894 3468 2297 3538; x_wconf 68' lang='lat' dir='ltr'>recuperanda:</span> <span class='ocrx_word' id='word_1_755' title='bbox 2345 3469 2559 3534; x_wconf 89' lang='lat' dir='ltr'>salutis,</span> <span class='ocrx_word' id='word_1_756' title='bbox 2615 3470 2728 3521; x_wconf 91' lang='lat' dir='ltr'>sive</span> <span class='ocrx_word' id='word_1_757' title='bbox 2773 3475 2836 3539; x_wconf 90' lang='lat' dir='ltr'>ut</span> <span class='ocrx_word' id='word_1_758' title='bbox 2882 3470 3074 3521; x_wconf 90' lang='lat' dir='ltr'>minus</span> <span class='ocrx_word' id='word_1_759' title='bbox 3127 3471 3320 3523; x_wconf 89' lang='lat' dir='ltr'>Latine</span> <span class='ocrx_word' id='word_1_760' title='bbox 3352 3473 3584 3539; x_wconf 88' lang='lat' dir='ltr'>dicitur,</span> 
     </span>
    </p>
   </div>
   <div class='ocr_carea' id='block_1_110' title="bbox 1894 3538 3587 3614">
    <p class='ocr_par' dir='ltr' id='par_1_110' title="bbox 1894 3538 3587 3614">
     <span class='ocr_line' id='line_1_111' title="bbox 1894 3538 3587 3614; baseline 0.004 -22"><span class='ocrx_word' id='word_1_761' title='bbox 1894 3543 2175 3614; x_wconf 77' lang='lat' dir='ltr'>sOSpitatis</span> <span class='ocrx_word' id='word_1_762' title='bbox 2224 3540 2443 3614; x_wconf 80' lang='lat' dir='ltr'>obtinet</span> <span class='ocrx_word' id='word_1_763' title='bbox 2477 3555 2488 3592; x_wconf 93' lang='lat'><strong>:</strong></span> <span class='ocrx_word' id='word_1_764' title='bbox 2522 3540 2672 3609; x_wconf 92' lang='lat' dir='ltr'>quod</span> <span class='ocrx_word' id='word_1_765' title='bbox 2723 3538 2939 3614; x_wconf 85' lang='lat' dir='ltr'>optime</span> <span class='ocrx_word' id='word_1_766' title='bbox 2971 3541 3288 3614; x_wconf 84' lang='lat' dir='ltr'>explicatur</span> <span class='ocrx_word' id='word_1_767' title='bbox 3327 3538 3587 3614; x_wconf 86' lang='lat' dir='ltr'>exemplo</span> 
     </span>
    </p>
   </div>
   <div class='ocr_carea' id='block_1_111' title="bbox 1893 3611 3585 3684">
    <p class='ocr_par' dir='ltr' id='par_1_111' title="bbox 1893 3611 3585 3684">
     <span class='ocr_line' id='line_1_112' title="bbox 1893 3611 3585 3684; baseline 0.003 -21"><span class='ocrx_word' id='word_1_768' title='bbox 1893 3611 2108 3664; x_wconf 89' lang='lat' dir='ltr'>fomitis</span> <span class='ocrx_word' id='word_1_769' title='bbox 2140 3630 2151 3663; x_wconf 90' lang='lat'><strong><em>:</em></strong></span> <span class='ocrx_word' id='word_1_770' title='bbox 2189 3627 2322 3684; x_wconf 89' lang='lat' dir='ltr'>nam</span> <span class='ocrx_word' id='word_1_771' title='bbox 2355 3612 2535 3684; x_wconf 86' lang='lat' dir='ltr'>fomes</span> <span class='ocrx_word' id='word_1_772' title='bbox 2579 3617 2662 3684; x_wconf 84' lang='lat' dir='ltr'>est</span> <span class='ocrx_word' id='word_1_773' title='bbox 2707 3611 2972 3684; x_wconf 61' lang='lat' dir='ltr'>materias</span> <span class='ocrx_word' id='word_1_774' title='bbox 2996 3611 3283 3684; x_wconf 86' lang='lat' dir='ltr'>ignescere</span> <span class='ocrx_word' id='word_1_775' title='bbox 3321 3615 3398 3667; x_wconf 90' lang='lat' dir='ltr'>sic</span> <span class='ocrx_word' id='word_1_776' title='bbox 3432 3611 3585 3684; x_wconf 81' lang='lat' dir='ltr'>apta,</span> 
     </span>
    </p>
   </div>
   <div class='ocr_carea' id='block_1_112' title="bbox 1893 3681 3584 3752">
    <p class='ocr_par' dir='ltr' id='par_1_112' title="bbox 1893 3681 3584 3752">
     <span class='ocr_line' id='line_1_113' title="bbox 1893 3681 3584 3752; baseline 0.004 -18"><span class='ocrx_word' id='word_1_777' title='bbox 1893 3689 1948 3734; x_wconf 92' lang='lat' dir='ltr'>et</span> <span class='ocrx_word' id='word_1_778' title='bbox 1990 3699 2101 3735; x_wconf 89' lang='lat' dir='ltr'>una</span> <span class='ocrx_word' id='word_1_779' title='bbox 2150 3683 2272 3750; x_wconf 77' lang='lat' dir='ltr'>ejus</span> <span class='ocrx_word' id='word_1_780' title='bbox 2305 3689 2464 3750; x_wconf 89' lang='lat' dir='ltr'>parte</span> <span class='ocrx_word' id='word_1_781' title='bbox 2507 3681 2681 3748; x_wconf 87' lang='lat' dir='ltr'>ignita</span> <span class='ocrx_word' id='word_1_782' title='bbox 2711 3689 2929 3734; x_wconf 54' lang='lat' dir='ltr'>casterae</span> <span class='ocrx_word' id='word_1_783' title='bbox 2954 3683 3215 3736; x_wconf 79' lang='lat' dir='ltr'>facillime</span> <span class='ocrx_word' id='word_1_784' title='bbox 3249 3681 3584 3752; x_wconf 45' lang='lat' dir='ltr'>ignesca&#39;nt:</span> 
     </span>
    </p>
   </div>
   <div class='ocr_carea' id='block_1_113' title="bbox 1895 3753 3067 3820">
    <p class='ocr_par' dir='ltr' id='par_1_113' title="bbox 1895 3753 3067 3820">
     <span class='ocr_line' id='line_1_114' title="bbox 1895 3753 3067 3820; baseline 0.001 -16"><span class='ocrx_word' id='word_1_785' title='bbox 1895 3755 2039 3806; x_wconf 90' lang='lat' dir='ltr'>sicut</span> <span class='ocrx_word' id='word_1_786' title='bbox 2066 3755 2344 3820; x_wconf 82' lang='lat' dir='ltr'>expressit</span> <span class='ocrx_word' id='word_1_787' title='bbox 2372 3753 2567 3820; x_wconf 86' lang='lat' dir='ltr'>Virgil.</span> <span class='ocrx_word' id='word_1_788' title='bbox 2604 3769 2622 3804; x_wconf 86' lang='lat'>1</span> <span class='ocrx_word' id='word_1_789' title='bbox 2654 3755 2802 3819; x_wconf 41' lang='lat' dir='ltr'>Ain”</span> <span class='ocrx_word' id='word_1_790' title='bbox 2836 3769 2886 3806; x_wconf 92' lang='lat' dir='ltr'>v.</span> <span class='ocrx_word' id='word_1_791' title='bbox 2925 3757 3018 3805; x_wconf 76' lang='grc'>178</span> <span class='ocrx_word' id='word_1_792' title='bbox 3056 3770 3067 3805; x_wconf 93' lang='lat'>:</span> 
     </span>
    </p>
   </div>
   <div class='ocr_carea' id='block_1_114' title="bbox 2019 3839 3361 3902">
    <p class='ocr_par' dir='ltr' id='par_1_114' title="bbox 2019 3839 3361 3902">
     <span class='ocr_line' id='line_1_115' title="bbox 2019 3839 3361 3902; baseline 0.003 -15"><span class='ocrx_word' id='word_1_793' title='bbox 2019 3842 2089 3888; x_wconf 82' lang='lat' dir='ltr'>Ac</span> <span class='ocrx_word' id='word_1_794' title='bbox 2120 3841 2346 3902; x_wconf 89' lang='lat' dir='ltr'>primum</span> <span class='ocrx_word' id='word_1_795' title='bbox 2380 3840 2540 3886; x_wconf 82' lang='lat' dir='ltr'>silicis</span> <span class='ocrx_word' id='word_1_796' title='bbox 2570 3839 2852 3888; x_wconf 85' lang='lat' dir='ltr'>scintillam</span> <span class='ocrx_word' id='word_1_797' title='bbox 2883 3841 3096 3889; x_wconf 82' lang='lat' dir='ltr'>excudit</span> <span class='ocrx_word' id='word_1_798' title='bbox 3124 3841 3361 3901; x_wconf 77' lang='lat' dir='ltr'>Achates,</span> 
     </span>
    </p>
   </div>
   <div class='ocr_carea' id='block_1_115' title="bbox 2019 3902 3340 3964">
    <p class='ocr_par' dir='ltr' id='par_1_115' title="bbox 2019 3902 3340 3964">
     <span class='ocr_line' id='line_1_116' title="bbox 2019 3902 3340 3964; baseline 0.002 -13"><span class='ocrx_word' id='word_1_799' title='bbox 2019 3903 2362 3964; x_wconf 74' lang='lat' dir='ltr'>Suscepitque</span> <span class='ocrx_word' id='word_1_800' title='bbox 2389 3902 2562 3960; x_wconf 84' lang='lat' dir='ltr'>ignem</span> <span class='ocrx_word' id='word_1_801' title='bbox 2594 3902 2748 3958; x_wconf 86' lang='lat' dir='ltr'>foliis,</span> <span class='ocrx_word' id='word_1_802' title='bbox 2779 3908 2935 3964; x_wconf 87' lang='lat' dir='ltr'>atque</span> <span class='ocrx_word' id='word_1_803' title='bbox 2968 3904 3114 3951; x_wconf 83' lang='lat' dir='ltr'>arida</span> <span class='ocrx_word' id='word_1_804' title='bbox 3141 3906 3340 3953; x_wconf 86' lang='lat' dir='ltr'>circum</span> 
     </span>
    </p>
   </div>
   <div class='ocr_carea' id='block_1_116' title="bbox 2021 3964 3462 4026">
    <p class='ocr_par' dir='ltr' id='par_1_116' title="bbox 2021 3964 3462 4026">
     <span class='ocr_line' id='line_1_117' title="bbox 2021 3964 3462 4026; baseline 0.003 -14"><span class='ocrx_word' id='word_1_805' title='bbox 2021 3966 2352 4012; x_wconf 74' lang='lat' dir='ltr'>Nutrimenta</span> <span class='ocrx_word' id='word_1_806' title='bbox 2381 3964 2543 4021; x_wconf 84' lang='lat' dir='ltr'>dedit,</span> <span class='ocrx_word' id='word_1_807' title='bbox 2577 3964 2853 4026; x_wconf 87' lang='lat' dir='ltr'>rapuitque</span> <span class='ocrx_word' id='word_1_808' title='bbox 2883 3966 2938 4011; x_wconf 92' lang='lat' dir='ltr'>in</span> <span class='ocrx_word' id='word_1_809' title='bbox 2969 3967 3148 4014; x_wconf 84' lang='lat' dir='ltr'>fomite</span> <span class='ocrx_word' id='word_1_810' title='bbox 3179 3969 3462 4017; x_wconf 80' lang='lat' dir='ltr'>flammam.</span> 
     </span>
    </p>
   </div>
   <div class='ocr_carea' id='block_1_117' title="bbox 1969 4053 3590 4122">
    <p class='ocr_par' dir='ltr' id='par_1_117' title="bbox 1969 4053 3590 4122">
     <span class='ocr_line' id='line_1_118' title="bbox 1969 4053 3590 4122; baseline 0.004 -16"><span class='ocrx_word' id='word_1_811' title='bbox 1969 4054 2107 4107; x_wconf 88' lang='lat' dir='ltr'>Cum</span> <span class='ocrx_word' id='word_1_812' title='bbox 2139 4053 2312 4118; x_wconf 84' lang='lat' dir='ltr'>igitur</span> <span class='ocrx_word' id='word_1_813' title='bbox 2329 4069 2488 4105; x_wconf 91' lang='lat' dir='ltr'>mens</span> <span class='ocrx_word' id='word_1_814' title='bbox 2511 4053 2758 4105; x_wconf 88' lang='lat' dir='ltr'>humana</span> <span class='ocrx_word' id='word_1_815' title='bbox 2776 4054 2968 4122; x_wconf 88' lang='lat' dir='ltr'>aliqua</span> <span class='ocrx_word' id='word_1_816' title='bbox 2989 4055 3219 4107; x_wconf 92' lang='lat' dir='ltr'>notione</span> <span class='ocrx_word' id='word_1_817' title='bbox 3242 4057 3355 4110; x_wconf 86' lang='lat' dir='ltr'>sive</span> <span class='ocrx_word' id='word_1_818' title='bbox 3374 4059 3590 4112; x_wconf 88' lang='lat' dir='ltr'>lumine</span> 
     </span>
    </p>
   </div>
   <div class='ocr_carea' id='block_1_118' title="bbox 1898 4124 3590 4197">
    <p class='ocr_par' dir='ltr' id='par_1_118' title="bbox 1898 4124 3590 4197">
     <span class='ocr_line' id='line_1_119' title="bbox 1898 4124 3590 4197; baseline 0.002 -19"><span class='ocrx_word' id='word_1_819' title='bbox 1898 4125 2120 4187; x_wconf 76' lang='lat' dir='ltr'>affecta,</span> <span class='ocrx_word' id='word_1_820' title='bbox 2156 4124 2417 4197; x_wconf 78' lang='lat' dir='ltr'>facillime</span> <span class='ocrx_word' id='word_1_821' title='bbox 2450 4126 2634 4192; x_wconf 61' lang='lat' dir='ltr'>possit,</span> <span class='ocrx_word' id='word_1_822' title='bbox 2660 4127 2954 4197; x_wconf 87' lang='lat' dir='ltr'>pervenire</span> <span class='ocrx_word' id='word_1_823' title='bbox 2987 4141 3099 4177; x_wconf 91' lang='lat' dir='ltr'>non</span> <span class='ocrx_word' id='word_1_824' title='bbox 3139 4128 3322 4178; x_wconf 88' lang='lat' dir='ltr'>solum</span> <span class='ocrx_word' id='word_1_825' title='bbox 3356 4129 3424 4180; x_wconf 91' lang='lat' dir='ltr'>ad</span> <span class='ocrx_word' id='word_1_826' title='bbox 3461 4146 3590 4197; x_wconf 89' lang='lat' dir='ltr'>per-</span> 
     </span>
    </p>
   </div>
   <div class='ocr_carea' id='block_1_119' title="bbox 1898 4196 3591 4266">
    <p class='ocr_par' dir='ltr' id='par_1_119' title="bbox 1898 4196 3591 4266">
     <span class='ocr_line' id='line_1_120' title="bbox 1898 4196 3591 4266; baseline 0.002 -17"><span class='ocrx_word' id='word_1_827' title='bbox 1898 4197 2187 4250; x_wconf 77' lang='lat' dir='ltr'>fectiorem</span> <span class='ocrx_word' id='word_1_828' title='bbox 2222 4196 2537 4252; x_wconf 83' lang='lat' dir='ltr'>scientiam.</span> <span class='ocrx_word' id='word_1_829' title='bbox 2573 4211 2699 4264; x_wconf 70' lang='lat' dir='ltr'>quin</span> <span class='ocrx_word' id='word_1_830' title='bbox 2727 4196 2864 4247; x_wconf 85' lang='lat' dir='ltr'>nihil</span> <span class='ocrx_word' id='word_1_831' title='bbox 2901 4201 2982 4248; x_wconf 89' lang='lat' dir='ltr'>est</span> <span class='ocrx_word' id='word_1_832' title='bbox 3011 4197 3162 4248; x_wconf 89' lang='lat' dir='ltr'>aliud</span> <span class='ocrx_word' id='word_1_833' title='bbox 3189 4214 3362 4266; x_wconf 87' lang='lat' dir='ltr'>quam</span> <span class='ocrx_word' id='word_1_834' title='bbox 3393 4196 3591 4252; x_wconf 88' lang='lat' dir='ltr'>lumen</span> 
     </span>
    </p>
   </div>
   <div class='ocr_carea' id='block_1_120' title="bbox 1902 4267 3593 4336">
    <p class='ocr_par' dir='ltr' id='par_1_120' title="bbox 1902 4267 3593 4336">
     <span class='ocr_line' id='line_1_121' title="bbox 1902 4267 3593 4336; baseline 0.002 -17"><span class='ocrx_word' id='word_1_835' title='bbox 1902 4269 2160 4320; x_wconf 86' lang='lat' dir='ltr'>naturale</span> <span class='ocrx_word' id='word_1_836' title='bbox 2196 4268 2364 4336; x_wconf 87' lang='lat' dir='ltr'>paulo</span> <span class='ocrx_word' id='word_1_837' title='bbox 2399 4267 2625 4330; x_wconf 80' lang='lat' dir='ltr'>longius</span> <span class='ocrx_word' id='word_1_838' title='bbox 2649 4267 2941 4328; x_wconf 72' lang='lat' dir='ltr'>diffusum,</span> <span class='ocrx_word' id='word_1_839' title='bbox 2976 4282 3168 4319; x_wconf 90' lang='lat' dir='ltr'>verum</span> <span class='ocrx_word' id='word_1_840' title='bbox 3204 4269 3373 4321; x_wconf 88' lang='lat' dir='ltr'>etiam</span> <span class='ocrx_word' id='word_1_841' title='bbox 3403 4271 3470 4320; x_wconf 88' lang='lat' dir='ltr'>ad</span> <span class='ocrx_word' id='word_1_842' title='bbox 3505 4287 3593 4323; x_wconf 90' lang='lat' dir='ltr'>ve-</span> 
     </span>
    </p>
   </div>
   <div class='ocr_carea' id='block_1_121' title="bbox 1905 4337 3588 4408">
    <p class='ocr_par' dir='ltr' id='par_1_121' title="bbox 1905 4337 3588 4408">
     <span class='ocr_line' id='line_1_122' title="bbox 1905 4337 3588 4408; baseline 0 -16"><span class='ocrx_word' id='word_1_843' title='bbox 1905 4341 2152 4403; x_wconf 78' lang='lat' dir='ltr'>ritatem,</span> <span class='ocrx_word' id='word_1_844' title='bbox 2214 4340 2599 4406; x_wconf 86' lang='lat' dir='ltr'>virtutemque</span> <span class='ocrx_word' id='word_1_845' title='bbox 2632 4337 3021 4400; x_wconf 82' lang='lat' dir='ltr'>excolendam,</span> <span class='ocrx_word' id='word_1_846' title='bbox 3057 4338 3112 4390; x_wconf 87' lang='lat' dir='ltr'>iii</span> <span class='ocrx_word' id='word_1_847' title='bbox 3143 4355 3253 4408; x_wconf 64' lang='lat' dir='ltr'>quo</span> <span class='ocrx_word' id='word_1_848' title='bbox 3295 4345 3408 4392; x_wconf 88' lang='lat' dir='ltr'>tota</span> <span class='ocrx_word' id='word_1_849' title='bbox 3440 4340 3588 4408; x_wconf 87' lang='lat' dir='ltr'>ejus-</span> 
     </span>
    </p>
   </div>
   <div class='ocr_carea' id='block_1_122' title="bbox 1904 4409 3594 4465">
    <p class='ocr_par' dir='ltr' id='par_1_122' title="bbox 1904 4409 3594 4465">
     <span class='ocr_line' id='line_1_123' title="bbox 1904 4409 3594 4465; baseline 0.002 -3"><span class='ocrx_word' id='word_1_850' title='bbox 1904 4411 2030 4463; x_wconf 88' lang='lat' dir='ltr'>dem</span> <span class='ocrx_word' id='word_1_851' title='bbox 2069 4410 2273 4461; x_wconf 87' lang='lat' dir='ltr'>inentis</span> <span class='ocrx_word' id='word_1_852' title='bbox 2321 4409 2585 4461; x_wconf 73' lang='lat' dir='ltr'>humanm</span> <span class='ocrx_word' id='word_1_853' title='bbox 2633 4410 2781 4460; x_wconf 85' lang='lat' dir='ltr'>salus</span> <span class='ocrx_word' id='word_1_854' title='bbox 2829 4416 3080 4460; x_wconf 78' lang='lat' dir='ltr'>versatur</span> <span class='ocrx_word' id='word_1_855' title='bbox 3129 4409 3334 4462; x_wconf 87' lang='lat' dir='ltr'>idcirco</span> <span class='ocrx_word' id='word_1_856' title='bbox 3363 4427 3490 4462; x_wconf 77' lang='lat' dir='ltr'>vera</span> <span class='ocrx_word' id='word_1_857' title='bbox 3529 4413 3594 4465; x_wconf 86' lang='lat' dir='ltr'>de</span> 
     </span>
    </p>
   </div>
   <div class='ocr_carea' id='block_1_123' title="bbox 1904 4481 3595 4547">
    <p class='ocr_par' dir='ltr' id='par_1_123' title="bbox 1904 4481 3595 4547">
     <span class='ocr_line' id='line_1_124' title="bbox 1904 4481 3595 4547; baseline 0.002 -14"><span class='ocrx_word' id='word_1_858' title='bbox 1904 4481 2095 4534; x_wconf 82' lang='lat' dir='ltr'>mundi</span> <span class='ocrx_word' id='word_1_859' title='bbox 2130 4481 2515 4547; x_wconf 73' lang='lat' dir='ltr'>gubernatione</span> <span class='ocrx_word' id='word_1_860' title='bbox 2545 4483 2806 4532; x_wconf 74' lang='lat' dir='ltr'>srntentia</span> <span class='ocrx_word' id='word_1_861' title='bbox 2838 4481 3083 4531; x_wconf 86' lang='lat' dir='ltr'>naturali</span> <span class='ocrx_word' id='word_1_862' title='bbox 3112 4482 3325 4533; x_wconf 88' lang='lat' dir='ltr'>lumine</span> <span class='ocrx_word' id='word_1_863' title='bbox 3359 4483 3595 4536; x_wconf 82' lang='lat' dir='ltr'>fundata</span> 
     </span>
    </p>
   </div>
   <div class='ocr_carea' id='block_1_124' title="bbox 1901 4552 3006 4613">
    <p class='ocr_par' dir='ltr' id='par_1_124' title="bbox 1901 4552 3006 4613">
     <span class='ocr_line' id='line_1_125' title="bbox 1901 4552 3006 4613; baseline -0.004 -7"><span class='ocrx_word' id='word_1_864' title='bbox 1901 4555 2174 4606; x_wconf 68' lang='lat' dir='ltr'>maarinms</span> <span class='ocrx_word' id='word_1_865' title='bbox 2207 4558 2282 4603; x_wconf 79' lang='lat' dir='ltr'>est</span> <span class='ocrx_word' id='word_1_866' title='bbox 2315 4552 2509 4604; x_wconf 80' lang='lat' dir='ltr'>salutis</span> <span class='ocrx_word' id='word_1_867' title='bbox 2543 4553 2788 4603; x_wconf 66' lang='lat' dir='ltr'>humanae</span> <span class='ocrx_word' id='word_1_868' title='bbox 2819 4553 3006 4613; x_wconf 87' lang='lat' dir='ltr'>fomes.</span> 
     </span>
    </p>
   </div>
   <div class='ocr_carea' id='block_1_125' title="bbox 1975 4622 3595 4692">
    <p class='ocr_par' dir='ltr' id='par_1_125' title="bbox 1975 4622 3595 4692">
     <span class='ocr_line' id='line_1_126' title="bbox 1975 4622 3595 4692; baseline 0.001 -16"><span class='ocrx_word' id='word_1_869' title='bbox 1975 4627 1994 4658; x_wconf 80' lang='grc' dir='ltr'><strong>σ</strong></span> <span class='ocrx_word' id='word_1_870' title='bbox 2031 4627 2115 4676; x_wconf 76' lang='lat' dir='ltr'>Ec</span> <span class='ocrx_word' id='word_1_871' title='bbox 2165 4625 2263 4675; x_wconf 81' lang='lat' dir='ltr'>hac</span> <span class='ocrx_word' id='word_1_872' title='bbox 2307 4626 2529 4674; x_wconf 84' lang='lat' dir='ltr'>minima</span> <span class='ocrx_word' id='word_1_873' title='bbox 2568 4623 2867 4674; x_wconf 71' lang='lat' dir='ltr'>sein/illata</span> <span class='ocrx_word' id='word_1_874' title='bbox 2912 4623 3094 4674; x_wconf 84' lang='lat' dir='ltr'>vitalis</span> <span class='ocrx_word' id='word_1_875' title='bbox 3145 4622 3334 4692; x_wconf 75' lang='lat' dir='ltr'>calor.]</span> <span class='ocrx_word' id='word_1_876' title='bbox 3380 4626 3466 4678; x_wconf 79' lang='lat' dir='ltr'>Ea:</span> <span class='ocrx_word' id='word_1_877' title='bbox 3501 4626 3595 4678; x_wconf 84' lang='lat' dir='ltr'>hoc</span> 
     </span>
    </p>
   </div>
   <div class='ocr_carea' id='block_1_126' title="bbox 1903 4693 3595 4771">
    <p class='ocr_par' dir='ltr' id='par_1_126' title="bbox 1903 4693 3595 4771">
     <span class='ocr_line' id='line_1_127' title="bbox 1903 4693 3595 4771; baseline 0.001 -24"><span class='ocrx_word' id='word_1_878' title='bbox 1903 4698 2126 4747; x_wconf 87' lang='lat' dir='ltr'>minimo</span> <span class='ocrx_word' id='word_1_879' title='bbox 2182 4693 2388 4744; x_wconf 86' lang='lat' dir='ltr'>mentis</span> <span class='ocrx_word' id='word_1_880' title='bbox 2444 4699 2552 4744; x_wconf 73' lang='lat' dir='ltr'>tua:</span> <span class='ocrx_word' id='word_1_881' title='bbox 2585 4695 2833 4771; x_wconf 30' lang='lat' dir='ltr'>&#39;lumine.</span> <span class='ocrx_word' id='word_1_882' title='bbox 2864 4694 3068 4745; x_wconf 64' lang='lat' dir='ltr'>ieritas</span> <span class='ocrx_word' id='word_1_883' title='bbox 3105 4697 3418 4764; x_wconf 87' lang='lat' dir='ltr'>virtusque,</span> <span class='ocrx_word' id='word_1_884' title='bbox 3466 4713 3595 4766; x_wconf 69' lang='lat' dir='ltr'>quae</span> 
     </span>
    </p>
   </div>
   <div class='ocr_carea' id='block_1_127' title="bbox 1904 4766 2936 4837">
    <p class='ocr_par' dir='ltr' id='par_1_127' title="bbox 1904 4766 2936 4837">
     <span class='ocr_line' id='line_1_128' title="bbox 1904 4766 2936 4837; baseline -0.002 -19"><span class='ocrx_word' id='word_1_885' title='bbox 1904 4766 2089 4837; x_wconf 71' lang='lat' dir='ltr'>prima</span> <span class='ocrx_word' id='word_1_886' title='bbox 2123 4771 2258 4816; x_wconf 87' lang='lat' dir='ltr'>sunt</span> <span class='ocrx_word' id='word_1_887' title='bbox 2283 4771 2510 4816; x_wconf 68' lang='lat' dir='ltr'>aeternae</span> <span class='ocrx_word' id='word_1_888' title='bbox 2547 4766 2674 4814; x_wconf 71' lang='lat' dir='ltr'>vitari</span> <span class='ocrx_word' id='word_1_889' title='bbox 2698 4766 2936 4818; x_wconf 84' lang='lat' dir='ltr'>semina.</span> 
     </span>
    </p>
   </div>
   <div class='ocr_carea' id='block_1_128' title="bbox 1976 4835 3597 4907">
    <p class='ocr_par' dir='ltr' id='par_1_128' title="bbox 1976 4835 3597 4907">
     <span class='ocr_line' id='line_1_129' title="bbox 1976 4835 3597 4907; baseline 0.001 -17"><span class='ocrx_word' id='word_1_890' title='bbox 1976 4835 1994 4868; x_wconf 83' lang='grc'>⁷</span> <span class='ocrx_word' id='word_1_891' title='bbox 2025 4840 2156 4890; x_wconf 77' lang='lat' dir='ltr'>Eum</span> <span class='ocrx_word' id='word_1_892' title='bbox 2200 4838 2460 4887; x_wconf 74' lang='lat' dir='ltr'>mmitium</span> <span class='ocrx_word' id='word_1_893' title='bbox 2503 4840 2712 4907; x_wconf 82' lang='lat' dir='ltr'>constat</span> <span class='ocrx_word' id='word_1_894' title='bbox 2760 4849 2868 4885; x_wconf 87' lang='lat' dir='ltr'>esse</span> <span class='ocrx_word' id='word_1_895' title='bbox 2915 4840 3191 4901; x_wconf 84' lang='lat' dir='ltr'>naturam,</span> <span class='ocrx_word' id='word_1_896' title='bbox 3227 4835 3359 4907; x_wconf 86' lang='lat' dir='ltr'>etc.]</span> <span class='ocrx_word' id='word_1_897' title='bbox 3403 4839 3597 4892; x_wconf 82' lang='lat' dir='ltr'>Modus</span> 
     </span>
    </p>
   </div>
   <div class='ocr_carea' id='block_1_129' title="bbox 1905 4906 3600 4973">
    <p class='ocr_par' dir='ltr' id='par_1_129' title="bbox 1905 4906 3600 4973">
     <span class='ocr_line' id='line_1_130' title="bbox 1905 4906 3600 4973; baseline 0.001 -12"><span class='ocrx_word' id='word_1_898' title='bbox 1905 4910 2059 4961; x_wconf 83' lang='lat' dir='ltr'>enim</span> <span class='ocrx_word' id='word_1_899' title='bbox 2108 4908 2220 4958; x_wconf 87' lang='lat' dir='ltr'>sive</span> <span class='ocrx_word' id='word_1_900' title='bbox 2262 4907 2511 4973; x_wconf 87' lang='lat' dir='ltr'>corporis</span> <span class='ocrx_word' id='word_1_901' title='bbox 2559 4906 2674 4956; x_wconf 88' lang='lat' dir='ltr'>sive</span> <span class='ocrx_word' id='word_1_902' title='bbox 2723 4907 2893 4956; x_wconf 86' lang='lat' dir='ltr'>etiam</span> <span class='ocrx_word' id='word_1_903' title='bbox 2942 4912 3149 4958; x_wconf 77' lang='lat' dir='ltr'>mentis</span> <span class='ocrx_word' id='word_1_904' title='bbox 3183 4925 3292 4960; x_wconf 86' lang='lat' dir='ltr'>non</span> <span class='ocrx_word' id='word_1_905' title='bbox 3327 4906 3433 4962; x_wconf 79' lang='lat' dir='ltr'>nisi</span> <span class='ocrx_word' id='word_1_906' title='bbox 3467 4926 3600 4963; x_wconf 86' lang='lat' dir='ltr'>con-</span> 
     </span>
    </p>
   </div>
   <div class='ocr_carea' id='block_1_130' title="bbox 1905 4976 3599 5048">
    <p class='ocr_par' dir='ltr' id='par_1_130' title="bbox 1905 4976 3599 5048">
     <span class='ocr_line' id='line_1_131' title="bbox 1905 4976 3599 5048; baseline 0.002 -17"><span class='ocrx_word' id='word_1_907' title='bbox 1905 4980 2080 5032; x_wconf 90' lang='lat' dir='ltr'>trario</span> <span class='ocrx_word' id='word_1_908' title='bbox 2139 4978 2307 5030; x_wconf 86' lang='lat' dir='ltr'>modo</span> <span class='ocrx_word' id='word_1_909' title='bbox 2360 4977 2585 5043; x_wconf 85' lang='lat' dir='ltr'>fugatus</span> <span class='ocrx_word' id='word_1_910' title='bbox 2642 4976 3048 5030; x_wconf 74' lang='lat' dir='ltr'>oblitteratnr:</span> <span class='ocrx_word' id='word_1_911' title='bbox 3101 4980 3479 5048; x_wconf 86' lang='lat' dir='ltr'>quamobrem</span> <span class='ocrx_word' id='word_1_912' title='bbox 3536 4986 3599 5034; x_wconf 86' lang='lat' dir='ltr'>ut</span> 
     </span>
    </p>
   </div>
   <div class='ocr_carea' id='block_1_131' title="bbox 1905 5048 3596 5118">
    <p class='ocr_par' dir='ltr' id='par_1_131' title="bbox 1905 5048 3596 5118">
     <span class='ocr_line' id='line_1_132' title="bbox 1905 5048 3596 5118; baseline 0.002 -17"><span class='ocrx_word' id='word_1_913' title='bbox 1905 5067 2034 5102; x_wconf 88' lang='lat' dir='ltr'>vera</span> <span class='ocrx_word' id='word_1_914' title='bbox 2060 5049 2256 5118; x_wconf 89' lang='lat' dir='ltr'>opinio</span> <span class='ocrx_word' id='word_1_915' title='bbox 2277 5066 2307 5100; x_wconf 93' lang='lat' dir='ltr'>a</span> <span class='ocrx_word' id='word_1_916' title='bbox 2333 5052 2519 5118; x_wconf 90' lang='lat' dir='ltr'>mente</span> <span class='ocrx_word' id='word_1_917' title='bbox 2545 5051 2730 5098; x_wconf 78' lang='lat' dir='ltr'>nostra</span> <span class='ocrx_word' id='word_1_918' title='bbox 2754 5063 2867 5099; x_wconf 91' lang='lat' dir='ltr'>non</span> <span class='ocrx_word' id='word_1_919' title='bbox 2890 5048 3120 5111; x_wconf 87' lang='lat' dir='ltr'>recedit,</span> <span class='ocrx_word' id='word_1_920' title='bbox 3146 5051 3254 5102; x_wconf 91' lang='lat' dir='ltr'>nisi</span> <span class='ocrx_word' id='word_1_921' title='bbox 3281 5051 3418 5102; x_wconf 86' lang='lat' dir='ltr'>falsa</span> <span class='ocrx_word' id='word_1_922' title='bbox 3441 5068 3596 5104; x_wconf 89' lang='lat' dir='ltr'>acce-</span> 
     </span>
    </p>
   </div>
   <div class='ocr_carea' id='block_1_132' title="bbox 1906 5117 3595 5186">
    <p class='ocr_par' dir='ltr' id='par_1_132' title="bbox 1906 5117 3595 5186">
     <span class='ocr_line' id='line_1_133' title="bbox 1906 5117 3595 5186; baseline -0.001 -12"><span class='ocrx_word' id='word_1_923' title='bbox 1906 5117 2200 5182; x_wconf 23' lang='lat' dir='ltr'>deiite,’sic</span> <span class='ocrx_word' id='word_1_924' title='bbox 2221 5121 2359 5171; x_wconf 87' lang='lat' dir='ltr'>falsa</span> <span class='ocrx_word' id='word_1_925' title='bbox 2380 5117 2650 5186; x_wconf 85' lang='lat' dir='ltr'>opinione</span> <span class='ocrx_word' id='word_1_926' title='bbox 2677 5118 2993 5184; x_wconf 85' lang='lat' dir='ltr'>recedente,</span> <span class='ocrx_word' id='word_1_927' title='bbox 3013 5135 3143 5172; x_wconf 87' lang='lat' dir='ltr'>vera</span> <span class='ocrx_word' id='word_1_928' title='bbox 3163 5129 3408 5174; x_wconf 84' lang='lat' dir='ltr'>mentem</span> <span class='ocrx_word' id='word_1_929' title='bbox 3426 5122 3595 5174; x_wconf 86' lang='lat' dir='ltr'>subit.</span> 
     </span>
    </p>
   </div>
   <div class='ocr_carea' id='block_1_133' title="bbox 1907 5189 3598 5261">
    <p class='ocr_par' dir='ltr' id='par_1_133' title="bbox 1907 5189 3598 5261">
     <span class='ocr_line' id='line_1_134' title="bbox 1907 5189 3598 5261; baseline -0.001 -16"><span class='ocrx_word' id='word_1_930' title='bbox 1907 5194 1983 5245; x_wconf 83' lang='lat' dir='ltr'>Ea</span> <span class='ocrx_word' id='word_1_931' title='bbox 2015 5198 2207 5244; x_wconf 81' lang='lat' dir='ltr'>autem</span> <span class='ocrx_word' id='word_1_932' title='bbox 2242 5197 2326 5242; x_wconf 74' lang='lat' dir='ltr'>est</span> <span class='ocrx_word' id='word_1_933' title='bbox 2359 5189 2506 5241; x_wconf 87' lang='lat' dir='ltr'>inter</span> <span class='ocrx_word' id='word_1_934' title='bbox 2537 5189 2995 5257; x_wconf 84' lang='lat' dir='ltr'>perturbationes</span> <span class='ocrx_word' id='word_1_935' title='bbox 3019 5197 3073 5243; x_wconf 91' lang='lat' dir='ltr'>et</span> <span class='ocrx_word' id='word_1_936' title='bbox 3107 5193 3272 5244; x_wconf 87' lang='lat' dir='ltr'>falsas</span> <span class='ocrx_word' id='word_1_937' title='bbox 3295 5193 3598 5261; x_wconf 87' lang='lat' dir='ltr'>opiniones</span> 
     </span>
    </p>
   </div>
   <div class='ocr_carea' id='block_1_134' title="bbox 1908 5261 3600 5330">
    <p class='ocr_par' dir='ltr' id='par_1_134' title="bbox 1908 5261 3600 5330">
     <span class='ocr_line' id='line_1_135' title="bbox 1908 5261 3600 5330; baseline 0 -15"><span class='ocrx_word' id='word_1_938' title='bbox 1908 5262 2284 5324; x_wconf 66' lang='lat' dir='ltr'>necessitudo,</span> <span class='ocrx_word' id='word_1_939' title='bbox 2313 5267 2373 5312; x_wconf 91' lang='lat' dir='ltr'>ut</span> <span class='ocrx_word' id='word_1_940' title='bbox 2404 5267 2546 5312; x_wconf 71' lang='lat' dir='ltr'>sneut</span> <span class='ocrx_word' id='word_1_941' title='bbox 2569 5261 2720 5313; x_wconf 69' lang='lat' dir='ltr'>falsae</span> <span class='ocrx_word' id='word_1_942' title='bbox 2743 5261 3044 5328; x_wconf 88' lang='lat' dir='ltr'>opiniones</span> <span class='ocrx_word' id='word_1_943' title='bbox 3072 5279 3135 5314; x_wconf 83' lang='lat' dir='ltr'>ex</span> <span class='ocrx_word' id='word_1_944' title='bbox 3161 5263 3600 5330; x_wconf 85' lang='lat' dir='ltr'>perturbationi-</span> 
     </span>
    </p>
   </div>
   <div class='ocr_carea' id='block_1_135' title="bbox 1906 5331 3596 5402">
    <p class='ocr_par' dir='ltr' id='par_1_135' title="bbox 1906 5331 3596 5402">
     <span class='ocr_line' id='line_1_136' title="bbox 1906 5331 3596 5402; baseline 0 -15"><span class='ocrx_word' id='word_1_945' title='bbox 1906 5335 2033 5398; x_wconf 87' lang='lat' dir='ltr'>bus,</span> <span class='ocrx_word' id='word_1_946' title='bbox 2061 5335 2138 5385; x_wconf 90' lang='lat' dir='ltr'>ita</span> <span class='ocrx_word' id='word_1_947' title='bbox 2162 5331 2619 5400; x_wconf 73' lang='lat' dir='ltr'>pertnrl&#39;iationes</span> <span class='ocrx_word' id='word_1_948' title='bbox 2644 5348 2708 5384; x_wconf 85' lang='lat' dir='ltr'>ex</span> <span class='ocrx_word' id='word_1_949' title='bbox 2735 5333 2888 5384; x_wconf 84' lang='lat' dir='ltr'>falsis</span> <span class='ocrx_word' id='word_1_950' title='bbox 2912 5333 3280 5402; x_wconf 84' lang='lat' dir='ltr'>Opinionibus</span> <span class='ocrx_word' id='word_1_951' title='bbox 3303 5335 3596 5388; x_wconf 88' lang='lat' dir='ltr'>oriantur:</span> 
     </span>
    </p>
   </div>
   <div class='ocr_carea' id='block_1_136' title="bbox 1907 5404 3600 5476">
    <p class='ocr_par' dir='ltr' id='par_1_136' title="bbox 1907 5404 3600 5476">
     <span class='ocr_line' id='line_1_137' title="bbox 1907 5404 3600 5476; baseline 0.002 -21"><span class='ocrx_word' id='word_1_952' title='bbox 1907 5413 2211 5476; x_wconf 71' lang='lat' dir='ltr'>propterea</span> <span class='ocrx_word' id='word_1_953' title='bbox 2245 5420 2393 5455; x_wconf 87' lang='lat' dir='ltr'>nunc</span> <span class='ocrx_word' id='word_1_954' title='bbox 2424 5404 2631 5455; x_wconf 89' lang='lat' dir='ltr'>dicitur</span> <span class='ocrx_word' id='word_1_955' title='bbox 2670 5419 2730 5455; x_wconf 85' lang='lat' dir='ltr'>ea</span> <span class='ocrx_word' id='word_1_956' title='bbox 2761 5408 3017 5456; x_wconf 83' lang='lat' dir='ltr'>mentium</span> <span class='ocrx_word' id='word_1_957' title='bbox 3049 5410 3271 5467; x_wconf 88' lang='lat' dir='ltr'>natura,</span> <span class='ocrx_word' id='word_1_958' title='bbox 3307 5411 3364 5456; x_wconf 91' lang='lat' dir='ltr'>ut</span> <span class='ocrx_word' id='word_1_959' title='bbox 3394 5404 3600 5472; x_wconf 79' lang='lat' dir='ltr'>quoties</span> 
     </span>
    </p>
   </div>
   <div class='ocr_carea' id='block_1_137' title="bbox 1909 5476 3604 5544">
    <p class='ocr_par' dir='ltr' id='par_1_137' title="bbox 1909 5476 3604 5544">
     <span class='ocr_line' id='line_1_138' title="bbox 1909 5476 3604 5544; baseline 0 -15"><span class='ocrx_word' id='word_1_960' title='bbox 1909 5478 2205 5544; x_wconf 64' lang='lat' dir='ltr'>objecerint</span> <span class='ocrx_word' id='word_1_961' title='bbox 2239 5491 2413 5537; x_wconf 62' lang='lat' dir='ltr'>venis,</span> <span class='ocrx_word' id='word_1_962' title='bbox 2447 5477 2605 5539; x_wconf 75' lang='lat' dir='ltr'>falsis</span> <span class='ocrx_word' id='word_1_963' title='bbox 2654 5477 3003 5541; x_wconf 79' lang='lat' dir='ltr'>opinionibus</span> <span class='ocrx_word' id='word_1_964' title='bbox 3032 5476 3354 5532; x_wconf 83' lang='lat' dir='ltr'>induantur.</span> <span class='ocrx_word' id='word_1_965' title='bbox 3390 5481 3506 5538; x_wconf 85' lang='lat' dir='ltr'>aut,</span> <span class='ocrx_word' id='word_1_966' title='bbox 3539 5482 3604 5529; x_wconf 92' lang='lat' dir='ltr'>ut</span> 
     </span>
    </p>
   </div>
   <div class='ocr_carea' id='block_1_138' title="bbox 1909 5547 3603 5615">
    <p class='ocr_par' dir='ltr' id='par_1_138' title="bbox 1909 5547 3603 5615">
     <span class='ocr_line' id='line_1_139' title="bbox 1909 5547 3603 5615; baseline 0.001 -15"><span class='ocrx_word' id='word_1_967' title='bbox 1909 5550 2004 5600; x_wconf 88' lang='lat' dir='ltr'>alii</span> <span class='ocrx_word' id='word_1_968' title='bbox 2039 5549 2255 5615; x_wconf 68' lang='lat' dir='ltr'>legunt,</span> <span class='ocrx_word' id='word_1_969' title='bbox 2289 5548 2604 5608; x_wconf 79' lang='lat' dir='ltr'>imbuuntur</span> <span class='ocrx_word' id='word_1_970' title='bbox 2630 5563 2641 5598; x_wconf 91' lang='lat'>:</span> <span class='ocrx_word' id='word_1_971' title='bbox 2664 5563 2730 5599; x_wconf 77' lang='lat' dir='ltr'>€.&#39;L&#39;</span> <span class='ocrx_word' id='word_1_972' title='bbox 2763 5547 2955 5613; x_wconf 79' lang='lat' dir='ltr'>quibus</span> <span class='ocrx_word' id='word_1_973' title='bbox 2988 5552 3106 5597; x_wconf 82' lang='lat' dir='ltr'>orta.</span> <span class='ocrx_word' id='word_1_974' title='bbox 3133 5548 3603 5613; x_wconf 83' lang='lat' dir='ltr'>perturbationum</span> 
     </span>
    </p>
   </div>
   <div class='ocr_carea' id='block_1_139' title="bbox 1909 5616 3604 5687">
    <p class='ocr_par' dir='ltr' id='par_1_139' title="bbox 1909 5616 3604 5687">
     <span class='ocr_line' id='line_1_140' title="bbox 1909 5616 3604 5687; baseline 0.001 -16"><span class='ocrx_word' id='word_1_975' title='bbox 1909 5621 2099 5686; x_wconf 82' lang='lat' dir='ltr'>caligo.</span> <span class='ocrx_word' id='word_1_976' title='bbox 2139 5623 2486 5686; x_wconf 75' lang='lat' dir='ltr'>Quocumque</span> <span class='ocrx_word' id='word_1_977' title='bbox 2521 5623 2709 5670; x_wconf 88' lang='lat' dir='ltr'>autem</span> <span class='ocrx_word' id='word_1_978' title='bbox 2745 5618 2915 5670; x_wconf 88' lang='lat' dir='ltr'>modo</span> <span class='ocrx_word' id='word_1_979' title='bbox 2941 5616 3203 5669; x_wconf 88' lang='lat' dir='ltr'>oriantur</span> <span class='ocrx_word' id='word_1_980' title='bbox 3226 5619 3604 5687; x_wconf 84' lang='lat' dir='ltr'>perturbatio-</span> 
     </span>
    </p>
   </div>
   <div class='ocr_carea' id='block_1_140' title="bbox 1911 5687 3604 5760">
    <p class='ocr_par' dir='ltr' id='par_1_140' title="bbox 1911 5687 3604 5760">
     <span class='ocr_line' id='line_1_141' title="bbox 1911 5687 3604 5760; baseline -0.001 -15"><span class='ocrx_word' id='word_1_981' title='bbox 1911 5707 2032 5760; x_wconf 88' lang='lat' dir='ltr'>nes,</span> <span class='ocrx_word' id='word_1_982' title='bbox 2062 5690 2152 5745; x_wconf 90' lang='lat' dir='ltr'>his</span> <span class='ocrx_word' id='word_1_983' title='bbox 2179 5705 2341 5744; x_wconf 88' lang='lat' dir='ltr'>mens</span> <span class='ocrx_word' id='word_1_984' title='bbox 2386 5691 2639 5744; x_wconf 86' lang='lat' dir='ltr'>humana</span> <span class='ocrx_word' id='word_1_985' title='bbox 2669 5688 3028 5743; x_wconf 76' lang='lat' dir='ltr'>olfunditur:</span> <span class='ocrx_word' id='word_1_986' title='bbox 3061 5687 3140 5742; x_wconf 88' lang='lat' dir='ltr'>ita</span> <span class='ocrx_word' id='word_1_987' title='bbox 3171 5694 3236 5744; x_wconf 90' lang='lat' dir='ltr'>ut</span> <span class='ocrx_word' id='word_1_988' title='bbox 3264 5696 3414 5746; x_wconf 88' lang='lat' dir='ltr'>recte</span> <span class='ocrx_word' id='word_1_989' title='bbox 3450 5707 3604 5744; x_wconf 91' lang='lat' dir='ltr'>nunc</span> 
     </span>
    </p>
   </div>
  </div>
